PokerStars Hand #145714844880:  Hold'em Limit ($3/$6 USD) - 2015/12/21 18:58:53 ET
Table 'Gawain' 2-max Seat #2 is the button
Seat 1: BigYelloFish ($11.09 in chips)
Seat 2: simper11 ($369.95 in chips)
simper11: posts small blind $1
BigYelloFish: posts big blind $3
*** HOLE CARDS ***
simper11: raises $3 to $6
BigYelloFish: raises $3 to $9
simper11: calls $3
*** FLOP *** [7s Qs Kd]
BigYelloFish: bets $2.09 and is all-in
simper11: calls $2.09
*** TURN *** [7s Qs Kd] [3c]
*** RIVER *** [7s Qs Kd 3c] [Qd]
*** SHOW DOWN ***
BigYelloFish: shows [Ks Tc] (two pair, Kings and Queens)
simper11: shows [Jd 4c] (a pair of Queens)
BigYelloFish collected $21.74 from pot
*** SUMMARY ***
Total pot $22.18 | Rake $0.44
Board [7s Qs Kd 3c Qd]
Seat 1: BigYelloFish (big blind) showed [Ks Tc] and won ($21.74) with two pair, Kings and Queens
Seat 2: simper11 (button) (small blind) showed [Jd 4c] and lost with a pair of Queens


PokerStars Hand #145714866829:  Hold'em Limit ($3/$6 USD) - 2015/12/21 18:59:29 ET
Table 'Gawain' 2-max Seat #2 is the button
Seat 1: BigYelloFish ($82.38 in chips)
Seat 2: simper11 ($373.36 in chips)
simper11: posts small blind $1
BigYelloFish: posts big blind $3
*** HOLE CARDS ***
simper11: folds
Uncalled bet ($2) returned to BigYelloFish
BigYelloFish collected $2 from pot
BigYelloFish: doesn't show hand
*** SUMMARY ***
Total pot $2 | Rake $0
Seat 1: BigYelloFish (big blind) collected ($2)
Seat 2: simper11 (button) (small blind) folded before Flop


PokerStars Hand #145714857496:  Hold'em Limit ($3/$6 USD) - 2015/12/21 18:59:14 ET
Table 'Gawain' 2-max Seat #1 is the button
Seat 1: BigYelloFish ($97.38 in chips)
Seat 2: simper11 ($358.86 in chips)
BigYelloFish: posts small blind $1
simper11: posts big blind $3
*** HOLE CARDS ***
BigYelloFish: raises $3 to $6
simper11: calls $3
*** FLOP *** [Ks Jc Jd]
simper11: checks
BigYelloFish: bets $3
simper11: calls $3
*** TURN *** [Ks Jc Jd] [4s]
simper11: checks
BigYelloFish: checks
*** RIVER *** [Ks Jc Jd 4s] [Qd]
simper11: bets $6
BigYelloFish: calls $6
*** SHOW DOWN ***
simper11: shows [Ts 9c] (a straight, Nine to King)
BigYelloFish: mucks hand
simper11 collected $29.50 from pot
*** SUMMARY ***
Total pot $30 | Rake $0.50
Board [Ks Jc Jd 4s Qd]
Seat 1: BigYelloFish (button) (small blind) mucked
Seat 2: simper11 (big blind) showed [Ts 9c] and won ($29.50) with a straight, Nine to King


PokerStars Hand #145714869671:  Hold'em Limit ($3/$6 USD) - 2015/12/21 18:59:33 ET
Table 'Gawain' 2-max Seat #1 is the button
Seat 1: BigYelloFish ($83.38 in chips)
Seat 2: simper11 ($372.36 in chips)
BigYelloFish: posts small blind $1
simper11: posts big blind $3
*** HOLE CARDS ***
BigYelloFish: raises $3 to $6
simper11: calls $3
*** FLOP *** [6h Kc 7c]
simper11: checks
BigYelloFish: bets $3
simper11: calls $3
*** TURN *** [6h Kc 7c] [Qc]
simper11: checks
BigYelloFish: bets $6
simper11: calls $6
*** RIVER *** [6h Kc 7c Qc] [2s]
simper11: checks
BigYelloFish: bets $6
simper11: calls $6
*** SHOW DOWN ***
BigYelloFish: shows [5c Kd] (a pair of Kings)
simper11: mucks hand
BigYelloFish collected $41.50 from pot
*** SUMMARY ***
Total pot $42 | Rake $0.50
Board [6h Kc 7c Qc 2s]
Seat 1: BigYelloFish (button) (small blind) showed [5c Kd] and won ($41.50) with a pair of Kings
Seat 2: simper11 (big blind) mucked


PokerStars Hand #145714878069:  Hold'em Limit ($3/$6 USD) - 2015/12/21 18:59:46 ET
Table 'Gawain' 2-max Seat #2 is the button
Seat 1: BigYelloFish ($103.88 in chips)
Seat 2: simper11 ($351.36 in chips)
simper11: posts small blind $1
BigYelloFish: posts big blind $3
*** HOLE CARDS ***
simper11: raises $3 to $6
BigYelloFish: raises $3 to $9
simper11: calls $3
*** FLOP *** [6s Qh 6h]
BigYelloFish: checks
simper11: checks
*** TURN *** [6s Qh 6h] [2d]
BigYelloFish: checks
simper11: checks
*** RIVER *** [6s Qh 6h 2d] [3c]
BigYelloFish: bets $6
simper11: folds
Uncalled bet ($6) returned to BigYelloFish
BigYelloFish collected $17.64 from pot
BigYelloFish: doesn't show hand
*** SUMMARY ***
Total pot $18 | Rake $0.36
Board [6s Qh 6h 2d 3c]
Seat 1: BigYelloFish (big blind) collected ($17.64)
Seat 2: simper11 (button) (small blind) folded on the River


PokerStars Hand #145714900904:  Hold'em Limit ($3/$6 USD) - 2015/12/21 19:00:22 ET
Table 'Gawain' 2-max Seat #2 is the button
Seat 1: BigYelloFish ($133.02 in chips)
Seat 2: simper11 ($321.36 in chips)
simper11: posts small blind $1
BigYelloFish: posts big blind $3
*** HOLE CARDS ***
simper11: folds
Uncalled bet ($2) returned to BigYelloFish
BigYelloFish collected $2 from pot
BigYelloFish: doesn't show hand
*** SUMMARY ***
Total pot $2 | Rake $0
Seat 1: BigYelloFish (big blind) collected ($2)
Seat 2: simper11 (button) (small blind) folded before Flop


PokerStars Hand #145714892005:  Hold'em Limit ($3/$6 USD) - 2015/12/21 19:00:09 ET
Table 'Gawain' 2-max Seat #1 is the button
Seat 1: BigYelloFish ($112.52 in chips)
Seat 2: simper11 ($342.36 in chips)
BigYelloFish: posts small blind $1
simper11: posts big blind $3
*** HOLE CARDS ***
BigYelloFish: raises $3 to $6
simper11: calls $3
*** FLOP *** [Js 4h 2d]
simper11: checks
BigYelloFish: bets $3
simper11: calls $3
*** TURN *** [Js 4h 2d] [9d]
simper11: checks
BigYelloFish: bets $6
simper11: calls $6
*** RIVER *** [Js 4h 2d 9d] [Ah]
simper11: checks
BigYelloFish: bets $6
simper11: calls $6
*** SHOW DOWN ***
BigYelloFish: shows [7d Jc] (a pair of Jacks)
simper11: mucks hand
BigYelloFish collected $41.50 from pot
*** SUMMARY ***
Total pot $42 | Rake $0.50
Board [Js 4h 2d 9d Ah]
Seat 1: BigYelloFish (button) (small blind) showed [7d Jc] and won ($41.50) with a pair of Jacks
Seat 2: simper11 (big blind) mucked


PokerStars Hand #145714913283:  Hold'em Limit ($3/$6 USD) - 2015/12/21 19:00:41 ET
Table 'Gawain' 2-max Seat #2 is the button
Seat 1: BigYelloFish ($125.02 in chips)
Seat 2: simper11 ($329 in chips)
simper11: posts small blind $1
BigYelloFish: posts big blind $3
*** HOLE CARDS ***
simper11: folds
Uncalled bet ($2) returned to BigYelloFish
BigYelloFish collected $2 from pot
BigYelloFish: doesn't show hand
*** SUMMARY ***
Total pot $2 | Rake $0
Seat 1: BigYelloFish (big blind) collected ($2)
Seat 2: simper11 (button) (small blind) folded before Flop


PokerStars Hand #145714903670:  Hold'em Limit ($3/$6 USD) - 2015/12/21 19:00:27 ET
Table 'Gawain' 2-max Seat #1 is the button
Seat 1: BigYelloFish ($134.02 in chips)
Seat 2: simper11 ($320.36 in chips)
BigYelloFish: posts small blind $1
simper11: posts big blind $3
*** HOLE CARDS ***
BigYelloFish: raises $3 to $6
simper11: calls $3
*** FLOP *** [Qh 8d 6c]
simper11: checks
BigYelloFish: bets $3
simper11: calls $3
*** TURN *** [Qh 8d 6c] [8h]
simper11: checks
BigYelloFish: checks
*** RIVER *** [Qh 8d 6c 8h] [5h]
simper11: checks
BigYelloFish: checks
*** SHOW DOWN ***
simper11: shows [7c Kh] (a pair of Eights)
BigYelloFish: mucks hand
simper11 collected $17.64 from pot
*** SUMMARY ***
Total pot $18 | Rake $0.36
Board [Qh 8d 6c 8h 5h]
Seat 1: BigYelloFish (button) (small blind) mucked
Seat 2: simper11 (big blind) showed [7c Kh] and won ($17.64) with a pair of Eights


PokerStars Hand #145714916496:  Hold'em Limit ($3/$6 USD) - 2015/12/21 19:00:46 ET
Table 'Gawain' 2-max Seat #1 is the button
Seat 1: BigYelloFish ($126.02 in chips)
Seat 2: simper11 ($328 in chips)
BigYelloFish: posts small blind $1
simper11: posts big blind $3
*** HOLE CARDS ***
BigYelloFish: raises $3 to $6
simper11: raises $3 to $9
BigYelloFish: calls $3
*** FLOP *** [4h Js 6s]
simper11: bets $3
BigYelloFish: calls $3
*** TURN *** [4h Js 6s] [2h]
simper11: bets $6
BigYelloFish: folds
Uncalled bet ($6) returned to simper11
simper11 collected $23.52 from pot
simper11: doesn't show hand
*** SUMMARY ***
Total pot $24 | Rake $0.48
Board [4h Js 6s 2h]
Seat 1: BigYelloFish (button) (small blind) folded on the Turn
Seat 2: simper11 (big blind) collected ($23.52)


PokerStars Hand #145714925377:  Hold'em Limit ($3/$6 USD) - 2015/12/21 19:00:59 ET
Table 'Gawain' 2-max Seat #2 is the button
Seat 1: BigYelloFish ($114.02 in chips)
Seat 2: simper11 ($339.52 in chips)
simper11: posts small blind $1
BigYelloFish: posts big blind $3
*** HOLE CARDS ***
simper11: raises $3 to $6
BigYelloFish: raises $3 to $9
simper11: calls $3
*** FLOP *** [Th 8s Ks]
BigYelloFish: bets $3
simper11: calls $3
*** TURN *** [Th 8s Ks] [4d]
BigYelloFish: checks
simper11: bets $6
BigYelloFish: calls $6
*** RIVER *** [Th 8s Ks 4d] [9s]
BigYelloFish: checks
simper11: bets $6
BigYelloFish: folds
Uncalled bet ($6) returned to simper11
simper11 collected $35.50 from pot
simper11: doesn't show hand
*** SUMMARY ***
Total pot $36 | Rake $0.50
Board [Th 8s Ks 4d 9s]
Seat 1: BigYelloFish (big blind) folded on the River
Seat 2: simper11 (button) (small blind) collected ($35.50)


PokerStars Hand #145714937651:  Hold'em Limit ($3/$6 USD) - 2015/12/21 19:01:16 ET
Table 'Gawain' 2-max Seat #1 is the button
Seat 1: BigYelloFish ($96.02 in chips)
Seat 2: simper11 ($357.02 in chips)
BigYelloFish: posts small blind $1
simper11: posts big blind $3
*** HOLE CARDS ***
BigYelloFish: folds
Uncalled bet ($2) returned to simper11
simper11 collected $2 from pot
simper11: doesn't show hand
*** SUMMARY ***
Total pot $2 | Rake $0
Seat 1: BigYelloFish (button) (small blind) folded before Flop
Seat 2: simper11 (big blind) collected ($2)


PokerStars Hand #145714942000:  Hold'em Limit ($3/$6 USD) - 2015/12/21 19:01:22 ET
Table 'Gawain' 2-max Seat #2 is the button
Seat 1: BigYelloFish ($95.02 in chips)
Seat 2: simper11 ($358.02 in chips)
simper11: posts small blind $1
BigYelloFish: posts big blind $3
*** HOLE CARDS ***
simper11: raises $3 to $6
BigYelloFish: calls $3
*** FLOP *** [Jd 6d As]
BigYelloFish: checks
simper11: bets $3
BigYelloFish: calls $3
*** TURN *** [Jd 6d As] [5c]
BigYelloFish: checks
simper11: checks
*** RIVER *** [Jd 6d As 5c] [Kc]
BigYelloFish: checks
simper11: checks
*** SHOW DOWN ***
BigYelloFish: shows [Jh 7c] (a pair of Jacks)
simper11: mucks hand
BigYelloFish collected $17.64 from pot
*** SUMMARY ***
Total pot $18 | Rake $0.36
Board [Jd 6d As 5c Kc]
Seat 1: BigYelloFish (big blind) showed [Jh 7c] and won ($17.64) with a pair of Jacks
Seat 2: simper11 (button) (small blind) mucked


PokerStars Hand #145714951237:  Hold'em Limit ($3/$6 USD) - 2015/12/21 19:01:35 ET
Table 'Gawain' 2-max Seat #1 is the button
Seat 1: BigYelloFish ($103.66 in chips)
Seat 2: simper11 ($349.02 in chips)
BigYelloFish: posts small blind $1
simper11: posts big blind $3
*** HOLE CARDS ***
BigYelloFish: raises $3 to $6
simper11: raises $3 to $9
BigYelloFish: calls $3
*** FLOP *** [Ah 4s 6s]
simper11: bets $3
BigYelloFish: calls $3
*** TURN *** [Ah 4s 6s] [6h]
simper11: bets $6
BigYelloFish: folds
Uncalled bet ($6) returned to simper11
simper11 collected $23.52 from pot
simper11: doesn't show hand
*** SUMMARY ***
Total pot $24 | Rake $0.48
Board [Ah 4s 6s 6h]
Seat 1: BigYelloFish (button) (small blind) folded on the Turn
Seat 2: simper11 (big blind) collected ($23.52)


PokerStars Hand #145714960463:  Hold'em Limit ($3/$6 USD) - 2015/12/21 19:01:48 ET
Table 'Gawain' 2-max Seat #2 is the button
Seat 1: BigYelloFish ($91.66 in chips)
Seat 2: simper11 ($360.54 in chips)
simper11: posts small blind $1
BigYelloFish: posts big blind $3
*** HOLE CARDS ***
simper11: folds
Uncalled bet ($2) returned to BigYelloFish
BigYelloFish collected $2 from pot
BigYelloFish: doesn't show hand
*** SUMMARY ***
Total pot $2 | Rake $0
Seat 1: BigYelloFish (big blind) collected ($2)
Seat 2: simper11 (button) (small blind) folded before Flop


PokerStars Hand #145714963491:  Hold'em Limit ($3/$6 USD) - 2015/12/21 19:01:52 ET
Table 'Gawain' 2-max Seat #1 is the button
Seat 1: BigYelloFish ($92.66 in chips)
Seat 2: simper11 ($359.54 in chips)
BigYelloFish: posts small blind $1
simper11: posts big blind $3
*** HOLE CARDS ***
BigYelloFish: raises $3 to $6
simper11: folds
Uncalled bet ($3) returned to BigYelloFish
BigYelloFish collected $6 from pot
BigYelloFish: doesn't show hand
*** SUMMARY ***
Total pot $6 | Rake $0
Seat 1: BigYelloFish (button) (small blind) collected ($6)
Seat 2: simper11 (big blind) folded before Flop


PokerStars Hand #145714970292:  Hold'em Limit ($3/$6 USD) - 2015/12/21 19:02:01 ET
Table 'Gawain' 2-max Seat #2 is the button
Seat 1: BigYelloFish ($95.66 in chips)
Seat 2: simper11 ($356.54 in chips)
simper11: posts small blind $1
BigYelloFish: posts big blind $3
*** HOLE CARDS ***
simper11: raises $3 to $6
BigYelloFish: raises $3 to $9
simper11: calls $3
*** FLOP *** [4h 2s Js]
BigYelloFish: bets $3
simper11: raises $3 to $6
BigYelloFish: calls $3
*** TURN *** [4h 2s Js] [Qd]
BigYelloFish: checks
simper11: bets $6
BigYelloFish: calls $6
*** RIVER *** [4h 2s Js Qd] [9d]
BigYelloFish: checks
simper11: bets $6
BigYelloFish: folds
Uncalled bet ($6) returned to simper11
simper11 collected $41.50 from pot
simper11: doesn't show hand
*** SUMMARY ***
Total pot $42 | Rake $0.50
Board [4h 2s Js Qd 9d]
Seat 1: BigYelloFish (big blind) folded on the River
Seat 2: simper11 (button) (small blind) collected ($41.50)


PokerStars Hand #145714983887:  Hold'em Limit ($3/$6 USD) - 2015/12/21 19:02:19 ET
Table 'Gawain' 2-max Seat #1 is the button
Seat 1: BigYelloFish ($74.66 in chips)
Seat 2: simper11 ($377.04 in chips)
BigYelloFish: posts small blind $1
simper11: posts big blind $3
*** HOLE CARDS ***
BigYelloFish: raises $3 to $6
simper11: calls $3
*** FLOP *** [2h 5h Qh]
simper11: checks
BigYelloFish: bets $3
simper11: calls $3
*** TURN *** [2h 5h Qh] [Kh]
simper11: checks
BigYelloFish: bets $6
simper11: calls $6
*** RIVER *** [2h 5h Qh Kh] [2c]
simper11: checks
BigYelloFish: bets $6
simper11: calls $6
*** SHOW DOWN ***
BigYelloFish: shows [7h As] (a flush, King high)
simper11: mucks hand
BigYelloFish collected $41.50 from pot
*** SUMMARY ***
Total pot $42 | Rake $0.50
Board [2h 5h Qh Kh 2c]
Seat 1: BigYelloFish (button) (small blind) showed [7h As] and won ($41.50) with a flush, King high
Seat 2: simper11 (big blind) mucked


PokerStars Hand #145714995969:  Hold'em Limit ($3/$6 USD) - 2015/12/21 19:02:36 ET
Table 'Gawain' 2-max Seat #2 is the button
Seat 1: BigYelloFish ($95.16 in chips)
Seat 2: simper11 ($356.04 in chips)
simper11: posts small blind $1
BigYelloFish: posts big blind $3
*** HOLE CARDS ***
simper11: raises $3 to $6
BigYelloFish: folds
Uncalled bet ($3) returned to simper11
simper11 collected $6 from pot
simper11: doesn't show hand
*** SUMMARY ***
Total pot $6 | Rake $0
Seat 1: BigYelloFish (big blind) folded before Flop
Seat 2: simper11 (button) (small blind) collected ($6)


PokerStars Hand #145714999703:  Hold'em Limit ($3/$6 USD) - 2015/12/21 19:02:42 ET
Table 'Gawain' 2-max Seat #1 is the button
Seat 1: BigYelloFish ($92.16 in chips)
Seat 2: simper11 ($359.04 in chips)
BigYelloFish: posts small blind $1
simper11: posts big blind $3
*** HOLE CARDS ***
BigYelloFish: raises $3 to $6
simper11: calls $3
*** FLOP *** [Kh Js 5s]
simper11: checks
BigYelloFish: bets $3
simper11: raises $3 to $6
BigYelloFish: calls $3
*** TURN *** [Kh Js 5s] [7s]
simper11: bets $6
BigYelloFish: calls $6
*** RIVER *** [Kh Js 5s 7s] [Td]
simper11: bets $6
BigYelloFish: calls $6
*** SHOW DOWN ***
simper11: shows [3s 2s] (a flush, Jack high)
BigYelloFish: mucks hand
simper11 collected $47.50 from pot
*** SUMMARY ***
Total pot $48 | Rake $0.50
Board [Kh Js 5s 7s Td]
Seat 1: BigYelloFish (button) (small blind) mucked
Seat 2: simper11 (big blind) showed [3s 2s] and won ($47.50) with a flush, Jack high


PokerStars Hand #145715008923:  Hold'em Limit ($3/$6 USD) - 2015/12/21 19:02:54 ET
Table 'Gawain' 2-max Seat #2 is the button
Seat 1: BigYelloFish ($68.16 in chips)
Seat 2: simper11 ($382.54 in chips)
simper11: posts small blind $1
BigYelloFish: posts big blind $3
*** HOLE CARDS ***
simper11: calls $2
BigYelloFish: raises $3 to $6
simper11: calls $3
*** FLOP *** [5h 3s 2d]
BigYelloFish: checks
simper11: bets $3
BigYelloFish: calls $3
*** TURN *** [5h 3s 2d] [9c]
BigYelloFish: checks
simper11: bets $6
BigYelloFish: calls $6
*** RIVER *** [5h 3s 2d 9c] [2c]
BigYelloFish: checks
simper11: bets $6
BigYelloFish: calls $6
*** SHOW DOWN ***
simper11: shows [2h Jh] (three of a kind, Deuces)
BigYelloFish: mucks hand
simper11 collected $41.50 from pot
*** SUMMARY ***
Total pot $42 | Rake $0.50
Board [5h 3s 2d 9c 2c]
Seat 1: BigYelloFish (big blind) mucked
Seat 2: simper11 (button) (small blind) showed [2h Jh] and won ($41.50) with three of a kind, Deuces


PokerStars Hand #145715025681:  Hold'em Limit ($3/$6 USD) - 2015/12/21 19:03:17 ET
Table 'Gawain' 2-max Seat #1 is the button
Seat 1: BigYelloFish ($47.16 in chips)
Seat 2: simper11 ($403.04 in chips)
BigYelloFish: posts small blind $1
simper11: posts big blind $3
*** HOLE CARDS ***
BigYelloFish: folds
Uncalled bet ($2) returned to simper11
simper11 collected $2 from pot
simper11: doesn't show hand
*** SUMMARY ***
Total pot $2 | Rake $0
Seat 1: BigYelloFish (button) (small blind) folded before Flop
Seat 2: simper11 (big blind) collected ($2)


PokerStars Hand #145715030122:  Hold'em Limit ($3/$6 USD) - 2015/12/21 19:03:23 ET
Table 'Gawain' 2-max Seat #2 is the button
Seat 1: BigYelloFish ($46.16 in chips)
Seat 2: simper11 ($404.04 in chips)
simper11: posts small blind $1
BigYelloFish: posts big blind $3
*** HOLE CARDS ***
simper11: calls $2
BigYelloFish: raises $3 to $6
simper11: calls $3
*** FLOP *** [Qc 6s 6c]
BigYelloFish: bets $3
simper11: folds
Uncalled bet ($3) returned to BigYelloFish
BigYelloFish collected $11.76 from pot
BigYelloFish: doesn't show hand
*** SUMMARY ***
Total pot $12 | Rake $0.24
Board [Qc 6s 6c]
Seat 1: BigYelloFish (big blind) collected ($11.76)
Seat 2: simper11 (button) (small blind) folded on the Flop


PokerStars Hand #145715052878:  Hold'em Limit ($3/$6 USD) - 2015/12/21 19:03:55 ET
Table 'Gawain' 2-max Seat #2 is the button
Seat 1: BigYelloFish ($66.42 in chips)
Seat 2: simper11 ($383.04 in chips)
simper11: posts small blind $1
BigYelloFish: posts big blind $3
*** HOLE CARDS ***
simper11: folds
Uncalled bet ($2) returned to BigYelloFish
BigYelloFish collected $2 from pot
BigYelloFish: doesn't show hand
*** SUMMARY ***
Total pot $2 | Rake $0
Seat 1: BigYelloFish (big blind) collected ($2)
Seat 2: simper11 (button) (small blind) folded before Flop


PokerStars Hand #145715036708:  Hold'em Limit ($3/$6 USD) - 2015/12/21 19:03:33 ET
Table 'Gawain' 2-max Seat #1 is the button
Seat 1: BigYelloFish ($51.92 in chips)
Seat 2: simper11 ($398.04 in chips)
BigYelloFish: posts small blind $1
simper11: posts big blind $3
*** HOLE CARDS ***
BigYelloFish: raises $3 to $6
simper11: calls $3
*** FLOP *** [Ks 8h 4h]
simper11: checks
BigYelloFish: bets $3
simper11: calls $3
*** TURN *** [Ks 8h 4h] [7h]
simper11: checks
BigYelloFish: bets $6
simper11: calls $6
*** RIVER *** [Ks 8h 4h 7h] [Ts]
simper11: checks
BigYelloFish: bets $6
simper11: folds
Uncalled bet ($6) returned to BigYelloFish
BigYelloFish collected $29.50 from pot
BigYelloFish: doesn't show hand
*** SUMMARY ***
Total pot $30 | Rake $0.50
Board [Ks 8h 4h 7h Ts]
Seat 1: BigYelloFish (button) (small blind) collected ($29.50)
Seat 2: simper11 (big blind) folded on the River


PokerStars Hand #145715056094:  Hold'em Limit ($3/$6 USD) - 2015/12/21 19:03:59 ET
Table 'Gawain' 2-max Seat #1 is the button
Seat 1: BigYelloFish ($67.42 in chips)
Seat 2: simper11 ($382.04 in chips)
BigYelloFish: posts small blind $1
simper11: posts big blind $3
*** HOLE CARDS ***
BigYelloFish: raises $3 to $6
simper11: calls $3
*** FLOP *** [Qs 7h 8d]
simper11: checks
BigYelloFish: bets $3
simper11: calls $3
*** TURN *** [Qs 7h 8d] [9c]
simper11: checks
BigYelloFish: checks
*** RIVER *** [Qs 7h 8d 9c] [8c]
simper11: bets $6
BigYelloFish: folds
Uncalled bet ($6) returned to simper11
simper11 collected $17.64 from pot
simper11: doesn't show hand
*** SUMMARY ***
Total pot $18 | Rake $0.36
Board [Qs 7h 8d 9c 8c]
Seat 1: BigYelloFish (button) (small blind) folded on the River
Seat 2: simper11 (big blind) collected ($17.64)


PokerStars Hand #145715066958:  Hold'em Limit ($3/$6 USD) - 2015/12/21 19:04:14 ET
Table 'Gawain' 2-max Seat #2 is the button
Seat 1: BigYelloFish ($58.42 in chips)
Seat 2: simper11 ($390.68 in chips)
simper11: posts small blind $1
BigYelloFish: posts big blind $3
*** HOLE CARDS ***
simper11: raises $3 to $6
BigYelloFish: folds
Uncalled bet ($3) returned to simper11
simper11 collected $6 from pot
simper11: doesn't show hand
*** SUMMARY ***
Total pot $6 | Rake $0
Seat 1: BigYelloFish (big blind) folded before Flop
Seat 2: simper11 (button) (small blind) collected ($6)


PokerStars Hand #145715074317:  Hold'em Limit ($3/$6 USD) - 2015/12/21 19:04:24 ET
Table 'Gawain' 2-max Seat #1 is the button
Seat 1: BigYelloFish ($55.42 in chips)
Seat 2: simper11 ($393.68 in chips)
BigYelloFish: posts small blind $1
simper11: posts big blind $3
*** HOLE CARDS ***
BigYelloFish: raises $3 to $6
simper11: calls $3
*** FLOP *** [6s Ah Js]
simper11: checks
BigYelloFish: bets $3
simper11: folds
Uncalled bet ($3) returned to BigYelloFish
BigYelloFish collected $11.76 from pot
BigYelloFish: doesn't show hand
*** SUMMARY ***
Total pot $12 | Rake $0.24
Board [6s Ah Js]
Seat 1: BigYelloFish (button) (small blind) collected ($11.76)
Seat 2: simper11 (big blind) folded on the Flop


PokerStars Hand #145715084730:  Hold'em Limit ($3/$6 USD) - 2015/12/21 19:04:38 ET
Table 'Gawain' 2-max Seat #2 is the button
Seat 1: BigYelloFish ($61.18 in chips)
Seat 2: simper11 ($387.68 in chips)
simper11: posts small blind $1
BigYelloFish: posts big blind $3
*** HOLE CARDS ***
simper11: raises $3 to $6
BigYelloFish: folds
Uncalled bet ($3) returned to simper11
simper11 collected $6 from pot
simper11: doesn't show hand
*** SUMMARY ***
Total pot $6 | Rake $0
Seat 1: BigYelloFish (big blind) folded before Flop
Seat 2: simper11 (button) (small blind) collected ($6)


PokerStars Hand #145715106279:  Hold'em Limit ($3/$6 USD) - 2015/12/21 19:05:08 ET
Table 'Gawain' 2-max Seat #1 is the button
Seat 1: BigYelloFish ($64.94 in chips)
Seat 2: simper11 ($383.68 in chips)
BigYelloFish: posts small blind $1
simper11: posts big blind $3
*** HOLE CARDS ***
BigYelloFish: raises $3 to $6
simper11: calls $3
*** FLOP *** [8d 2h Ad]
simper11: checks
BigYelloFish: bets $3
simper11: calls $3
*** TURN *** [8d 2h Ad] [Qd]
simper11: checks
BigYelloFish: bets $6
simper11: folds
Uncalled bet ($6) returned to BigYelloFish
BigYelloFish collected $17.64 from pot
BigYelloFish: doesn't show hand
*** SUMMARY ***
Total pot $18 | Rake $0.36
Board [8d 2h Ad Qd]
Seat 1: BigYelloFish (button) (small blind) collected ($17.64)
Seat 2: simper11 (big blind) folded on the Turn


PokerStars Hand #145715113684:  Hold'em Limit ($3/$6 USD) - 2015/12/21 19:05:18 ET
Table 'Gawain' 2-max Seat #2 is the button
Seat 1: BigYelloFish ($73.58 in chips)
Seat 2: simper11 ($374.68 in chips)
simper11: posts small blind $1
BigYelloFish: posts big blind $3
*** HOLE CARDS ***
simper11: raises $3 to $6
BigYelloFish: raises $3 to $9
simper11: calls $3
*** FLOP *** [Th 9h Jc]
BigYelloFish: bets $3
simper11: raises $3 to $6
BigYelloFish: raises $3 to $9
simper11: calls $3
*** TURN *** [Th 9h Jc] [2c]
BigYelloFish: bets $6
simper11: raises $6 to $12
BigYelloFish: calls $6
*** RIVER *** [Th 9h Jc 2c] [8d]
BigYelloFish: bets $6
simper11: calls $6
*** SHOW DOWN ***
BigYelloFish: shows [Td Qd] (a straight, Eight to Queen)
simper11: mucks hand
BigYelloFish collected $71.50 from pot
*** SUMMARY ***
Total pot $72 | Rake $0.50
Board [Th 9h Jc 2c 8d]
Seat 1: BigYelloFish (big blind) showed [Td Qd] and won ($71.50) with a straight, Eight to Queen
Seat 2: simper11 (button) (small blind) mucked


PokerStars Hand #145715131630:  Hold'em Limit ($3/$6 USD) - 2015/12/21 19:05:43 ET
Table 'Gawain' 2-max Seat #1 is the button
Seat 1: BigYelloFish ($109.08 in chips)
Seat 2: simper11 ($338.68 in chips)
BigYelloFish: posts small blind $1
simper11: posts big blind $3
*** HOLE CARDS ***
BigYelloFish: raises $3 to $6
simper11: calls $3
*** FLOP *** [8s 7s 2s]
simper11: checks
BigYelloFish: checks
*** TURN *** [8s 7s 2s] [As]
simper11: bets $6
BigYelloFish: folds
Uncalled bet ($6) returned to simper11
simper11 collected $11.76 from pot
simper11: doesn't show hand
*** SUMMARY ***
Total pot $12 | Rake $0.24
Board [8s 7s 2s As]
Seat 1: BigYelloFish (button) (small blind) folded on the Turn
Seat 2: simper11 (big blind) collected ($11.76)


PokerStars Hand #145715102257:  Hold'em Limit ($3/$6 USD) - 2015/12/21 19:05:03 ET
Table 'Gawain' 2-max Seat #2 is the button
Seat 1: BigYelloFish ($63.94 in chips)
Seat 2: simper11 ($384.68 in chips)
simper11: posts small blind $1
BigYelloFish: posts big blind $3
*** HOLE CARDS ***
simper11: folds
Uncalled bet ($2) returned to BigYelloFish
BigYelloFish collected $2 from pot
BigYelloFish: doesn't show hand
*** SUMMARY ***
Total pot $2 | Rake $0
Seat 1: BigYelloFish (big blind) collected ($2)
Seat 2: simper11 (button) (small blind) folded before Flop


PokerStars Hand #145715088848:  Hold'em Limit ($3/$6 USD) - 2015/12/21 19:04:44 ET
Table 'Gawain' 2-max Seat #1 is the button
Seat 1: BigYelloFish ($58.18 in chips)
Seat 2: simper11 ($390.68 in chips)
BigYelloFish: posts small blind $1
simper11: posts big blind $3
*** HOLE CARDS ***
BigYelloFish: raises $3 to $6
simper11: calls $3
*** FLOP *** [8d 5c 2s]
simper11: checks
BigYelloFish: checks
*** TURN *** [8d 5c 2s] [Jh]
simper11: checks
BigYelloFish: bets $6
simper11: folds
Uncalled bet ($6) returned to BigYelloFish
BigYelloFish collected $11.76 from pot
BigYelloFish: doesn't show hand
*** SUMMARY ***
Total pot $12 | Rake $0.24
Board [8d 5c 2s Jh]
Seat 1: BigYelloFish (button) (small blind) collected ($11.76)
Seat 2: simper11 (big blind) folded on the Turn


PokerStars Hand #145715148556:  Hold'em Limit ($3/$6 USD) - 2015/12/21 19:06:06 ET
Table 'Gawain' 2-max Seat #1 is the button
Seat 1: BigYelloFish ($97.08 in chips)
Seat 2: simper11 ($350.20 in chips)
BigYelloFish: posts small blind $1
simper11: posts big blind $3
*** HOLE CARDS ***
BigYelloFish: raises $3 to $6
simper11: calls $3
*** FLOP *** [5d Td 5c]
simper11: checks
BigYelloFish: bets $3
simper11: raises $3 to $6
BigYelloFish: calls $3
*** TURN *** [5d Td 5c] [8c]
simper11: bets $6
BigYelloFish: raises $6 to $12
simper11: calls $6
*** RIVER *** [5d Td 5c 8c] [Ac]
simper11: checks
BigYelloFish: bets $6
simper11: calls $6
*** SHOW DOWN ***
BigYelloFish: shows [7s 5h] (three of a kind, Fives)
simper11: mucks hand
BigYelloFish collected $59.50 from pot
*** SUMMARY ***
Total pot $60 | Rake $0.50
Board [5d Td 5c 8c Ac]
Seat 1: BigYelloFish (button) (small blind) showed [7s 5h] and won ($59.50) with three of a kind, Fives
Seat 2: simper11 (big blind) mucked


PokerStars Hand #145715164650:  Hold'em Limit ($3/$6 USD) - 2015/12/21 19:06:28 ET
Table 'Gawain' 2-max Seat #2 is the button
Seat 1: BigYelloFish ($126.58 in chips)
Seat 2: simper11 ($320.20 in chips)
simper11: posts small blind $1
BigYelloFish: posts big blind $3
*** HOLE CARDS ***
simper11: folds
Uncalled bet ($2) returned to BigYelloFish
BigYelloFish collected $2 from pot
BigYelloFish: doesn't show hand
*** SUMMARY ***
Total pot $2 | Rake $0
Seat 1: BigYelloFish (big blind) collected ($2)
Seat 2: simper11 (button) (small blind) folded before Flop


PokerStars Hand #145715167552:  Hold'em Limit ($3/$6 USD) - 2015/12/21 19:06:32 ET
Table 'Gawain' 2-max Seat #1 is the button
Seat 1: BigYelloFish ($127.58 in chips)
Seat 2: simper11 ($319.20 in chips)
BigYelloFish: posts small blind $1
simper11: posts big blind $3
*** HOLE CARDS ***
BigYelloFish: raises $3 to $6
simper11: raises $3 to $9
BigYelloFish: calls $3
*** FLOP *** [7c 3d 2h]
simper11: bets $3
BigYelloFish: calls $3
*** TURN *** [7c 3d 2h] [2s]
simper11: bets $6
BigYelloFish: folds
Uncalled bet ($6) returned to simper11
simper11 collected $23.52 from pot
simper11: doesn't show hand
*** SUMMARY ***
Total pot $24 | Rake $0.48
Board [7c 3d 2h 2s]
Seat 1: BigYelloFish (button) (small blind) folded on the Turn
Seat 2: simper11 (big blind) collected ($23.52)


PokerStars Hand #145715176621:  Hold'em Limit ($3/$6 USD) - 2015/12/21 19:06:45 ET
Table 'Gawain' 2-max Seat #2 is the button
Seat 1: BigYelloFish ($115.58 in chips)
Seat 2: simper11 ($330.72 in chips)
simper11: posts small blind $1
BigYelloFish: posts big blind $3
*** HOLE CARDS ***
simper11: raises $3 to $6
BigYelloFish: raises $3 to $9
simper11: calls $3
*** FLOP *** [Ac 4s 8d]
BigYelloFish: bets $3
simper11: calls $3
*** TURN *** [Ac 4s 8d] [Kd]
BigYelloFish: bets $6
simper11: raises $6 to $12
BigYelloFish: folds
Uncalled bet ($6) returned to simper11
simper11 collected $35.50 from pot
simper11: doesn't show hand
*** SUMMARY ***
Total pot $36 | Rake $0.50
Board [Ac 4s 8d Kd]
Seat 1: BigYelloFish (big blind) folded on the Turn
Seat 2: simper11 (button) (small blind) collected ($35.50)


PokerStars Hand #145715142860:  Hold'em Limit ($3/$6 USD) - 2015/12/21 19:05:58 ET
Table 'Gawain' 2-max Seat #2 is the button
Seat 1: BigYelloFish ($103.08 in chips)
Seat 2: simper11 ($344.44 in chips)
simper11: posts small blind $1
BigYelloFish: posts big blind $3
*** HOLE CARDS ***
simper11: raises $3 to $6
BigYelloFish: calls $3
*** FLOP *** [Th Jh Ad]
BigYelloFish: checks
simper11: bets $3
BigYelloFish: folds
Uncalled bet ($3) returned to simper11
simper11 collected $11.76 from pot
simper11: doesn't show hand
*** SUMMARY ***
Total pot $12 | Rake $0.24
Board [Th Jh Ad]
Seat 1: BigYelloFish (big blind) folded on the Flop
Seat 2: simper11 (button) (small blind) collected ($11.76)


PokerStars Hand #145715193876:  Hold'em Limit ($3/$6 USD) - 2015/12/21 19:07:09 ET
Table 'Gawain' 2-max Seat #1 is the button
Seat 1: BigYelloFish ($97.58 in chips)
Seat 2: simper11 ($348.22 in chips)
BigYelloFish: posts small blind $1
simper11: posts big blind $3
*** HOLE CARDS ***
BigYelloFish: raises $3 to $6
simper11: folds
Uncalled bet ($3) returned to BigYelloFish
BigYelloFish collected $6 from pot
BigYelloFish: doesn't show hand
*** SUMMARY ***
Total pot $6 | Rake $0
Seat 1: BigYelloFish (button) (small blind) collected ($6)
Seat 2: simper11 (big blind) folded before Flop


PokerStars Hand #145715202269:  Hold'em Limit ($3/$6 USD) - 2015/12/21 19:07:20 ET
Table 'Gawain' 2-max Seat #2 is the button
Seat 1: BigYelloFish ($100.58 in chips)
Seat 2: simper11 ($345.22 in chips)
simper11: posts small blind $1
BigYelloFish: posts big blind $3
*** HOLE CARDS ***
simper11: raises $3 to $6
BigYelloFish: raises $3 to $9
simper11: calls $3
*** FLOP *** [6h 5s 7d]
BigYelloFish: checks
simper11: bets $3
BigYelloFish: calls $3
*** TURN *** [6h 5s 7d] [Jd]
BigYelloFish: checks
simper11: bets $6
BigYelloFish: calls $6
*** RIVER *** [6h 5s 7d Jd] [Qc]
BigYelloFish: checks
simper11: bets $6
BigYelloFish: raises $6 to $12
simper11: raises $6 to $18
BigYelloFish: calls $6
*** SHOW DOWN ***
simper11: shows [Js 7h] (two pair, Jacks and Sevens)
BigYelloFish: mucks hand
simper11 collected $71.50 from pot
*** SUMMARY ***
Total pot $72 | Rake $0.50
Board [6h 5s 7d Jd Qc]
Seat 1: BigYelloFish (big blind) mucked
Seat 2: simper11 (button) (small blind) showed [Js 7h] and won ($71.50) with two pair, Jacks and Sevens


PokerStars Hand #145715190705:  Hold'em Limit ($3/$6 USD) - 2015/12/21 19:07:05 ET
Table 'Gawain' 2-max Seat #2 is the button
Seat 1: BigYelloFish ($96.58 in chips)
Seat 2: simper11 ($349.22 in chips)
simper11: posts small blind $1
BigYelloFish: posts big blind $3
*** HOLE CARDS ***
simper11: folds
Uncalled bet ($2) returned to BigYelloFish
BigYelloFish collected $2 from pot
BigYelloFish: doesn't show hand
*** SUMMARY ***
Total pot $2 | Rake $0
Seat 1: BigYelloFish (big blind) collected ($2)
Seat 2: simper11 (button) (small blind) folded before Flop


PokerStars Hand #145715185825:  Hold'em Limit ($3/$6 USD) - 2015/12/21 19:06:58 ET
Table 'Gawain' 2-max Seat #1 is the button
Seat 1: BigYelloFish ($97.58 in chips)
Seat 2: simper11 ($348.22 in chips)
BigYelloFish: posts small blind $1
simper11: posts big blind $3
*** HOLE CARDS ***
BigYelloFish: folds
Uncalled bet ($2) returned to simper11
simper11 collected $2 from pot
simper11: doesn't show hand
*** SUMMARY ***
Total pot $2 | Rake $0
Seat 1: BigYelloFish (button) (small blind) folded before Flop
Seat 2: simper11 (big blind) collected ($2)


PokerStars Hand #145715220818:  Hold'em Limit ($3/$6 USD) - 2015/12/21 19:07:46 ET
Table 'Gawain' 2-max Seat #1 is the button
Seat 1: BigYelloFish ($64.58 in chips)
Seat 2: simper11 ($380.72 in chips)
BigYelloFish: posts small blind $1
simper11: posts big blind $3
*** HOLE CARDS ***
BigYelloFish: raises $3 to $6
simper11: calls $3
*** FLOP *** [3s 3d 6d]
simper11: checks
BigYelloFish: bets $3
simper11: calls $3
*** TURN *** [3s 3d 6d] [2h]
simper11: checks
BigYelloFish: checks
*** RIVER *** [3s 3d 6d 2h] [Js]
simper11: checks
BigYelloFish: bets $6
simper11: folds
Uncalled bet ($6) returned to BigYelloFish
BigYelloFish collected $17.64 from pot
BigYelloFish: doesn't show hand
*** SUMMARY ***
Total pot $18 | Rake $0.36
Board [3s 3d 6d 2h Js]
Seat 1: BigYelloFish (button) (small blind) collected ($17.64)
Seat 2: simper11 (big blind) folded on the River


PokerStars Hand #145715248968:  Hold'em Limit ($3/$6 USD) - 2015/12/21 19:08:25 ET
Table 'Gawain' 2-max Seat #2 is the button
Seat 1: BigYelloFish ($73.22 in chips)
Seat 2: simper11 ($371.72 in chips)
simper11: posts small blind $1
BigYelloFish: posts big blind $3
*** HOLE CARDS ***
simper11: raises $3 to $6
BigYelloFish: raises $3 to $9
simper11: calls $3
*** FLOP *** [3c 4d 5h]
BigYelloFish: bets $3
simper11: calls $3
*** TURN *** [3c 4d 5h] [3s]
BigYelloFish: bets $6
simper11: calls $6
*** RIVER *** [3c 4d 5h 3s] [3d]
BigYelloFish: bets $6
simper11: calls $6
*** SHOW DOWN ***
BigYelloFish: shows [3h Ad] (four of a kind, Threes)
simper11: mucks hand
BigYelloFish collected $47.50 from pot
*** SUMMARY ***
Total pot $48 | Rake $0.50
Board [3c 4d 5h 3s 3d]
Seat 1: BigYelloFish (big blind) showed [3h Ad] and won ($47.50) with four of a kind, Threes
Seat 2: simper11 (button) (small blind) mucked


PokerStars Hand #145715261302:  Hold'em Limit ($3/$6 USD) - 2015/12/21 19:08:42 ET
Table 'Gawain' 2-max Seat #1 is the button
Seat 1: BigYelloFish ($96.72 in chips)
Seat 2: simper11 ($347.72 in chips)
BigYelloFish: posts small blind $1
simper11: posts big blind $3
*** HOLE CARDS ***
BigYelloFish: raises $3 to $6
simper11: folds
Uncalled bet ($3) returned to BigYelloFish
BigYelloFish collected $6 from pot
BigYelloFish: doesn't show hand
*** SUMMARY ***
Total pot $6 | Rake $0
Seat 1: BigYelloFish (button) (small blind) collected ($6)
Seat 2: simper11 (big blind) folded before Flop


PokerStars Hand #145715265277:  Hold'em Limit ($3/$6 USD) - 2015/12/21 19:08:48 ET
Table 'Gawain' 2-max Seat #2 is the button
Seat 1: BigYelloFish ($99.72 in chips)
Seat 2: simper11 ($344.72 in chips)
simper11: posts small blind $1
BigYelloFish: posts big blind $3
*** HOLE CARDS ***
simper11: raises $3 to $6
BigYelloFish: raises $3 to $9
simper11: calls $3
*** FLOP *** [2s 8h 2d]
BigYelloFish: bets $3
simper11: calls $3
*** TURN *** [2s 8h 2d] [Th]
BigYelloFish: checks
simper11: checks
*** RIVER *** [2s 8h 2d Th] [5s]
BigYelloFish: bets $6
simper11: folds
Uncalled bet ($6) returned to BigYelloFish
BigYelloFish collected $23.52 from pot
BigYelloFish: doesn't show hand
*** SUMMARY ***
Total pot $24 | Rake $0.48
Board [2s 8h 2d Th 5s]
Seat 1: BigYelloFish (big blind) collected ($23.52)
Seat 2: simper11 (button) (small blind) folded on the River


PokerStars Hand #145715279280:  Hold'em Limit ($3/$6 USD) - 2015/12/21 19:09:07 ET
Table 'Gawain' 2-max Seat #1 is the button
Seat 1: BigYelloFish ($111.24 in chips)
Seat 2: simper11 ($332.72 in chips)
BigYelloFish: posts small blind $1
simper11: posts big blind $3
*** HOLE CARDS ***
BigYelloFish: raises $3 to $6
simper11: calls $3
*** FLOP *** [7h Jh Ac]
simper11: checks
BigYelloFish: bets $3
simper11: folds
Uncalled bet ($3) returned to BigYelloFish
BigYelloFish collected $11.76 from pot
BigYelloFish: doesn't show hand
*** SUMMARY ***
Total pot $12 | Rake $0.24
Board [7h Jh Ac]
Seat 1: BigYelloFish (button) (small blind) collected ($11.76)
Seat 2: simper11 (big blind) folded on the Flop


PokerStars Hand #145715287643:  Hold'em Limit ($3/$6 USD) - 2015/12/21 19:09:19 ET
Table 'Gawain' 2-max Seat #2 is the button
Seat 1: BigYelloFish ($117 in chips)
Seat 2: simper11 ($326.72 in chips)
simper11: posts small blind $1
BigYelloFish: posts big blind $3
*** HOLE CARDS ***
simper11: raises $3 to $6
BigYelloFish: folds
Uncalled bet ($3) returned to simper11
simper11 collected $6 from pot
simper11: doesn't show hand
*** SUMMARY ***
Total pot $6 | Rake $0
Seat 1: BigYelloFish (big blind) folded before Flop
Seat 2: simper11 (button) (small blind) collected ($6)


PokerStars Hand #145715296033:  Hold'em Limit ($3/$6 USD) - 2015/12/21 19:09:30 ET
Table 'Gawain' 2-max Seat #1 is the button
Seat 1: BigYelloFish ($114 in chips)
Seat 2: simper11 ($329.72 in chips)
BigYelloFish: posts small blind $1
simper11: posts big blind $3
*** HOLE CARDS ***
BigYelloFish: raises $3 to $6
simper11: calls $3
*** FLOP *** [Ts 2s 6h]
simper11: checks
BigYelloFish: bets $3
simper11: calls $3
*** TURN *** [Ts 2s 6h] [4c]
simper11: checks
BigYelloFish: checks
*** RIVER *** [Ts 2s 6h 4c] [5c]
simper11: bets $6
BigYelloFish: calls $6
*** SHOW DOWN ***
simper11: shows [8s Qd] (high card Queen)
BigYelloFish: shows [Ah Qs] (high card Ace)
BigYelloFish collected $29.50 from pot
*** SUMMARY ***
Total pot $30 | Rake $0.50
Board [Ts 2s 6h 4c 5c]
Seat 1: BigYelloFish (button) (small blind) showed [Ah Qs] and won ($29.50) with high card Ace
Seat 2: simper11 (big blind) showed [8s Qd] and lost with high card Queen


PokerStars Hand #145715306595:  Hold'em Limit ($3/$6 USD) - 2015/12/21 19:09:45 ET
Table 'Gawain' 2-max Seat #2 is the button
Seat 1: BigYelloFish ($128.50 in chips)
Seat 2: simper11 ($314.72 in chips)
simper11: posts small blind $1
BigYelloFish: posts big blind $3
*** HOLE CARDS ***
simper11: raises $3 to $6
BigYelloFish: raises $3 to $9
simper11: calls $3
*** FLOP *** [7d 7s Tc]
BigYelloFish: bets $3
simper11: folds
Uncalled bet ($3) returned to BigYelloFish
BigYelloFish collected $17.64 from pot
BigYelloFish: doesn't show hand
*** SUMMARY ***
Total pot $18 | Rake $0.36
Board [7d 7s Tc]
Seat 1: BigYelloFish (big blind) collected ($17.64)
Seat 2: simper11 (button) (small blind) folded on the Flop


PokerStars Hand #145715316105:  Hold'em Limit ($3/$6 USD) - 2015/12/21 19:09:59 ET
Table 'Gawain' 2-max Seat #1 is the button
Seat 1: BigYelloFish ($137.14 in chips)
Seat 2: simper11 ($305.72 in chips)
BigYelloFish: posts small blind $1
simper11: posts big blind $3
*** HOLE CARDS ***
BigYelloFish: raises $3 to $6
simper11: calls $3
*** FLOP *** [5s 3h Jc]
simper11: checks
BigYelloFish: checks
*** TURN *** [5s 3h Jc] [4s]
simper11: checks
BigYelloFish: bets $6
simper11: folds
Uncalled bet ($6) returned to BigYelloFish
BigYelloFish collected $11.76 from pot
BigYelloFish: doesn't show hand
*** SUMMARY ***
Total pot $12 | Rake $0.24
Board [5s 3h Jc 4s]
Seat 1: BigYelloFish (button) (small blind) collected ($11.76)
Seat 2: simper11 (big blind) folded on the Turn


PokerStars Hand #145715326063:  Hold'em Limit ($3/$6 USD) - 2015/12/21 19:10:13 ET
Table 'Gawain' 2-max Seat #2 is the button
Seat 1: BigYelloFish ($142.90 in chips)
Seat 2: simper11 ($299.72 in chips)
simper11: posts small blind $1
BigYelloFish: posts big blind $3
*** HOLE CARDS ***
simper11: raises $3 to $6
BigYelloFish: raises $3 to $9
simper11: calls $3
*** FLOP *** [Qc 3h 3d]
BigYelloFish: bets $3
simper11: folds
Uncalled bet ($3) returned to BigYelloFish
BigYelloFish collected $17.64 from pot
BigYelloFish: doesn't show hand
*** SUMMARY ***
Total pot $18 | Rake $0.36
Board [Qc 3h 3d]
Seat 1: BigYelloFish (big blind) collected ($17.64)
Seat 2: simper11 (button) (small blind) folded on the Flop


PokerStars Hand #145715335602:  Hold'em Limit ($3/$6 USD) - 2015/12/21 19:10:27 ET
Table 'Gawain' 2-max Seat #1 is the button
Seat 1: BigYelloFish ($151.54 in chips)
Seat 2: simper11 ($290.72 in chips)
BigYelloFish: posts small blind $1
simper11: posts big blind $3
*** HOLE CARDS ***
BigYelloFish: raises $3 to $6
simper11: calls $3
*** FLOP *** [Td 2h 4c]
simper11: checks
BigYelloFish: checks
*** TURN *** [Td 2h 4c] [8s]
simper11: checks
BigYelloFish: checks
*** RIVER *** [Td 2h 4c 8s] [5h]
simper11: checks
BigYelloFish: checks
*** SHOW DOWN ***
simper11: shows [Ad 6h] (high card Ace)
BigYelloFish: mucks hand
simper11 collected $11.76 from pot
*** SUMMARY ***
Total pot $12 | Rake $0.24
Board [Td 2h 4c 8s 5h]
Seat 1: BigYelloFish (button) (small blind) mucked
Seat 2: simper11 (big blind) showed [Ad 6h] and won ($11.76) with high card Ace


PokerStars Hand #145715344348:  Hold'em Limit ($3/$6 USD) - 2015/12/21 19:10:39 ET
Table 'Gawain' 2-max Seat #2 is the button
Seat 1: BigYelloFish ($145.54 in chips)
Seat 2: simper11 ($296.48 in chips)
simper11: posts small blind $1
BigYelloFish: posts big blind $3
*** HOLE CARDS ***
simper11: raises $3 to $6
BigYelloFish: raises $3 to $9
simper11: calls $3
*** FLOP *** [Kc 4s Jc]
BigYelloFish: bets $3
simper11: calls $3
*** TURN *** [Kc 4s Jc] [5d]
BigYelloFish: checks
simper11: bets $6
BigYelloFish: folds
Uncalled bet ($6) returned to simper11
simper11 collected $23.52 from pot
simper11: doesn't show hand
*** SUMMARY ***
Total pot $24 | Rake $0.48
Board [Kc 4s Jc 5d]
Seat 1: BigYelloFish (big blind) folded on the Turn
Seat 2: simper11 (button) (small blind) collected ($23.52)


PokerStars Hand #145715352541:  Hold'em Limit ($3/$6 USD) - 2015/12/21 19:10:51 ET
Table 'Gawain' 2-max Seat #1 is the button
Seat 1: BigYelloFish ($133.54 in chips)
Seat 2: simper11 ($308 in chips)
BigYelloFish: posts small blind $1
simper11: posts big blind $3
*** HOLE CARDS ***
BigYelloFish: raises $3 to $6
simper11: calls $3
*** FLOP *** [4d 3d 9c]
simper11: checks
BigYelloFish: checks
*** TURN *** [4d 3d 9c] [6c]
simper11: bets $6
BigYelloFish: calls $6
*** RIVER *** [4d 3d 9c 6c] [2d]
simper11: bets $6
BigYelloFish: raises $6 to $12
simper11: folds
Uncalled bet ($6) returned to BigYelloFish
BigYelloFish collected $35.50 from pot
BigYelloFish: doesn't show hand
*** SUMMARY ***
Total pot $36 | Rake $0.50
Board [4d 3d 9c 6c 2d]
Seat 1: BigYelloFish (button) (small blind) collected ($35.50)
Seat 2: simper11 (big blind) folded on the River


PokerStars Hand #145715369943:  Hold'em Limit ($3/$6 USD) - 2015/12/21 19:11:15 ET
Table 'Gawain' 2-max Seat #2 is the button
Seat 1: BigYelloFish ($151.04 in chips)
Seat 2: simper11 ($290 in chips)
simper11: posts small blind $1
BigYelloFish: posts big blind $3
*** HOLE CARDS ***
simper11: raises $3 to $6
BigYelloFish: raises $3 to $9
simper11: calls $3
*** FLOP *** [2h Qd Jh]
BigYelloFish: checks
simper11: checks
*** TURN *** [2h Qd Jh] [As]
BigYelloFish: checks
simper11: bets $6
BigYelloFish: folds
Uncalled bet ($6) returned to simper11
simper11 collected $17.64 from pot
simper11: doesn't show hand
*** SUMMARY ***
Total pot $18 | Rake $0.36
Board [2h Qd Jh As]
Seat 1: BigYelloFish (big blind) folded on the Turn
Seat 2: simper11 (button) (small blind) collected ($17.64)


PokerStars Hand #145715385871:  Hold'em Limit ($3/$6 USD) - 2015/12/21 19:11:38 ET
Table 'Gawain' 2-max Seat #1 is the button
Seat 1: BigYelloFish ($142.04 in chips)
Seat 2: simper11 ($298.64 in chips)
BigYelloFish: posts small blind $1
simper11: posts big blind $3
*** HOLE CARDS ***
BigYelloFish: raises $3 to $6
simper11: calls $3
*** FLOP *** [3h 8d Th]
simper11: checks
BigYelloFish: bets $3
simper11: calls $3
*** TURN *** [3h 8d Th] [9s]
simper11: checks
BigYelloFish: checks
*** RIVER *** [3h 8d Th 9s] [9h]
simper11: checks
BigYelloFish: bets $6
simper11: calls $6
*** SHOW DOWN ***
BigYelloFish: shows [7h 5d] (a pair of Nines)
simper11: shows [5s Ad] (a pair of Nines - Ace kicker)
simper11 collected $29.50 from pot
*** SUMMARY ***
Total pot $30 | Rake $0.50
Board [3h 8d Th 9s 9h]
Seat 1: BigYelloFish (button) (small blind) showed [7h 5d] and lost with a pair of Nines
Seat 2: simper11 (big blind) showed [5s Ad] and won ($29.50) with a pair of Nines


PokerStars Hand #145715407907:  Hold'em Limit ($3/$6 USD) - 2015/12/21 19:12:10 ET
Table 'Gawain' 2-max Seat #2 is the button
Seat 1: BigYelloFish ($127.04 in chips)
Seat 2: simper11 ($313.14 in chips)
simper11: posts small blind $1
BigYelloFish: posts big blind $3
*** HOLE CARDS ***
simper11: calls $2
BigYelloFish: checks
*** FLOP *** [9s 2d 9h]
BigYelloFish: checks
simper11: checks
*** TURN *** [9s 2d 9h] [Kh]
BigYelloFish: checks
simper11: checks
*** RIVER *** [9s 2d 9h Kh] [7d]
BigYelloFish: checks
simper11: checks
*** SHOW DOWN ***
BigYelloFish: shows [5s 4d] (a pair of Nines)
simper11: shows [Qh 6s] (a pair of Nines - King+Queen kicker)
simper11 collected $5.88 from pot
*** SUMMARY ***
Total pot $6 | Rake $0.12
Board [9s 2d 9h Kh 7d]
Seat 1: BigYelloFish (big blind) showed [5s 4d] and lost with a pair of Nines
Seat 2: simper11 (button) (small blind) showed [Qh 6s] and won ($5.88) with a pair of Nines


PokerStars Hand #145715422173:  Hold'em Limit ($3/$6 USD) - 2015/12/21 19:12:30 ET
Table 'Gawain' 2-max Seat #1 is the button
Seat 1: BigYelloFish ($124.04 in chips)
Seat 2: simper11 ($316.02 in chips)
BigYelloFish: posts small blind $1
simper11: posts big blind $3
*** HOLE CARDS ***
BigYelloFish: raises $3 to $6
simper11: calls $3
*** FLOP *** [2d 7d 3s]
simper11: checks
BigYelloFish: bets $3
simper11: calls $3
*** TURN *** [2d 7d 3s] [Kc]
simper11: checks
BigYelloFish: bets $6
simper11: raises $6 to $12
BigYelloFish: calls $6
*** RIVER *** [2d 7d 3s Kc] [4c]
simper11: bets $6
BigYelloFish: raises $6 to $12
simper11: calls $6
*** SHOW DOWN ***
BigYelloFish: shows [Ks 4d] (two pair, Kings and Fours)
simper11: shows [Kh 4h] (two pair, Kings and Fours)
simper11 collected $32.75 from pot
BigYelloFish collected $32.75 from pot
*** SUMMARY ***
Total pot $66 | Rake $0.50
Board [2d 7d 3s Kc 4c]
Seat 1: BigYelloFish (button) (small blind) showed [Ks 4d] and won ($32.75) with two pair, Kings and Fours
Seat 2: simper11 (big blind) showed [Kh 4h] and won ($32.75) with two pair, Kings and Fours


PokerStars Hand #145715446393:  Hold'em Limit ($3/$6 USD) - 2015/12/21 19:13:04 ET
Table 'Gawain' 2-max Seat #2 is the button
Seat 1: BigYelloFish ($123.79 in chips)
Seat 2: simper11 ($315.77 in chips)
simper11: posts small blind $1
BigYelloFish: posts big blind $3
*** HOLE CARDS ***
simper11: raises $3 to $6
BigYelloFish: calls $3
*** FLOP *** [2c 2h 7c]
BigYelloFish: checks
simper11: bets $3
BigYelloFish: raises $3 to $6
simper11: calls $3
*** TURN *** [2c 2h 7c] [Jh]
BigYelloFish: bets $6
simper11: calls $6
*** RIVER *** [2c 2h 7c Jh] [4d]
BigYelloFish: bets $6
simper11: calls $6
*** SHOW DOWN ***
BigYelloFish: shows [7h Qd] (two pair, Sevens and Deuces)
simper11: mucks hand
BigYelloFish collected $47.50 from pot
*** SUMMARY ***
Total pot $48 | Rake $0.50
Board [2c 2h 7c Jh 4d]
Seat 1: BigYelloFish (big blind) showed [7h Qd] and won ($47.50) with two pair, Sevens and Deuces
Seat 2: simper11 (button) (small blind) mucked


PokerStars Hand #145715515096:  Hold'em Limit ($3/$6 USD) - 2015/12/21 19:14:43 ET
Table 'Gawain' 2-max Seat #1 is the button
Seat 1: BigYelloFish ($151.17 in chips)
Seat 2: simper11 ($287.77 in chips)
BigYelloFish: posts small blind $1
simper11: posts big blind $3
*** HOLE CARDS ***
BigYelloFish: raises $3 to $6
simper11: folds
Uncalled bet ($3) returned to BigYelloFish
BigYelloFish collected $6 from pot
BigYelloFish: doesn't show hand
*** SUMMARY ***
Total pot $6 | Rake $0
Seat 1: BigYelloFish (button) (small blind) collected ($6)
Seat 2: simper11 (big blind) folded before Flop


PokerStars Hand #145715511898:  Hold'em Limit ($3/$6 USD) - 2015/12/21 19:14:39 ET
Table 'Gawain' 2-max Seat #2 is the button
Seat 1: BigYelloFish ($150.17 in chips)
Seat 2: simper11 ($288.77 in chips)
simper11: posts small blind $1
BigYelloFish: posts big blind $3
*** HOLE CARDS ***
simper11: folds
Uncalled bet ($2) returned to BigYelloFish
BigYelloFish collected $2 from pot
BigYelloFish: doesn't show hand
*** SUMMARY ***
Total pot $2 | Rake $0
Seat 1: BigYelloFish (big blind) collected ($2)
Seat 2: simper11 (button) (small blind) folded before Flop


PokerStars Hand #145715458058:  Hold'em Limit ($3/$6 USD) - 2015/12/21 19:13:21 ET
Table 'Gawain' 2-max Seat #1 is the button
Seat 1: BigYelloFish ($147.29 in chips)
Seat 2: simper11 ($291.77 in chips)
BigYelloFish: posts small blind $1
simper11: posts big blind $3
*** HOLE CARDS ***
BigYelloFish: calls $2
simper11: checks
*** FLOP *** [Ts Ah Th]
simper11: checks
BigYelloFish: checks
*** TURN *** [Ts Ah Th] [2s]
simper11: checks
BigYelloFish: checks
*** RIVER *** [Ts Ah Th 2s] [9s]
simper11: checks
BigYelloFish: checks
*** SHOW DOWN ***
simper11: shows [3h Kd] (a pair of Tens)
BigYelloFish: shows [2h Jc] (two pair, Tens and Deuces)
BigYelloFish collected $5.88 from pot
*** SUMMARY ***
Total pot $6 | Rake $0.12
Board [Ts Ah Th 2s 9s]
Seat 1: BigYelloFish (button) (small blind) showed [2h Jc] and won ($5.88) with two pair, Tens and Deuces
Seat 2: simper11 (big blind) showed [3h Kd] and lost with a pair of Tens


PokerStars Hand #145715527295:  Hold'em Limit ($3/$6 USD) - 2015/12/21 19:15:01 ET
Table 'Gawain' 2-max Seat #2 is the button
Seat 1: BigYelloFish ($154.17 in chips)
Seat 2: simper11 ($284.77 in chips)
simper11: posts small blind $1
BigYelloFish: posts big blind $3
*** HOLE CARDS ***
simper11: raises $3 to $6
BigYelloFish: calls $3
*** FLOP *** [5c 6s Kc]
BigYelloFish: checks
simper11: bets $3
BigYelloFish: calls $3
*** TURN *** [5c 6s Kc] [Ah]
BigYelloFish: checks
simper11: bets $6
BigYelloFish: folds
Uncalled bet ($6) returned to simper11
simper11 collected $17.64 from pot
simper11: doesn't show hand
*** SUMMARY ***
Total pot $18 | Rake $0.36
Board [5c 6s Kc Ah]
Seat 1: BigYelloFish (big blind) folded on the Turn
Seat 2: simper11 (button) (small blind) collected ($17.64)


PokerStars Hand #145715565022:  Hold'em Limit ($3/$6 USD) - 2015/12/21 19:15:54 ET
Table 'Gawain' 2-max Seat #1 is the button
Seat 1: BigYelloFish ($145.17 in chips)
Seat 2: simper11 ($293.41 in chips)
BigYelloFish: posts small blind $1
simper11: posts big blind $3
*** HOLE CARDS ***
BigYelloFish: raises $3 to $6
simper11: calls $3
*** FLOP *** [8h Td 4h]
simper11: checks
BigYelloFish: checks
*** TURN *** [8h Td 4h] [5c]
simper11: checks
BigYelloFish: checks
*** RIVER *** [8h Td 4h 5c] [9d]
simper11: checks
BigYelloFish: checks
*** SHOW DOWN ***
simper11: shows [Qs 4c] (a pair of Fours)
BigYelloFish: mucks hand
simper11 collected $11.76 from pot
*** SUMMARY ***
Total pot $12 | Rake $0.24
Board [8h Td 4h 5c 9d]
Seat 1: BigYelloFish (button) (small blind) mucked
Seat 2: simper11 (big blind) showed [Qs 4c] and won ($11.76) with a pair of Fours


PokerStars Hand #145715584321:  Hold'em Limit ($3/$6 USD) - 2015/12/21 19:16:22 ET
Table 'Gawain' 2-max Seat #2 is the button
Seat 1: BigYelloFish ($139.17 in chips)
Seat 2: simper11 ($299.17 in chips)
simper11: posts small blind $1
BigYelloFish: posts big blind $3
*** HOLE CARDS ***
simper11: raises $3 to $6
BigYelloFish: folds
Uncalled bet ($3) returned to simper11
simper11 collected $6 from pot
simper11: doesn't show hand
*** SUMMARY ***
Total pot $6 | Rake $0
Seat 1: BigYelloFish (big blind) folded before Flop
Seat 2: simper11 (button) (small blind) collected ($6)


PokerStars Hand #145715613230:  Hold'em Limit ($3/$6 USD) - 2015/12/21 19:17:03 ET
Table 'Gawain' 2-max Seat #1 is the button
Seat 1: BigYelloFish ($159.31 in chips)
Seat 2: simper11 ($278.17 in chips)
BigYelloFish: posts small blind $1
simper11: posts big blind $3
*** HOLE CARDS ***
BigYelloFish: raises $3 to $6
simper11: raises $3 to $9
BigYelloFish: calls $3
*** FLOP *** [3s Qd Td]
simper11: bets $3
BigYelloFish: calls $3
*** TURN *** [3s Qd Td] [9h]
simper11: bets $6
BigYelloFish: calls $6
*** RIVER *** [3s Qd Td 9h] [2d]
simper11: bets $6
BigYelloFish: folds
Uncalled bet ($6) returned to simper11
simper11 collected $35.50 from pot
simper11: doesn't show hand
*** SUMMARY ***
Total pot $36 | Rake $0.50
Board [3s Qd Td 9h 2d]
Seat 1: BigYelloFish (button) (small blind) folded on the River
Seat 2: simper11 (big blind) collected ($35.50)


PokerStars Hand #145715601845:  Hold'em Limit ($3/$6 USD) - 2015/12/21 19:16:47 ET
Table 'Gawain' 2-max Seat #2 is the button
Seat 1: BigYelloFish ($150.67 in chips)
Seat 2: simper11 ($287.17 in chips)
simper11: posts small blind $1
BigYelloFish: posts big blind $3
*** HOLE CARDS ***
simper11: raises $3 to $6
BigYelloFish: calls $3
*** FLOP *** [4d 3h Ks]
BigYelloFish: checks
simper11: bets $3
BigYelloFish: calls $3
*** TURN *** [4d 3h Ks] [7d]
BigYelloFish: checks
simper11: checks
*** RIVER *** [4d 3h Ks 7d] [9h]
BigYelloFish: bets $6
simper11: folds
Uncalled bet ($6) returned to BigYelloFish
BigYelloFish collected $17.64 from pot
BigYelloFish: doesn't show hand
*** SUMMARY ***
Total pot $18 | Rake $0.36
Board [4d 3h Ks 7d 9h]
Seat 1: BigYelloFish (big blind) collected ($17.64)
Seat 2: simper11 (button) (small blind) folded on the River


PokerStars Hand #145715590106:  Hold'em Limit ($3/$6 USD) - 2015/12/21 19:16:30 ET
Table 'Gawain' 2-max Seat #1 is the button
Seat 1: BigYelloFish ($136.17 in chips)
Seat 2: simper11 ($302.17 in chips)
BigYelloFish: posts small blind $1
simper11: posts big blind $3
*** HOLE CARDS ***
BigYelloFish: raises $3 to $6
simper11: calls $3
*** FLOP *** [Js 8d 2s]
simper11: checks
BigYelloFish: bets $3
simper11: calls $3
*** TURN *** [Js 8d 2s] [6d]
simper11: checks
BigYelloFish: bets $6
simper11: calls $6
*** RIVER *** [Js 8d 2s 6d] [4c]
simper11: checks
BigYelloFish: bets $6
simper11: folds
Uncalled bet ($6) returned to BigYelloFish
BigYelloFish collected $29.50 from pot
BigYelloFish: doesn't show hand
*** SUMMARY ***
Total pot $30 | Rake $0.50
Board [Js 8d 2s 6d 4c]
Seat 1: BigYelloFish (button) (small blind) collected ($29.50)
Seat 2: simper11 (big blind) folded on the River


PokerStars Hand #145715652930:  Hold'em Limit ($3/$6 USD) - 2015/12/21 19:18:00 ET
Table 'Gawain' 2-max Seat #1 is the button
Seat 1: BigYelloFish ($146.59 in chips)
Seat 2: simper11 ($289.19 in chips)
BigYelloFish: posts small blind $1
simper11: posts big blind $3
*** HOLE CARDS ***
BigYelloFish: raises $3 to $6
simper11: folds
Uncalled bet ($3) returned to BigYelloFish
BigYelloFish collected $6 from pot
BigYelloFish: doesn't show hand
*** SUMMARY ***
Total pot $6 | Rake $0
Seat 1: BigYelloFish (button) (small blind) collected ($6)
Seat 2: simper11 (big blind) folded before Flop


PokerStars Hand #145715646617:  Hold'em Limit ($3/$6 USD) - 2015/12/21 19:17:51 ET
Table 'Gawain' 2-max Seat #2 is the button
Seat 1: BigYelloFish ($137.95 in chips)
Seat 2: simper11 ($298.19 in chips)
simper11: posts small blind $1
BigYelloFish: posts big blind $3
*** HOLE CARDS ***
simper11: raises $3 to $6
BigYelloFish: raises $3 to $9
simper11: calls $3
*** FLOP *** [As Tc Ah]
BigYelloFish: bets $3
simper11: folds
Uncalled bet ($3) returned to BigYelloFish
BigYelloFish collected $17.64 from pot
BigYelloFish: doesn't show hand
*** SUMMARY ***
Total pot $18 | Rake $0.36
Board [As Tc Ah]
Seat 1: BigYelloFish (big blind) collected ($17.64)
Seat 2: simper11 (button) (small blind) folded on the Flop


PokerStars Hand #145715634795:  Hold'em Limit ($3/$6 USD) - 2015/12/21 19:17:34 ET
Table 'Gawain' 2-max Seat #1 is the button
Seat 1: BigYelloFish ($149.95 in chips)
Seat 2: simper11 ($286.67 in chips)
BigYelloFish: posts small blind $1
simper11: posts big blind $3
*** HOLE CARDS ***
BigYelloFish: raises $3 to $6
simper11: calls $3
*** FLOP *** [Qh Jh 6d]
simper11: checks
BigYelloFish: checks
*** TURN *** [Qh Jh 6d] [2h]
simper11: bets $6
BigYelloFish: calls $6
*** RIVER *** [Qh Jh 6d 2h] [As]
simper11: bets $6
BigYelloFish: folds
Uncalled bet ($6) returned to simper11
simper11 collected $23.52 from pot
simper11: doesn't show hand
*** SUMMARY ***
Total pot $24 | Rake $0.48
Board [Qh Jh 6d 2h As]
Seat 1: BigYelloFish (button) (small blind) folded on the River
Seat 2: simper11 (big blind) collected ($23.52)


PokerStars Hand #145715623961:  Hold'em Limit ($3/$6 USD) - 2015/12/21 19:17:18 ET
Table 'Gawain' 2-max Seat #2 is the button
Seat 1: BigYelloFish ($141.31 in chips)
Seat 2: simper11 ($295.67 in chips)
simper11: posts small blind $1
BigYelloFish: posts big blind $3
*** HOLE CARDS ***
simper11: raises $3 to $6
BigYelloFish: calls $3
*** FLOP *** [5c 2s 3s]
BigYelloFish: checks
simper11: bets $3
BigYelloFish: calls $3
*** TURN *** [5c 2s 3s] [6c]
BigYelloFish: checks
simper11: checks
*** RIVER *** [5c 2s 3s 6c] [9h]
BigYelloFish: bets $6
simper11: folds
Uncalled bet ($6) returned to BigYelloFish
BigYelloFish collected $17.64 from pot
BigYelloFish: doesn't show hand
*** SUMMARY ***
Total pot $18 | Rake $0.36
Board [5c 2s 3s 6c 9h]
Seat 1: BigYelloFish (big blind) collected ($17.64)
Seat 2: simper11 (button) (small blind) folded on the River


PokerStars Hand #145715687709:  Hold'em Limit ($3/$6 USD) - 2015/12/21 19:18:49 ET
Table 'Gawain' 2-max Seat #2 is the button
Seat 1: BigYelloFish ($119.59 in chips)
Seat 2: simper11 ($315.21 in chips)
simper11: posts small blind $1
BigYelloFish: posts big blind $3
*** HOLE CARDS ***
simper11: raises $3 to $6
BigYelloFish: calls $3
*** FLOP *** [9d 4c 2h]
BigYelloFish: checks
simper11: bets $3
BigYelloFish: calls $3
*** TURN *** [9d 4c 2h] [Tc]
BigYelloFish: checks
simper11: bets $6
BigYelloFish: folds
Uncalled bet ($6) returned to simper11
simper11 collected $17.64 from pot
simper11: doesn't show hand
*** SUMMARY ***
Total pot $18 | Rake $0.36
Board [9d 4c 2h Tc]
Seat 1: BigYelloFish (big blind) folded on the Turn
Seat 2: simper11 (button) (small blind) collected ($17.64)


PokerStars Hand #145715675036:  Hold'em Limit ($3/$6 USD) - 2015/12/21 19:18:31 ET
Table 'Gawain' 2-max Seat #1 is the button
Seat 1: BigYelloFish ($131.59 in chips)
Seat 2: simper11 ($303.69 in chips)
BigYelloFish: posts small blind $1
simper11: posts big blind $3
*** HOLE CARDS ***
BigYelloFish: raises $3 to $6
simper11: calls $3
*** FLOP *** [5d Jc 5h]
simper11: bets $3
BigYelloFish: raises $3 to $6
simper11: calls $3
*** TURN *** [5d Jc 5h] [3s]
simper11: checks
BigYelloFish: checks
*** RIVER *** [5d Jc 5h 3s] [Js]
simper11: bets $6
BigYelloFish: folds
Uncalled bet ($6) returned to simper11
simper11 collected $23.52 from pot
simper11: doesn't show hand
*** SUMMARY ***
Total pot $24 | Rake $0.48
Board [5d Jc 5h 3s Js]
Seat 1: BigYelloFish (button) (small blind) folded on the River
Seat 2: simper11 (big blind) collected ($23.52)


PokerStars Hand #145715658361:  Hold'em Limit ($3/$6 USD) - 2015/12/21 19:18:07 ET
Table 'Gawain' 2-max Seat #2 is the button
Seat 1: BigYelloFish ($149.59 in chips)
Seat 2: simper11 ($286.19 in chips)
simper11: posts small blind $1
BigYelloFish: posts big blind $3
*** HOLE CARDS ***
simper11: raises $3 to $6
BigYelloFish: raises $3 to $9
simper11: calls $3
*** FLOP *** [Jd 9c Kh]
BigYelloFish: bets $3
simper11: calls $3
*** TURN *** [Jd 9c Kh] [Ts]
BigYelloFish: checks
simper11: bets $6
BigYelloFish: calls $6
*** RIVER *** [Jd 9c Kh Ts] [9d]
BigYelloFish: checks
simper11: bets $6
BigYelloFish: folds
Uncalled bet ($6) returned to simper11
simper11 collected $35.50 from pot
simper11: doesn't show hand
*** SUMMARY ***
Total pot $36 | Rake $0.50
Board [Jd 9c Kh Ts 9d]
Seat 1: BigYelloFish (big blind) folded on the River
Seat 2: simper11 (button) (small blind) collected ($35.50)


PokerStars Hand #145715701204:  Hold'em Limit ($3/$6 USD) - 2015/12/21 19:19:09 ET
Table 'Gawain' 2-max Seat #1 is the button
Seat 1: BigYelloFish ($110.59 in chips)
Seat 2: simper11 ($323.85 in chips)
BigYelloFish: posts small blind $1
simper11: posts big blind $3
*** HOLE CARDS ***
BigYelloFish: calls $2
simper11: checks
*** FLOP *** [5h As 9h]
simper11: checks
BigYelloFish: checks
*** TURN *** [5h As 9h] [Jd]
simper11: checks
BigYelloFish: checks
*** RIVER *** [5h As 9h Jd] [Qd]
simper11: checks
BigYelloFish: checks
*** SHOW DOWN ***
simper11: shows [Th 4s] (high card Ace)
BigYelloFish: shows [7d Ts] (high card Ace)
simper11 collected $2.94 from pot
BigYelloFish collected $2.94 from pot
*** SUMMARY ***
Total pot $6 | Rake $0.12
Board [5h As 9h Jd Qd]
Seat 1: BigYelloFish (button) (small blind) showed [7d Ts] and won ($2.94) with high card Ace
Seat 2: simper11 (big blind) showed [Th 4s] and won ($2.94) with high card Ace


PokerStars Hand #145715735518:  Hold'em Limit ($3/$6 USD) - 2015/12/21 19:19:58 ET
Table 'Gawain' 2-max Seat #2 is the button
Seat 1: BigYelloFish ($101.17 in chips)
Seat 2: simper11 ($332.29 in chips)
simper11: posts small blind $1
BigYelloFish: posts big blind $3
*** HOLE CARDS ***
simper11: raises $3 to $6
BigYelloFish: raises $3 to $9
simper11: calls $3
*** FLOP *** [3s 3c Qc]
BigYelloFish: bets $3
simper11: folds
Uncalled bet ($3) returned to BigYelloFish
BigYelloFish collected $17.64 from pot
BigYelloFish: doesn't show hand
*** SUMMARY ***
Total pot $18 | Rake $0.36
Board [3s 3c Qc]
Seat 1: BigYelloFish (big blind) collected ($17.64)
Seat 2: simper11 (button) (small blind) folded on the Flop


PokerStars Hand #145715723298:  Hold'em Limit ($3/$6 USD) - 2015/12/21 19:19:40 ET
Table 'Gawain' 2-max Seat #1 is the button
Seat 1: BigYelloFish ($119.17 in chips)
Seat 2: simper11 ($314.79 in chips)
BigYelloFish: posts small blind $1
simper11: posts big blind $3
*** HOLE CARDS ***
BigYelloFish: raises $3 to $6
simper11: calls $3
*** FLOP *** [Ad 7c 4s]
simper11: checks
BigYelloFish: bets $3
simper11: raises $3 to $6
BigYelloFish: calls $3
*** TURN *** [Ad 7c 4s] [Qs]
simper11: bets $6
BigYelloFish: calls $6
*** RIVER *** [Ad 7c 4s Qs] [Ts]
simper11: bets $6
BigYelloFish: folds
Uncalled bet ($6) returned to simper11
simper11 collected $35.50 from pot
simper11: doesn't show hand
*** SUMMARY ***
Total pot $36 | Rake $0.50
Board [Ad 7c 4s Qs Ts]
Seat 1: BigYelloFish (button) (small blind) folded on the River
Seat 2: simper11 (big blind) collected ($35.50)


PokerStars Hand #145715715009:  Hold'em Limit ($3/$6 USD) - 2015/12/21 19:19:28 ET
Table 'Gawain' 2-max Seat #2 is the button
Seat 1: BigYelloFish ($110.53 in chips)
Seat 2: simper11 ($323.79 in chips)
simper11: posts small blind $1
BigYelloFish: posts big blind $3
*** HOLE CARDS ***
simper11: raises $3 to $6
BigYelloFish: raises $3 to $9
simper11: calls $3
*** FLOP *** [Qd Kc Qc]
BigYelloFish: bets $3
simper11: folds
Uncalled bet ($3) returned to BigYelloFish
BigYelloFish collected $17.64 from pot
BigYelloFish: doesn't show hand
*** SUMMARY ***
Total pot $18 | Rake $0.36
Board [Qd Kc Qc]
Seat 1: BigYelloFish (big blind) collected ($17.64)
Seat 2: simper11 (button) (small blind) folded on the Flop


PokerStars Hand #145715761570:  Hold'em Limit ($3/$6 USD) - 2015/12/21 19:20:36 ET
Table 'Gawain' 2-max Seat #2 is the button
Seat 1: BigYelloFish ($124.31 in chips)
Seat 2: simper11 ($308.29 in chips)
simper11: posts small blind $1
BigYelloFish: posts big blind $3
*** HOLE CARDS ***
simper11: folds
Uncalled bet ($2) returned to BigYelloFish
BigYelloFish collected $2 from pot
BigYelloFish: doesn't show hand
*** SUMMARY ***
Total pot $2 | Rake $0
Seat 1: BigYelloFish (big blind) collected ($2)
Seat 2: simper11 (button) (small blind) folded before Flop


PokerStars Hand #145715745214:  Hold'em Limit ($3/$6 USD) - 2015/12/21 19:20:12 ET
Table 'Gawain' 2-max Seat #1 is the button
Seat 1: BigYelloFish ($109.81 in chips)
Seat 2: simper11 ($323.29 in chips)
BigYelloFish: posts small blind $1
simper11: posts big blind $3
*** HOLE CARDS ***
BigYelloFish: raises $3 to $6
simper11: calls $3
*** FLOP *** [Ad Qh Kc]
simper11: checks
BigYelloFish: bets $3
simper11: calls $3
*** TURN *** [Ad Qh Kc] [3c]
simper11: checks
BigYelloFish: bets $6
simper11: calls $6
*** RIVER *** [Ad Qh Kc 3c] [Jh]
simper11: checks
BigYelloFish: checks
*** SHOW DOWN ***
simper11: shows [5d Qc] (a pair of Queens)
BigYelloFish: shows [Kd 7d] (a pair of Kings)
BigYelloFish collected $29.50 from pot
*** SUMMARY ***
Total pot $30 | Rake $0.50
Board [Ad Qh Kc 3c Jh]
Seat 1: BigYelloFish (button) (small blind) showed [Kd 7d] and won ($29.50) with a pair of Kings
Seat 2: simper11 (big blind) showed [5d Qc] and lost with a pair of Queens


PokerStars Hand #145715784700:  Hold'em Limit ($3/$6 USD) - 2015/12/21 19:21:10 ET
Table 'Gawain' 2-max Seat #2 is the button
Seat 1: BigYelloFish ($120.31 in chips)
Seat 2: simper11 ($311.93 in chips)
simper11: posts small blind $1
BigYelloFish: posts big blind $3
*** HOLE CARDS ***
simper11: folds
Uncalled bet ($2) returned to BigYelloFish
BigYelloFish collected $2 from pot
BigYelloFish: doesn't show hand
*** SUMMARY ***
Total pot $2 | Rake $0
Seat 1: BigYelloFish (big blind) collected ($2)
Seat 2: simper11 (button) (small blind) folded before Flop


PokerStars Hand #145715773279:  Hold'em Limit ($3/$6 USD) - 2015/12/21 19:20:53 ET
Table 'Gawain' 2-max Seat #1 is the button
Seat 1: BigYelloFish ($129.31 in chips)
Seat 2: simper11 ($303.29 in chips)
BigYelloFish: posts small blind $1
simper11: posts big blind $3
*** HOLE CARDS ***
BigYelloFish: raises $3 to $6
simper11: raises $3 to $9
BigYelloFish: calls $3
*** FLOP *** [Tc Ad 7h]
simper11: bets $3
BigYelloFish: folds
Uncalled bet ($3) returned to simper11
simper11 collected $17.64 from pot
simper11: doesn't show hand
*** SUMMARY ***
Total pot $18 | Rake $0.36
Board [Tc Ad 7h]
Seat 1: BigYelloFish (button) (small blind) folded on the Flop
Seat 2: simper11 (big blind) collected ($17.64)


PokerStars Hand #145715770327:  Hold'em Limit ($3/$6 USD) - 2015/12/21 19:20:49 ET
Table 'Gawain' 2-max Seat #2 is the button
Seat 1: BigYelloFish ($128.31 in chips)
Seat 2: simper11 ($304.29 in chips)
simper11: posts small blind $1
BigYelloFish: posts big blind $3
*** HOLE CARDS ***
simper11: folds
Uncalled bet ($2) returned to BigYelloFish
BigYelloFish collected $2 from pot
BigYelloFish: doesn't show hand
*** SUMMARY ***
Total pot $2 | Rake $0
Seat 1: BigYelloFish (big blind) collected ($2)
Seat 2: simper11 (button) (small blind) folded before Flop


PokerStars Hand #145715766095:  Hold'em Limit ($3/$6 USD) - 2015/12/21 19:20:42 ET
Table 'Gawain' 2-max Seat #1 is the button
Seat 1: BigYelloFish ($125.31 in chips)
Seat 2: simper11 ($307.29 in chips)
BigYelloFish: posts small blind $1
simper11: posts big blind $3
*** HOLE CARDS ***
BigYelloFish: raises $3 to $6
simper11: folds
Uncalled bet ($3) returned to BigYelloFish
BigYelloFish collected $6 from pot
BigYelloFish: doesn't show hand
*** SUMMARY ***
Total pot $6 | Rake $0
Seat 1: BigYelloFish (button) (small blind) collected ($6)
Seat 2: simper11 (big blind) folded before Flop


PokerStars Hand #145715818058:  Hold'em Limit ($3/$6 USD) - 2015/12/21 19:21:59 ET
Table 'Gawain' 2-max Seat #1 is the button
Seat 1: BigYelloFish ($111.83 in chips)
Seat 2: simper11 ($319.43 in chips)
BigYelloFish: posts small blind $1
simper11: posts big blind $3
*** HOLE CARDS ***
BigYelloFish: folds
Uncalled bet ($2) returned to simper11
simper11 collected $2 from pot
simper11: doesn't show hand
*** SUMMARY ***
Total pot $2 | Rake $0
Seat 1: BigYelloFish (button) (small blind) folded before Flop
Seat 2: simper11 (big blind) collected ($2)


PokerStars Hand #145715808146:  Hold'em Limit ($3/$6 USD) - 2015/12/21 19:21:44 ET
Table 'Gawain' 2-max Seat #2 is the button
Seat 1: BigYelloFish ($100.31 in chips)
Seat 2: simper11 ($331.43 in chips)
simper11: posts small blind $1
BigYelloFish: posts big blind $3
*** HOLE CARDS ***
simper11: raises $3 to $6
BigYelloFish: calls $3
*** FLOP *** [2h 3c 2c]
BigYelloFish: checks
simper11: bets $3
BigYelloFish: raises $3 to $6
simper11: calls $3
*** TURN *** [2h 3c 2c] [7d]
BigYelloFish: bets $6
simper11: folds
Uncalled bet ($6) returned to BigYelloFish
BigYelloFish collected $23.52 from pot
BigYelloFish: doesn't show hand
*** SUMMARY ***
Total pot $24 | Rake $0.48
Board [2h 3c 2c 7d]
Seat 1: BigYelloFish (big blind) collected ($23.52)
Seat 2: simper11 (button) (small blind) folded on the Turn


PokerStars Hand #145715787716:  Hold'em Limit ($3/$6 USD) - 2015/12/21 19:21:14 ET
Table 'Gawain' 2-max Seat #1 is the button
Seat 1: BigYelloFish ($121.31 in chips)
Seat 2: simper11 ($310.93 in chips)
BigYelloFish: posts small blind $1
simper11: posts big blind $3
*** HOLE CARDS ***
BigYelloFish: raises $3 to $6
simper11: calls $3
*** FLOP *** [Qh 5h 2c]
simper11: checks
BigYelloFish: bets $3
simper11: calls $3
*** TURN *** [Qh 5h 2c] [7s]
simper11: checks
BigYelloFish: bets $6
simper11: calls $6
*** RIVER *** [Qh 5h 2c 7s] [3h]
simper11: checks
BigYelloFish: bets $6
simper11: calls $6
*** SHOW DOWN ***
BigYelloFish: shows [Ts 4c] (high card Queen)
simper11: shows [5s 4h] (a pair of Fives)
simper11 collected $41.50 from pot
*** SUMMARY ***
Total pot $42 | Rake $0.50
Board [Qh 5h 2c 7s 3h]
Seat 1: BigYelloFish (button) (small blind) showed [Ts 4c] and lost with high card Queen
Seat 2: simper11 (big blind) showed [5s 4h] and won ($41.50) with a pair of Fives


PokerStars Hand #145715821438:  Hold'em Limit ($3/$6 USD) - 2015/12/21 19:22:03 ET
Table 'Gawain' 2-max Seat #2 is the button
Seat 1: BigYelloFish ($110.83 in chips)
Seat 2: simper11 ($320.43 in chips)
simper11: posts small blind $1
BigYelloFish: posts big blind $3
*** HOLE CARDS ***
simper11: raises $3 to $6
BigYelloFish: raises $3 to $9
simper11: calls $3
*** FLOP *** [Kd 3h 3s]
BigYelloFish: bets $3
simper11: folds
Uncalled bet ($3) returned to BigYelloFish
BigYelloFish collected $17.64 from pot
BigYelloFish: doesn't show hand
*** SUMMARY ***
Total pot $18 | Rake $0.36
Board [Kd 3h 3s]
Seat 1: BigYelloFish (big blind) collected ($17.64)
Seat 2: simper11 (button) (small blind) folded on the Flop


PokerStars Hand #145715829547:  Hold'em Limit ($3/$6 USD) - 2015/12/21 19:22:15 ET
Table 'Gawain' 2-max Seat #1 is the button
Seat 1: BigYelloFish ($119.47 in chips)
Seat 2: simper11 ($311.43 in chips)
BigYelloFish: posts small blind $1
simper11: posts big blind $3
*** HOLE CARDS ***
BigYelloFish: raises $3 to $6
simper11: calls $3
*** FLOP *** [Kh Td Jh]
simper11: checks
BigYelloFish: bets $3
simper11: calls $3
*** TURN *** [Kh Td Jh] [Qh]
simper11: checks
BigYelloFish: bets $6
simper11: folds
Uncalled bet ($6) returned to BigYelloFish
BigYelloFish collected $17.64 from pot
BigYelloFish: doesn't show hand
*** SUMMARY ***
Total pot $18 | Rake $0.36
Board [Kh Td Jh Qh]
Seat 1: BigYelloFish (button) (small blind) collected ($17.64)
Seat 2: simper11 (big blind) folded on the Turn


PokerStars Hand #145715849743:  Hold'em Limit ($3/$6 USD) - 2015/12/21 19:22:45 ET
Table 'Gawain' 2-max Seat #1 is the button
Seat 1: BigYelloFish ($151.61 in chips)
Seat 2: simper11 ($278.43 in chips)
BigYelloFish: posts small blind $1
simper11: posts big blind $3
*** HOLE CARDS ***
BigYelloFish: raises $3 to $6
simper11: folds
Uncalled bet ($3) returned to BigYelloFish
BigYelloFish collected $6 from pot
*** SUMMARY ***
Total pot $6 | Rake $0
Seat 1: BigYelloFish (button) (small blind) collected ($6)
Seat 2: simper11 (big blind) folded before Flop


PokerStars Hand #145715837865:  Hold'em Limit ($3/$6 USD) - 2015/12/21 19:22:28 ET
Table 'Gawain' 2-max Seat #2 is the button
Seat 1: BigYelloFish ($128.11 in chips)
Seat 2: simper11 ($302.43 in chips)
simper11: posts small blind $1
BigYelloFish: posts big blind $3
*** HOLE CARDS ***
simper11: raises $3 to $6
BigYelloFish: raises $3 to $9
simper11: calls $3
*** FLOP *** [2c Qs Ac]
BigYelloFish: bets $3
simper11: calls $3
*** TURN *** [2c Qs Ac] [7s]
BigYelloFish: bets $6
simper11: calls $6
*** RIVER *** [2c Qs Ac 7s] [5s]
BigYelloFish: bets $6
simper11: calls $6
*** SHOW DOWN ***
BigYelloFish: shows [Qd 3d] (a pair of Queens)
simper11: mucks hand
BigYelloFish collected $47.50 from pot
*** SUMMARY ***
Total pot $48 | Rake $0.50
Board [2c Qs Ac 7s 5s]
Seat 1: BigYelloFish (big blind) showed [Qd 3d] and won ($47.50) with a pair of Queens
Seat 2: simper11 (button) (small blind) mucked


PokerStars Hand #145715859241:  Hold'em Limit ($3/$6 USD) - 2015/12/21 19:22:59 ET
Table 'Gawain' 2-max Seat #2 is the button
Seat 1: BigYelloFish ($154.61 in chips)
Seat 2: simper11 ($275.43 in chips)
simper11: posts small blind $1
BigYelloFish: posts big blind $3
*** HOLE CARDS ***
simper11: raises $3 to $6
BigYelloFish: raises $3 to $9
simper11: calls $3
*** FLOP *** [3c 5s Js]
BigYelloFish: bets $3
simper11: calls $3
*** TURN *** [3c 5s Js] [7s]
BigYelloFish: bets $6
simper11: raises $6 to $12
BigYelloFish: calls $6
*** RIVER *** [3c 5s Js 7s] [4s]
BigYelloFish: checks
simper11: checks
*** SHOW DOWN ***
BigYelloFish: shows [7d Th] (a pair of Sevens)
simper11: shows [7h Jc] (two pair, Jacks and Sevens)
simper11 collected $47.50 from pot
*** SUMMARY ***
Total pot $48 | Rake $0.50
Board [3c 5s Js 7s 4s]
Seat 1: BigYelloFish (big blind) showed [7d Th] and lost with a pair of Sevens
Seat 2: simper11 (button) (small blind) showed [7h Jc] and won ($47.50) with two pair, Jacks and Sevens


PokerStars Hand #145715885330:  Hold'em Limit ($3/$6 USD) - 2015/12/21 19:23:38 ET
Table 'Gawain' 2-max Seat #2 is the button
Seat 1: BigYelloFish ($148.11 in chips)
Seat 2: simper11 ($280.93 in chips)
simper11: posts small blind $1
BigYelloFish: posts big blind $3
*** HOLE CARDS ***
simper11: raises $3 to $6
BigYelloFish: calls $3
*** FLOP *** [5d 7d 5s]
BigYelloFish: checks
simper11: bets $3
BigYelloFish: calls $3
*** TURN *** [5d 7d 5s] [6c]
BigYelloFish: checks
simper11: checks
*** RIVER *** [5d 7d 5s 6c] [Jd]
BigYelloFish: bets $6
simper11: folds
Uncalled bet ($6) returned to BigYelloFish
BigYelloFish collected $17.64 from pot
BigYelloFish: doesn't show hand
*** SUMMARY ***
Total pot $18 | Rake $0.36
Board [5d 7d 5s 6c Jd]
Seat 1: BigYelloFish (big blind) collected ($17.64)
Seat 2: simper11 (button) (small blind) folded on the River


PokerStars Hand #145715893608:  Hold'em Limit ($3/$6 USD) - 2015/12/21 19:23:50 ET
Table 'Gawain' 2-max Seat #1 is the button
Seat 1: BigYelloFish ($156.75 in chips)
Seat 2: simper11 ($271.93 in chips)
BigYelloFish: posts small blind $1
simper11: posts big blind $3
*** HOLE CARDS ***
BigYelloFish: raises $3 to $6
simper11: calls $3
*** FLOP *** [Kh 9c 6s]
simper11: checks
BigYelloFish: checks
*** TURN *** [Kh 9c 6s] [6c]
simper11: checks
BigYelloFish: checks
*** RIVER *** [Kh 9c 6s 6c] [8s]
simper11: checks
BigYelloFish: checks
*** SHOW DOWN ***
simper11: shows [5d 8h] (two pair, Eights and Sixes)
BigYelloFish: mucks hand
simper11 collected $11.76 from pot
*** SUMMARY ***
Total pot $12 | Rake $0.24
Board [Kh 9c 6s 6c 8s]
Seat 1: BigYelloFish (button) (small blind) mucked
Seat 2: simper11 (big blind) showed [5d 8h] and won ($11.76) with two pair, Eights and Sixes


PokerStars Hand #145715876277:  Hold'em Limit ($3/$6 USD) - 2015/12/21 19:23:24 ET
Table 'Gawain' 2-max Seat #1 is the button
Seat 1: BigYelloFish ($130.61 in chips)
Seat 2: simper11 ($298.93 in chips)
BigYelloFish: posts small blind $1
simper11: posts big blind $3
*** HOLE CARDS ***
BigYelloFish: raises $3 to $6
simper11: calls $3
*** FLOP *** [6s 6h 4h]
simper11: checks
BigYelloFish: checks
*** TURN *** [6s 6h 4h] [2c]
simper11: bets $6
BigYelloFish: calls $6
*** RIVER *** [6s 6h 4h 2c] [Tc]
simper11: bets $6
BigYelloFish: calls $6
*** SHOW DOWN ***
simper11: shows [5c 7s] (a pair of Sixes)
BigYelloFish: shows [Kc 9s] (a pair of Sixes - King kicker)
BigYelloFish collected $35.50 from pot
*** SUMMARY ***
Total pot $36 | Rake $0.50
Board [6s 6h 4h 2c Tc]
Seat 1: BigYelloFish (button) (small blind) showed [Kc 9s] and won ($35.50) with a pair of Sixes
Seat 2: simper11 (big blind) showed [5c 7s] and lost with a pair of Sixes


PokerStars Hand #145715947999:  Hold'em Limit ($3/$6 USD) - 2015/12/21 19:25:11 ET
Table 'Gawain' 2-max Seat #1 is the button
Seat 1: BigYelloFish ($108.75 in chips)
Seat 2: simper11 ($318.45 in chips)
BigYelloFish: posts small blind $1
simper11: posts big blind $3
*** HOLE CARDS ***
BigYelloFish: raises $3 to $6
simper11: calls $3
*** FLOP *** [3c 9s Tc]
simper11: checks
BigYelloFish: checks
*** TURN *** [3c 9s Tc] [Ts]
simper11: checks
BigYelloFish: bets $6
simper11: folds
Uncalled bet ($6) returned to BigYelloFish
BigYelloFish collected $11.76 from pot
BigYelloFish: doesn't show hand
*** SUMMARY ***
Total pot $12 | Rake $0.24
Board [3c 9s Tc Ts]
Seat 1: BigYelloFish (button) (small blind) collected ($11.76)
Seat 2: simper11 (big blind) folded on the Turn


PokerStars Hand #145715938398:  Hold'em Limit ($3/$6 USD) - 2015/12/21 19:24:57 ET
Table 'Gawain' 2-max Seat #2 is the button
Seat 1: BigYelloFish ($126.75 in chips)
Seat 2: simper11 ($300.95 in chips)
simper11: posts small blind $1
BigYelloFish: posts big blind $3
*** HOLE CARDS ***
simper11: raises $3 to $6
BigYelloFish: raises $3 to $9
simper11: calls $3
*** FLOP *** [Ac 6h 6d]
BigYelloFish: bets $3
simper11: calls $3
*** TURN *** [Ac 6h 6d] [Th]
BigYelloFish: checks
simper11: bets $6
BigYelloFish: calls $6
*** RIVER *** [Ac 6h 6d Th] [4d]
BigYelloFish: checks
simper11: bets $6
BigYelloFish: folds
Uncalled bet ($6) returned to simper11
simper11 collected $35.50 from pot
simper11: doesn't show hand
*** SUMMARY ***
Total pot $36 | Rake $0.50
Board [Ac 6h 6d Th 4d]
Seat 1: BigYelloFish (big blind) folded on the River
Seat 2: simper11 (button) (small blind) collected ($35.50)


PokerStars Hand #145715925199:  Hold'em Limit ($3/$6 USD) - 2015/12/21 19:24:37 ET
Table 'Gawain' 2-max Seat #1 is the button
Seat 1: BigYelloFish ($132.75 in chips)
Seat 2: simper11 ($295.19 in chips)
BigYelloFish: posts small blind $1
simper11: posts big blind $3
*** HOLE CARDS ***
BigYelloFish: calls $2
simper11: raises $3 to $6
BigYelloFish: calls $3
*** FLOP *** [Tc Qc 3c]
simper11: bets $3
BigYelloFish: folds
Uncalled bet ($3) returned to simper11
simper11 collected $11.76 from pot
simper11: doesn't show hand
*** SUMMARY ***
Total pot $12 | Rake $0.24
Board [Tc Qc 3c]
Seat 1: BigYelloFish (button) (small blind) folded on the Flop
Seat 2: simper11 (big blind) collected ($11.76)


PokerStars Hand #145715915408:  Hold'em Limit ($3/$6 USD) - 2015/12/21 19:24:22 ET
Table 'Gawain' 2-max Seat #2 is the button
Seat 1: BigYelloFish ($150.75 in chips)
Seat 2: simper11 ($277.69 in chips)
simper11: posts small blind $1
BigYelloFish: posts big blind $3
*** HOLE CARDS ***
simper11: raises $3 to $6
BigYelloFish: raises $3 to $9
simper11: calls $3
*** FLOP *** [3s 7c 2h]
BigYelloFish: bets $3
simper11: calls $3
*** TURN *** [3s 7c 2h] [Kc]
BigYelloFish: bets $6
simper11: calls $6
*** RIVER *** [3s 7c 2h Kc] [Th]
BigYelloFish: checks
simper11: checks
*** SHOW DOWN ***
BigYelloFish: shows [9c 6c] (high card King)
simper11: shows [Qs 3d] (a pair of Threes)
simper11 collected $35.50 from pot
*** SUMMARY ***
Total pot $36 | Rake $0.50
Board [3s 7c 2h Kc Th]
Seat 1: BigYelloFish (big blind) showed [9c 6c] and lost with high card King
Seat 2: simper11 (button) (small blind) showed [Qs 3d] and won ($35.50) with a pair of Threes


PokerStars Hand #145715987428:  Hold'em Limit ($3/$6 USD) - 2015/12/21 19:26:10 ET
Table 'Gawain' 2-max Seat #1 is the button
Seat 1: BigYelloFish ($108.01 in chips)
Seat 2: simper11 ($317.71 in chips)
BigYelloFish: posts small blind $1
simper11: posts big blind $3
*** HOLE CARDS ***
BigYelloFish: raises $3 to $6
simper11: folds
Uncalled bet ($3) returned to BigYelloFish
BigYelloFish collected $6 from pot
BigYelloFish: doesn't show hand
*** SUMMARY ***
Total pot $6 | Rake $0
Seat 1: BigYelloFish (button) (small blind) collected ($6)
Seat 2: simper11 (big blind) folded before Flop


PokerStars Hand #145715976716:  Hold'em Limit ($3/$6 USD) - 2015/12/21 19:25:53 ET
Table 'Gawain' 2-max Seat #2 is the button
Seat 1: BigYelloFish ($114.01 in chips)
Seat 2: simper11 ($311.95 in chips)
simper11: posts small blind $1
BigYelloFish: posts big blind $3
*** HOLE CARDS ***
simper11: raises $3 to $6
BigYelloFish: calls $3
*** FLOP *** [8s Ts 7h]
BigYelloFish: checks
simper11: bets $3
BigYelloFish: folds
Uncalled bet ($3) returned to simper11
simper11 collected $11.76 from pot
simper11: doesn't show hand
*** SUMMARY ***
Total pot $12 | Rake $0.24
Board [8s Ts 7h]
Seat 1: BigYelloFish (big blind) folded on the Flop
Seat 2: simper11 (button) (small blind) collected ($11.76)


PokerStars Hand #145715967241:  Hold'em Limit ($3/$6 USD) - 2015/12/21 19:25:39 ET
Table 'Gawain' 2-max Seat #1 is the button
Seat 1: BigYelloFish ($99.51 in chips)
Seat 2: simper11 ($326.95 in chips)
BigYelloFish: posts small blind $1
simper11: posts big blind $3
*** HOLE CARDS ***
BigYelloFish: raises $3 to $6
simper11: calls $3
*** FLOP *** [Td 6h 4d]
simper11: checks
BigYelloFish: bets $3
simper11: calls $3
*** TURN *** [Td 6h 4d] [7s]
simper11: checks
BigYelloFish: checks
*** RIVER *** [Td 6h 4d 7s] [Jc]
simper11: checks
BigYelloFish: bets $6
simper11: calls $6
*** SHOW DOWN ***
BigYelloFish: shows [Js 4h] (two pair, Jacks and Fours)
simper11: mucks hand
BigYelloFish collected $29.50 from pot
*** SUMMARY ***
Total pot $30 | Rake $0.50
Board [Td 6h 4d 7s Jc]
Seat 1: BigYelloFish (button) (small blind) showed [Js 4h] and won ($29.50) with two pair, Jacks and Fours
Seat 2: simper11 (big blind) mucked


PokerStars Hand #145715957069:  Hold'em Limit ($3/$6 USD) - 2015/12/21 19:25:24 ET
Table 'Gawain' 2-max Seat #2 is the button
Seat 1: BigYelloFish ($114.51 in chips)
Seat 2: simper11 ($312.45 in chips)
simper11: posts small blind $1
BigYelloFish: posts big blind $3
*** HOLE CARDS ***
simper11: raises $3 to $6
BigYelloFish: calls $3
*** FLOP *** [3d As Qd]
BigYelloFish: checks
simper11: bets $3
BigYelloFish: calls $3
*** TURN *** [3d As Qd] [8c]
BigYelloFish: checks
simper11: bets $6
BigYelloFish: calls $6
*** RIVER *** [3d As Qd 8c] [7d]
BigYelloFish: checks
simper11: bets $6
BigYelloFish: folds
Uncalled bet ($6) returned to simper11
simper11 collected $29.50 from pot
simper11: doesn't show hand
*** SUMMARY ***
Total pot $30 | Rake $0.50
Board [3d As Qd 8c 7d]
Seat 1: BigYelloFish (big blind) folded on the River
Seat 2: simper11 (button) (small blind) collected ($29.50)


PokerStars Hand #145715993605:  Hold'em Limit ($3/$6 USD) - 2015/12/21 19:26:19 ET
Table 'Gawain' 2-max Seat #1 is the button
Seat 1: BigYelloFish ($108.01 in chips)
Seat 2: simper11 ($317.71 in chips)
BigYelloFish: posts small blind $1
simper11: posts big blind $3
*** HOLE CARDS ***
BigYelloFish: raises $3 to $6
simper11: folds
Uncalled bet ($3) returned to BigYelloFish
BigYelloFish collected $6 from pot
BigYelloFish: doesn't show hand
*** SUMMARY ***
Total pot $6 | Rake $0
Seat 1: BigYelloFish (button) (small blind) collected ($6)
Seat 2: simper11 (big blind) folded before Flop


PokerStars Hand #145715990530:  Hold'em Limit ($3/$6 USD) - 2015/12/21 19:26:14 ET
Table 'Gawain' 2-max Seat #2 is the button
Seat 1: BigYelloFish ($111.01 in chips)
Seat 2: simper11 ($314.71 in chips)
simper11: posts small blind $1
BigYelloFish: posts big blind $3
*** HOLE CARDS ***
simper11: raises $3 to $6
BigYelloFish: folds
Uncalled bet ($3) returned to simper11
simper11 collected $6 from pot
simper11: doesn't show hand
*** SUMMARY ***
Total pot $6 | Rake $0
Seat 1: BigYelloFish (big blind) folded before Flop
Seat 2: simper11 (button) (small blind) collected ($6)


PokerStars Hand #145716028717:  Hold'em Limit ($3/$6 USD) - 2015/12/21 19:27:12 ET
Table 'Gawain' 2-max Seat #2 is the button
Seat 1: BigYelloFish ($104.53 in chips)
Seat 2: simper11 ($320.09 in chips)
simper11: posts small blind $1
BigYelloFish: posts big blind $3
*** HOLE CARDS ***
simper11: raises $3 to $6
BigYelloFish: calls $3
*** FLOP *** [4c 6h 4h]
BigYelloFish: checks
simper11: bets $3
BigYelloFish: folds
Uncalled bet ($3) returned to simper11
simper11 collected $11.76 from pot
simper11: doesn't show hand
*** SUMMARY ***
Total pot $12 | Rake $0.24
Board [4c 6h 4h]
Seat 1: BigYelloFish (big blind) folded on the Flop
Seat 2: simper11 (button) (small blind) collected ($11.76)


PokerStars Hand #145716025244:  Hold'em Limit ($3/$6 USD) - 2015/12/21 19:27:07 ET
Table 'Gawain' 2-max Seat #1 is the button
Seat 1: BigYelloFish ($101.53 in chips)
Seat 2: simper11 ($323.09 in chips)
BigYelloFish: posts small blind $1
simper11: posts big blind $3
*** HOLE CARDS ***
BigYelloFish: raises $3 to $6
simper11: folds
Uncalled bet ($3) returned to BigYelloFish
BigYelloFish collected $6 from pot
BigYelloFish: doesn't show hand
*** SUMMARY ***
Total pot $6 | Rake $0
Seat 1: BigYelloFish (button) (small blind) collected ($6)
Seat 2: simper11 (big blind) folded before Flop


PokerStars Hand #145716020233:  Hold'em Limit ($3/$6 USD) - 2015/12/21 19:26:59 ET
Table 'Gawain' 2-max Seat #2 is the button
Seat 1: BigYelloFish ($92.89 in chips)
Seat 2: simper11 ($332.09 in chips)
simper11: posts small blind $1
BigYelloFish: posts big blind $3
*** HOLE CARDS ***
simper11: raises $3 to $6
BigYelloFish: raises $3 to $9
simper11: calls $3
*** FLOP *** [8d 6h 9c]
BigYelloFish: bets $3
simper11: folds
Uncalled bet ($3) returned to BigYelloFish
BigYelloFish collected $17.64 from pot
BigYelloFish: doesn't show hand
*** SUMMARY ***
Total pot $18 | Rake $0.36
Board [8d 6h 9c]
Seat 1: BigYelloFish (big blind) collected ($17.64)
Seat 2: simper11 (button) (small blind) folded on the Flop


PokerStars Hand #145716017183:  Hold'em Limit ($3/$6 USD) - 2015/12/21 19:26:55 ET
Table 'Gawain' 2-max Seat #1 is the button
Seat 1: BigYelloFish ($89.89 in chips)
Seat 2: simper11 ($335.09 in chips)
BigYelloFish: posts small blind $1
simper11: posts big blind $3
*** HOLE CARDS ***
BigYelloFish: raises $3 to $6
simper11: folds
Uncalled bet ($3) returned to BigYelloFish
BigYelloFish collected $6 from pot
BigYelloFish: doesn't show hand
*** SUMMARY ***
Total pot $6 | Rake $0
Seat 1: BigYelloFish (button) (small blind) collected ($6)
Seat 2: simper11 (big blind) folded before Flop


PokerStars Hand #145716008645:  Hold'em Limit ($3/$6 USD) - 2015/12/21 19:26:42 ET
Table 'Gawain' 2-max Seat #2 is the button
Seat 1: BigYelloFish ($113.89 in chips)
Seat 2: simper11 ($311.59 in chips)
simper11: posts small blind $1
BigYelloFish: posts big blind $3
*** HOLE CARDS ***
simper11: raises $3 to $6
BigYelloFish: calls $3
*** FLOP *** [Ts 7s 5d]
BigYelloFish: checks
simper11: bets $3
BigYelloFish: raises $3 to $6
simper11: calls $3
*** TURN *** [Ts 7s 5d] [Tc]
BigYelloFish: bets $6
simper11: calls $6
*** RIVER *** [Ts 7s 5d Tc] [Qc]
BigYelloFish: bets $6
simper11: calls $6
*** SHOW DOWN ***
BigYelloFish: shows [8s Jd] (a pair of Tens)
simper11: shows [3h 7h] (two pair, Tens and Sevens)
simper11 collected $47.50 from pot
*** SUMMARY ***
Total pot $48 | Rake $0.50
Board [Ts 7s 5d Tc Qc]
Seat 1: BigYelloFish (big blind) showed [8s Jd] and lost with a pair of Tens
Seat 2: simper11 (button) (small blind) showed [3h 7h] and won ($47.50) with two pair, Tens and Sevens


PokerStars Hand #145716005544:  Hold'em Limit ($3/$6 USD) - 2015/12/21 19:26:37 ET
Table 'Gawain' 2-max Seat #1 is the button
Seat 1: BigYelloFish ($110.89 in chips)
Seat 2: simper11 ($314.59 in chips)
BigYelloFish: posts small blind $1
simper11: posts big blind $3
*** HOLE CARDS ***
BigYelloFish: raises $3 to $6
simper11: folds
Uncalled bet ($3) returned to BigYelloFish
BigYelloFish collected $6 from pot
BigYelloFish: doesn't show hand
*** SUMMARY ***
Total pot $6 | Rake $0
Seat 1: BigYelloFish (button) (small blind) collected ($6)
Seat 2: simper11 (big blind) folded before Flop


PokerStars Hand #145715997066:  Hold'em Limit ($3/$6 USD) - 2015/12/21 19:26:24 ET
Table 'Gawain' 2-max Seat #2 is the button
Seat 1: BigYelloFish ($111.01 in chips)
Seat 2: simper11 ($314.71 in chips)
simper11: posts small blind $1
BigYelloFish: posts big blind $3
*** HOLE CARDS ***
simper11: raises $3 to $6
BigYelloFish: calls $3
*** FLOP *** [8h 8s Qs]
BigYelloFish: checks
simper11: checks
*** TURN *** [8h 8s Qs] [5d]
BigYelloFish: checks
simper11: checks
*** RIVER *** [8h 8s Qs 5d] [Jc]
BigYelloFish: checks
simper11: checks
*** SHOW DOWN ***
BigYelloFish: shows [7s Kc] (a pair of Eights)
simper11: shows [Kd 2c] (a pair of Eights)
BigYelloFish collected $5.88 from pot
simper11 collected $5.88 from pot
*** SUMMARY ***
Total pot $12 | Rake $0.24
Board [8h 8s Qs 5d Jc]
Seat 1: BigYelloFish (big blind) showed [7s Kc] and won ($5.88) with a pair of Eights
Seat 2: simper11 (button) (small blind) showed [Kd 2c] and won ($5.88) with a pair of Eights


PokerStars Hand #145716033381:  Hold'em Limit ($3/$6 USD) - 2015/12/21 19:27:19 ET
Table 'Gawain' 2-max Seat #1 is the button
Seat 1: BigYelloFish ($98.53 in chips)
Seat 2: simper11 ($325.85 in chips)
BigYelloFish: posts small blind $1
simper11: posts big blind $3
*** HOLE CARDS ***
BigYelloFish: raises $3 to $6
simper11: calls $3
*** FLOP *** [Jd Tc Ac]
simper11: checks
BigYelloFish: bets $3
simper11: calls $3
*** TURN *** [Jd Tc Ac] [Jc]
simper11: checks
BigYelloFish: checks
*** RIVER *** [Jd Tc Ac Jc] [8d]
simper11: bets $6
BigYelloFish: folds
Uncalled bet ($6) returned to simper11
simper11 collected $17.64 from pot
simper11: doesn't show hand
*** SUMMARY ***
Total pot $18 | Rake $0.36
Board [Jd Tc Ac Jc 8d]
Seat 1: BigYelloFish (button) (small blind) folded on the River
Seat 2: simper11 (big blind) collected ($17.64)


PokerStars Hand #145716060312:  Hold'em Limit ($3/$6 USD) - 2015/12/21 19:27:59 ET
Table 'Gawain' 2-max Seat #1 is the button
Seat 1: BigYelloFish ($79.53 in chips)
Seat 2: simper11 ($344.01 in chips)
BigYelloFish: posts small blind $1
simper11: posts big blind $3
*** HOLE CARDS ***
BigYelloFish: raises $3 to $6
simper11: calls $3
*** FLOP *** [6c 6d 8c]
simper11: checks
BigYelloFish: bets $3
simper11: raises $3 to $6
BigYelloFish: calls $3
*** TURN *** [6c 6d 8c] [3h]
simper11: bets $6
BigYelloFish: calls $6
*** RIVER *** [6c 6d 8c 3h] [9c]
simper11: bets $6
BigYelloFish: folds
Uncalled bet ($6) returned to simper11
simper11 collected $35.50 from pot
simper11: doesn't show hand
*** SUMMARY ***
Total pot $36 | Rake $0.50
Board [6c 6d 8c 3h 9c]
Seat 1: BigYelloFish (button) (small blind) folded on the River
Seat 2: simper11 (big blind) collected ($35.50)


PokerStars Hand #145716057587:  Hold'em Limit ($3/$6 USD) - 2015/12/21 19:27:55 ET
Table 'Gawain' 2-max Seat #2 is the button
Seat 1: BigYelloFish ($78.53 in chips)
Seat 2: simper11 ($345.01 in chips)
simper11: posts small blind $1
BigYelloFish: posts big blind $3
*** HOLE CARDS ***
simper11: folds
Uncalled bet ($2) returned to BigYelloFish
BigYelloFish collected $2 from pot
BigYelloFish: doesn't show hand
*** SUMMARY ***
Total pot $2 | Rake $0
Seat 1: BigYelloFish (big blind) collected ($2)
Seat 2: simper11 (button) (small blind) folded before Flop


PokerStars Hand #145716043565:  Hold'em Limit ($3/$6 USD) - 2015/12/21 19:27:34 ET
Table 'Gawain' 2-max Seat #1 is the button
Seat 1: BigYelloFish ($90.53 in chips)
Seat 2: simper11 ($333.49 in chips)
BigYelloFish: posts small blind $1
simper11: posts big blind $3
*** HOLE CARDS ***
BigYelloFish: raises $3 to $6
simper11: calls $3
*** FLOP *** [5c 3c 7s]
simper11: checks
BigYelloFish: checks
*** TURN *** [5c 3c 7s] [Qs]
simper11: checks
BigYelloFish: bets $6
simper11: calls $6
*** RIVER *** [5c 3c 7s Qs] [7c]
simper11: checks
BigYelloFish: checks
*** SHOW DOWN ***
simper11: shows [9c 5d] (two pair, Sevens and Fives)
BigYelloFish: mucks hand
simper11 collected $23.52 from pot
*** SUMMARY ***
Total pot $24 | Rake $0.48
Board [5c 3c 7s Qs 7c]
Seat 1: BigYelloFish (button) (small blind) mucked
Seat 2: simper11 (big blind) showed [9c 5d] and won ($23.52) with two pair, Sevens and Fives


PokerStars Hand #145716040575:  Hold'em Limit ($3/$6 USD) - 2015/12/21 19:27:30 ET
Table 'Gawain' 2-max Seat #2 is the button
Seat 1: BigYelloFish ($89.53 in chips)
Seat 2: simper11 ($334.49 in chips)
simper11: posts small blind $1
BigYelloFish: posts big blind $3
*** HOLE CARDS ***
simper11: folds
Uncalled bet ($2) returned to BigYelloFish
BigYelloFish collected $2 from pot
BigYelloFish: doesn't show hand
*** SUMMARY ***
Total pot $2 | Rake $0
Seat 1: BigYelloFish (big blind) collected ($2)
Seat 2: simper11 (button) (small blind) folded before Flop


PokerStars Hand #145716068509:  Hold'em Limit ($3/$6 USD) - 2015/12/21 19:28:12 ET
Table 'Gawain' 2-max Seat #2 is the button
Seat 1: BigYelloFish ($61.53 in chips)
Seat 2: simper11 ($361.51 in chips)
simper11: posts small blind $1
BigYelloFish: posts big blind $3
*** HOLE CARDS ***
simper11: raises $3 to $6
BigYelloFish: calls $3
*** FLOP *** [8h Qs 4s]
BigYelloFish: checks
simper11: bets $3
BigYelloFish: calls $3
*** TURN *** [8h Qs 4s] [Kh]
BigYelloFish: checks
simper11: checks
*** RIVER *** [8h Qs 4s Kh] [Qd]
BigYelloFish: bets $6
simper11: calls $6
*** SHOW DOWN ***
BigYelloFish: shows [3d 4d] (two pair, Queens and Fours)
simper11: mucks hand
BigYelloFish collected $29.50 from pot
*** SUMMARY ***
Total pot $30 | Rake $0.50
Board [8h Qs 4s Kh Qd]
Seat 1: BigYelloFish (big blind) showed [3d 4d] and won ($29.50) with two pair, Queens and Fours
Seat 2: simper11 (button) (small blind) mucked


PokerStars Hand #145716083169:  Hold'em Limit ($3/$6 USD) - 2015/12/21 19:28:34 ET
Table 'Gawain' 2-max Seat #2 is the button
Seat 1: BigYelloFish ($81.79 in chips)
Seat 2: simper11 ($340.51 in chips)
simper11: posts small blind $1
BigYelloFish: posts big blind $3
*** HOLE CARDS ***
simper11: folds
Uncalled bet ($2) returned to BigYelloFish
BigYelloFish collected $2 from pot
BigYelloFish: doesn't show hand
*** SUMMARY ***
Total pot $2 | Rake $0
Seat 1: BigYelloFish (big blind) collected ($2)
Seat 2: simper11 (button) (small blind) folded before Flop


PokerStars Hand #145716078361:  Hold'em Limit ($3/$6 USD) - 2015/12/21 19:28:27 ET
Table 'Gawain' 2-max Seat #1 is the button
Seat 1: BigYelloFish ($76.03 in chips)
Seat 2: simper11 ($346.51 in chips)
BigYelloFish: posts small blind $1
simper11: posts big blind $3
*** HOLE CARDS ***
BigYelloFish: raises $3 to $6
simper11: calls $3
*** FLOP *** [7s Js Ad]
simper11: checks
BigYelloFish: bets $3
simper11: folds
Uncalled bet ($3) returned to BigYelloFish
BigYelloFish collected $11.76 from pot
BigYelloFish: doesn't show hand
*** SUMMARY ***
Total pot $12 | Rake $0.24
Board [7s Js Ad]
Seat 1: BigYelloFish (button) (small blind) collected ($11.76)
Seat 2: simper11 (big blind) folded on the Flop


PokerStars Hand #145716086205:  Hold'em Limit ($3/$6 USD) - 2015/12/21 19:28:39 ET
Table 'Gawain' 2-max Seat #1 is the button
Seat 1: BigYelloFish ($82.79 in chips)
Seat 2: simper11 ($339.51 in chips)
BigYelloFish: posts small blind $1
simper11: posts big blind $3
*** HOLE CARDS ***
BigYelloFish: raises $3 to $6
simper11: calls $3
*** FLOP *** [As 2s Ad]
simper11: checks
BigYelloFish: bets $3
simper11: folds
Uncalled bet ($3) returned to BigYelloFish
BigYelloFish collected $11.76 from pot
BigYelloFish: doesn't show hand
*** SUMMARY ***
Total pot $12 | Rake $0.24
Board [As 2s Ad]
Seat 1: BigYelloFish (button) (small blind) collected ($11.76)
Seat 2: simper11 (big blind) folded on the Flop


PokerStars Hand #145716092826:  Hold'em Limit ($3/$6 USD) - 2015/12/21 19:28:49 ET
Table 'Gawain' 2-max Seat #2 is the button
Seat 1: BigYelloFish ($88.55 in chips)
Seat 2: simper11 ($333.51 in chips)
simper11: posts small blind $1
BigYelloFish: posts big blind $3
*** HOLE CARDS ***
simper11: raises $3 to $6
BigYelloFish: raises $3 to $9
simper11: calls $3
*** FLOP *** [8c 5s Qs]
BigYelloFish: bets $3
simper11: calls $3
*** TURN *** [8c 5s Qs] [6c]
BigYelloFish: bets $6
simper11: calls $6
*** RIVER *** [8c 5s Qs 6c] [Ad]
BigYelloFish: checks
simper11: checks
*** SHOW DOWN ***
BigYelloFish: shows [7s 7d] (a pair of Sevens)
simper11: mucks hand
BigYelloFish collected $35.50 from pot
*** SUMMARY ***
Total pot $36 | Rake $0.50
Board [8c 5s Qs 6c Ad]
Seat 1: BigYelloFish (big blind) showed [7s 7d] and won ($35.50) with a pair of Sevens
Seat 2: simper11 (button) (small blind) mucked


PokerStars Hand #145716103769:  Hold'em Limit ($3/$6 USD) - 2015/12/21 19:29:05 ET
Table 'Gawain' 2-max Seat #1 is the button
Seat 1: BigYelloFish ($106.05 in chips)
Seat 2: simper11 ($315.51 in chips)
BigYelloFish: posts small blind $1
simper11: posts big blind $3
*** HOLE CARDS ***
BigYelloFish: raises $3 to $6
simper11: folds
Uncalled bet ($3) returned to BigYelloFish
BigYelloFish collected $6 from pot
BigYelloFish: doesn't show hand
*** SUMMARY ***
Total pot $6 | Rake $0
Seat 1: BigYelloFish (button) (small blind) collected ($6)
Seat 2: simper11 (big blind) folded before Flop


PokerStars Hand #145716107092:  Hold'em Limit ($3/$6 USD) - 2015/12/21 19:29:11 ET
Table 'Gawain' 2-max Seat #2 is the button
Seat 1: BigYelloFish ($109.05 in chips)
Seat 2: simper11 ($312.51 in chips)
simper11: posts small blind $1
BigYelloFish: posts big blind $3
*** HOLE CARDS ***
simper11: raises $3 to $6
BigYelloFish: raises $3 to $9
simper11: calls $3
*** FLOP *** [7c 3d 6d]
BigYelloFish: bets $3
simper11: calls $3
*** TURN *** [7c 3d 6d] [5c]
BigYelloFish: checks
simper11: bets $6
BigYelloFish: folds
Uncalled bet ($6) returned to simper11
simper11 collected $23.52 from pot
simper11: doesn't show hand
*** SUMMARY ***
Total pot $24 | Rake $0.48
Board [7c 3d 6d 5c]
Seat 1: BigYelloFish (big blind) folded on the Turn
Seat 2: simper11 (button) (small blind) collected ($23.52)


PokerStars Hand #145716114436:  Hold'em Limit ($3/$6 USD) - 2015/12/21 19:29:22 ET
Table 'Gawain' 2-max Seat #1 is the button
Seat 1: BigYelloFish ($97.05 in chips)
Seat 2: simper11 ($324.03 in chips)
BigYelloFish: posts small blind $1
simper11: posts big blind $3
*** HOLE CARDS ***
BigYelloFish: raises $3 to $6
simper11: calls $3
*** FLOP *** [2s Ad 7h]
simper11: checks
BigYelloFish: checks
*** TURN *** [2s Ad 7h] [Kd]
simper11: checks
BigYelloFish: checks
*** RIVER *** [2s Ad 7h Kd] [5s]
simper11: checks
BigYelloFish: checks
*** SHOW DOWN ***
simper11: shows [4c 5d] (a pair of Fives)
BigYelloFish: mucks hand
simper11 collected $11.76 from pot
*** SUMMARY ***
Total pot $12 | Rake $0.24
Board [2s Ad 7h Kd 5s]
Seat 1: BigYelloFish (button) (small blind) mucked
Seat 2: simper11 (big blind) showed [4c 5d] and won ($11.76) with a pair of Fives


PokerStars Hand #145716130354:  Hold'em Limit ($3/$6 USD) - 2015/12/21 19:29:46 ET
Table 'Gawain' 2-max Seat #1 is the button
Seat 1: BigYelloFish ($108.55 in chips)
Seat 2: simper11 ($311.79 in chips)
BigYelloFish: posts small blind $1
simper11: posts big blind $3
*** HOLE CARDS ***
BigYelloFish: raises $3 to $6
simper11: folds
Uncalled bet ($3) returned to BigYelloFish
BigYelloFish collected $6 from pot
BigYelloFish: doesn't show hand
*** SUMMARY ***
Total pot $6 | Rake $0
Seat 1: BigYelloFish (button) (small blind) collected ($6)
Seat 2: simper11 (big blind) folded before Flop


PokerStars Hand #145716122095:  Hold'em Limit ($3/$6 USD) - 2015/12/21 19:29:34 ET
Table 'Gawain' 2-max Seat #2 is the button
Seat 1: BigYelloFish ($91.05 in chips)
Seat 2: simper11 ($329.79 in chips)
simper11: posts small blind $1
BigYelloFish: posts big blind $3
*** HOLE CARDS ***
simper11: raises $3 to $6
BigYelloFish: calls $3
*** FLOP *** [7d 4c Ts]
BigYelloFish: checks
simper11: bets $3
BigYelloFish: raises $3 to $6
simper11: calls $3
*** TURN *** [7d 4c Ts] [5d]
BigYelloFish: bets $6
simper11: calls $6
*** RIVER *** [7d 4c Ts 5d] [Kh]
BigYelloFish: bets $6
simper11: folds
Uncalled bet ($6) returned to BigYelloFish
BigYelloFish collected $35.50 from pot
BigYelloFish: doesn't show hand
*** SUMMARY ***
Total pot $36 | Rake $0.50
Board [7d 4c Ts 5d Kh]
Seat 1: BigYelloFish (big blind) collected ($35.50)
Seat 2: simper11 (button) (small blind) folded on the River


PokerStars Hand #145716133428:  Hold'em Limit ($3/$6 USD) - 2015/12/21 19:29:51 ET
Table 'Gawain' 2-max Seat #2 is the button
Seat 1: BigYelloFish ($111.55 in chips)
Seat 2: simper11 ($308.79 in chips)
simper11: posts small blind $1
BigYelloFish: posts big blind $3
*** HOLE CARDS ***
simper11: raises $3 to $6
BigYelloFish: calls $3
*** FLOP *** [3h 4d 2c]
BigYelloFish: checks
simper11: bets $3
BigYelloFish: calls $3
*** TURN *** [3h 4d 2c] [2d]
BigYelloFish: checks
simper11: bets $6
BigYelloFish: folds
Uncalled bet ($6) returned to simper11
simper11 collected $17.64 from pot
simper11: doesn't show hand
*** SUMMARY ***
Total pot $18 | Rake $0.36
Board [3h 4d 2c 2d]
Seat 1: BigYelloFish (big blind) folded on the Turn
Seat 2: simper11 (button) (small blind) collected ($17.64)


PokerStars Hand #145716147258:  Hold'em Limit ($3/$6 USD) - 2015/12/21 19:30:12 ET
Table 'Gawain' 2-max Seat #2 is the button
Seat 1: BigYelloFish ($90.55 in chips)
Seat 2: simper11 ($328.95 in chips)
simper11: posts small blind $1
BigYelloFish: posts big blind $3
*** HOLE CARDS ***
simper11: folds
Uncalled bet ($2) returned to BigYelloFish
BigYelloFish collected $2 from pot
BigYelloFish: doesn't show hand
*** SUMMARY ***
Total pot $2 | Rake $0
Seat 1: BigYelloFish (big blind) collected ($2)
Seat 2: simper11 (button) (small blind) folded before Flop


PokerStars Hand #145716140706:  Hold'em Limit ($3/$6 USD) - 2015/12/21 19:30:02 ET
Table 'Gawain' 2-max Seat #1 is the button
Seat 1: BigYelloFish ($102.55 in chips)
Seat 2: simper11 ($317.43 in chips)
BigYelloFish: posts small blind $1
simper11: posts big blind $3
*** HOLE CARDS ***
BigYelloFish: raises $3 to $6
simper11: calls $3
*** FLOP *** [Tc 3c Ah]
simper11: checks
BigYelloFish: bets $3
simper11: raises $3 to $6
BigYelloFish: calls $3
*** TURN *** [Tc 3c Ah] [Ac]
simper11: bets $6
BigYelloFish: folds
Uncalled bet ($6) returned to simper11
simper11 collected $23.52 from pot
simper11: doesn't show hand
*** SUMMARY ***
Total pot $24 | Rake $0.48
Board [Tc 3c Ah Ac]
Seat 1: BigYelloFish (button) (small blind) folded on the Turn
Seat 2: simper11 (big blind) collected ($23.52)


PokerStars Hand #145716149881:  Hold'em Limit ($3/$6 USD) - 2015/12/21 19:30:16 ET
Table 'Gawain' 2-max Seat #1 is the button
Seat 1: BigYelloFish ($91.55 in chips)
Seat 2: simper11 ($327.95 in chips)
BigYelloFish: posts small blind $1
simper11: posts big blind $3
*** HOLE CARDS ***
BigYelloFish: raises $3 to $6
simper11: folds
Uncalled bet ($3) returned to BigYelloFish
BigYelloFish collected $6 from pot
BigYelloFish: doesn't show hand
*** SUMMARY ***
Total pot $6 | Rake $0
Seat 1: BigYelloFish (button) (small blind) collected ($6)
Seat 2: simper11 (big blind) folded before Flop


PokerStars Hand #145716152756:  Hold'em Limit ($3/$6 USD) - 2015/12/21 19:30:20 ET
Table 'Gawain' 2-max Seat #2 is the button
Seat 1: BigYelloFish ($94.55 in chips)
Seat 2: simper11 ($324.95 in chips)
simper11: posts small blind $1
BigYelloFish: posts big blind $3
*** HOLE CARDS ***
simper11: raises $3 to $6
BigYelloFish: raises $3 to $9
simper11: calls $3
*** FLOP *** [9s 3h Js]
BigYelloFish: bets $3
simper11: calls $3
*** TURN *** [9s 3h Js] [4h]
BigYelloFish: bets $6
simper11: raises $6 to $12
BigYelloFish: calls $6
*** RIVER *** [9s 3h Js 4h] [6h]
BigYelloFish: checks
simper11: bets $6
BigYelloFish: raises $6 to $12
simper11: folds
Uncalled bet ($6) returned to BigYelloFish
BigYelloFish collected $59.50 from pot
BigYelloFish: doesn't show hand
*** SUMMARY ***
Total pot $60 | Rake $0.50
Board [9s 3h Js 4h 6h]
Seat 1: BigYelloFish (big blind) collected ($59.50)
Seat 2: simper11 (button) (small blind) folded on the River


PokerStars Hand #145716161251:  Hold'em Limit ($3/$6 USD) - 2015/12/21 19:30:33 ET
Table 'Gawain' 2-max Seat #1 is the button
Seat 1: BigYelloFish ($124.05 in chips)
Seat 2: simper11 ($294.95 in chips)
BigYelloFish: posts small blind $1
simper11: posts big blind $3
*** HOLE CARDS ***
BigYelloFish: raises $3 to $6
simper11: folds
Uncalled bet ($3) returned to BigYelloFish
BigYelloFish collected $6 from pot
BigYelloFish: doesn't show hand
*** SUMMARY ***
Total pot $6 | Rake $0
Seat 1: BigYelloFish (button) (small blind) collected ($6)
Seat 2: simper11 (big blind) folded before Flop


PokerStars Hand #145716164196:  Hold'em Limit ($3/$6 USD) - 2015/12/21 19:30:38 ET
Table 'Gawain' 2-max Seat #2 is the button
Seat 1: BigYelloFish ($127.05 in chips)
Seat 2: simper11 ($291.95 in chips)
simper11: posts small blind $1
BigYelloFish: posts big blind $3
*** HOLE CARDS ***
simper11: raises $3 to $6
BigYelloFish: raises $3 to $9
simper11: calls $3
*** FLOP *** [Kc Jc 2h]
BigYelloFish: bets $3
simper11: calls $3
*** TURN *** [Kc Jc 2h] [4d]
BigYelloFish: bets $6
simper11: raises $6 to $12
BigYelloFish: calls $6
*** RIVER *** [Kc Jc 2h 4d] [6h]
BigYelloFish: checks
simper11: bets $6
BigYelloFish: calls $6
*** SHOW DOWN ***
simper11: shows [Ah Kd] (a pair of Kings)
BigYelloFish: mucks hand
simper11 collected $59.50 from pot
*** SUMMARY ***
Total pot $60 | Rake $0.50
Board [Kc Jc 2h 4d 6h]
Seat 1: BigYelloFish (big blind) mucked
Seat 2: simper11 (button) (small blind) showed [Ah Kd] and won ($59.50) with a pair of Kings


PokerStars Hand #145716172404:  Hold'em Limit ($3/$6 USD) - 2015/12/21 19:30:51 ET
Table 'Gawain' 2-max Seat #1 is the button
Seat 1: BigYelloFish ($97.05 in chips)
Seat 2: simper11 ($321.45 in chips)
BigYelloFish: posts small blind $1
simper11: posts big blind $3
*** HOLE CARDS ***
BigYelloFish: raises $3 to $6
simper11: folds
Uncalled bet ($3) returned to BigYelloFish
BigYelloFish collected $6 from pot
BigYelloFish: doesn't show hand
*** SUMMARY ***
Total pot $6 | Rake $0
Seat 1: BigYelloFish (button) (small blind) collected ($6)
Seat 2: simper11 (big blind) folded before Flop


PokerStars Hand #145716175269:  Hold'em Limit ($3/$6 USD) - 2015/12/21 19:30:55 ET
Table 'Gawain' 2-max Seat #2 is the button
Seat 1: BigYelloFish ($100.05 in chips)
Seat 2: simper11 ($318.45 in chips)
simper11: posts small blind $1
BigYelloFish: posts big blind $3
*** HOLE CARDS ***
simper11: raises $3 to $6
BigYelloFish: raises $3 to $9
simper11: calls $3
*** FLOP *** [8s 7s Th]
BigYelloFish: bets $3
simper11: calls $3
*** TURN *** [8s 7s Th] [9h]
BigYelloFish: checks
simper11: bets $6
BigYelloFish: folds
Uncalled bet ($6) returned to simper11
simper11 collected $23.52 from pot
simper11: doesn't show hand
*** SUMMARY ***
Total pot $24 | Rake $0.48
Board [8s 7s Th 9h]
Seat 1: BigYelloFish (big blind) folded on the Turn
Seat 2: simper11 (button) (small blind) collected ($23.52)


PokerStars Hand #145716185691:  Hold'em Limit ($3/$6 USD) - 2015/12/21 19:31:11 ET
Table 'Gawain' 2-max Seat #2 is the button
Seat 1: BigYelloFish ($87.05 in chips)
Seat 2: simper11 ($330.97 in chips)
simper11: posts small blind $1
BigYelloFish: posts big blind $3
*** HOLE CARDS ***
simper11: raises $3 to $6
BigYelloFish: folds
Uncalled bet ($3) returned to simper11
simper11 collected $6 from pot
simper11: doesn't show hand
*** SUMMARY ***
Total pot $6 | Rake $0
Seat 1: BigYelloFish (big blind) folded before Flop
Seat 2: simper11 (button) (small blind) collected ($6)


PokerStars Hand #145716182498:  Hold'em Limit ($3/$6 USD) - 2015/12/21 19:31:06 ET
Table 'Gawain' 2-max Seat #1 is the button
Seat 1: BigYelloFish ($88.05 in chips)
Seat 2: simper11 ($329.97 in chips)
BigYelloFish: posts small blind $1
simper11: posts big blind $3
*** HOLE CARDS ***
BigYelloFish: folds
Uncalled bet ($2) returned to simper11
simper11 collected $2 from pot
simper11: doesn't show hand
*** SUMMARY ***
Total pot $2 | Rake $0
Seat 1: BigYelloFish (button) (small blind) folded before Flop
Seat 2: simper11 (big blind) collected ($2)


PokerStars Hand #145716192634:  Hold'em Limit ($3/$6 USD) - 2015/12/21 19:31:22 ET
Table 'Gawain' 2-max Seat #2 is the button
Seat 1: BigYelloFish ($87.05 in chips)
Seat 2: simper11 ($330.97 in chips)
simper11: posts small blind $1
BigYelloFish: posts big blind $3
*** HOLE CARDS ***
simper11: raises $3 to $6
BigYelloFish: folds
Uncalled bet ($3) returned to simper11
simper11 collected $6 from pot
simper11: doesn't show hand
*** SUMMARY ***
Total pot $6 | Rake $0
Seat 1: BigYelloFish (big blind) folded before Flop
Seat 2: simper11 (button) (small blind) collected ($6)


PokerStars Hand #145716188690:  Hold'em Limit ($3/$6 USD) - 2015/12/21 19:31:16 ET
Table 'Gawain' 2-max Seat #1 is the button
Seat 1: BigYelloFish ($84.05 in chips)
Seat 2: simper11 ($333.97 in chips)
BigYelloFish: posts small blind $1
simper11: posts big blind $3
*** HOLE CARDS ***
BigYelloFish: raises $3 to $6
simper11: folds
Uncalled bet ($3) returned to BigYelloFish
BigYelloFish collected $6 from pot
BigYelloFish: doesn't show hand
*** SUMMARY ***
Total pot $6 | Rake $0
Seat 1: BigYelloFish (button) (small blind) collected ($6)
Seat 2: simper11 (big blind) folded before Flop


PokerStars Hand #145716195890:  Hold'em Limit ($3/$6 USD) - 2015/12/21 19:31:27 ET
Table 'Gawain' 2-max Seat #1 is the button
Seat 1: BigYelloFish ($84.05 in chips)
Seat 2: simper11 ($333.97 in chips)
BigYelloFish: posts small blind $1
simper11: posts big blind $3
*** HOLE CARDS ***
BigYelloFish: raises $3 to $6
simper11: calls $3
*** FLOP *** [Jh 5d 9c]
simper11: checks
BigYelloFish: bets $3
simper11: calls $3
*** TURN *** [Jh 5d 9c] [7h]
simper11: checks
BigYelloFish: checks
*** RIVER *** [Jh 5d 9c 7h] [4d]
simper11: bets $6
BigYelloFish: folds
Uncalled bet ($6) returned to simper11
simper11 collected $17.64 from pot
simper11: doesn't show hand
*** SUMMARY ***
Total pot $18 | Rake $0.36
Board [Jh 5d 9c 7h 4d]
Seat 1: BigYelloFish (button) (small blind) folded on the River
Seat 2: simper11 (big blind) collected ($17.64)


PokerStars Hand #145716202851:  Hold'em Limit ($3/$6 USD) - 2015/12/21 19:31:38 ET
Table 'Gawain' 2-max Seat #2 is the button
Seat 1: BigYelloFish ($75.05 in chips)
Seat 2: simper11 ($342.61 in chips)
simper11: posts small blind $1
BigYelloFish: posts big blind $3
*** HOLE CARDS ***
simper11: raises $3 to $6
BigYelloFish: calls $3
*** FLOP *** [6d Qs 8d]
BigYelloFish: checks
simper11: bets $3
BigYelloFish: folds
Uncalled bet ($3) returned to simper11
simper11 collected $11.76 from pot
simper11: doesn't show hand
*** SUMMARY ***
Total pot $12 | Rake $0.24
Board [6d Qs 8d]
Seat 1: BigYelloFish (big blind) folded on the Flop
Seat 2: simper11 (button) (small blind) collected ($11.76)


PokerStars Hand #145716208365:  Hold'em Limit ($3/$6 USD) - 2015/12/21 19:31:46 ET
Table 'Gawain' 2-max Seat #1 is the button
Seat 1: BigYelloFish ($69.05 in chips)
Seat 2: simper11 ($348.37 in chips)
BigYelloFish: posts small blind $1
simper11: posts big blind $3
*** HOLE CARDS ***
BigYelloFish: raises $3 to $6
simper11: calls $3
*** FLOP *** [3s 7h Jd]
simper11: checks
BigYelloFish: bets $3
simper11: raises $3 to $6
BigYelloFish: calls $3
*** TURN *** [3s 7h Jd] [5d]
simper11: bets $6
BigYelloFish: raises $6 to $12
simper11: calls $6
*** RIVER *** [3s 7h Jd 5d] [Qd]
simper11: checks
BigYelloFish: bets $6
simper11: folds
Uncalled bet ($6) returned to BigYelloFish
BigYelloFish collected $47.50 from pot
BigYelloFish: doesn't show hand
*** SUMMARY ***
Total pot $48 | Rake $0.50
Board [3s 7h Jd 5d Qd]
Seat 1: BigYelloFish (button) (small blind) collected ($47.50)
Seat 2: simper11 (big blind) folded on the River


PokerStars Hand #145716216743:  Hold'em Limit ($3/$6 USD) - 2015/12/21 19:31:59 ET
Table 'Gawain' 2-max Seat #2 is the button
Seat 1: BigYelloFish ($92.55 in chips)
Seat 2: simper11 ($324.37 in chips)
simper11: posts small blind $1
BigYelloFish: posts big blind $3
*** HOLE CARDS ***
simper11: raises $3 to $6
BigYelloFish: calls $3
*** FLOP *** [Tc Js 4c]
BigYelloFish: checks
simper11: bets $3
BigYelloFish: calls $3
*** TURN *** [Tc Js 4c] [8d]
BigYelloFish: checks
simper11: checks
*** RIVER *** [Tc Js 4c 8d] [7d]
BigYelloFish: bets $6
simper11: folds
Uncalled bet ($6) returned to BigYelloFish
BigYelloFish collected $17.64 from pot
BigYelloFish: doesn't show hand
*** SUMMARY ***
Total pot $18 | Rake $0.36
Board [Tc Js 4c 8d 7d]
Seat 1: BigYelloFish (big blind) collected ($17.64)
Seat 2: simper11 (button) (small blind) folded on the River


PokerStars Hand #145716224337:  Hold'em Limit ($3/$6 USD) - 2015/12/21 19:32:11 ET
Table 'Gawain' 2-max Seat #1 is the button
Seat 1: BigYelloFish ($101.19 in chips)
Seat 2: simper11 ($315.37 in chips)
BigYelloFish: posts small blind $1
simper11: posts big blind $3
*** HOLE CARDS ***
BigYelloFish: raises $3 to $6
simper11: calls $3
*** FLOP *** [4d 9h Jh]
simper11: checks
BigYelloFish: bets $3
simper11: calls $3
*** TURN *** [4d 9h Jh] [4h]
simper11: checks
BigYelloFish: checks
*** RIVER *** [4d 9h Jh 4h] [6c]
simper11: checks
BigYelloFish: bets $6
simper11: folds
Uncalled bet ($6) returned to BigYelloFish
BigYelloFish collected $17.64 from pot
BigYelloFish: doesn't show hand
*** SUMMARY ***
Total pot $18 | Rake $0.36
Board [4d 9h Jh 4h 6c]
Seat 1: BigYelloFish (button) (small blind) collected ($17.64)
Seat 2: simper11 (big blind) folded on the River


PokerStars Hand #145716233241:  Hold'em Limit ($3/$6 USD) - 2015/12/21 19:32:25 ET
Table 'Gawain' 2-max Seat #2 is the button
Seat 1: BigYelloFish ($109.83 in chips)
Seat 2: simper11 ($306.37 in chips)
simper11: posts small blind $1
BigYelloFish: posts big blind $3
*** HOLE CARDS ***
simper11: raises $3 to $6
BigYelloFish: calls $3
*** FLOP *** [5s Ks 8s]
BigYelloFish: checks
simper11: bets $3
BigYelloFish: folds
Uncalled bet ($3) returned to simper11
simper11 collected $11.76 from pot
simper11: doesn't show hand
*** SUMMARY ***
Total pot $12 | Rake $0.24
Board [5s Ks 8s]
Seat 1: BigYelloFish (big blind) folded on the Flop
Seat 2: simper11 (button) (small blind) collected ($11.76)


PokerStars Hand #145716242059:  Hold'em Limit ($3/$6 USD) - 2015/12/21 19:32:39 ET
Table 'Gawain' 2-max Seat #2 is the button
Seat 1: BigYelloFish ($109.59 in chips)
Seat 2: simper11 ($306.13 in chips)
simper11: posts small blind $1
BigYelloFish: posts big blind $3
*** HOLE CARDS ***
simper11: raises $3 to $6
BigYelloFish: folds
Uncalled bet ($3) returned to simper11
simper11 collected $6 from pot
simper11: doesn't show hand
*** SUMMARY ***
Total pot $6 | Rake $0
Seat 1: BigYelloFish (big blind) folded before Flop
Seat 2: simper11 (button) (small blind) collected ($6)


PokerStars Hand #145716237484:  Hold'em Limit ($3/$6 USD) - 2015/12/21 19:32:32 ET
Table 'Gawain' 2-max Seat #1 is the button
Seat 1: BigYelloFish ($103.83 in chips)
Seat 2: simper11 ($312.13 in chips)
BigYelloFish: posts small blind $1
simper11: posts big blind $3
*** HOLE CARDS ***
BigYelloFish: raises $3 to $6
simper11: calls $3
*** FLOP *** [Qh Kd Qs]
simper11: checks
BigYelloFish: bets $3
simper11: folds
Uncalled bet ($3) returned to BigYelloFish
BigYelloFish collected $11.76 from pot
BigYelloFish: doesn't show hand
*** SUMMARY ***
Total pot $12 | Rake $0.24
Board [Qh Kd Qs]
Seat 1: BigYelloFish (button) (small blind) collected ($11.76)
Seat 2: simper11 (big blind) folded on the Flop


PokerStars Hand #145716245405:  Hold'em Limit ($3/$6 USD) - 2015/12/21 19:32:44 ET
Table 'Gawain' 2-max Seat #1 is the button
Seat 1: BigYelloFish ($106.59 in chips)
Seat 2: simper11 ($309.13 in chips)
BigYelloFish: posts small blind $1
simper11: posts big blind $3
*** HOLE CARDS ***
BigYelloFish: raises $3 to $6
simper11: calls $3
*** FLOP *** [3s 6c 5d]
simper11: checks
BigYelloFish: checks
*** TURN *** [3s 6c 5d] [9s]
simper11: bets $6
BigYelloFish: calls $6
*** RIVER *** [3s 6c 5d 9s] [7s]
simper11: bets $6
BigYelloFish: raises $6 to $12
simper11: calls $6
*** SHOW DOWN ***
BigYelloFish: shows [Ts 8d] (a straight, Six to Ten)
simper11: mucks hand
BigYelloFish collected $47.50 from pot
*** SUMMARY ***
Total pot $48 | Rake $0.50
Board [3s 6c 5d 9s 7s]
Seat 1: BigYelloFish (button) (small blind) showed [Ts 8d] and won ($47.50) with a straight, Six to Ten
Seat 2: simper11 (big blind) mucked


PokerStars Hand #145716252535:  Hold'em Limit ($3/$6 USD) - 2015/12/21 19:32:55 ET
Table 'Gawain' 2-max Seat #2 is the button
Seat 1: BigYelloFish ($130.09 in chips)
Seat 2: simper11 ($285.13 in chips)
simper11: posts small blind $1
BigYelloFish: posts big blind $3
*** HOLE CARDS ***
simper11: raises $3 to $6
BigYelloFish: calls $3
*** FLOP *** [8d 9d Jc]
BigYelloFish: checks
simper11: bets $3
BigYelloFish: calls $3
*** TURN *** [8d 9d Jc] [2s]
BigYelloFish: checks
simper11: bets $6
BigYelloFish: folds
Uncalled bet ($6) returned to simper11
simper11 collected $17.64 from pot
simper11: doesn't show hand
*** SUMMARY ***
Total pot $18 | Rake $0.36
Board [8d 9d Jc 2s]
Seat 1: BigYelloFish (big blind) folded on the Turn
Seat 2: simper11 (button) (small blind) collected ($17.64)


PokerStars Hand #145716258574:  Hold'em Limit ($3/$6 USD) - 2015/12/21 19:33:04 ET
Table 'Gawain' 2-max Seat #1 is the button
Seat 1: BigYelloFish ($121.09 in chips)
Seat 2: simper11 ($293.77 in chips)
BigYelloFish: posts small blind $1
simper11: posts big blind $3
*** HOLE CARDS ***
BigYelloFish: raises $3 to $6
simper11: calls $3
*** FLOP *** [8c 4c 2h]
simper11: checks
BigYelloFish: bets $3
simper11: calls $3
*** TURN *** [8c 4c 2h] [9c]
simper11: checks
BigYelloFish: bets $6
simper11: calls $6
*** RIVER *** [8c 4c 2h 9c] [Jd]
simper11: checks
BigYelloFish: bets $6
simper11: folds
Uncalled bet ($6) returned to BigYelloFish
BigYelloFish collected $29.50 from pot
BigYelloFish: doesn't show hand
*** SUMMARY ***
Total pot $30 | Rake $0.50
Board [8c 4c 2h 9c Jd]
Seat 1: BigYelloFish (button) (small blind) collected ($29.50)
Seat 2: simper11 (big blind) folded on the River


PokerStars Hand #145716267540:  Hold'em Limit ($3/$6 USD) - 2015/12/21 19:33:18 ET
Table 'Gawain' 2-max Seat #2 is the button
Seat 1: BigYelloFish ($135.59 in chips)
Seat 2: simper11 ($278.77 in chips)
simper11: posts small blind $1
BigYelloFish: posts big blind $3
*** HOLE CARDS ***
simper11: raises $3 to $6
BigYelloFish: raises $3 to $9
simper11: calls $3
*** FLOP *** [Ad 2d Qd]
BigYelloFish: bets $3
simper11: calls $3
*** TURN *** [Ad 2d Qd] [6h]
BigYelloFish: bets $6
simper11: calls $6
*** RIVER *** [Ad 2d Qd 6h] [Jd]
BigYelloFish: bets $6
simper11: calls $6
*** SHOW DOWN ***
BigYelloFish: shows [Ac Tc] (a pair of Aces)
simper11: shows [Ts Kc] (a straight, Ten to Ace)
simper11 collected $47.50 from pot
*** SUMMARY ***
Total pot $48 | Rake $0.50
Board [Ad 2d Qd 6h Jd]
Seat 1: BigYelloFish (big blind) showed [Ac Tc] and lost with a pair of Aces
Seat 2: simper11 (button) (small blind) showed [Ts Kc] and won ($47.50) with a straight, Ten to Ace


PokerStars Hand #145716275221:  Hold'em Limit ($3/$6 USD) - 2015/12/21 19:33:31 ET
Table 'Gawain' 2-max Seat #1 is the button
Seat 1: BigYelloFish ($111.59 in chips)
Seat 2: simper11 ($302.27 in chips)
BigYelloFish: posts small blind $1
simper11: posts big blind $3
*** HOLE CARDS ***
BigYelloFish: raises $3 to $6
simper11: calls $3
*** FLOP *** [3d Qd 8c]
simper11: checks
BigYelloFish: bets $3
simper11: folds
Uncalled bet ($3) returned to BigYelloFish
BigYelloFish collected $11.76 from pot
BigYelloFish: doesn't show hand
*** SUMMARY ***
Total pot $12 | Rake $0.24
Board [3d Qd 8c]
Seat 1: BigYelloFish (button) (small blind) collected ($11.76)
Seat 2: simper11 (big blind) folded on the Flop


PokerStars Hand #145716280468:  Hold'em Limit ($3/$6 USD) - 2015/12/21 19:33:39 ET
Table 'Gawain' 2-max Seat #2 is the button
Seat 1: BigYelloFish ($117.35 in chips)
Seat 2: simper11 ($296.27 in chips)
simper11: posts small blind $1
BigYelloFish: posts big blind $3
*** HOLE CARDS ***
simper11: raises $3 to $6
BigYelloFish: raises $3 to $9
simper11: calls $3
*** FLOP *** [7h 4c 6h]
BigYelloFish: bets $3
simper11: calls $3
*** TURN *** [7h 4c 6h] [7c]
BigYelloFish: bets $6
simper11: raises $6 to $12
BigYelloFish: raises $6 to $18
simper11: calls $6
*** RIVER *** [7h 4c 6h 7c] [8d]
BigYelloFish: bets $6
simper11: raises $6 to $12
BigYelloFish: calls $6
*** SHOW DOWN ***
simper11: shows [3s Kh] (a pair of Sevens)
BigYelloFish: shows [Ad 7s] (three of a kind, Sevens)
BigYelloFish collected $83.50 from pot
*** SUMMARY ***
Total pot $84 | Rake $0.50
Board [7h 4c 6h 7c 8d]
Seat 1: BigYelloFish (big blind) showed [Ad 7s] and won ($83.50) with three of a kind, Sevens
Seat 2: simper11 (button) (small blind) showed [3s Kh] and lost with a pair of Sevens


PokerStars Hand #145716288735:  Hold'em Limit ($3/$6 USD) - 2015/12/21 19:33:52 ET
Table 'Gawain' 2-max Seat #1 is the button
Seat 1: BigYelloFish ($158.85 in chips)
Seat 2: simper11 ($254.27 in chips)
BigYelloFish: posts small blind $1
simper11: posts big blind $3
*** HOLE CARDS ***
BigYelloFish: raises $3 to $6
simper11: calls $3
*** FLOP *** [4s 3h 5d]
simper11: checks
BigYelloFish: bets $3
simper11: calls $3
*** TURN *** [4s 3h 5d] [7c]
simper11: checks
BigYelloFish: bets $6
simper11: raises $6 to $12
BigYelloFish: calls $6
*** RIVER *** [4s 3h 5d 7c] [7d]
simper11: bets $6
BigYelloFish: calls $6
*** SHOW DOWN ***
simper11: shows [Qd 6d] (a straight, Three to Seven)
BigYelloFish: mucks hand
simper11 collected $53.50 from pot
*** SUMMARY ***
Total pot $54 | Rake $0.50
Board [4s 3h 5d 7c 7d]
Seat 1: BigYelloFish (button) (small blind) mucked
Seat 2: simper11 (big blind) showed [Qd 6d] and won ($53.50) with a straight, Three to Seven


PokerStars Hand #145716296940:  Hold'em Limit ($3/$6 USD) - 2015/12/21 19:34:05 ET
Table 'Gawain' 2-max Seat #2 is the button
Seat 1: BigYelloFish ($131.85 in chips)
Seat 2: simper11 ($280.77 in chips)
simper11: posts small blind $1
BigYelloFish: posts big blind $3
*** HOLE CARDS ***
simper11: raises $3 to $6
BigYelloFish: raises $3 to $9
simper11: calls $3
*** FLOP *** [Kc Ac Kh]
BigYelloFish: bets $3
simper11: folds
Uncalled bet ($3) returned to BigYelloFish
BigYelloFish collected $17.64 from pot
BigYelloFish: doesn't show hand
*** SUMMARY ***
Total pot $18 | Rake $0.36
Board [Kc Ac Kh]
Seat 1: BigYelloFish (big blind) collected ($17.64)
Seat 2: simper11 (button) (small blind) folded on the Flop


PokerStars Hand #145716315671:  Hold'em Limit ($3/$6 USD) - 2015/12/21 19:34:34 ET
Table 'Gawain' 2-max Seat #1 is the button
Seat 1: BigYelloFish ($140.49 in chips)
Seat 2: simper11 ($271.77 in chips)
BigYelloFish: posts small blind $1
simper11: posts big blind $3
*** HOLE CARDS ***
BigYelloFish: raises $3 to $6
simper11: raises $3 to $9
BigYelloFish: calls $3
*** FLOP *** [Jc Kc Kh]
simper11: bets $3
BigYelloFish: raises $3 to $6
simper11: raises $3 to $9
BigYelloFish: folds
Uncalled bet ($3) returned to simper11
simper11 collected $29.50 from pot
simper11: doesn't show hand
*** SUMMARY ***
Total pot $30 | Rake $0.50
Board [Jc Kc Kh]
Seat 1: BigYelloFish (button) (small blind) folded on the Flop
Seat 2: simper11 (big blind) collected ($29.50)


PokerStars Hand #145716323203:  Hold'em Limit ($3/$6 USD) - 2015/12/21 19:34:46 ET
Table 'Gawain' 2-max Seat #2 is the button
Seat 1: BigYelloFish ($125.49 in chips)
Seat 2: simper11 ($286.27 in chips)
simper11: posts small blind $1
BigYelloFish: posts big blind $3
*** HOLE CARDS ***
simper11: raises $3 to $6
BigYelloFish: raises $3 to $9
simper11: calls $3
*** FLOP *** [4s 4h 6c]
BigYelloFish: bets $3
simper11: calls $3
*** TURN *** [4s 4h 6c] [7d]
BigYelloFish: checks
simper11: bets $6
BigYelloFish: calls $6
*** RIVER *** [4s 4h 6c 7d] [Th]
BigYelloFish: checks
simper11: bets $6
BigYelloFish: calls $6
*** SHOW DOWN ***
simper11: shows [Ac Ah] (two pair, Aces and Fours)
BigYelloFish: mucks hand
simper11 collected $47.50 from pot
*** SUMMARY ***
Total pot $48 | Rake $0.50
Board [4s 4h 6c 7d Th]
Seat 1: BigYelloFish (big blind) mucked
Seat 2: simper11 (button) (small blind) showed [Ac Ah] and won ($47.50) with two pair, Aces and Fours


PokerStars Hand #145716331452:  Hold'em Limit ($3/$6 USD) - 2015/12/21 19:34:59 ET
Table 'Gawain' 2-max Seat #1 is the button
Seat 1: BigYelloFish ($101.49 in chips)
Seat 2: simper11 ($309.77 in chips)
BigYelloFish: posts small blind $1
simper11: posts big blind $3
*** HOLE CARDS ***
BigYelloFish: raises $3 to $6
simper11: calls $3
*** FLOP *** [Qh 3c 6d]
simper11: checks
BigYelloFish: bets $3
simper11: folds
Uncalled bet ($3) returned to BigYelloFish
BigYelloFish collected $11.76 from pot
BigYelloFish: doesn't show hand
*** SUMMARY ***
Total pot $12 | Rake $0.24
Board [Qh 3c 6d]
Seat 1: BigYelloFish (button) (small blind) collected ($11.76)
Seat 2: simper11 (big blind) folded on the Flop


PokerStars Hand #145716344700:  Hold'em Limit ($3/$6 USD) - 2015/12/21 19:35:19 ET
Table 'Gawain' 2-max Seat #1 is the button
Seat 1: BigYelloFish ($130.75 in chips)
Seat 2: simper11 ($279.77 in chips)
BigYelloFish: posts small blind $1
simper11: posts big blind $3
*** HOLE CARDS ***
BigYelloFish: raises $3 to $6
simper11: folds
Uncalled bet ($3) returned to BigYelloFish
BigYelloFish collected $6 from pot
BigYelloFish: doesn't show hand
*** SUMMARY ***
Total pot $6 | Rake $0
Seat 1: BigYelloFish (button) (small blind) collected ($6)
Seat 2: simper11 (big blind) folded before Flop


PokerStars Hand #145716336860:  Hold'em Limit ($3/$6 USD) - 2015/12/21 19:35:07 ET
Table 'Gawain' 2-max Seat #2 is the button
Seat 1: BigYelloFish ($107.25 in chips)
Seat 2: simper11 ($303.77 in chips)
simper11: posts small blind $1
BigYelloFish: posts big blind $3
*** HOLE CARDS ***
simper11: raises $3 to $6
BigYelloFish: calls $3
*** FLOP *** [5d Td 3c]
BigYelloFish: checks
simper11: bets $3
BigYelloFish: raises $3 to $6
simper11: calls $3
*** TURN *** [5d Td 3c] [6s]
BigYelloFish: bets $6
simper11: calls $6
*** RIVER *** [5d Td 3c 6s] [6h]
BigYelloFish: bets $6
simper11: calls $6
*** SHOW DOWN ***
BigYelloFish: shows [7c Ts] (two pair, Tens and Sixes)
simper11: mucks hand
BigYelloFish collected $47.50 from pot
*** SUMMARY ***
Total pot $48 | Rake $0.50
Board [5d Td 3c 6s 6h]
Seat 1: BigYelloFish (big blind) showed [7c Ts] and won ($47.50) with two pair, Tens and Sixes
Seat 2: simper11 (button) (small blind) mucked


PokerStars Hand #145716347465:  Hold'em Limit ($3/$6 USD) - 2015/12/21 19:35:24 ET
Table 'Gawain' 2-max Seat #2 is the button
Seat 1: BigYelloFish ($133.75 in chips)
Seat 2: simper11 ($276.77 in chips)
simper11: posts small blind $1
BigYelloFish: posts big blind $3
*** HOLE CARDS ***
simper11: raises $3 to $6
BigYelloFish: calls $3
*** FLOP *** [Jc 9c 6h]
BigYelloFish: checks
simper11: bets $3
BigYelloFish: folds
Uncalled bet ($3) returned to simper11
simper11 collected $11.76 from pot
simper11: doesn't show hand
*** SUMMARY ***
Total pot $12 | Rake $0.24
Board [Jc 9c 6h]
Seat 1: BigYelloFish (big blind) folded on the Flop
Seat 2: simper11 (button) (small blind) collected ($11.76)


PokerStars Hand #145716351738:  Hold'em Limit ($3/$6 USD) - 2015/12/21 19:35:30 ET
Table 'Gawain' 2-max Seat #1 is the button
Seat 1: BigYelloFish ($127.75 in chips)
Seat 2: simper11 ($282.53 in chips)
BigYelloFish: posts small blind $1
simper11: posts big blind $3
*** HOLE CARDS ***
BigYelloFish: raises $3 to $6
simper11: calls $3
*** FLOP *** [Ks 6h 5s]
simper11: checks
BigYelloFish: checks
*** TURN *** [Ks 6h 5s] [Ah]
simper11: bets $6
BigYelloFish: folds
Uncalled bet ($6) returned to simper11
simper11 collected $11.76 from pot
simper11: doesn't show hand
*** SUMMARY ***
Total pot $12 | Rake $0.24
Board [Ks 6h 5s Ah]
Seat 1: BigYelloFish (button) (small blind) folded on the Turn
Seat 2: simper11 (big blind) collected ($11.76)


PokerStars Hand #145716363107:  Hold'em Limit ($3/$6 USD) - 2015/12/21 19:35:48 ET
Table 'Gawain' 2-max Seat #1 is the button
Seat 1: BigYelloFish ($115.75 in chips)
Seat 2: simper11 ($294.05 in chips)
BigYelloFish: posts small blind $1
simper11: posts big blind $3
*** HOLE CARDS ***
BigYelloFish: folds
Uncalled bet ($2) returned to simper11
simper11 collected $2 from pot
simper11: doesn't show hand
*** SUMMARY ***
Total pot $2 | Rake $0
Seat 1: BigYelloFish (button) (small blind) folded before Flop
Seat 2: simper11 (big blind) collected ($2)


PokerStars Hand #145716357332:  Hold'em Limit ($3/$6 USD) - 2015/12/21 19:35:39 ET
Table 'Gawain' 2-max Seat #2 is the button
Seat 1: BigYelloFish ($121.75 in chips)
Seat 2: simper11 ($288.29 in chips)
simper11: posts small blind $1
BigYelloFish: posts big blind $3
*** HOLE CARDS ***
simper11: raises $3 to $6
BigYelloFish: calls $3
*** FLOP *** [Ad 5c Qh]
BigYelloFish: checks
simper11: bets $3
BigYelloFish: folds
Uncalled bet ($3) returned to simper11
simper11 collected $11.76 from pot
simper11: doesn't show hand
*** SUMMARY ***
Total pot $12 | Rake $0.24
Board [Ad 5c Qh]
Seat 1: BigYelloFish (big blind) folded on the Flop
Seat 2: simper11 (button) (small blind) collected ($11.76)


PokerStars Hand #145716369299:  Hold'em Limit ($3/$6 USD) - 2015/12/21 19:35:58 ET
Table 'Gawain' 2-max Seat #1 is the button
Seat 1: BigYelloFish ($115.75 in chips)
Seat 2: simper11 ($294.05 in chips)
BigYelloFish: posts small blind $1
simper11: posts big blind $3
*** HOLE CARDS ***
BigYelloFish: raises $3 to $6
simper11: calls $3
*** FLOP *** [2c Ah 5c]
simper11: checks
BigYelloFish: bets $3
simper11: folds
Uncalled bet ($3) returned to BigYelloFish
BigYelloFish collected $11.76 from pot
BigYelloFish: doesn't show hand
*** SUMMARY ***
Total pot $12 | Rake $0.24
Board [2c Ah 5c]
Seat 1: BigYelloFish (button) (small blind) collected ($11.76)
Seat 2: simper11 (big blind) folded on the Flop


PokerStars Hand #145716366409:  Hold'em Limit ($3/$6 USD) - 2015/12/21 19:35:53 ET
Table 'Gawain' 2-max Seat #2 is the button
Seat 1: BigYelloFish ($114.75 in chips)
Seat 2: simper11 ($295.05 in chips)
simper11: posts small blind $1
BigYelloFish: posts big blind $3
*** HOLE CARDS ***
simper11: folds
Uncalled bet ($2) returned to BigYelloFish
BigYelloFish collected $2 from pot
BigYelloFish: doesn't show hand
*** SUMMARY ***
Total pot $2 | Rake $0
Seat 1: BigYelloFish (big blind) collected ($2)
Seat 2: simper11 (button) (small blind) folded before Flop


PokerStars Hand #145716374098:  Hold'em Limit ($3/$6 USD) - 2015/12/21 19:36:05 ET
Table 'Gawain' 2-max Seat #2 is the button
Seat 1: BigYelloFish ($121.51 in chips)
Seat 2: simper11 ($288.05 in chips)
simper11: posts small blind $1
BigYelloFish: posts big blind $3
*** HOLE CARDS ***
simper11: raises $3 to $6
BigYelloFish: folds
Uncalled bet ($3) returned to simper11
simper11 collected $6 from pot
simper11: doesn't show hand
*** SUMMARY ***
Total pot $6 | Rake $0
Seat 1: BigYelloFish (big blind) folded before Flop
Seat 2: simper11 (button) (small blind) collected ($6)


PokerStars Hand #145716377216:  Hold'em Limit ($3/$6 USD) - 2015/12/21 19:36:10 ET
Table 'Gawain' 2-max Seat #1 is the button
Seat 1: BigYelloFish ($118.51 in chips)
Seat 2: simper11 ($291.05 in chips)
BigYelloFish: posts small blind $1
simper11: posts big blind $3
*** HOLE CARDS ***
BigYelloFish: raises $3 to $6
simper11: raises $3 to $9
BigYelloFish: calls $3
*** FLOP *** [4h 4d 5c]
simper11: bets $3
BigYelloFish: calls $3
*** TURN *** [4h 4d 5c] [8c]
simper11: bets $6
BigYelloFish: calls $6
*** RIVER *** [4h 4d 5c 8c] [Kh]
simper11: bets $6
BigYelloFish: calls $6
*** SHOW DOWN ***
simper11: shows [Qc Tc] (a pair of Fours)
BigYelloFish: shows [5h Ac] (two pair, Fives and Fours)
BigYelloFish collected $47.50 from pot
*** SUMMARY ***
Total pot $48 | Rake $0.50
Board [4h 4d 5c 8c Kh]
Seat 1: BigYelloFish (button) (small blind) showed [5h Ac] and won ($47.50) with two pair, Fives and Fours
Seat 2: simper11 (big blind) showed [Qc Tc] and lost with a pair of Fours


PokerStars Hand #145716391073:  Hold'em Limit ($3/$6 USD) - 2015/12/21 19:36:32 ET
Table 'Gawain' 2-max Seat #1 is the button
Seat 1: BigYelloFish ($133.01 in chips)
Seat 2: simper11 ($275.69 in chips)
BigYelloFish: posts small blind $1
simper11: posts big blind $3
*** HOLE CARDS ***
BigYelloFish: raises $3 to $6
simper11: folds
Uncalled bet ($3) returned to BigYelloFish
BigYelloFish collected $6 from pot
BigYelloFish: doesn't show hand
*** SUMMARY ***
Total pot $6 | Rake $0
Seat 1: BigYelloFish (button) (small blind) collected ($6)
Seat 2: simper11 (big blind) folded before Flop


PokerStars Hand #145716384389:  Hold'em Limit ($3/$6 USD) - 2015/12/21 19:36:22 ET
Table 'Gawain' 2-max Seat #2 is the button
Seat 1: BigYelloFish ($142.01 in chips)
Seat 2: simper11 ($267.05 in chips)
simper11: posts small blind $1
BigYelloFish: posts big blind $3
*** HOLE CARDS ***
simper11: raises $3 to $6
BigYelloFish: calls $3
*** FLOP *** [Js Th 7s]
BigYelloFish: checks
simper11: bets $3
BigYelloFish: calls $3
*** TURN *** [Js Th 7s] [7d]
BigYelloFish: checks
simper11: bets $6
BigYelloFish: folds
Uncalled bet ($6) returned to simper11
simper11 collected $17.64 from pot
simper11: doesn't show hand
*** SUMMARY ***
Total pot $18 | Rake $0.36
Board [Js Th 7s 7d]
Seat 1: BigYelloFish (big blind) folded on the Turn
Seat 2: simper11 (button) (small blind) collected ($17.64)


PokerStars Hand #145716394257:  Hold'em Limit ($3/$6 USD) - 2015/12/21 19:36:37 ET
Table 'Gawain' 2-max Seat #2 is the button
Seat 1: BigYelloFish ($136.01 in chips)
Seat 2: simper11 ($272.69 in chips)
simper11: posts small blind $1
BigYelloFish: posts big blind $3
*** HOLE CARDS ***
simper11: raises $3 to $6
BigYelloFish: calls $3
*** FLOP *** [Kh 3h Jd]
BigYelloFish: checks
simper11: bets $3
BigYelloFish: calls $3
*** TURN *** [Kh 3h Jd] [Qh]
BigYelloFish: checks
simper11: bets $6
BigYelloFish: calls $6
*** RIVER *** [Kh 3h Jd Qh] [7h]
BigYelloFish: checks
simper11: bets $6
BigYelloFish: calls $6
*** SHOW DOWN ***
simper11: shows [Ah 7d] (a flush, Ace high)
BigYelloFish: mucks hand
simper11 collected $41.50 from pot
*** SUMMARY ***
Total pot $42 | Rake $0.50
Board [Kh 3h Jd Qh 7h]
Seat 1: BigYelloFish (big blind) mucked
Seat 2: simper11 (button) (small blind) showed [Ah 7d] and won ($41.50) with a flush, Ace high


PokerStars Hand #145716402333:  Hold'em Limit ($3/$6 USD) - 2015/12/21 19:36:50 ET
Table 'Gawain' 2-max Seat #1 is the button
Seat 1: BigYelloFish ($115.01 in chips)
Seat 2: simper11 ($293.19 in chips)
BigYelloFish: posts small blind $1
simper11: posts big blind $3
*** HOLE CARDS ***
BigYelloFish: raises $3 to $6
simper11: calls $3
*** FLOP *** [Td 7c Th]
simper11: checks
BigYelloFish: bets $3
simper11: calls $3
*** TURN *** [Td 7c Th] [9c]
simper11: checks
BigYelloFish: checks
*** RIVER *** [Td 7c Th 9c] [3d]
simper11: checks
BigYelloFish: checks
*** SHOW DOWN ***
simper11: shows [6d Jd] (a pair of Tens)
BigYelloFish: shows [As 2h] (a pair of Tens - Ace kicker)
BigYelloFish collected $17.64 from pot
*** SUMMARY ***
Total pot $18 | Rake $0.36
Board [Td 7c Th 9c 3d]
Seat 1: BigYelloFish (button) (small blind) showed [As 2h] and won ($17.64) with a pair of Tens
Seat 2: simper11 (big blind) showed [6d Jd] and lost with a pair of Tens


PokerStars Hand #145716423542:  Hold'em Limit ($3/$6 USD) - 2015/12/21 19:37:23 ET
Table 'Gawain' 2-max Seat #2 is the button
Seat 1: BigYelloFish ($102.65 in chips)
Seat 2: simper11 ($304.45 in chips)
simper11: posts small blind $1
BigYelloFish: posts big blind $3
*** HOLE CARDS ***
simper11: folds
Uncalled bet ($2) returned to BigYelloFish
BigYelloFish collected $2 from pot
BigYelloFish: doesn't show hand
*** SUMMARY ***
Total pot $2 | Rake $0
Seat 1: BigYelloFish (big blind) collected ($2)
Seat 2: simper11 (button) (small blind) folded before Flop


PokerStars Hand #145716415251:  Hold'em Limit ($3/$6 USD) - 2015/12/21 19:37:10 ET
Table 'Gawain' 2-max Seat #1 is the button
Seat 1: BigYelloFish ($117.65 in chips)
Seat 2: simper11 ($289.95 in chips)
BigYelloFish: posts small blind $1
simper11: posts big blind $3
*** HOLE CARDS ***
BigYelloFish: raises $3 to $6
simper11: calls $3
*** FLOP *** [5s 8s 2h]
simper11: checks
BigYelloFish: bets $3
simper11: calls $3
*** TURN *** [5s 8s 2h] [5c]
simper11: checks
BigYelloFish: bets $6
simper11: calls $6
*** RIVER *** [5s 8s 2h 5c] [4d]
simper11: checks
BigYelloFish: checks
*** SHOW DOWN ***
simper11: shows [Ad 6d] (a pair of Fives)
BigYelloFish: mucks hand
simper11 collected $29.50 from pot
*** SUMMARY ***
Total pot $30 | Rake $0.50
Board [5s 8s 2h 5c 4d]
Seat 1: BigYelloFish (button) (small blind) mucked
Seat 2: simper11 (big blind) showed [Ad 6d] and won ($29.50) with a pair of Fives


PokerStars Hand #145716409260:  Hold'em Limit ($3/$6 USD) - 2015/12/21 19:37:01 ET
Table 'Gawain' 2-max Seat #2 is the button
Seat 1: BigYelloFish ($123.65 in chips)
Seat 2: simper11 ($284.19 in chips)
simper11: posts small blind $1
BigYelloFish: posts big blind $3
*** HOLE CARDS ***
simper11: raises $3 to $6
BigYelloFish: calls $3
*** FLOP *** [3c Tc Kh]
BigYelloFish: checks
simper11: bets $3
BigYelloFish: folds
Uncalled bet ($3) returned to simper11
simper11 collected $11.76 from pot
simper11: doesn't show hand
*** SUMMARY ***
Total pot $12 | Rake $0.24
Board [3c Tc Kh]
Seat 1: BigYelloFish (big blind) folded on the Flop
Seat 2: simper11 (button) (small blind) collected ($11.76)


PokerStars Hand #145716435371:  Hold'em Limit ($3/$6 USD) - 2015/12/21 19:37:42 ET
Table 'Gawain' 2-max Seat #2 is the button
Seat 1: BigYelloFish ($118.15 in chips)
Seat 2: simper11 ($288.45 in chips)
simper11: posts small blind $1
BigYelloFish: posts big blind $3
*** HOLE CARDS ***
simper11: raises $3 to $6
BigYelloFish: folds
Uncalled bet ($3) returned to simper11
simper11 collected $6 from pot
simper11: doesn't show hand
*** SUMMARY ***
Total pot $6 | Rake $0
Seat 1: BigYelloFish (big blind) folded before Flop
Seat 2: simper11 (button) (small blind) collected ($6)


PokerStars Hand #145716426507:  Hold'em Limit ($3/$6 USD) - 2015/12/21 19:37:28 ET
Table 'Gawain' 2-max Seat #1 is the button
Seat 1: BigYelloFish ($103.65 in chips)
Seat 2: simper11 ($303.45 in chips)
BigYelloFish: posts small blind $1
simper11: posts big blind $3
*** HOLE CARDS ***
BigYelloFish: raises $3 to $6
simper11: calls $3
*** FLOP *** [5d Td Jc]
simper11: checks
BigYelloFish: bets $3
simper11: calls $3
*** TURN *** [5d Td Jc] [Tc]
simper11: checks
BigYelloFish: checks
*** RIVER *** [5d Td Jc Tc] [2c]
simper11: checks
BigYelloFish: bets $6
simper11: calls $6
*** SHOW DOWN ***
BigYelloFish: shows [7s 2s] (two pair, Tens and Deuces)
simper11: mucks hand
BigYelloFish collected $29.50 from pot
*** SUMMARY ***
Total pot $30 | Rake $0.50
Board [5d Td Jc Tc 2c]
Seat 1: BigYelloFish (button) (small blind) showed [7s 2s] and won ($29.50) with two pair, Tens and Deuces
Seat 2: simper11 (big blind) mucked


PokerStars Hand #145716438585:  Hold'em Limit ($3/$6 USD) - 2015/12/21 19:37:47 ET
Table 'Gawain' 2-max Seat #1 is the button
Seat 1: BigYelloFish ($115.15 in chips)
Seat 2: simper11 ($291.45 in chips)
BigYelloFish: posts small blind $1
simper11: posts big blind $3
*** HOLE CARDS ***
BigYelloFish: raises $3 to $6
simper11: calls $3
*** FLOP *** [4d 3c Qd]
simper11: checks
BigYelloFish: bets $3
simper11: raises $3 to $6
BigYelloFish: calls $3
*** TURN *** [4d 3c Qd] [Kc]
simper11: bets $6
BigYelloFish: calls $6
*** RIVER *** [4d 3c Qd Kc] [9d]
simper11: bets $6
BigYelloFish: calls $6
*** SHOW DOWN ***
simper11: shows [Kd 3d] (a flush, King high)
BigYelloFish: mucks hand
simper11 collected $47.50 from pot
*** SUMMARY ***
Total pot $48 | Rake $0.50
Board [4d 3c Qd Kc 9d]
Seat 1: BigYelloFish (button) (small blind) mucked
Seat 2: simper11 (big blind) showed [Kd 3d] and won ($47.50) with a flush, King high


PokerStars Hand #145716458222:  Hold'em Limit ($3/$6 USD) - 2015/12/21 19:38:18 ET
Table 'Gawain' 2-max Seat #2 is the button
Seat 1: BigYelloFish ($70.15 in chips)
Seat 2: simper11 ($335.45 in chips)
simper11: posts small blind $1
BigYelloFish: posts big blind $3
*** HOLE CARDS ***
simper11: folds
Uncalled bet ($2) returned to BigYelloFish
BigYelloFish collected $2 from pot
BigYelloFish: doesn't show hand
*** SUMMARY ***
Total pot $2 | Rake $0
Seat 1: BigYelloFish (big blind) collected ($2)
Seat 2: simper11 (button) (small blind) folded before Flop


PokerStars Hand #145716455355:  Hold'em Limit ($3/$6 USD) - 2015/12/21 19:38:14 ET
Table 'Gawain' 2-max Seat #1 is the button
Seat 1: BigYelloFish ($67.15 in chips)
Seat 2: simper11 ($338.45 in chips)
BigYelloFish: posts small blind $1
simper11: posts big blind $3
*** HOLE CARDS ***
BigYelloFish: raises $3 to $6
simper11: folds
Uncalled bet ($3) returned to BigYelloFish
BigYelloFish collected $6 from pot
BigYelloFish: doesn't show hand
*** SUMMARY ***
Total pot $6 | Rake $0
Seat 1: BigYelloFish (button) (small blind) collected ($6)
Seat 2: simper11 (big blind) folded before Flop


PokerStars Hand #145716446330:  Hold'em Limit ($3/$6 USD) - 2015/12/21 19:37:59 ET
Table 'Gawain' 2-max Seat #2 is the button
Seat 1: BigYelloFish ($91.15 in chips)
Seat 2: simper11 ($314.95 in chips)
simper11: posts small blind $1
BigYelloFish: posts big blind $3
*** HOLE CARDS ***
simper11: raises $3 to $6
BigYelloFish: raises $3 to $9
simper11: calls $3
*** FLOP *** [5h 6h 4h]
BigYelloFish: bets $3
simper11: calls $3
*** TURN *** [5h 6h 4h] [Qh]
BigYelloFish: bets $6
simper11: calls $6
*** RIVER *** [5h 6h 4h Qh] [7h]
BigYelloFish: checks
simper11: bets $6
BigYelloFish: calls $6
*** SHOW DOWN ***
simper11: shows [Jd 9h] (a flush, Queen high)
BigYelloFish: mucks hand
simper11 collected $47.50 from pot
*** SUMMARY ***
Total pot $48 | Rake $0.50
Board [5h 6h 4h Qh 7h]
Seat 1: BigYelloFish (big blind) mucked
Seat 2: simper11 (button) (small blind) showed [Jd 9h] and won ($47.50) with a flush, Queen high


PokerStars Hand #145716481943:  Hold'em Limit ($3/$6 USD) - 2015/12/21 19:38:56 ET
Table 'Gawain' 2-max Seat #1 is the button
Seat 1: BigYelloFish ($77.55 in chips)
Seat 2: simper11 ($327.09 in chips)
BigYelloFish: posts small blind $1
simper11: posts big blind $3
*** HOLE CARDS ***
BigYelloFish: raises $3 to $6
simper11: calls $3
*** FLOP *** [Jd Js Ts]
simper11: checks
BigYelloFish: bets $3
simper11: calls $3
*** TURN *** [Jd Js Ts] [Jh]
simper11: checks
BigYelloFish: checks
*** RIVER *** [Jd Js Ts Jh] [7c]
simper11: bets $6
BigYelloFish: folds
Uncalled bet ($6) returned to simper11
simper11 collected $17.64 from pot
simper11: doesn't show hand
*** SUMMARY ***
Total pot $18 | Rake $0.36
Board [Jd Js Ts Jh 7c]
Seat 1: BigYelloFish (button) (small blind) folded on the River
Seat 2: simper11 (big blind) collected ($17.64)


PokerStars Hand #145716461040:  Hold'em Limit ($3/$6 USD) - 2015/12/21 19:38:23 ET
Table 'Gawain' 2-max Seat #1 is the button
Seat 1: BigYelloFish ($71.15 in chips)
Seat 2: simper11 ($334.45 in chips)
BigYelloFish: posts small blind $1
simper11: posts big blind $3
*** HOLE CARDS ***
BigYelloFish: raises $3 to $6
simper11: calls $3
*** FLOP *** [6s 2h Qc]
simper11: checks
BigYelloFish: bets $3
simper11: calls $3
*** TURN *** [6s 2h Qc] [5c]
simper11: checks
BigYelloFish: checks
*** RIVER *** [6s 2h Qc 5c] [4c]
simper11: bets $6
BigYelloFish: folds
Uncalled bet ($6) returned to simper11
simper11 collected $17.64 from pot
simper11: doesn't show hand
*** SUMMARY ***
Total pot $18 | Rake $0.36
Board [6s 2h Qc 5c 4c]
Seat 1: BigYelloFish (button) (small blind) folded on the River
Seat 2: simper11 (big blind) collected ($17.64)


PokerStars Hand #145716471535:  Hold'em Limit ($3/$6 USD) - 2015/12/21 19:38:39 ET
Table 'Gawain' 2-max Seat #1 is the button
Seat 1: BigYelloFish ($63.15 in chips)
Seat 2: simper11 ($342.09 in chips)
BigYelloFish: posts small blind $1
simper11: posts big blind $3
*** HOLE CARDS ***
BigYelloFish: raises $3 to $6
simper11: calls $3
*** FLOP *** [Ts 2s Ks]
simper11: checks
BigYelloFish: bets $3
simper11: folds
Uncalled bet ($3) returned to BigYelloFish
BigYelloFish collected $11.76 from pot
BigYelloFish: doesn't show hand
*** SUMMARY ***
Total pot $12 | Rake $0.24
Board [Ts 2s Ks]
Seat 1: BigYelloFish (button) (small blind) collected ($11.76)
Seat 2: simper11 (big blind) folded on the Flop


PokerStars Hand #145716468293:  Hold'em Limit ($3/$6 USD) - 2015/12/21 19:38:34 ET
Table 'Gawain' 2-max Seat #2 is the button
Seat 1: BigYelloFish ($62.15 in chips)
Seat 2: simper11 ($343.09 in chips)
simper11: posts small blind $1
BigYelloFish: posts big blind $3
*** HOLE CARDS ***
simper11: folds
Uncalled bet ($2) returned to BigYelloFish
BigYelloFish collected $2 from pot
BigYelloFish: doesn't show hand
*** SUMMARY ***
Total pot $2 | Rake $0
Seat 1: BigYelloFish (big blind) collected ($2)
Seat 2: simper11 (button) (small blind) folded before Flop


PokerStars Hand #145716476699:  Hold'em Limit ($3/$6 USD) - 2015/12/21 19:38:48 ET
Table 'Gawain' 2-max Seat #2 is the button
Seat 1: BigYelloFish ($68.91 in chips)
Seat 2: simper11 ($336.09 in chips)
simper11: posts small blind $1
BigYelloFish: posts big blind $3
*** HOLE CARDS ***
simper11: raises $3 to $6
BigYelloFish: raises $3 to $9
simper11: calls $3
*** FLOP *** [Ad Kh 2c]
BigYelloFish: bets $3
simper11: folds
Uncalled bet ($3) returned to BigYelloFish
BigYelloFish collected $17.64 from pot
BigYelloFish: doesn't show hand
*** SUMMARY ***
Total pot $18 | Rake $0.36
Board [Ad Kh 2c]
Seat 1: BigYelloFish (big blind) collected ($17.64)
Seat 2: simper11 (button) (small blind) folded on the Flop


PokerStars Hand #145716488736:  Hold'em Limit ($3/$6 USD) - 2015/12/21 19:39:07 ET
Table 'Gawain' 2-max Seat #2 is the button
Seat 1: BigYelloFish ($68.55 in chips)
Seat 2: simper11 ($335.73 in chips)
simper11: posts small blind $1
BigYelloFish: posts big blind $3
*** HOLE CARDS ***
simper11: raises $3 to $6
BigYelloFish: raises $3 to $9
simper11: calls $3
*** FLOP *** [3h 8s 2s]
BigYelloFish: bets $3
simper11: calls $3
*** TURN *** [3h 8s 2s] [3s]
BigYelloFish: bets $6
simper11: calls $6
*** RIVER *** [3h 8s 2s 3s] [4d]
BigYelloFish: checks
simper11: checks
*** SHOW DOWN ***
BigYelloFish: shows [Js Kc] (a pair of Threes)
simper11: mucks hand
BigYelloFish collected $35.50 from pot
*** SUMMARY ***
Total pot $36 | Rake $0.50
Board [3h 8s 2s 3s 4d]
Seat 1: BigYelloFish (big blind) showed [Js Kc] and won ($35.50) with a pair of Threes
Seat 2: simper11 (button) (small blind) mucked


PokerStars Hand #145716503297:  Hold'em Limit ($3/$6 USD) - 2015/12/21 19:39:29 ET
Table 'Gawain' 2-max Seat #2 is the button
Seat 1: BigYelloFish ($94.69 in chips)
Seat 2: simper11 ($308.73 in chips)
simper11: posts small blind $1
BigYelloFish: posts big blind $3
*** HOLE CARDS ***
simper11: raises $3 to $6
BigYelloFish: folds
Uncalled bet ($3) returned to simper11
simper11 collected $6 from pot
simper11: doesn't show hand
*** SUMMARY ***
Total pot $6 | Rake $0
Seat 1: BigYelloFish (big blind) folded before Flop
Seat 2: simper11 (button) (small blind) collected ($6)


PokerStars Hand #145716497178:  Hold'em Limit ($3/$6 USD) - 2015/12/21 19:39:20 ET
Table 'Gawain' 2-max Seat #1 is the button
Seat 1: BigYelloFish ($86.05 in chips)
Seat 2: simper11 ($317.73 in chips)
BigYelloFish: posts small blind $1
simper11: posts big blind $3
*** HOLE CARDS ***
BigYelloFish: raises $3 to $6
simper11: calls $3
*** FLOP *** [Jd Kd 3d]
simper11: checks
BigYelloFish: bets $3
simper11: calls $3
*** TURN *** [Jd Kd 3d] [Kc]
simper11: checks
BigYelloFish: bets $6
simper11: folds
Uncalled bet ($6) returned to BigYelloFish
BigYelloFish collected $17.64 from pot
BigYelloFish: doesn't show hand
*** SUMMARY ***
Total pot $18 | Rake $0.36
Board [Jd Kd 3d Kc]
Seat 1: BigYelloFish (button) (small blind) collected ($17.64)
Seat 2: simper11 (big blind) folded on the Turn


PokerStars Hand #145716506920:  Hold'em Limit ($3/$6 USD) - 2015/12/21 19:39:35 ET
Table 'Gawain' 2-max Seat #1 is the button
Seat 1: BigYelloFish ($91.69 in chips)
Seat 2: simper11 ($311.73 in chips)
BigYelloFish: posts small blind $1
simper11: posts big blind $3
*** HOLE CARDS ***
BigYelloFish: raises $3 to $6
simper11: calls $3
*** FLOP *** [8c 2d 7d]
simper11: checks
BigYelloFish: bets $3
simper11: calls $3
*** TURN *** [8c 2d 7d] [9h]
simper11: checks
BigYelloFish: checks
*** RIVER *** [8c 2d 7d 9h] [3h]
simper11: checks
BigYelloFish: checks
*** SHOW DOWN ***
simper11: shows [Td Qs] (high card Queen)
BigYelloFish: shows [Kh Jc] (high card King)
BigYelloFish collected $17.64 from pot
*** SUMMARY ***
Total pot $18 | Rake $0.36
Board [8c 2d 7d 9h 3h]
Seat 1: BigYelloFish (button) (small blind) showed [Kh Jc] and won ($17.64) with high card King
Seat 2: simper11 (big blind) showed [Td Qs] and lost with high card Queen


PokerStars Hand #145716521831:  Hold'em Limit ($3/$6 USD) - 2015/12/21 19:39:59 ET
Table 'Gawain' 2-max Seat #1 is the button
Seat 1: BigYelloFish ($88.33 in chips)
Seat 2: simper11 ($314.25 in chips)
BigYelloFish: posts small blind $1
simper11: posts big blind $3
*** HOLE CARDS ***
BigYelloFish: raises $3 to $6
simper11: folds
Uncalled bet ($3) returned to BigYelloFish
BigYelloFish collected $6 from pot
BigYelloFish: doesn't show hand
*** SUMMARY ***
Total pot $6 | Rake $0
Seat 1: BigYelloFish (button) (small blind) collected ($6)
Seat 2: simper11 (big blind) folded before Flop


PokerStars Hand #145716514272:  Hold'em Limit ($3/$6 USD) - 2015/12/21 19:39:47 ET
Table 'Gawain' 2-max Seat #2 is the button
Seat 1: BigYelloFish ($100.33 in chips)
Seat 2: simper11 ($302.73 in chips)
simper11: posts small blind $1
BigYelloFish: posts big blind $3
*** HOLE CARDS ***
simper11: raises $3 to $6
BigYelloFish: raises $3 to $9
simper11: calls $3
*** FLOP *** [3h 8s 9c]
BigYelloFish: bets $3
simper11: calls $3
*** TURN *** [3h 8s 9c] [Kc]
BigYelloFish: checks
simper11: bets $6
BigYelloFish: folds
Uncalled bet ($6) returned to simper11
simper11 collected $23.52 from pot
simper11: doesn't show hand
*** SUMMARY ***
Total pot $24 | Rake $0.48
Board [3h 8s 9c Kc]
Seat 1: BigYelloFish (big blind) folded on the Turn
Seat 2: simper11 (button) (small blind) collected ($23.52)


PokerStars Hand #145716525347:  Hold'em Limit ($3/$6 USD) - 2015/12/21 19:40:05 ET
Table 'Gawain' 2-max Seat #2 is the button
Seat 1: BigYelloFish ($91.33 in chips)
Seat 2: simper11 ($311.25 in chips)
simper11: posts small blind $1
BigYelloFish: posts big blind $3
*** HOLE CARDS ***
simper11: folds
Uncalled bet ($2) returned to BigYelloFish
BigYelloFish collected $2 from pot
BigYelloFish: doesn't show hand
*** SUMMARY ***
Total pot $2 | Rake $0
Seat 1: BigYelloFish (big blind) collected ($2)
Seat 2: simper11 (button) (small blind) folded before Flop


PokerStars Hand #145716528429:  Hold'em Limit ($3/$6 USD) - 2015/12/21 19:40:10 ET
Table 'Gawain' 2-max Seat #1 is the button
Seat 1: BigYelloFish ($92.33 in chips)
Seat 2: simper11 ($310.25 in chips)
BigYelloFish: posts small blind $1
simper11: posts big blind $3
*** HOLE CARDS ***
BigYelloFish: raises $3 to $6
simper11: calls $3
*** FLOP *** [Jc 4c 6h]
simper11: checks
BigYelloFish: checks
*** TURN *** [Jc 4c 6h] [3h]
simper11: bets $6
BigYelloFish: calls $6
*** RIVER *** [Jc 4c 6h 3h] [2c]
simper11: bets $6
BigYelloFish: folds
Uncalled bet ($6) returned to simper11
simper11 collected $23.52 from pot
simper11: doesn't show hand
*** SUMMARY ***
Total pot $24 | Rake $0.48
Board [Jc 4c 6h 3h 2c]
Seat 1: BigYelloFish (button) (small blind) folded on the River
Seat 2: simper11 (big blind) collected ($23.52)


PokerStars Hand #145716535213:  Hold'em Limit ($3/$6 USD) - 2015/12/21 19:40:20 ET
Table 'Gawain' 2-max Seat #2 is the button
Seat 1: BigYelloFish ($80.33 in chips)
Seat 2: simper11 ($321.77 in chips)
simper11: posts small blind $1
BigYelloFish: posts big blind $3
*** HOLE CARDS ***
simper11: raises $3 to $6
BigYelloFish: raises $3 to $9
simper11: calls $3
*** FLOP *** [4s Qh Qd]
BigYelloFish: bets $3
simper11: calls $3
*** TURN *** [4s Qh Qd] [Th]
BigYelloFish: bets $6
simper11: calls $6
*** RIVER *** [4s Qh Qd Th] [4d]
BigYelloFish: bets $6
simper11: calls $6
*** SHOW DOWN ***
BigYelloFish: shows [Jd Ah] (two pair, Queens and Fours)
simper11: mucks hand
BigYelloFish collected $47.50 from pot
*** SUMMARY ***
Total pot $48 | Rake $0.50
Board [4s Qh Qd Th 4d]
Seat 1: BigYelloFish (big blind) showed [Jd Ah] and won ($47.50) with two pair, Queens and Fours
Seat 2: simper11 (button) (small blind) mucked


PokerStars Hand #145716543282:  Hold'em Limit ($3/$6 USD) - 2015/12/21 19:40:33 ET
Table 'Gawain' 2-max Seat #1 is the button
Seat 1: BigYelloFish ($103.83 in chips)
Seat 2: simper11 ($297.77 in chips)
BigYelloFish: posts small blind $1
simper11: posts big blind $3
*** HOLE CARDS ***
BigYelloFish: raises $3 to $6
simper11: calls $3
*** FLOP *** [2h 4c 7s]
simper11: checks
BigYelloFish: bets $3
simper11: calls $3
*** TURN *** [2h 4c 7s] [5h]
simper11: checks
BigYelloFish: bets $6
simper11: calls $6
*** RIVER *** [2h 4c 7s 5h] [7c]
simper11: checks
BigYelloFish: bets $6
simper11: calls $6
*** SHOW DOWN ***
BigYelloFish: shows [6d 4s] (two pair, Sevens and Fours)
simper11: mucks hand
BigYelloFish collected $41.50 from pot
*** SUMMARY ***
Total pot $42 | Rake $0.50
Board [2h 4c 7s 5h 7c]
Seat 1: BigYelloFish (button) (small blind) showed [6d 4s] and won ($41.50) with two pair, Sevens and Fours
Seat 2: simper11 (big blind) mucked


PokerStars Hand #145716551176:  Hold'em Limit ($3/$6 USD) - 2015/12/21 19:40:46 ET
Table 'Gawain' 2-max Seat #2 is the button
Seat 1: BigYelloFish ($124.33 in chips)
Seat 2: simper11 ($276.77 in chips)
simper11: posts small blind $1
BigYelloFish: posts big blind $3
*** HOLE CARDS ***
simper11: raises $3 to $6
BigYelloFish: raises $3 to $9
simper11: calls $3
*** FLOP *** [Tc Qd 3s]
BigYelloFish: bets $3
simper11: calls $3
*** TURN *** [Tc Qd 3s] [4d]
BigYelloFish: bets $6
simper11: raises $6 to $12
BigYelloFish: folds
Uncalled bet ($6) returned to simper11
simper11 collected $35.50 from pot
simper11: doesn't show hand
*** SUMMARY ***
Total pot $36 | Rake $0.50
Board [Tc Qd 3s 4d]
Seat 1: BigYelloFish (big blind) folded on the Turn
Seat 2: simper11 (button) (small blind) collected ($35.50)


PokerStars Hand #145716558227:  Hold'em Limit ($3/$6 USD) - 2015/12/21 19:40:57 ET
Table 'Gawain' 2-max Seat #1 is the button
Seat 1: BigYelloFish ($106.33 in chips)
Seat 2: simper11 ($294.27 in chips)
BigYelloFish: posts small blind $1
simper11: posts big blind $3
*** HOLE CARDS ***
BigYelloFish: raises $3 to $6
simper11: calls $3
*** FLOP *** [Th Ad Qd]
simper11: checks
BigYelloFish: bets $3
simper11: calls $3
*** TURN *** [Th Ad Qd] [5h]
simper11: checks
BigYelloFish: checks
*** RIVER *** [Th Ad Qd 5h] [2c]
simper11: bets $6
BigYelloFish: folds
Uncalled bet ($6) returned to simper11
simper11 collected $17.64 from pot
simper11: doesn't show hand
*** SUMMARY ***
Total pot $18 | Rake $0.36
Board [Th Ad Qd 5h 2c]
Seat 1: BigYelloFish (button) (small blind) folded on the River
Seat 2: simper11 (big blind) collected ($17.64)


PokerStars Hand #145716574887:  Hold'em Limit ($3/$6 USD) - 2015/12/21 19:41:24 ET
Table 'Gawain' 2-max Seat #1 is the button
Seat 1: BigYelloFish ($82.33 in chips)
Seat 2: simper11 ($317.41 in chips)
BigYelloFish: posts small blind $1
simper11: posts big blind $3
*** HOLE CARDS ***
BigYelloFish: raises $3 to $6
simper11: folds
Uncalled bet ($3) returned to BigYelloFish
BigYelloFish collected $6 from pot
BigYelloFish: doesn't show hand
*** SUMMARY ***
Total pot $6 | Rake $0
Seat 1: BigYelloFish (button) (small blind) collected ($6)
Seat 2: simper11 (big blind) folded before Flop


PokerStars Hand #145716565499:  Hold'em Limit ($3/$6 USD) - 2015/12/21 19:41:09 ET
Table 'Gawain' 2-max Seat #2 is the button
Seat 1: BigYelloFish ($97.33 in chips)
Seat 2: simper11 ($302.91 in chips)
simper11: posts small blind $1
BigYelloFish: posts big blind $3
*** HOLE CARDS ***
simper11: raises $3 to $6
BigYelloFish: calls $3
*** FLOP *** [5h 8c 2c]
BigYelloFish: checks
simper11: bets $3
BigYelloFish: calls $3
*** TURN *** [5h 8c 2c] [6h]
BigYelloFish: checks
simper11: bets $6
BigYelloFish: calls $6
*** RIVER *** [5h 8c 2c 6h] [5c]
BigYelloFish: checks
simper11: bets $6
BigYelloFish: folds
Uncalled bet ($6) returned to simper11
simper11 collected $29.50 from pot
simper11: doesn't show hand
*** SUMMARY ***
Total pot $30 | Rake $0.50
Board [5h 8c 2c 6h 5c]
Seat 1: BigYelloFish (big blind) folded on the River
Seat 2: simper11 (button) (small blind) collected ($29.50)


PokerStars Hand #145716592467:  Hold'em Limit ($3/$6 USD) - 2015/12/21 19:41:52 ET
Table 'Gawain' 2-max Seat #1 is the button
Seat 1: BigYelloFish ($88.09 in chips)
Seat 2: simper11 ($311.17 in chips)
BigYelloFish: posts small blind $1
simper11: posts big blind $3
*** HOLE CARDS ***
BigYelloFish: raises $3 to $6
simper11: folds
Uncalled bet ($3) returned to BigYelloFish
BigYelloFish collected $6 from pot
BigYelloFish: doesn't show hand
*** SUMMARY ***
Total pot $6 | Rake $0
Seat 1: BigYelloFish (button) (small blind) collected ($6)
Seat 2: simper11 (big blind) folded before Flop


PokerStars Hand #145716586812:  Hold'em Limit ($3/$6 USD) - 2015/12/21 19:41:43 ET
Table 'Gawain' 2-max Seat #2 is the button
Seat 1: BigYelloFish ($94.09 in chips)
Seat 2: simper11 ($305.41 in chips)
simper11: posts small blind $1
BigYelloFish: posts big blind $3
*** HOLE CARDS ***
simper11: raises $3 to $6
BigYelloFish: calls $3
*** FLOP *** [Ts 9h 8c]
BigYelloFish: checks
simper11: checks
*** TURN *** [Ts 9h 8c] [5d]
BigYelloFish: checks
simper11: bets $6
BigYelloFish: folds
Uncalled bet ($6) returned to simper11
simper11 collected $11.76 from pot
simper11: doesn't show hand
*** SUMMARY ***
Total pot $12 | Rake $0.24
Board [Ts 9h 8c 5d]
Seat 1: BigYelloFish (big blind) folded on the Turn
Seat 2: simper11 (button) (small blind) collected ($11.76)


PokerStars Hand #145716584236:  Hold'em Limit ($3/$6 USD) - 2015/12/21 19:41:39 ET
Table 'Gawain' 2-max Seat #1 is the button
Seat 1: BigYelloFish ($91.09 in chips)
Seat 2: simper11 ($308.41 in chips)
BigYelloFish: posts small blind $1
simper11: posts big blind $3
*** HOLE CARDS ***
BigYelloFish: raises $3 to $6
simper11: folds
Uncalled bet ($3) returned to BigYelloFish
BigYelloFish collected $6 from pot
BigYelloFish: doesn't show hand
*** SUMMARY ***
Total pot $6 | Rake $0
Seat 1: BigYelloFish (button) (small blind) collected ($6)
Seat 2: simper11 (big blind) folded before Flop


PokerStars Hand #145716577623:  Hold'em Limit ($3/$6 USD) - 2015/12/21 19:41:29 ET
Table 'Gawain' 2-max Seat #2 is the button
Seat 1: BigYelloFish ($85.33 in chips)
Seat 2: simper11 ($314.41 in chips)
simper11: posts small blind $1
BigYelloFish: posts big blind $3
*** HOLE CARDS ***
simper11: raises $3 to $6
BigYelloFish: calls $3
*** FLOP *** [9h 4h 8d]
BigYelloFish: checks
simper11: checks
*** TURN *** [9h 4h 8d] [7c]
BigYelloFish: bets $6
simper11: folds
Uncalled bet ($6) returned to BigYelloFish
BigYelloFish collected $11.76 from pot
BigYelloFish: doesn't show hand
*** SUMMARY ***
Total pot $12 | Rake $0.24
Board [9h 4h 8d 7c]
Seat 1: BigYelloFish (big blind) collected ($11.76)
Seat 2: simper11 (button) (small blind) folded on the Turn


PokerStars Hand #145716595179:  Hold'em Limit ($3/$6 USD) - 2015/12/21 19:41:57 ET
Table 'Gawain' 2-max Seat #2 is the button
Seat 1: BigYelloFish ($91.09 in chips)
Seat 2: simper11 ($308.17 in chips)
simper11: posts small blind $1
BigYelloFish: posts big blind $3
*** HOLE CARDS ***
simper11: raises $3 to $6
BigYelloFish: raises $3 to $9
simper11: calls $3
*** FLOP *** [Kc Ac Tc]
BigYelloFish: bets $3
simper11: calls $3
*** TURN *** [Kc Ac Tc] [2s]
BigYelloFish: checks
simper11: bets $6
BigYelloFish: calls $6
*** RIVER *** [Kc Ac Tc 2s] [2c]
BigYelloFish: checks
simper11: bets $6
BigYelloFish: folds
Uncalled bet ($6) returned to simper11
simper11 collected $35.50 from pot
simper11: doesn't show hand
*** SUMMARY ***
Total pot $36 | Rake $0.50
Board [Kc Ac Tc 2s 2c]
Seat 1: BigYelloFish (big blind) folded on the River
Seat 2: simper11 (button) (small blind) collected ($35.50)


PokerStars Hand #145716629422:  Hold'em Limit ($3/$6 USD) - 2015/12/21 19:42:50 ET
Table 'Gawain' 2-max Seat #1 is the button
Seat 1: BigYelloFish ($76.35 in chips)
Seat 2: simper11 ($321.17 in chips)
BigYelloFish: posts small blind $1
simper11: posts big blind $3
*** HOLE CARDS ***
BigYelloFish: raises $3 to $6
simper11: calls $3
*** FLOP *** [5s 2s 4c]
simper11: checks
BigYelloFish: checks
*** TURN *** [5s 2s 4c] [3c]
simper11: bets $6
BigYelloFish: folds
Uncalled bet ($6) returned to simper11
simper11 collected $11.76 from pot
simper11: doesn't show hand
*** SUMMARY ***
Total pot $12 | Rake $0.24
Board [5s 2s 4c 3c]
Seat 1: BigYelloFish (button) (small blind) folded on the Turn
Seat 2: simper11 (big blind) collected ($11.76)


PokerStars Hand #145716626675:  Hold'em Limit ($3/$6 USD) - 2015/12/21 19:42:45 ET
Table 'Gawain' 2-max Seat #2 is the button
Seat 1: BigYelloFish ($75.35 in chips)
Seat 2: simper11 ($322.17 in chips)
simper11: posts small blind $1
BigYelloFish: posts big blind $3
*** HOLE CARDS ***
simper11: folds
Uncalled bet ($2) returned to BigYelloFish
BigYelloFish collected $2 from pot
BigYelloFish: doesn't show hand
*** SUMMARY ***
Total pot $2 | Rake $0
Seat 1: BigYelloFish (big blind) collected ($2)
Seat 2: simper11 (button) (small blind) folded before Flop


PokerStars Hand #145716621938:  Hold'em Limit ($3/$6 USD) - 2015/12/21 19:42:38 ET
Table 'Gawain' 2-max Seat #1 is the button
Seat 1: BigYelloFish ($69.59 in chips)
Seat 2: simper11 ($328.17 in chips)
BigYelloFish: posts small blind $1
simper11: posts big blind $3
*** HOLE CARDS ***
BigYelloFish: raises $3 to $6
simper11: calls $3
*** FLOP *** [Ts Td 3c]
simper11: checks
BigYelloFish: bets $3
simper11: folds
Uncalled bet ($3) returned to BigYelloFish
BigYelloFish collected $11.76 from pot
BigYelloFish: doesn't show hand
*** SUMMARY ***
Total pot $12 | Rake $0.24
Board [Ts Td 3c]
Seat 1: BigYelloFish (button) (small blind) collected ($11.76)
Seat 2: simper11 (big blind) folded on the Flop


PokerStars Hand #145716613381:  Hold'em Limit ($3/$6 USD) - 2015/12/21 19:42:24 ET
Table 'Gawain' 2-max Seat #2 is the button
Seat 1: BigYelloFish ($55.09 in chips)
Seat 2: simper11 ($343.17 in chips)
simper11: posts small blind $1
BigYelloFish: posts big blind $3
*** HOLE CARDS ***
simper11: raises $3 to $6
BigYelloFish: calls $3
*** FLOP *** [5s 3d Qs]
BigYelloFish: checks
simper11: bets $3
BigYelloFish: calls $3
*** TURN *** [5s 3d Qs] [9s]
BigYelloFish: checks
simper11: checks
*** RIVER *** [5s 3d Qs 9s] [Jd]
BigYelloFish: bets $6
simper11: calls $6
*** SHOW DOWN ***
BigYelloFish: shows [3c 5h] (two pair, Fives and Threes)
simper11: mucks hand
BigYelloFish collected $29.50 from pot
*** SUMMARY ***
Total pot $30 | Rake $0.50
Board [5s 3d Qs 9s Jd]
Seat 1: BigYelloFish (big blind) showed [3c 5h] and won ($29.50) with two pair, Fives and Threes
Seat 2: simper11 (button) (small blind) mucked


PokerStars Hand #145716604572:  Hold'em Limit ($3/$6 USD) - 2015/12/21 19:42:10 ET
Table 'Gawain' 2-max Seat #1 is the button
Seat 1: BigYelloFish ($73.09 in chips)
Seat 2: simper11 ($325.67 in chips)
BigYelloFish: posts small blind $1
simper11: posts big blind $3
*** HOLE CARDS ***
BigYelloFish: raises $3 to $6
simper11: raises $3 to $9
BigYelloFish: calls $3
*** FLOP *** [2d 4s 7h]
simper11: bets $3
BigYelloFish: calls $3
*** TURN *** [2d 4s 7h] [Ah]
simper11: bets $6
BigYelloFish: calls $6
*** RIVER *** [2d 4s 7h Ah] [Td]
simper11: bets $6
BigYelloFish: folds
Uncalled bet ($6) returned to simper11
simper11 collected $35.50 from pot
simper11: doesn't show hand
*** SUMMARY ***
Total pot $36 | Rake $0.50
Board [2d 4s 7h Ah Td]
Seat 1: BigYelloFish (button) (small blind) folded on the River
Seat 2: simper11 (big blind) collected ($35.50)


PokerStars Hand #145716657457:  Hold'em Limit ($3/$6 USD) - 2015/12/21 19:43:34 ET
Table 'Gawain' 2-max Seat #2 is the button
Seat 1: BigYelloFish ($90.61 in chips)
Seat 2: simper11 ($305.93 in chips)
simper11: posts small blind $1
BigYelloFish: posts big blind $3
*** HOLE CARDS ***
simper11: folds
Uncalled bet ($2) returned to BigYelloFish
BigYelloFish collected $2 from pot
BigYelloFish: doesn't show hand
*** SUMMARY ***
Total pot $2 | Rake $0
Seat 1: BigYelloFish (big blind) collected ($2)
Seat 2: simper11 (button) (small blind) folded before Flop


PokerStars Hand #145716651486:  Hold'em Limit ($3/$6 USD) - 2015/12/21 19:43:24 ET
Table 'Gawain' 2-max Seat #1 is the button
Seat 1: BigYelloFish ($84.85 in chips)
Seat 2: simper11 ($311.93 in chips)
BigYelloFish: posts small blind $1
simper11: posts big blind $3
*** HOLE CARDS ***
BigYelloFish: raises $3 to $6
simper11: calls $3
*** FLOP *** [4d 9h Ah]
simper11: checks
BigYelloFish: bets $3
simper11: folds
Uncalled bet ($3) returned to BigYelloFish
BigYelloFish collected $11.76 from pot
BigYelloFish: doesn't show hand
*** SUMMARY ***
Total pot $12 | Rake $0.24
Board [4d 9h Ah]
Seat 1: BigYelloFish (button) (small blind) collected ($11.76)
Seat 2: simper11 (big blind) folded on the Flop


PokerStars Hand #145716635304:  Hold'em Limit ($3/$6 USD) - 2015/12/21 19:42:59 ET
Table 'Gawain' 2-max Seat #2 is the button
Seat 1: BigYelloFish ($70.35 in chips)
Seat 2: simper11 ($326.93 in chips)
simper11: posts small blind $1
BigYelloFish: posts big blind $3
*** HOLE CARDS ***
simper11: raises $3 to $6
BigYelloFish: calls $3
*** FLOP *** [3s 3c 7s]
BigYelloFish: checks
simper11: bets $3
BigYelloFish: calls $3
*** TURN *** [3s 3c 7s] [3d]
BigYelloFish: checks
simper11: bets $6
BigYelloFish: calls $6
*** RIVER *** [3s 3c 7s 3d] [9c]
BigYelloFish: checks
simper11: checks
*** SHOW DOWN ***
BigYelloFish: shows [5s Kc] (three of a kind, Threes)
simper11: mucks hand
BigYelloFish collected $29.50 from pot
*** SUMMARY ***
Total pot $30 | Rake $0.50
Board [3s 3c 7s 3d 9c]
Seat 1: BigYelloFish (big blind) showed [5s Kc] and won ($29.50) with three of a kind, Threes
Seat 2: simper11 (button) (small blind) mucked


PokerStars Hand #145716660135:  Hold'em Limit ($3/$6 USD) - 2015/12/21 19:43:38 ET
Table 'Gawain' 2-max Seat #1 is the button
Seat 1: BigYelloFish ($91.61 in chips)
Seat 2: simper11 ($304.93 in chips)
BigYelloFish: posts small blind $1
simper11: posts big blind $3
*** HOLE CARDS ***
BigYelloFish: raises $3 to $6
simper11: folds
Uncalled bet ($3) returned to BigYelloFish
BigYelloFish collected $6 from pot
BigYelloFish: doesn't show hand
*** SUMMARY ***
Total pot $6 | Rake $0
Seat 1: BigYelloFish (button) (small blind) collected ($6)
Seat 2: simper11 (big blind) folded before Flop


