PokerStars Hand #169480358771:  Hold'em Limit ($3/$6 USD) - 2017/04/24 1:54:30 ET
Table 'Gedania' 6-max Seat #3 is the button
Seat 3: Agrotait ($72 in chips)
Seat 5: MTails ($120 in chips)
Agrotait: posts small blind $1
MTails: posts big blind $3
*** HOLE CARDS ***
Agrotait: raises $3 to $6
MTails: calls $3
*** FLOP *** [7h 3h 8s]
MTails: checks
TbIP-TbIP 88 leaves the table
Agrotait: checks
*** TURN *** [7h 3h 8s] [4h]
MTails: bets $6
Agrotait: calls $6
*** RIVER *** [7h 3h 8s 4h] [Tc]
MTails: checks
Agrotait: checks
*** SHOW DOWN ***
MTails: shows [Jc Ks] (high card King)
Agrotait: shows [Ac 6c] (high card Ace)
Agrotait collected $23.52 from pot
*** SUMMARY ***
Total pot $24 | Rake $0.48
Board [7h 3h 8s 4h Tc]
Seat 3: Agrotait (button) (small blind) showed [Ac 6c] and won ($23.52) with high card Ace
Seat 5: MTails (big blind) showed [Jc Ks] and lost with high card King


PokerStars Hand #169480373214:  Hold'em Limit ($3/$6 USD) - 2017/04/24 1:55:35 ET
Table 'Gedania' 6-max Seat #3 is the button
Seat 3: Agrotait ($101.02 in chips)
Seat 5: MTails ($90 in chips)
Agrotait: posts small blind $1
MTails: posts big blind $3
*** HOLE CARDS ***
Agrotait: raises $3 to $6
MTails: calls $3
*** FLOP *** [8c 4s 7s]
MTails: checks
Agrotait: bets $3
MTails: calls $3
*** TURN *** [8c 4s 7s] [4d]
MTails: checks
Agrotait: checks
*** RIVER *** [8c 4s 7s 4d] [5h]
MTails: bets $6
Agrotait: raises $6 to $12
MTails: folds
Uncalled bet ($6) returned to Agrotait
Agrotait collected $29.50 from pot
Agrotait: doesn't show hand
*** SUMMARY ***
Total pot $30 | Rake $0.50
Board [8c 4s 7s 4d 5h]
Seat 3: Agrotait (button) (small blind) collected ($29.50)
Seat 5: MTails (big blind) folded on the River


PokerStars Hand #169480368395:  Hold'em Limit ($3/$6 USD) - 2017/04/24 1:55:12 ET
Table 'Gedania' 6-max Seat #5 is the button
Seat 3: Agrotait ($83.52 in chips)
Seat 5: MTails ($108 in chips)
MTails: posts small blind $1
Agrotait: posts big blind $3
*** HOLE CARDS ***
MTails: raises $3 to $6
Agrotait: raises $3 to $9
MTails: calls $3
*** FLOP *** [7s 5c Qd]
Agrotait: bets $3
MTails: calls $3
*** TURN *** [7s 5c Qd] [8d]
Agrotait: bets $6
MTails: calls $6
*** RIVER *** [7s 5c Qd 8d] [4h]
Agrotait: bets $6
MTails: folds
Uncalled bet ($6) returned to Agrotait
Agrotait collected $35.50 from pot
Agrotait: doesn't show hand
*** SUMMARY ***
Total pot $36 | Rake $0.50
Board [7s 5c Qd 8d 4h]
Seat 3: Agrotait (big blind) collected ($35.50)
Seat 5: MTails (button) (small blind) folded on the River


PokerStars Hand #169480378577:  Hold'em Limit ($3/$6 USD) - 2017/04/24 1:56:01 ET
Table 'Gedania' 6-max Seat #5 is the button
Seat 3: Agrotait ($115.52 in chips)
Seat 5: MTails ($135 in chips)
MTails: posts small blind $1
Agrotait: posts big blind $3
*** HOLE CARDS ***
MTails: raises $3 to $6
Agrotait: calls $3
*** FLOP *** [Ks Ac 5h]
Agrotait: checks
MTails: bets $3
Agrotait: calls $3
*** TURN *** [Ks Ac 5h] [3c]
Agrotait: checks
MTails: bets $6
Agrotait: folds
Uncalled bet ($6) returned to MTails
MTails collected $17.64 from pot
Agrotait leaves the table
*** SUMMARY ***
Total pot $18 | Rake $0.36
Board [Ks Ac 5h 3c]
Seat 3: Agrotait (big blind) folded on the Turn
Seat 5: MTails (button) (small blind) collected ($17.64)


