PokerStars Hand #152439558939:  Hold'em Limit ($3/$6 USD) - 2016/04/25 15:46:15 ET
Table 'Gedania' 6-max Seat #2 is the button
Seat 2: LEXA425 ($77.07 in chips)
Seat 6: BADEXTASY ($300.35 in chips)
LEXA425: posts small blind $1
GRAILKO: is sitting out
BADEXTASY: posts big blind $3
*** HOLE CARDS ***
LEXA425: raises $3 to $6
GRAILKO leaves the table
BADEXTASY: calls $3
*** FLOP *** [Ad Jd 8c]
BADEXTASY: checks
LEXA425: bets $3
BADEXTASY: calls $3
*** TURN *** [Ad Jd 8c] [Jh]
BADEXTASY: checks
LEXA425: checks
*** RIVER *** [Ad Jd 8c Jh] [Qd]
BADEXTASY: bets $6
LEXA425: calls $6
*** SHOW DOWN ***
BADEXTASY: shows [Ah 4h] (two pair, Aces and Jacks)
LEXA425: shows [6c Ac] (two pair, Aces and Jacks)
BADEXTASY collected $14.75 from pot
LEXA425 collected $14.75 from pot
*** SUMMARY ***
Total pot $30 | Rake $0.50
Board [Ad Jd 8c Jh Qd]
Seat 2: LEXA425 (button) (small blind) showed [6c Ac] and won ($14.75) with two pair, Aces and Jacks
Seat 6: BADEXTASY (big blind) showed [Ah 4h] and won ($14.75) with two pair, Aces and Jacks


