PokerStars Hand #150231177226:  Hold'em Limit ($3/$6 USD) - 2016/03/12 8:37:35 ET
Table 'Gedania II' 6-max Seat #6 is the button
Seat 4: yayaya ($159.63 in chips)
Seat 6: Krazy90 ($254.36 in chips)
Krazy90: posts small blind $1
yayaya: posts big blind $3
*** HOLE CARDS ***
Krazy90: folds
Uncalled bet ($2) returned to yayaya
Krazy90 leaves the table
yayaya collected $2 from pot
yayaya: doesn't show hand
*** SUMMARY ***
Total pot $2 | Rake $0
Seat 4: yayaya (big blind) collected ($2)
Seat 6: Krazy90 (button) (small blind) folded before Flop


PokerStars Hand #150231170800:  Hold'em Limit ($3/$6 USD) - 2016/03/12 8:37:26 ET
Table 'Gedania II' 6-max Seat #4 is the button
Seat 4: yayaya ($156.63 in chips)
Seat 6: Krazy90 ($257.36 in chips)
yayaya: posts small blind $1
Krazy90: posts big blind $3
*** HOLE CARDS ***
yayaya: raises $3 to $6
Krazy90: folds
Uncalled bet ($3) returned to yayaya
yayaya collected $6 from pot
yayaya: doesn't show hand
*** SUMMARY ***
Total pot $6 | Rake $0
Seat 4: yayaya (button) (small blind) collected ($6)
Seat 6: Krazy90 (big blind) folded before Flop


PokerStars Hand #150231159092:  Hold'em Limit ($3/$6 USD) - 2016/03/12 8:37:08 ET
Table 'Gedania II' 6-max Seat #6 is the button
Seat 4: yayaya ($142.13 in chips)
Seat 6: Krazy90 ($272.36 in chips)
Krazy90: posts small blind $1
yayaya: posts big blind $3
*** HOLE CARDS ***
Krazy90: raises $3 to $6
yayaya: calls $3
*** FLOP *** [Jh 5s 9s]
Arsenavet leaves the table
yayaya: checks
Krazy90: bets $3
yayaya: calls $3
*** TURN *** [Jh 5s 9s] [Tc]
yayaya: checks
Krazy90: checks
*** RIVER *** [Jh 5s 9s Tc] [Qd]
yayaya: bets $6
Krazy90: calls $6
*** SHOW DOWN ***
yayaya: shows [4h Kh] (a straight, Nine to King)
Krazy90: mucks hand
yayaya collected $29.50 from pot
*** SUMMARY ***
Total pot $30 | Rake $0.50
Board [Jh 5s 9s Tc Qd]
Seat 4: yayaya (big blind) showed [4h Kh] and won ($29.50) with a straight, Nine to King
Seat 6: Krazy90 (button) (small blind) mucked


