PokerStars Hand #171678640739:  Hold'em Limit ($3/$6 USD) - 2017/06/12 10:21:25 ET
Table 'Gedania' 6-max Seat #3 is the button
Seat 1: popesxxx ($20.44 in chips)
Seat 3: Ale4o ($122.34 in chips)
Ale4o: posts small blind $1
popesxxx: posts big blind $3
*** HOLE CARDS ***
Ale4o: folds
Uncalled bet ($2) returned to popesxxx
popesxxx collected $2 from pot
*** SUMMARY ***
Total pot $2 | Rake $0
Seat 1: popesxxx (big blind) collected ($2)
Seat 3: Ale4o (button) (small blind) folded before Flop


PokerStars Hand #171678638228:  Hold'em Limit ($3/$6 USD) - 2017/06/12 10:21:21 ET
Table 'Gedania' 6-max Seat #1 is the button
Seat 1: popesxxx ($21.44 in chips)
Seat 3: Ale4o ($121.34 in chips)
popesxxx: posts small blind $1
MTails: is sitting out
Ale4o: posts big blind $3
*** HOLE CARDS ***
popesxxx: folds
Uncalled bet ($2) returned to Ale4o
Ale4o collected $2 from pot
Ale4o: doesn't show hand
*** SUMMARY ***
Total pot $2 | Rake $0
Seat 1: popesxxx (button) (small blind) folded before Flop
Seat 3: Ale4o (big blind) collected ($2)


