PokerStars Hand #153134251331:  Hold'em Limit ($3/$6 USD) - 2016/05/10 17:42:38 ET
Table 'Gefion' 6-max Seat #2 is the button
Seat 2: TheRivRat22 ($99 in chips)
Seat 5: TinaTurner72 ($140.50 in chips)
TheRivRat22: posts small blind $1
TinaTurner72: posts big blind $3
*** HOLE CARDS ***
TheRivRat22: folds
Uncalled bet ($2) returned to TinaTurner72
TinaTurner72 collected $2 from pot
TinaTurner72: doesn't show hand
*** SUMMARY ***
Total pot $2 | Rake $0
Seat 2: TheRivRat22 (button) (small blind) folded before Flop
Seat 5: TinaTurner72 (big blind) collected ($2)


PokerStars Hand #153134255808:  Hold'em Limit ($3/$6 USD) - 2016/05/10 17:42:43 ET
Table 'Gefion' 6-max Seat #5 is the button
Seat 2: TheRivRat22 ($98 in chips)
Seat 5: TinaTurner72 ($141.50 in chips)
TinaTurner72: posts small blind $1
TheRivRat22: posts big blind $3
*** HOLE CARDS ***
TinaTurner72: raises $3 to $6
TheRivRat22: calls $3
*** FLOP *** [5d 3s 4h]
TheRivRat22: checks
TinaTurner72: bets $3
TheRivRat22: folds
Uncalled bet ($3) returned to TinaTurner72
TinaTurner72 collected $11.76 from pot
TinaTurner72: doesn't show hand
*** SUMMARY ***
Total pot $12 | Rake $0.24
Board [5d 3s 4h]
Seat 2: TheRivRat22 (big blind) folded on the Flop
Seat 5: TinaTurner72 (button) (small blind) collected ($11.76)


PokerStars Hand #153134279066:  Hold'em Limit ($3/$6 USD) - 2016/05/10 17:43:10 ET
Table 'Gefion' 6-max Seat #2 is the button
Seat 2: TheRivRat22 ($92 in chips)
Seat 5: TinaTurner72 ($147.26 in chips)
TheRivRat22: posts small blind $1
TinaTurner72: posts big blind $3
*** HOLE CARDS ***
TheRivRat22: calls $2
TinaTurner72: checks
*** FLOP *** [Ts Ad Qs]
TinaTurner72: checks
TheRivRat22: checks
*** TURN *** [Ts Ad Qs] [Jd]
TinaTurner72: checks
TheRivRat22: checks
*** RIVER *** [Ts Ad Qs Jd] [3h]
TinaTurner72: checks
TheRivRat22: bets $6
ABATAPP joins the table at seat #3
TinaTurner72: folds
Uncalled bet ($6) returned to TheRivRat22
TheRivRat22 collected $5.88 from pot
TheRivRat22: doesn't show hand
*** SUMMARY ***
Total pot $6 | Rake $0.12
Board [Ts Ad Qs Jd 3h]
Seat 2: TheRivRat22 (button) (small blind) collected ($5.88)
Seat 5: TinaTurner72 (big blind) folded on the River


PokerStars Hand #153134321227:  Hold'em Limit ($3/$6 USD) - 2016/05/10 17:43:59 ET
Table 'Gefion' 6-max Seat #5 is the button
Seat 2: TheRivRat22 ($94.88 in chips)
Seat 5: TinaTurner72 ($144.26 in chips)
TinaTurner72: posts small blind $1
TheRivRat22: posts big blind $3
*** HOLE CARDS ***
TinaTurner72: raises $3 to $6
TheRivRat22: raises $3 to $9
TinaTurner72: calls $3
*** FLOP *** [9h Kc Qd]
TheRivRat22: bets $3
TinaTurner72: folds
Uncalled bet ($3) returned to TheRivRat22
TheRivRat22 collected $17.64 from pot
TheRivRat22: doesn't show hand
*** SUMMARY ***
Total pot $18 | Rake $0.36
Board [9h Kc Qd]
Seat 2: TheRivRat22 (big blind) collected ($17.64)
Seat 5: TinaTurner72 (button) (small blind) folded on the Flop


PokerStars Hand #153134792225:  Hold'em Limit ($3/$6 USD) - 2016/05/10 17:53:14 ET
Table 'Gefion' 6-max Seat #5 is the button
Seat 3: ABATAPP ($204.12 in chips)
Seat 5: TinaTurner72 ($74.41 in chips)
TinaTurner72: posts small blind $1
ABATAPP: posts big blind $3
*** HOLE CARDS ***
TinaTurner72: raises $3 to $6
ABATAPP: calls $3
*** FLOP *** [7h Qd 7d]
ABATAPP: checks
TinaTurner72: bets $3
ABATAPP: calls $3
*** TURN *** [7h Qd 7d] [Qc]
ABATAPP: checks
TinaTurner72: checks
*** RIVER *** [7h Qd 7d Qc] [Kc]
ABATAPP: checks
TinaTurner72: checks
*** SHOW DOWN ***
ABATAPP: shows [Th 8h] (two pair, Queens and Sevens)
TinaTurner72: shows [3h Ts] (two pair, Queens and Sevens)
ABATAPP collected $8.82 from pot
TinaTurner72 collected $8.82 from pot
*** SUMMARY ***
Total pot $18 | Rake $0.36
Board [7h Qd 7d Qc Kc]
Seat 3: ABATAPP (big blind) showed [Th 8h] and won ($8.82) with two pair, Queens and Sevens
Seat 5: TinaTurner72 (button) (small blind) showed [3h Ts] and won ($8.82) with two pair, Queens and Sevens


