PokerStars Hand #153244408829:  Hold'em Limit ($3/$6 USD) - 2016/05/13 6:03:23 ET
Table 'Geisei' 6-max Seat #1 is the button
Seat 1: KUZNEC111 ($94.12 in chips)
Seat 2: Agrotait ($72 in chips)
KUZNEC111: posts small blind $1
TbIP-TbIP 88 joins the table at seat #3
Agrotait: posts big blind $3
*** HOLE CARDS ***
KUZNEC111: calls $2
Agrotait: checks
*** FLOP *** [Kc 7h Jh]
Agrotait: bets $3
KUZNEC111: calls $3
*** TURN *** [Kc 7h Jh] [9h]
Agrotait: checks
KUZNEC111: checks
*** RIVER *** [Kc 7h Jh 9h] [8s]
Agrotait: checks
KUZNEC111: checks
*** SHOW DOWN ***
Agrotait: shows [Qd 8h] (a pair of Eights)
KUZNEC111: mucks hand
Agrotait collected $11.76 from pot
*** SUMMARY ***
Total pot $12 | Rake $0.24
Board [Kc 7h Jh 9h 8s]
Seat 1: KUZNEC111 (button) (small blind) mucked
Seat 2: Agrotait (big blind) showed [Qd 8h] and won ($11.76) with a pair of Eights


PokerStars Hand #153244674464:  Hold'em Limit ($3/$6 USD) - 2016/05/13 6:14:42 ET
Table 'Geisei' 6-max Seat #2 is the button
Seat 2: Agrotait ($79.46 in chips)
Seat 4: otto ($135.99 in chips)
Agrotait: posts small blind $1
TbIP-TbIP 88: is sitting out
otto: posts big blind $3
*** HOLE CARDS ***
Agrotait: raises $3 to $6
otto: calls $3
*** FLOP *** [Th 6s 9s]
otto: checks
Agrotait: bets $3
otto: calls $3
*** TURN *** [Th 6s 9s] [As]
otto: checks
Agrotait: bets $6
otto: calls $6
*** RIVER *** [Th 6s 9s As] [Ah]
otto: checks
Agrotait: checks
*** SHOW DOWN ***
otto: shows [9d Kd] (two pair, Aces and Nines)
Agrotait: mucks hand
otto collected $29.50 from pot
*** SUMMARY ***
Total pot $30 | Rake $0.50
Board [Th 6s 9s As Ah]
Seat 2: Agrotait (button) (small blind) mucked
Seat 4: otto (big blind) showed [9d Kd] and won ($29.50) with two pair, Aces and Nines


PokerStars Hand #153244701784:  Hold'em Limit ($3/$6 USD) - 2016/05/13 6:15:51 ET
Table 'Geisei' 6-max Seat #1 is the button
Seat 1: KUZNEC111 ($135.91 in chips)
Seat 2: TbIP-TbIP 88 ($72 in chips)
KUZNEC111: posts small blind $1
TbIP-TbIP 88: posts big blind $3
*** HOLE CARDS ***
KUZNEC111: raises $3 to $6
TbIP-TbIP 88: calls $3
*** FLOP *** [6h 2c 8h]
TbIP-TbIP 88: checks
KUZNEC111: checks
*** TURN *** [6h 2c 8h] [9h]
TbIP-TbIP 88: bets $6
KUZNEC111: calls $6
*** RIVER *** [6h 2c 8h 9h] [7c]
TbIP-TbIP 88: checks
KUZNEC111: checks
*** SHOW DOWN ***
TbIP-TbIP 88: shows [9c Jc] (a pair of Nines)
KUZNEC111: mucks hand
TbIP-TbIP 88 collected $23.52 from pot
*** SUMMARY ***
Total pot $24 | Rake $0.48
Board [6h 2c 8h 9h 7c]
Seat 1: KUZNEC111 (button) (small blind) mucked
Seat 2: TbIP-TbIP 88 (big blind) showed [9c Jc] and won ($23.52) with a pair of Nines


PokerStars Hand #153244709472:  Hold'em Limit ($3/$6 USD) - 2016/05/13 6:16:10 ET
Table 'Geisei' 6-max Seat #2 is the button
Seat 1: KUZNEC111 ($123.91 in chips)
Seat 2: TbIP-TbIP 88 ($83.52 in chips)
TbIP-TbIP 88: posts small blind $1
KUZNEC111: posts big blind $3
*** HOLE CARDS ***
TbIP-TbIP 88: raises $3 to $6
KUZNEC111: calls $3
*** FLOP *** [2h 5h 2c]
KUZNEC111: checks
TbIP-TbIP 88: bets $3
KUZNEC111: calls $3
*** TURN *** [2h 5h 2c] [Qh]
KUZNEC111: checks
TbIP-TbIP 88: checks
*** RIVER *** [2h 5h 2c Qh] [4h]
KUZNEC111: checks
TbIP-TbIP 88: checks
*** SHOW DOWN ***
KUZNEC111: shows [Th 6d] (a flush, Queen high)
TbIP-TbIP 88: mucks hand
KUZNEC111 collected $17.64 from pot
*** SUMMARY ***
Total pot $18 | Rake $0.36
Board [2h 5h 2c Qh 4h]
Seat 1: KUZNEC111 (big blind) showed [Th 6d] and won ($17.64) with a flush, Queen high
Seat 2: TbIP-TbIP 88 (button) (small blind) mucked


PokerStars Hand #153244723076:  Hold'em Limit ($3/$6 USD) - 2016/05/13 6:16:44 ET
Table 'Geisei' 6-max Seat #1 is the button
Seat 1: KUZNEC111 ($132.55 in chips)
Seat 2: TbIP-TbIP 88 ($74.52 in chips)
KUZNEC111: posts small blind $1
TbIP-TbIP 88: posts big blind $3
*** HOLE CARDS ***
KUZNEC111: calls $2
TbIP-TbIP 88: raises $3 to $6
KUZNEC111: calls $3
*** FLOP *** [7s 3s Tc]
TbIP-TbIP 88: bets $3
KUZNEC111: calls $3
*** TURN *** [7s 3s Tc] [8h]
TbIP-TbIP 88: bets $6
KUZNEC111: calls $6
*** RIVER *** [7s 3s Tc 8h] [9s]
TbIP-TbIP 88: checks
KUZNEC111: bets $6
TbIP-TbIP 88: folds
Uncalled bet ($6) returned to KUZNEC111
KUZNEC111 collected $29.50 from pot
KUZNEC111: doesn't show hand
*** SUMMARY ***
Total pot $30 | Rake $0.50
Board [7s 3s Tc 8h 9s]
Seat 1: KUZNEC111 (button) (small blind) collected ($29.50)
Seat 2: TbIP-TbIP 88 (big blind) folded on the River


PokerStars Hand #153244732610:  Hold'em Limit ($3/$6 USD) - 2016/05/13 6:17:08 ET
Table 'Geisei' 6-max Seat #2 is the button
Seat 1: KUZNEC111 ($147.05 in chips)
Seat 2: TbIP-TbIP 88 ($72 in chips)
TbIP-TbIP 88: posts small blind $1
KUZNEC111: posts big blind $3
*** HOLE CARDS ***
TbIP-TbIP 88: raises $3 to $6
KUZNEC111: calls $3
*** FLOP *** [4d 3c Ad]
KUZNEC111: checks
TbIP-TbIP 88: bets $3
KUZNEC111: folds
Uncalled bet ($3) returned to TbIP-TbIP 88
TbIP-TbIP 88 collected $11.76 from pot
TbIP-TbIP 88: doesn't show hand
*** SUMMARY ***
Total pot $12 | Rake $0.24
Board [4d 3c Ad]
Seat 1: KUZNEC111 (big blind) folded on the Flop
Seat 2: TbIP-TbIP 88 (button) (small blind) collected ($11.76)


PokerStars Hand #153244741128:  Hold'em Limit ($3/$6 USD) - 2016/05/13 6:17:30 ET
Table 'Geisei' 6-max Seat #2 is the button
Seat 1: KUZNEC111 ($140.05 in chips)
Seat 2: TbIP-TbIP 88 ($78.76 in chips)
TbIP-TbIP 88: posts small blind $1
KUZNEC111: posts big blind $3
*** HOLE CARDS ***
TbIP-TbIP 88: folds
Uncalled bet ($2) returned to KUZNEC111
KUZNEC111 collected $2 from pot
KUZNEC111: doesn't show hand
*** SUMMARY ***
Total pot $2 | Rake $0
Seat 1: KUZNEC111 (big blind) collected ($2)
Seat 2: TbIP-TbIP 88 (button) (small blind) folded before Flop


PokerStars Hand #153244739053:  Hold'em Limit ($3/$6 USD) - 2016/05/13 6:17:24 ET
Table 'Geisei' 6-max Seat #1 is the button
Seat 1: KUZNEC111 ($141.05 in chips)
Seat 2: TbIP-TbIP 88 ($77.76 in chips)
KUZNEC111: posts small blind $1
TbIP-TbIP 88: posts big blind $3
*** HOLE CARDS ***
KUZNEC111: folds
Uncalled bet ($2) returned to TbIP-TbIP 88
TbIP-TbIP 88 collected $2 from pot
TbIP-TbIP 88: doesn't show hand
*** SUMMARY ***
Total pot $2 | Rake $0
Seat 1: KUZNEC111 (button) (small blind) folded before Flop
Seat 2: TbIP-TbIP 88 (big blind) collected ($2)


PokerStars Hand #153244743682:  Hold'em Limit ($3/$6 USD) - 2016/05/13 6:17:36 ET
Table 'Geisei' 6-max Seat #1 is the button
Seat 1: KUZNEC111 ($141.05 in chips)
Seat 2: TbIP-TbIP 88 ($77.76 in chips)
KUZNEC111: posts small blind $1
TbIP-TbIP 88: posts big blind $3
*** HOLE CARDS ***
KUZNEC111: calls $2
TbIP-TbIP 88: checks
*** FLOP *** [Jc 6h 7s]
TbIP-TbIP 88: checks
KUZNEC111: bets $3
TbIP-TbIP 88: folds
Uncalled bet ($3) returned to KUZNEC111
KUZNEC111 collected $5.88 from pot
KUZNEC111: doesn't show hand
*** SUMMARY ***
Total pot $6 | Rake $0.12
Board [Jc 6h 7s]
Seat 1: KUZNEC111 (button) (small blind) collected ($5.88)
Seat 2: TbIP-TbIP 88 (big blind) folded on the Flop


PokerStars Hand #153244752025:  Hold'em Limit ($3/$6 USD) - 2016/05/13 6:17:57 ET
Table 'Geisei' 6-max Seat #2 is the button
Seat 1: KUZNEC111 ($143.93 in chips)
Seat 2: TbIP-TbIP 88 ($74.76 in chips)
TbIP-TbIP 88: posts small blind $1
KUZNEC111: posts big blind $3
*** HOLE CARDS ***
TbIP-TbIP 88: raises $3 to $6
KUZNEC111: calls $3
*** FLOP *** [8s 8c 4c]
KUZNEC111: checks
TbIP-TbIP 88: bets $3
KUZNEC111: calls $3
*** TURN *** [8s 8c 4c] [6h]
KUZNEC111: checks
TbIP-TbIP 88: bets $6
KUZNEC111: raises $6 to $12
TbIP-TbIP 88: calls $6
*** RIVER *** [8s 8c 4c 6h] [9d]
KUZNEC111: bets $6
TbIP-TbIP 88: raises $6 to $12
KUZNEC111: raises $6 to $18
TbIP-TbIP 88: raises $6 to $24
Betting is capped
KUZNEC111: calls $6
*** SHOW DOWN ***
TbIP-TbIP 88: shows [9c 9s] (a full house, Nines full of Eights)
KUZNEC111: mucks hand
TbIP-TbIP 88 collected $89.50 from pot
*** SUMMARY ***
Total pot $90 | Rake $0.50
Board [8s 8c 4c 6h 9d]
Seat 1: KUZNEC111 (big blind) mucked
Seat 2: TbIP-TbIP 88 (button) (small blind) showed [9c 9s] and won ($89.50) with a full house, Nines full of Eights


PokerStars Hand #153244763879:  Hold'em Limit ($3/$6 USD) - 2016/05/13 6:18:27 ET
Table 'Geisei' 6-max Seat #1 is the button
Seat 1: KUZNEC111 ($98.93 in chips)
Seat 2: TbIP-TbIP 88 ($119.26 in chips)
KUZNEC111: posts small blind $1
TbIP-TbIP 88: posts big blind $3
*** HOLE CARDS ***
KUZNEC111: calls $2
TbIP-TbIP 88: checks
*** FLOP *** [Kd Js Ks]
TbIP-TbIP 88: checks
KUZNEC111: bets $3
TbIP-TbIP 88: folds
Uncalled bet ($3) returned to KUZNEC111
KUZNEC111 collected $5.88 from pot
KUZNEC111: doesn't show hand
*** SUMMARY ***
Total pot $6 | Rake $0.12
Board [Kd Js Ks]
Seat 1: KUZNEC111 (button) (small blind) collected ($5.88)
Seat 2: TbIP-TbIP 88 (big blind) folded on the Flop


PokerStars Hand #153244772937:  Hold'em Limit ($3/$6 USD) - 2016/05/13 6:18:49 ET
Table 'Geisei' 6-max Seat #1 is the button
Seat 1: KUZNEC111 ($102.81 in chips)
Seat 2: TbIP-TbIP 88 ($115.26 in chips)
KUZNEC111: posts small blind $1
TbIP-TbIP 88: posts big blind $3
*** HOLE CARDS ***
KUZNEC111: raises $3 to $6
FabronxRJ joins the table at seat #3
TbIP-TbIP 88: folds
Uncalled bet ($3) returned to KUZNEC111
KUZNEC111 collected $6 from pot
KUZNEC111: doesn't show hand
*** SUMMARY ***
Total pot $6 | Rake $0
Seat 1: KUZNEC111 (button) (small blind) collected ($6)
Seat 2: TbIP-TbIP 88 (big blind) folded before Flop


PokerStars Hand #153244770568:  Hold'em Limit ($3/$6 USD) - 2016/05/13 6:18:43 ET
Table 'Geisei' 6-max Seat #2 is the button
Seat 1: KUZNEC111 ($101.81 in chips)
Seat 2: TbIP-TbIP 88 ($116.26 in chips)
TbIP-TbIP 88: posts small blind $1
KUZNEC111: posts big blind $3
*** HOLE CARDS ***
TbIP-TbIP 88: folds
Uncalled bet ($2) returned to KUZNEC111
KUZNEC111 collected $2 from pot
KUZNEC111: doesn't show hand
*** SUMMARY ***
Total pot $2 | Rake $0
Seat 1: KUZNEC111 (big blind) collected ($2)
Seat 2: TbIP-TbIP 88 (button) (small blind) folded before Flop


PokerStars Hand #153244872864:  Hold'em Limit ($3/$6 USD) - 2016/05/13 6:22:59 ET
Table 'Geisei' 6-max Seat #2 is the button
Seat 1: KUZNEC111 ($69.81 in chips)
Seat 2: TbIP-TbIP 88 ($82.69 in chips)
TbIP-TbIP 88: posts small blind $1
Agrotait: is sitting out
KUZNEC111: posts big blind $3
*** HOLE CARDS ***
TbIP-TbIP 88: raises $3 to $6
KUZNEC111: calls $3
*** FLOP *** [6h Kh 8s]
KUZNEC111: checks
TbIP-TbIP 88: bets $3
KUZNEC111: calls $3
*** TURN *** [6h Kh 8s] [5c]
KUZNEC111: checks
TbIP-TbIP 88: checks
*** RIVER *** [6h Kh 8s 5c] [9d]
KUZNEC111: checks
TbIP-TbIP 88: checks
*** SHOW DOWN ***
KUZNEC111: shows [3h 3s] (a pair of Threes)
TbIP-TbIP 88: mucks hand
KUZNEC111 collected $17.64 from pot
*** SUMMARY ***
Total pot $18 | Rake $0.36
Board [6h Kh 8s 5c 9d]
Seat 1: KUZNEC111 (big blind) showed [3h 3s] and won ($17.64) with a pair of Threes
Seat 2: TbIP-TbIP 88 (button) (small blind) mucked


PokerStars Hand #153244890295:  Hold'em Limit ($3/$6 USD) - 2016/05/13 6:23:42 ET
Table 'Geisei' 6-max Seat #1 is the button
Seat 1: KUZNEC111 ($78.45 in chips)
Seat 2: TbIP-TbIP 88 ($73.69 in chips)
KUZNEC111: posts small blind $1
TbIP-TbIP 88: posts big blind $3
*** HOLE CARDS ***
KUZNEC111: raises $3 to $6
Agrotait leaves the table
TbIP-TbIP 88: raises $3 to $9
KUZNEC111: calls $3
*** FLOP *** [2h 9c Jd]
TbIP-TbIP 88: bets $3
KUZNEC111: calls $3
*** TURN *** [2h 9c Jd] [7h]
TbIP-TbIP 88: bets $6
KUZNEC111: calls $6
*** RIVER *** [2h 9c Jd 7h] [5d]
TbIP-TbIP 88: bets $6
KUZNEC111: calls $6
*** SHOW DOWN ***
TbIP-TbIP 88: shows [Kc Ks] (a pair of Kings)
KUZNEC111: mucks hand
TbIP-TbIP 88 collected $47.50 from pot
*** SUMMARY ***
Total pot $48 | Rake $0.50
Board [2h 9c Jd 7h 5d]
Seat 1: KUZNEC111 (button) (small blind) mucked
Seat 2: TbIP-TbIP 88 (big blind) showed [Kc Ks] and won ($47.50) with a pair of Kings


PokerStars Hand #153244905128:  Hold'em Limit ($3/$6 USD) - 2016/05/13 6:24:19 ET
Table 'Geisei' 6-max Seat #2 is the button
Seat 1: KUZNEC111 ($54.45 in chips)
Seat 2: TbIP-TbIP 88 ($97.19 in chips)
TbIP-TbIP 88: posts small blind $1
KUZNEC111: posts big blind $3
*** HOLE CARDS ***
TbIP-TbIP 88: raises $3 to $6
KUZNEC111: calls $3
*** FLOP *** [9h Ks 7c]
KUZNEC111: bets $3
TbIP-TbIP 88: folds
Uncalled bet ($3) returned to KUZNEC111
KUZNEC111 collected $11.76 from pot
KUZNEC111: doesn't show hand
*** SUMMARY ***
Total pot $12 | Rake $0.24
Board [9h Ks 7c]
Seat 1: KUZNEC111 (big blind) collected ($11.76)
Seat 2: TbIP-TbIP 88 (button) (small blind) folded on the Flop


PokerStars Hand #153244928802:  Hold'em Limit ($3/$6 USD) - 2016/05/13 6:25:17 ET
Table 'Geisei' 6-max Seat #2 is the button
Seat 1: KUZNEC111 ($57.21 in chips)
Seat 2: TbIP-TbIP 88 ($94.07 in chips)
TbIP-TbIP 88: posts small blind $1
KUZNEC111: posts big blind $3
*** HOLE CARDS ***
TbIP-TbIP 88: raises $3 to $6
KUZNEC111: calls $3
*** FLOP *** [6d Kc Qc]
KUZNEC111: bets $3
TbIP-TbIP 88: calls $3
*** TURN *** [6d Kc Qc] [2d]
KUZNEC111: bets $6
TbIP-TbIP 88: calls $6
*** RIVER *** [6d Kc Qc 2d] [Qs]
KUZNEC111: bets $6
TbIP-TbIP 88: calls $6
*** SHOW DOWN ***
KUZNEC111: shows [As 9c] (a pair of Queens)
TbIP-TbIP 88: shows [4h Ks] (two pair, Kings and Queens)
TbIP-TbIP 88 collected $41.50 from pot
*** SUMMARY ***
Total pot $42 | Rake $0.50
Board [6d Kc Qc 2d Qs]
Seat 1: KUZNEC111 (big blind) showed [As 9c] and lost with a pair of Queens
Seat 2: TbIP-TbIP 88 (button) (small blind) showed [4h Ks] and won ($41.50) with two pair, Kings and Queens


PokerStars Hand #153244920916:  Hold'em Limit ($3/$6 USD) - 2016/05/13 6:24:57 ET
Table 'Geisei' 6-max Seat #1 is the button
Seat 1: KUZNEC111 ($60.21 in chips)
Seat 2: TbIP-TbIP 88 ($91.19 in chips)
KUZNEC111: posts small blind $1
TbIP-TbIP 88: posts big blind $3
*** HOLE CARDS ***
KUZNEC111: calls $2
TbIP-TbIP 88: checks
*** FLOP *** [Ks 5c 9h]
TbIP-TbIP 88: bets $3
KUZNEC111: folds
Uncalled bet ($3) returned to TbIP-TbIP 88
TbIP-TbIP 88 collected $5.88 from pot
TbIP-TbIP 88: doesn't show hand
*** SUMMARY ***
Total pot $6 | Rake $0.12
Board [Ks 5c 9h]
Seat 1: KUZNEC111 (button) (small blind) folded on the Flop
Seat 2: TbIP-TbIP 88 (big blind) collected ($5.88)


PokerStars Hand #153244961109:  Hold'em Limit ($3/$6 USD) - 2016/05/13 6:26:37 ET
Table 'Geisei' 6-max Seat #2 is the button
Seat 1: KUZNEC111 ($39.09 in chips)
Seat 2: TbIP-TbIP 88 ($111.57 in chips)
TbIP-TbIP 88: posts small blind $1
KUZNEC111: posts big blind $3
*** HOLE CARDS ***
TbIP-TbIP 88: folds
Uncalled bet ($2) returned to KUZNEC111
KUZNEC111 collected $2 from pot
KUZNEC111: doesn't show hand
*** SUMMARY ***
Total pot $2 | Rake $0
Seat 1: KUZNEC111 (big blind) collected ($2)
Seat 2: TbIP-TbIP 88 (button) (small blind) folded before Flop


PokerStars Hand #153244941345:  Hold'em Limit ($3/$6 USD) - 2016/05/13 6:25:48 ET
Table 'Geisei' 6-max Seat #1 is the button
Seat 1: KUZNEC111 ($36.21 in chips)
Seat 2: TbIP-TbIP 88 ($114.57 in chips)
KUZNEC111: posts small blind $1
TbIP-TbIP 88: posts big blind $3
*** HOLE CARDS ***
KUZNEC111: calls $2
TbIP-TbIP 88: checks
*** FLOP *** [2h Tc 8d]
TbIP-TbIP 88: checks
KUZNEC111: checks
*** TURN *** [2h Tc 8d] [3c]
TbIP-TbIP 88: checks
KUZNEC111: checks
*** RIVER *** [2h Tc 8d 3c] [8h]
TbIP-TbIP 88: checks
KUZNEC111: checks
*** SHOW DOWN ***
TbIP-TbIP 88: shows [4c 7h] (a pair of Eights)
KUZNEC111: shows [5c 9d] (a pair of Eights - Ten+Nine kicker)
KUZNEC111 collected $5.88 from pot
*** SUMMARY ***
Total pot $6 | Rake $0.12
Board [2h Tc 8d 3c 8h]
Seat 1: KUZNEC111 (button) (small blind) showed [5c 9d] and won ($5.88) with a pair of Eights
Seat 2: TbIP-TbIP 88 (big blind) showed [4c 7h] and lost with a pair of Eights


PokerStars Hand #153244963840:  Hold'em Limit ($3/$6 USD) - 2016/05/13 6:26:44 ET
Table 'Geisei' 6-max Seat #1 is the button
Seat 1: KUZNEC111 ($40.09 in chips)
Seat 2: TbIP-TbIP 88 ($110.57 in chips)
KUZNEC111: posts small blind $1
TbIP-TbIP 88: posts big blind $3
*** HOLE CARDS ***
KUZNEC111: calls $2
TbIP-TbIP 88: checks
*** FLOP *** [4d 6c 8s]
TbIP-TbIP 88: checks
KUZNEC111: checks
*** TURN *** [4d 6c 8s] [8c]
TbIP-TbIP 88: checks
KUZNEC111: checks
*** RIVER *** [4d 6c 8s 8c] [7s]
TbIP-TbIP 88: checks
KUZNEC111: checks
*** SHOW DOWN ***
TbIP-TbIP 88: shows [3d 7h] (two pair, Eights and Sevens)
KUZNEC111: mucks hand
TbIP-TbIP 88 collected $5.88 from pot
*** SUMMARY ***
Total pot $6 | Rake $0.12
Board [4d 6c 8s 8c 7s]
Seat 1: KUZNEC111 (button) (small blind) mucked
Seat 2: TbIP-TbIP 88 (big blind) showed [3d 7h] and won ($5.88) with two pair, Eights and Sevens


PokerStars Hand #153244984204:  Hold'em Limit ($3/$6 USD) - 2016/05/13 6:27:34 ET
Table 'Geisei' 6-max Seat #2 is the button
Seat 1: KUZNEC111 ($37.09 in chips)
Seat 2: TbIP-TbIP 88 ($113.45 in chips)
TbIP-TbIP 88: posts small blind $1
KUZNEC111: posts big blind $3
*** HOLE CARDS ***
TbIP-TbIP 88: raises $3 to $6
KUZNEC111: calls $3
*** FLOP *** [Kh 4s 2h]
KUZNEC111: checks
TbIP-TbIP 88: bets $3
KUZNEC111: calls $3
*** TURN *** [Kh 4s 2h] [5c]
KUZNEC111: checks
TbIP-TbIP 88: bets $6
KUZNEC111: calls $6
*** RIVER *** [Kh 4s 2h 5c] [Tc]
KUZNEC111: checks
TbIP-TbIP 88: bets $6
KUZNEC111: calls $6
*** SHOW DOWN ***
TbIP-TbIP 88: shows [Ad 3d] (a straight, Ace to Five)
KUZNEC111: mucks hand
TbIP-TbIP 88 collected $41.50 from pot
*** SUMMARY ***
Total pot $42 | Rake $0.50
Board [Kh 4s 2h 5c Tc]
Seat 1: KUZNEC111 (big blind) mucked
Seat 2: TbIP-TbIP 88 (button) (small blind) showed [Ad 3d] and won ($41.50) with a straight, Ace to Five


