PokerStars Hand #173476355578:  Hold'em Limit ($3/$6 USD) - 2017/07/25 0:16:11 ET
Table 'Geisei' 6-max Seat #1 is the button
Seat 1: bAAchi ($242.78 in chips)
Seat 3: rascal_319 ($235.75 in chips)
bAAchi: posts small blind $1
rascal_319: posts big blind $3
*** HOLE CARDS ***
bAAchi: folds
Uncalled bet ($2) returned to rascal_319
rascal_319 collected $2 from pot
rascal_319: doesn't show hand
*** SUMMARY ***
Total pot $2 | Rake $0
Seat 1: bAAchi (button) (small blind) folded before Flop
Seat 3: rascal_319 (big blind) collected ($2)


PokerStars Hand #173476349561:  Hold'em Limit ($3/$6 USD) - 2017/07/25 0:15:49 ET
Table 'Geisei' 6-max Seat #3 is the button
Seat 1: bAAchi ($237.02 in chips)
Seat 3: rascal_319 ($241.75 in chips)
rascal_319: posts small blind $1
bAAchi: posts big blind $3
*** HOLE CARDS ***
Yarra56 leaves the table
rascal_319: raises $3 to $6
bAAchi: calls $3
*** FLOP *** [9c Th 2c]
bAAchi: checks
rascal_319: checks
*** TURN *** [9c Th 2c] [Qs]
bAAchi: checks
rascal_319: checks
*** RIVER *** [9c Th 2c Qs] [9s]
bAAchi: bets $6
rascal_319: folds
Uncalled bet ($6) returned to bAAchi
bAAchi collected $11.76 from pot
bAAchi: doesn't show hand
*** SUMMARY ***
Total pot $12 | Rake $0.24
Board [9c Th 2c Qs 9s]
Seat 1: bAAchi (big blind) collected ($11.76)
Seat 3: rascal_319 (button) (small blind) folded on the River


PokerStars Hand #173476387961:  Hold'em Limit ($3/$6 USD) - 2017/07/25 0:18:16 ET
Table 'Geisei' 6-max Seat #3 is the button
Seat 1: bAAchi ($251.31 in chips)
Seat 3: rascal_319 ($270.25 in chips)
rascal_319: posts small blind $1
bAAchi: posts big blind $3
*** HOLE CARDS ***
rascal_319: raises $3 to $6
bAAchi: folds
Uncalled bet ($3) returned to rascal_319
rascal_319 collected $6 from pot
rascal_319: doesn't show hand
*** SUMMARY ***
Total pot $6 | Rake $0
Seat 1: bAAchi (big blind) folded before Flop
Seat 3: rascal_319 (button) (small blind) collected ($6)


PokerStars Hand #173476383305:  Hold'em Limit ($3/$6 USD) - 2017/07/25 0:17:58 ET
Table 'Geisei' 6-max Seat #1 is the button
Seat 1: bAAchi ($252.31 in chips)
Seat 3: rascal_319 ($269.25 in chips)
bAAchi: posts small blind $1
rascal_319: posts big blind $3
*** HOLE CARDS ***
bAAchi: folds
Uncalled bet ($2) returned to rascal_319
rascal_319 collected $2 from pot
rascal_319: doesn't show hand
*** SUMMARY ***
Total pot $2 | Rake $0
Seat 1: bAAchi (button) (small blind) folded before Flop
Seat 3: rascal_319 (big blind) collected ($2)


PokerStars Hand #173476393883:  Hold'em Limit ($3/$6 USD) - 2017/07/25 0:18:39 ET
Table 'Geisei' 6-max Seat #1 is the button
Seat 1: bAAchi ($248.31 in chips)
Seat 3: rascal_319 ($273.25 in chips)
bAAchi: posts small blind $1
rascal_319: posts big blind $3
*** HOLE CARDS ***
bAAchi: raises $3 to $6
rascal_319: raises $3 to $9
bAAchi: calls $3
*** FLOP *** [Th 4h 4d]
rascal_319: bets $3
bAAchi: calls $3
*** TURN *** [Th 4h 4d] [7h]
rascal_319: checks
bAAchi: checks
*** RIVER *** [Th 4h 4d 7h] [6c]
rascal_319: bets $6
bAAchi: calls $6
*** SHOW DOWN ***
rascal_319: shows [As Ts] (two pair, Tens and Fours)
bAAchi: mucks hand
rascal_319 collected $35.50 from pot
*** SUMMARY ***
Total pot $36 | Rake $0.50
Board [Th 4h 4d 7h 6c]
Seat 1: bAAchi (button) (small blind) mucked
Seat 3: rascal_319 (big blind) showed [As Ts] and won ($35.50) with two pair, Tens and Fours


PokerStars Hand #173478065039:  Hold'em Limit ($3/$6 USD) - 2017/07/25 2:12:42 ET
Table 'Geisei' 6-max Seat #4 is the button
Seat 3: luckyzb ($185.54 in chips)
Seat 4: bAAchi ($70.27 in chips)
bAAchi: posts small blind $1
Periiklez: is sitting out
luckyzb: posts big blind $3
*** HOLE CARDS ***
Periiklez leaves the table
bAAchi: folds
Uncalled bet ($2) returned to luckyzb
luckyzb collected $2 from pot
luckyzb: doesn't show hand
*** SUMMARY ***
Total pot $2 | Rake $0
Seat 3: luckyzb (big blind) collected ($2)
Seat 4: bAAchi (button) (small blind) folded before Flop


PokerStars Hand #173478084802:  Hold'em Limit ($3/$6 USD) - 2017/07/25 2:14:04 ET
Table 'Geisei' 6-max Seat #3 is the button
Seat 3: luckyzb ($204.04 in chips)
Seat 4: bAAchi ($50.77 in chips)
luckyzb: posts small blind $1
bAAchi: posts big blind $3
*** HOLE CARDS ***
luckyzb: folds
Uncalled bet ($2) returned to bAAchi
bAAchi collected $2 from pot
bAAchi: doesn't show hand
*** SUMMARY ***
Total pot $2 | Rake $0
Seat 3: luckyzb (button) (small blind) folded before Flop
Seat 4: bAAchi (big blind) collected ($2)


PokerStars Hand #173478075969:  Hold'em Limit ($3/$6 USD) - 2017/07/25 2:13:27 ET
Table 'Geisei' 6-max Seat #3 is the button
Seat 3: luckyzb ($168.54 in chips)
Seat 4: bAAchi ($86.77 in chips)
luckyzb: posts small blind $1
bAAchi: posts big blind $3
*** HOLE CARDS ***
luckyzb: raises $3 to $6
bAAchi: folds
Uncalled bet ($3) returned to luckyzb
luckyzb collected $6 from pot
luckyzb: doesn't show hand
*** SUMMARY ***
Total pot $6 | Rake $0
Seat 3: luckyzb (button) (small blind) collected ($6)
Seat 4: bAAchi (big blind) folded before Flop


PokerStars Hand #173478074444:  Hold'em Limit ($3/$6 USD) - 2017/07/25 2:13:21 ET
Table 'Geisei' 6-max Seat #4 is the button
Seat 3: luckyzb ($171.54 in chips)
Seat 4: bAAchi ($83.77 in chips)
bAAchi: posts small blind $1
luckyzb: posts big blind $3
*** HOLE CARDS ***
bAAchi: raises $3 to $6
luckyzb: folds
Uncalled bet ($3) returned to bAAchi
bAAchi collected $6 from pot
bAAchi: doesn't show hand
*** SUMMARY ***
Total pot $6 | Rake $0
Seat 3: luckyzb (big blind) folded before Flop
Seat 4: bAAchi (button) (small blind) collected ($6)


PokerStars Hand #173478077778:  Hold'em Limit ($3/$6 USD) - 2017/07/25 2:13:35 ET
Table 'Geisei' 6-max Seat #4 is the button
Seat 3: luckyzb ($171.54 in chips)
Seat 4: bAAchi ($83.77 in chips)
bAAchi: posts small blind $1
luckyzb: posts big blind $3
*** HOLE CARDS ***
bAAchi: raises $3 to $6
luckyzb: calls $3
*** FLOP *** [6h 9s 6d]
luckyzb: checks
bAAchi: bets $3
luckyzb: raises $3 to $6
bAAchi: raises $3 to $9
luckyzb: calls $3
*** TURN *** [6h 9s 6d] [Qs]
luckyzb: bets $6
bAAchi: raises $6 to $12
luckyzb: calls $6
*** RIVER *** [6h 9s 6d Qs] [9h]
luckyzb: bets $6
bAAchi: calls $6
*** SHOW DOWN ***
luckyzb: shows [9c 8s] (a full house, Nines full of Sixes)
bAAchi: mucks hand
luckyzb collected $65.50 from pot
*** SUMMARY ***
Total pot $66 | Rake $0.50
Board [6h 9s 6d Qs 9h]
Seat 3: luckyzb (big blind) showed [9c 8s] and won ($65.50) with a full house, Nines full of Sixes
Seat 4: bAAchi (button) (small blind) mucked


PokerStars Hand #173478067624:  Hold'em Limit ($3/$6 USD) - 2017/07/25 2:12:53 ET
Table 'Geisei' 6-max Seat #3 is the button
Seat 3: luckyzb ($186.54 in chips)
Seat 4: bAAchi ($69.27 in chips)
luckyzb: posts small blind $1
bAAchi: posts big blind $3
*** HOLE CARDS ***
luckyzb: raises $3 to $6
bAAchi: calls $3
*** FLOP *** [5s 6s Ac]
bAAchi: checks
luckyzb: bets $3
bAAchi: calls $3
*** TURN *** [5s 6s Ac] [7h]
bAAchi: checks
luckyzb: checks
*** RIVER *** [5s 6s Ac 7h] [5h]
bAAchi: bets $6
luckyzb: calls $6
*** SHOW DOWN ***
bAAchi: shows [5c Qh] (three of a kind, Fives)
luckyzb: mucks hand
bAAchi collected $29.50 from pot
*** SUMMARY ***
Total pot $30 | Rake $0.50
Board [5s 6s Ac 7h 5h]
Seat 3: luckyzb (button) (small blind) mucked
Seat 4: bAAchi (big blind) showed [5c Qh] and won ($29.50) with three of a kind, Fives


PokerStars Hand #173478090173:  Hold'em Limit ($3/$6 USD) - 2017/07/25 2:14:26 ET
Table 'Geisei' 6-max Seat #3 is the button
Seat 3: luckyzb ($208.80 in chips)
Seat 4: bAAchi ($45.77 in chips)
luckyzb: posts small blind $1
bAAchi: posts big blind $3
*** HOLE CARDS ***
luckyzb: folds
Uncalled bet ($2) returned to bAAchi
bAAchi collected $2 from pot
bAAchi: doesn't show hand
*** SUMMARY ***
Total pot $2 | Rake $0
Seat 3: luckyzb (button) (small blind) folded before Flop
Seat 4: bAAchi (big blind) collected ($2)


PokerStars Hand #173478086344:  Hold'em Limit ($3/$6 USD) - 2017/07/25 2:14:11 ET
Table 'Geisei' 6-max Seat #4 is the button
Seat 3: luckyzb ($203.04 in chips)
Seat 4: bAAchi ($51.77 in chips)
bAAchi: posts small blind $1
luckyzb: posts big blind $3
*** HOLE CARDS ***
bAAchi: raises $3 to $6
luckyzb: calls $3
*** FLOP *** [7d Tc 8d]
luckyzb: checks
bAAchi: checks
*** TURN *** [7d Tc 8d] [9c]
luckyzb: bets $6
bAAchi: folds
Uncalled bet ($6) returned to luckyzb
luckyzb collected $11.76 from pot
luckyzb: doesn't show hand
*** SUMMARY ***
Total pot $12 | Rake $0.24
Board [7d Tc 8d 9c]
Seat 3: luckyzb (big blind) collected ($11.76)
Seat 4: bAAchi (button) (small blind) folded on the Turn


PokerStars Hand #173478091695:  Hold'em Limit ($3/$6 USD) - 2017/07/25 2:14:32 ET
Table 'Geisei' 6-max Seat #4 is the button
Seat 3: luckyzb ($207.80 in chips)
Seat 4: bAAchi ($46.77 in chips)
bAAchi: posts small blind $1
luckyzb: posts big blind $3
*** HOLE CARDS ***
bAAchi: folds
Uncalled bet ($2) returned to luckyzb
luckyzb collected $2 from pot
luckyzb: doesn't show hand
*** SUMMARY ***
Total pot $2 | Rake $0
Seat 3: luckyzb (big blind) collected ($2)
Seat 4: bAAchi (button) (small blind) folded before Flop


PokerStars Hand #173478093001:  Hold'em Limit ($3/$6 USD) - 2017/07/25 2:14:38 ET
Table 'Geisei' 6-max Seat #3 is the button
Seat 3: luckyzb ($208.80 in chips)
Seat 4: bAAchi ($45.77 in chips)
luckyzb: posts small blind $1
bAAchi: posts big blind $3
*** HOLE CARDS ***
luckyzb: raises $3 to $6
bAAchi: raises $3 to $9
luckyzb: calls $3
*** FLOP *** [7d 7h Ks]
bAAchi: bets $3
luckyzb: calls $3
*** TURN *** [7d 7h Ks] [8d]
bAAchi: bets $6
luckyzb: raises $6 to $12
bAAchi: calls $6
*** RIVER *** [7d 7h Ks 8d] [Th]
bAAchi: checks
luckyzb: bets $6
bAAchi: calls $6
*** SHOW DOWN ***
luckyzb: shows [Kh Js] (two pair, Kings and Sevens)
bAAchi: mucks hand
luckyzb collected $59.50 from pot
*** SUMMARY ***
Total pot $60 | Rake $0.50
Board [7d 7h Ks 8d Th]
Seat 3: luckyzb (button) (small blind) showed [Kh Js] and won ($59.50) with two pair, Kings and Sevens
Seat 4: bAAchi (big blind) mucked


PokerStars Hand #173478100581:  Hold'em Limit ($3/$6 USD) - 2017/07/25 2:15:10 ET
Table 'Geisei' 6-max Seat #4 is the button
Seat 3: luckyzb ($238.30 in chips)
Seat 4: bAAchi ($15.77 in chips)
bAAchi: posts small blind $1
luckyzb: posts big blind $3
*** HOLE CARDS ***
bAAchi: raises $3 to $6
luckyzb: calls $3
*** FLOP *** [Ts 4d 2d]
luckyzb: checks
bAAchi: bets $3
luckyzb: raises $3 to $6
bAAchi: raises $3 to $9
luckyzb: raises $3 to $12
Betting is capped
bAAchi: calls $0.77 and is all-in
Uncalled bet ($2.23) returned to luckyzb
*** TURN *** [Ts 4d 2d] [Qh]
*** RIVER *** [Ts 4d 2d Qh] [8c]
*** SHOW DOWN ***
luckyzb: shows [8d 9d] (a pair of Eights)
bAAchi: shows [6h Ah] (high card Ace)
luckyzb collected $31.04 from pot
*** SUMMARY ***
Total pot $31.54 | Rake $0.50
Board [Ts 4d 2d Qh 8c]
Seat 3: luckyzb (big blind) showed [8d 9d] and won ($31.04) with a pair of Eights
Seat 4: bAAchi (button) (small blind) showed [6h Ah] and lost with high card Ace


