PokerStars Hand #152332242198:  Hold'em Limit ($3/$6 USD) - 2016/04/23 12:27:11 ET
Table 'Geisha II' 6-max Seat #6 is the button
Seat 5: maslenka ($56.54 in chips)
Seat 6: craaa ($120 in chips)
craaa: posts small blind $1
maslenka: posts big blind $3
*** HOLE CARDS ***
craaa: raises $3 to $6
maslenka: calls $3
*** FLOP *** [5s Th 8c]
maslenka: checks
craaa: bets $3
maslenka: raises $3 to $6
craaa: calls $3
*** TURN *** [5s Th 8c] [6s]
maslenka: bets $6
craaa: calls $6
*** RIVER *** [5s Th 8c 6s] [2h]
maslenka: bets $6
craaa: folds
Uncalled bet ($6) returned to maslenka
maslenka collected $35.50 from pot
maslenka: doesn't show hand
*** SUMMARY ***
Total pot $36 | Rake $0.50
Board [5s Th 8c 6s 2h]
Seat 5: maslenka (big blind) collected ($35.50)
Seat 6: craaa (button) (small blind) folded on the River


PokerStars Hand #152332326983:  Hold'em Limit ($3/$6 USD) - 2016/04/23 12:29:05 ET
Table 'Geisha II' 6-max Seat #5 is the button
Seat 5: maslenka ($65.04 in chips)
Seat 6: craaa ($110.76 in chips)
maslenka: posts small blind $1
craaa: posts big blind $3
*** HOLE CARDS ***
maslenka: calls $2
craaa: raises $3 to $6
maslenka: raises $3 to $9
craaa: calls $3
*** FLOP *** [Qc Jd 2h]
craaa: checks
maslenka: checks
*** TURN *** [Qc Jd 2h] [6c]
craaa: checks
maslenka: checks
*** RIVER *** [Qc Jd 2h 6c] [2s]
craaa: bets $6
maslenka: calls $6
*** SHOW DOWN ***
craaa: shows [4h Ah] (a pair of Deuces)
maslenka: shows [3h As] (a pair of Deuces)
craaa collected $14.75 from pot
maslenka collected $14.75 from pot
*** SUMMARY ***
Total pot $30 | Rake $0.50
Board [Qc Jd 2h 6c 2s]
Seat 5: maslenka (button) (small blind) showed [3h As] and won ($14.75) with a pair of Deuces
Seat 6: craaa (big blind) showed [4h Ah] and won ($14.75) with a pair of Deuces


PokerStars Hand #152332322154:  Hold'em Limit ($3/$6 USD) - 2016/04/23 12:28:59 ET
Table 'Geisha II' 6-max Seat #6 is the button
Seat 5: maslenka ($68.04 in chips)
Seat 6: craaa ($107.76 in chips)
craaa: posts small blind $1
maslenka: posts big blind $3
*** HOLE CARDS ***
craaa: raises $3 to $6
maslenka: folds
Uncalled bet ($3) returned to craaa
craaa collected $6 from pot
craaa: doesn't show hand
*** SUMMARY ***
Total pot $6 | Rake $0
Seat 5: maslenka (big blind) folded before Flop
Seat 6: craaa (button) (small blind) collected ($6)


PokerStars Hand #152332309148:  Hold'em Limit ($3/$6 USD) - 2016/04/23 12:28:41 ET
Table 'Geisha II' 6-max Seat #5 is the button
Seat 5: maslenka ($74.04 in chips)
Seat 6: craaa ($102 in chips)
maslenka: posts small blind $1
craaa: posts big blind $3
*** HOLE CARDS ***
maslenka: calls $2
craaa: raises $3 to $6
maslenka: calls $3
*** FLOP *** [5s 2h Ac]
craaa: bets $3
maslenka: folds
Uncalled bet ($3) returned to craaa
craaa collected $11.76 from pot
craaa: doesn't show hand
*** SUMMARY ***
Total pot $12 | Rake $0.24
Board [5s 2h Ac]
Seat 5: maslenka (button) (small blind) folded on the Flop
Seat 6: craaa (big blind) collected ($11.76)


PokerStars Hand #152332367656:  Hold'em Limit ($3/$6 USD) - 2016/04/23 12:29:58 ET
Table 'Geisha II' 6-max Seat #5 is the button
Seat 5: maslenka ($55.79 in chips)
Seat 6: craaa ($119.15 in chips)
maslenka: posts small blind $1
craaa: posts big blind $3
*** HOLE CARDS ***
maslenka: folds
Uncalled bet ($2) returned to craaa
craaa collected $2 from pot
craaa: doesn't show hand
*** SUMMARY ***
Total pot $2 | Rake $0
Seat 5: maslenka (button) (small blind) folded before Flop
Seat 6: craaa (big blind) collected ($2)


PokerStars Hand #152332347840:  Hold'em Limit ($3/$6 USD) - 2016/04/23 12:29:34 ET
Table 'Geisha II' 6-max Seat #6 is the button
Seat 5: maslenka ($64.79 in chips)
Seat 6: craaa ($110.51 in chips)
craaa: posts small blind $1
maslenka: posts big blind $3
*** HOLE CARDS ***
craaa: raises $3 to $6
maslenka: calls $3
*** FLOP *** [8h 3h 2s]
maslenka: bets $3
craaa: calls $3
*** TURN *** [8h 3h 2s] [Qd]
maslenka: checks
craaa: bets $6
maslenka: folds
Uncalled bet ($6) returned to craaa
craaa collected $17.64 from pot
craaa: doesn't show hand
*** SUMMARY ***
Total pot $18 | Rake $0.36
Board [8h 3h 2s Qd]
Seat 5: maslenka (big blind) folded on the Turn
Seat 6: craaa (button) (small blind) collected ($17.64)


PokerStars Hand #152332430239:  Hold'em Limit ($3/$6 USD) - 2016/04/23 12:31:22 ET
Table 'Geisha II' 6-max Seat #5 is the button
Seat 5: maslenka ($95.79 in chips)
Seat 6: craaa ($78.15 in chips)
maslenka: posts small blind $1
craaa: posts big blind $3
*** HOLE CARDS ***
maslenka: raises $3 to $6
craaa: raises $3 to $9
maslenka: calls $3
*** FLOP *** [8h 2c Kc]
craaa: bets $3
maslenka: folds
Uncalled bet ($3) returned to craaa
craaa collected $17.64 from pot
craaa: doesn't show hand
*** SUMMARY ***
Total pot $18 | Rake $0.36
Board [8h 2c Kc]
Seat 5: maslenka (button) (small blind) folded on the Flop
Seat 6: craaa (big blind) collected ($17.64)


PokerStars Hand #152332425590:  Hold'em Limit ($3/$6 USD) - 2016/04/23 12:31:16 ET
Table 'Geisha II' 6-max Seat #6 is the button
Seat 5: maslenka ($98.79 in chips)
Seat 6: craaa ($75.15 in chips)
craaa: posts small blind $1
maslenka: posts big blind $3
*** HOLE CARDS ***
craaa: raises $3 to $6
maslenka: folds
Uncalled bet ($3) returned to craaa
craaa collected $6 from pot
craaa: doesn't show hand
*** SUMMARY ***
Total pot $6 | Rake $0
Seat 5: maslenka (big blind) folded before Flop
Seat 6: craaa (button) (small blind) collected ($6)


PokerStars Hand #152332404411:  Hold'em Limit ($3/$6 USD) - 2016/04/23 12:30:48 ET
Table 'Geisha II' 6-max Seat #5 is the button
Seat 5: maslenka ($84.29 in chips)
Seat 6: craaa ($90.15 in chips)
maslenka: posts small blind $1
craaa: posts big blind $3
*** HOLE CARDS ***
maslenka: raises $3 to $6
craaa: calls $3
*** FLOP *** [Jc Ac 5c]
craaa: checks
maslenka: bets $3
craaa: calls $3
*** TURN *** [Jc Ac 5c] [6s]
craaa: checks
maslenka: bets $6
craaa: calls $6
*** RIVER *** [Jc Ac 5c 6s] [8d]
craaa: checks
maslenka: bets $6
craaa: folds
Uncalled bet ($6) returned to maslenka
maslenka collected $29.50 from pot
maslenka: doesn't show hand
*** SUMMARY ***
Total pot $30 | Rake $0.50
Board [Jc Ac 5c 6s 8d]
Seat 5: maslenka (button) (small blind) collected ($29.50)
Seat 6: craaa (big blind) folded on the River


PokerStars Hand #152332371263:  Hold'em Limit ($3/$6 USD) - 2016/04/23 12:30:03 ET
Table 'Geisha II' 6-max Seat #6 is the button
Seat 5: maslenka ($54.79 in chips)
Seat 6: craaa ($120.15 in chips)
craaa: posts small blind $1
maslenka: posts big blind $3
*** HOLE CARDS ***
craaa: raises $3 to $6
maslenka: raises $3 to $9
craaa: calls $3
*** FLOP *** [Kh 7h 4c]
maslenka: bets $3
craaa: calls $3
*** TURN *** [Kh 7h 4c] [2c]
maslenka: bets $6
craaa: raises $6 to $12
maslenka: raises $6 to $18
craaa: calls $6
*** RIVER *** [Kh 7h 4c 2c] [Js]
maslenka: bets $6
craaa: folds
Uncalled bet ($6) returned to maslenka
maslenka collected $59.50 from pot
maslenka: doesn't show hand
*** SUMMARY ***
Total pot $60 | Rake $0.50
Board [Kh 7h 4c 2c Js]
Seat 5: maslenka (big blind) collected ($59.50)
Seat 6: craaa (button) (small blind) folded on the River


PokerStars Hand #152332473619:  Hold'em Limit ($3/$6 USD) - 2016/04/23 12:32:20 ET
Table 'Geisha II' 6-max Seat #5 is the button
Seat 5: maslenka ($91.43 in chips)
Seat 6: craaa ($81.79 in chips)
maslenka: posts small blind $1
craaa: posts big blind $3
*** HOLE CARDS ***
maslenka: raises $3 to $6
craaa: folds
Uncalled bet ($3) returned to maslenka
maslenka collected $6 from pot
maslenka: doesn't show hand
*** SUMMARY ***
Total pot $6 | Rake $0
Seat 5: maslenka (button) (small blind) collected ($6)
Seat 6: craaa (big blind) folded before Flop


PokerStars Hand #152332469528:  Hold'em Limit ($3/$6 USD) - 2016/04/23 12:32:15 ET
Table 'Geisha II' 6-max Seat #6 is the button
Seat 5: maslenka ($94.43 in chips)
Seat 6: craaa ($78.79 in chips)
craaa: posts small blind $1
maslenka: posts big blind $3
*** HOLE CARDS ***
craaa: raises $3 to $6
maslenka: folds
Uncalled bet ($3) returned to craaa
craaa collected $6 from pot
craaa: doesn't show hand
*** SUMMARY ***
Total pot $6 | Rake $0
Seat 5: maslenka (big blind) folded before Flop
Seat 6: craaa (button) (small blind) collected ($6)


PokerStars Hand #152332464020:  Hold'em Limit ($3/$6 USD) - 2016/04/23 12:32:07 ET
Table 'Geisha II' 6-max Seat #5 is the button
Seat 5: maslenka ($91.43 in chips)
Seat 6: craaa ($81.79 in chips)
maslenka: posts small blind $1
craaa: posts big blind $3
*** HOLE CARDS ***
maslenka: raises $3 to $6
craaa: folds
Uncalled bet ($3) returned to maslenka
maslenka collected $6 from pot
maslenka: doesn't show hand
*** SUMMARY ***
Total pot $6 | Rake $0
Seat 5: maslenka (button) (small blind) collected ($6)
Seat 6: craaa (big blind) folded before Flop


PokerStars Hand #152332460023:  Hold'em Limit ($3/$6 USD) - 2016/04/23 12:32:02 ET
Table 'Geisha II' 6-max Seat #6 is the button
Seat 5: maslenka ($94.43 in chips)
Seat 6: craaa ($78.79 in chips)
craaa: posts small blind $1
maslenka: posts big blind $3
*** HOLE CARDS ***
craaa: raises $3 to $6
maslenka: folds
Uncalled bet ($3) returned to craaa
craaa collected $6 from pot
craaa: doesn't show hand
*** SUMMARY ***
Total pot $6 | Rake $0
Seat 5: maslenka (big blind) folded before Flop
Seat 6: craaa (button) (small blind) collected ($6)


PokerStars Hand #152332456278:  Hold'em Limit ($3/$6 USD) - 2016/04/23 12:31:57 ET
Table 'Geisha II' 6-max Seat #5 is the button
Seat 5: maslenka ($95.43 in chips)
Seat 6: craaa ($77.79 in chips)
maslenka: posts small blind $1
craaa: posts big blind $3
*** HOLE CARDS ***
maslenka: folds
Uncalled bet ($2) returned to craaa
craaa collected $2 from pot
craaa: doesn't show hand
*** SUMMARY ***
Total pot $2 | Rake $0
Seat 5: maslenka (button) (small blind) folded before Flop
Seat 6: craaa (big blind) collected ($2)


PokerStars Hand #152332452257:  Hold'em Limit ($3/$6 USD) - 2016/04/23 12:31:52 ET
Table 'Geisha II' 6-max Seat #6 is the button
Seat 5: maslenka ($94.43 in chips)
Seat 6: craaa ($78.79 in chips)
craaa: posts small blind $1
maslenka: posts big blind $3
*** HOLE CARDS ***
craaa: folds
Uncalled bet ($2) returned to maslenka
maslenka collected $2 from pot
maslenka: doesn't show hand
*** SUMMARY ***
Total pot $2 | Rake $0
Seat 5: maslenka (big blind) collected ($2)
Seat 6: craaa (button) (small blind) folded before Flop


PokerStars Hand #152332448455:  Hold'em Limit ($3/$6 USD) - 2016/04/23 12:31:47 ET
Table 'Geisha II' 6-max Seat #5 is the button
Seat 5: maslenka ($95.43 in chips)
Seat 6: craaa ($77.79 in chips)
maslenka: posts small blind $1
craaa: posts big blind $3
*** HOLE CARDS ***
maslenka: folds
Uncalled bet ($2) returned to craaa
craaa collected $2 from pot
craaa: doesn't show hand
*** SUMMARY ***
Total pot $2 | Rake $0
Seat 5: maslenka (button) (small blind) folded before Flop
Seat 6: craaa (big blind) collected ($2)


PokerStars Hand #152332439230:  Hold'em Limit ($3/$6 USD) - 2016/04/23 12:31:34 ET
Table 'Geisha II' 6-max Seat #6 is the button
Seat 5: maslenka ($86.79 in chips)
Seat 6: craaa ($86.79 in chips)
craaa: posts small blind $1
maslenka: posts big blind $3
*** HOLE CARDS ***
craaa: raises $3 to $6
maslenka: raises $3 to $9
craaa: calls $3
*** FLOP *** [7s Qs Ac]
maslenka: bets $3
craaa: folds
Uncalled bet ($3) returned to maslenka
maslenka collected $17.64 from pot
maslenka: doesn't show hand
*** SUMMARY ***
Total pot $18 | Rake $0.36
Board [7s Qs Ac]
Seat 5: maslenka (big blind) collected ($17.64)
Seat 6: craaa (button) (small blind) folded on the Flop


PokerStars Hand #152332478571:  Hold'em Limit ($3/$6 USD) - 2016/04/23 12:32:27 ET
Table 'Geisha II' 6-max Seat #6 is the button
Seat 5: maslenka ($94.43 in chips)
Seat 6: craaa ($78.79 in chips)
craaa: posts small blind $1
maslenka: posts big blind $3
*** HOLE CARDS ***
craaa: raises $3 to $6
maslenka: calls $3
*** FLOP *** [Ks Th As]
maslenka: checks
craaa: bets $3
maslenka: raises $3 to $6
craaa: calls $3
*** TURN *** [Ks Th As] [8c]
maslenka: bets $6
craaa: calls $6
*** RIVER *** [Ks Th As 8c] [Td]
maslenka: checks
craaa: bets $6
maslenka: folds
Uncalled bet ($6) returned to craaa
craaa collected $35.50 from pot
craaa: doesn't show hand
*** SUMMARY ***
Total pot $36 | Rake $0.50
Board [Ks Th As 8c Td]
Seat 5: maslenka (big blind) folded on the River
Seat 6: craaa (button) (small blind) collected ($35.50)


PokerStars Hand #152332560280:  Hold'em Limit ($3/$6 USD) - 2016/04/23 12:34:16 ET
Table 'Geisha II' 6-max Seat #6 is the button
Seat 5: maslenka ($102.45 in chips)
Seat 6: craaa ($69.29 in chips)
craaa: posts small blind $1
maslenka: posts big blind $3
*** HOLE CARDS ***
craaa: raises $3 to $6
maslenka: folds
Uncalled bet ($3) returned to craaa
craaa collected $6 from pot
craaa: doesn't show hand
*** SUMMARY ***
Total pot $6 | Rake $0
Seat 5: maslenka (big blind) folded before Flop
Seat 6: craaa (button) (small blind) collected ($6)


PokerStars Hand #152332548405:  Hold'em Limit ($3/$6 USD) - 2016/04/23 12:34:00 ET
Table 'Geisha II' 6-max Seat #5 is the button
Seat 5: maslenka ($90.93 in chips)
Seat 6: craaa ($81.29 in chips)
maslenka: posts small blind $1
craaa: posts big blind $3
*** HOLE CARDS ***
maslenka: raises $3 to $6
craaa: raises $3 to $9
maslenka: raises $3 to $12
Betting is capped
craaa: calls $3
*** FLOP *** [Kc Jd 5c]
craaa: checks
maslenka: bets $3
craaa: folds
Uncalled bet ($3) returned to maslenka
maslenka collected $23.52 from pot
maslenka: doesn't show hand
*** SUMMARY ***
Total pot $24 | Rake $0.48
Board [Kc Jd 5c]
Seat 5: maslenka (button) (small blind) collected ($23.52)
Seat 6: craaa (big blind) folded on the Flop


PokerStars Hand #152332541192:  Hold'em Limit ($3/$6 USD) - 2016/04/23 12:33:51 ET
Table 'Geisha II' 6-max Seat #6 is the button
Seat 5: maslenka ($93.93 in chips)
Seat 6: craaa ($78.29 in chips)
craaa: posts small blind $1
maslenka: posts big blind $3
*** HOLE CARDS ***
craaa: raises $3 to $6
maslenka: folds
Uncalled bet ($3) returned to craaa
craaa collected $6 from pot
craaa: doesn't show hand
*** SUMMARY ***
Total pot $6 | Rake $0
Seat 5: maslenka (big blind) folded before Flop
Seat 6: craaa (button) (small blind) collected ($6)


PokerStars Hand #152332524936:  Hold'em Limit ($3/$6 USD) - 2016/04/23 12:33:29 ET
Table 'Geisha II' 6-max Seat #5 is the button
Seat 5: maslenka ($76.43 in chips)
Seat 6: craaa ($96.29 in chips)
maslenka: posts small blind $1
craaa: posts big blind $3
*** HOLE CARDS ***
maslenka: raises $3 to $6
craaa: calls $3
*** FLOP *** [5h 7c Qd]
craaa: checks
maslenka: checks
*** TURN *** [5h 7c Qd] [Ac]
craaa: checks
maslenka: bets $6
craaa: calls $6
*** RIVER *** [5h 7c Qd Ac] [5d]
craaa: checks
maslenka: bets $6
craaa: calls $6
*** SHOW DOWN ***
maslenka: shows [As 9d] (two pair, Aces and Fives)
craaa: mucks hand
maslenka collected $35.50 from pot
*** SUMMARY ***
Total pot $36 | Rake $0.50
Board [5h 7c Qd Ac 5d]
Seat 5: maslenka (button) (small blind) showed [As 9d] and won ($35.50) with two pair, Aces and Fives
Seat 6: craaa (big blind) mucked


PokerStars Hand #152332608204:  Hold'em Limit ($3/$6 USD) - 2016/04/23 12:35:20 ET
Table 'Geisha II' 6-max Seat #6 is the button
Seat 5: maslenka ($43.45 in chips)
Seat 6: craaa ($127.29 in chips)
craaa: posts small blind $1
maslenka: posts big blind $3
*** HOLE CARDS ***
craaa: raises $3 to $6
maslenka: folds
Uncalled bet ($3) returned to craaa
craaa collected $6 from pot
craaa: doesn't show hand
*** SUMMARY ***
Total pot $6 | Rake $0
Seat 5: maslenka (big blind) folded before Flop
Seat 6: craaa (button) (small blind) collected ($6)


PokerStars Hand #152332591212:  Hold'em Limit ($3/$6 USD) - 2016/04/23 12:34:58 ET
Table 'Geisha II' 6-max Seat #5 is the button
Seat 5: maslenka ($76.45 in chips)
Seat 6: craaa ($94.79 in chips)
maslenka: posts small blind $1
craaa: posts big blind $3
*** HOLE CARDS ***
maslenka: raises $3 to $6
craaa: raises $3 to $9
maslenka: raises $3 to $12
Betting is capped
craaa: calls $3
*** FLOP *** [5d 3c Tc]
craaa: checks
maslenka: bets $3
craaa: calls $3
*** TURN *** [5d 3c Tc] [8c]
craaa: checks
maslenka: bets $6
craaa: raises $6 to $12
maslenka: calls $6
*** RIVER *** [5d 3c Tc 8c] [7h]
craaa: bets $6
maslenka: calls $6
*** SHOW DOWN ***
craaa: shows [Ts Jd] (a pair of Tens)
maslenka: mucks hand
craaa collected $65.50 from pot
*** SUMMARY ***
Total pot $66 | Rake $0.50
Board [5d 3c Tc 8c 7h]
Seat 5: maslenka (button) (small blind) mucked
Seat 6: craaa (big blind) showed [Ts Jd] and won ($65.50) with a pair of Tens


PokerStars Hand #152332587144:  Hold'em Limit ($3/$6 USD) - 2016/04/23 12:34:52 ET
Table 'Geisha II' 6-max Seat #6 is the button
Seat 5: maslenka ($75.45 in chips)
Seat 6: craaa ($95.79 in chips)
craaa: posts small blind $1
maslenka: posts big blind $3
*** HOLE CARDS ***
craaa: folds
Uncalled bet ($2) returned to maslenka
maslenka collected $2 from pot
maslenka: doesn't show hand
*** SUMMARY ***
Total pot $2 | Rake $0
Seat 5: maslenka (big blind) collected ($2)
Seat 6: craaa (button) (small blind) folded before Flop


PokerStars Hand #152332564694:  Hold'em Limit ($3/$6 USD) - 2016/04/23 12:34:22 ET
Table 'Geisha II' 6-max Seat #5 is the button
Seat 5: maslenka ($99.45 in chips)
Seat 6: craaa ($72.29 in chips)
maslenka: posts small blind $1
craaa: posts big blind $3
*** HOLE CARDS ***
maslenka: raises $3 to $6
craaa: raises $3 to $9
maslenka: calls $3
*** FLOP *** [Tc 3h 6d]
craaa: bets $3
maslenka: calls $3
*** TURN *** [Tc 3h 6d] [4c]
craaa: bets $6
maslenka: calls $6
*** RIVER *** [Tc 3h 6d 4c] [5h]
craaa: bets $6
maslenka: calls $6
*** SHOW DOWN ***
craaa: shows [Ks Kd] (a pair of Kings)
maslenka: mucks hand
craaa collected $47.50 from pot
*** SUMMARY ***
Total pot $48 | Rake $0.50
Board [Tc 3h 6d 4c 5h]
Seat 5: maslenka (button) (small blind) mucked
Seat 6: craaa (big blind) showed [Ks Kd] and won ($47.50) with a pair of Kings


PokerStars Hand #152332634930:  Hold'em Limit ($3/$6 USD) - 2016/04/23 12:35:56 ET
Table 'Geisha II' 6-max Seat #5 is the button
Seat 5: maslenka ($35.45 in chips)
Seat 6: craaa ($135.05 in chips)
maslenka: posts small blind $1
craaa: posts big blind $3
*** HOLE CARDS ***
maslenka: folds
Uncalled bet ($2) returned to craaa
craaa collected $2 from pot
craaa: doesn't show hand
*** SUMMARY ***
Total pot $2 | Rake $0
Seat 5: maslenka (button) (small blind) folded before Flop
Seat 6: craaa (big blind) collected ($2)


PokerStars Hand #152332631855:  Hold'em Limit ($3/$6 USD) - 2016/04/23 12:35:52 ET
Table 'Geisha II' 6-max Seat #6 is the button
Seat 5: maslenka ($34.45 in chips)
Seat 6: craaa ($136.05 in chips)
craaa: posts small blind $1
maslenka: posts big blind $3
*** HOLE CARDS ***
craaa: folds
Uncalled bet ($2) returned to maslenka
maslenka collected $2 from pot
maslenka: doesn't show hand
*** SUMMARY ***
Total pot $2 | Rake $0
Seat 5: maslenka (big blind) collected ($2)
Seat 6: craaa (button) (small blind) folded before Flop


PokerStars Hand #152332612416:  Hold'em Limit ($3/$6 USD) - 2016/04/23 12:35:26 ET
Table 'Geisha II' 6-max Seat #5 is the button
Seat 5: maslenka ($40.45 in chips)
Seat 6: craaa ($130.29 in chips)
maslenka: posts small blind $1
craaa: posts big blind $3
*** HOLE CARDS ***
maslenka: raises $3 to $6
craaa: calls $3
*** FLOP *** [5d 6h Qc]
craaa: checks
maslenka: checks
*** TURN *** [5d 6h Qc] [8s]
craaa: checks
maslenka: checks
*** RIVER *** [5d 6h Qc 8s] [9s]
craaa: bets $6
maslenka: folds
Uncalled bet ($6) returned to craaa
craaa collected $11.76 from pot
craaa: doesn't show hand
*** SUMMARY ***
Total pot $12 | Rake $0.24
Board [5d 6h Qc 8s 9s]
Seat 5: maslenka (button) (small blind) folded on the River
Seat 6: craaa (big blind) collected ($11.76)


