PokerStars Hand #155148321324:  Hold'em Limit ($3/$6 USD) - 2016/06/24 14:57:44 ET
Table 'Geisha' 6-max Seat #2 is the button
Seat 2: ZinZar ($72 in chips)
Seat 3: DonVasquez001 ($128.50 in chips)
ZinZar: posts small blind $1
DonVasquez001: posts big blind $3
*** HOLE CARDS ***
ZinZar: raises $3 to $6
ValeryRon joins the table at seat #5
DonVasquez001: calls $3
*** FLOP *** [4d 2s Jh]
DonVasquez001: checks
ZinZar: bets $3
DonVasquez001: raises $3 to $6
2GEDDY1 joins the table at seat #6
ZinZar: calls $3
*** TURN *** [4d 2s Jh] [Ks]
DonVasquez001: checks
ZinZar: checks
*** RIVER *** [4d 2s Jh Ks] [8c]
DonVasquez001: checks
ZinZar: checks
*** SHOW DOWN ***
DonVasquez001: shows [Td 5h] (high card King)
ZinZar: mucks hand
DonVasquez001 collected $23.52 from pot
*** SUMMARY ***
Total pot $24 | Rake $0.48
Board [4d 2s Jh Ks 8c]
Seat 2: ZinZar (button) (small blind) mucked
Seat 3: DonVasquez001 (big blind) showed [Td 5h] and won ($23.52) with high card King


PokerStars Hand #155148600110:  Hold'em Limit ($3/$6 USD) - 2016/06/24 15:05:08 ET
Table 'Geisha' 6-max Seat #1 is the button
Seat 1: BrownieSpy ($72 in chips)
Seat 4: holyone13 ($181.64 in chips)
BrownieSpy: posts small blind $1
holyone13: posts big blind $3
*** HOLE CARDS ***
Ale4o leaves the table
BrownieSpy: folds
Uncalled bet ($2) returned to holyone13
holyone13 collected $2 from pot
holyone13: doesn't show hand
*** SUMMARY ***
Total pot $2 | Rake $0
Seat 1: BrownieSpy (button) (small blind) folded before Flop
Seat 4: holyone13 (big blind) collected ($2)


PokerStars Hand #155148593163:  Hold'em Limit ($3/$6 USD) - 2016/06/24 15:04:59 ET
Table 'Geisha' 6-max Seat #4 is the button
Seat 1: BrownieSpy ($72 in chips)
Seat 4: holyone13 ($178.64 in chips)
holyone13: posts small blind $1
BrownieSpy: posts big blind $3
*** HOLE CARDS ***
holyone13: raises $3 to $6
BrownieSpy: folds
Uncalled bet ($3) returned to holyone13
holyone13 collected $6 from pot
holyone13: doesn't show hand
*** SUMMARY ***
Total pot $6 | Rake $0
Seat 1: BrownieSpy (big blind) folded before Flop
Seat 4: holyone13 (button) (small blind) collected ($6)


PokerStars Hand #155148584051:  Hold'em Limit ($3/$6 USD) - 2016/06/24 15:04:46 ET
Table 'Geisha' 6-max Seat #1 is the button
Seat 1: BrownieSpy ($72 in chips)
Seat 4: holyone13 ($177.64 in chips)
BrownieSpy: posts small blind $1
ZinZar: is sitting out
Ale4o: is sitting out
ZinZar leaves the table
holyone13: posts big blind $3
*** HOLE CARDS ***
BrownieSpy: folds
Uncalled bet ($2) returned to holyone13
holyone13 collected $2 from pot
holyone13: doesn't show hand
*** SUMMARY ***
Total pot $2 | Rake $0
Seat 1: BrownieSpy (button) (small blind) folded before Flop
Seat 4: holyone13 (big blind) collected ($2)


PokerStars Hand #155148626298:  Hold'em Limit ($3/$6 USD) - 2016/06/24 15:05:45 ET
Table 'Geisha' 6-max Seat #5 is the button
Seat 4: holyone13 ($181.64 in chips)
Seat 5: ValeryRon ($97 in chips)
ValeryRon: posts small blind $1
holyone13: posts big blind $3
*** HOLE CARDS ***
ValeryRon: raises $3 to $6
holyone13: calls $3
*** FLOP *** [Qd 4s Jc]
holyone13: checks
ValeryRon: bets $3
holyone13: calls $3
*** TURN *** [Qd 4s Jc] [Th]
holyone13: checks
ValeryRon: checks
*** RIVER *** [Qd 4s Jc Th] [8s]
holyone13: checks
ValeryRon: bets $6
holyone13: calls $6
*** SHOW DOWN ***
ValeryRon: shows [2h 5h] (high card Queen)
holyone13: shows [4d 7d] (a pair of Fours)
holyone13 collected $29.50 from pot
*** SUMMARY ***
Total pot $30 | Rake $0.50
Board [Qd 4s Jc Th 8s]
Seat 4: holyone13 (big blind) showed [4d 7d] and won ($29.50) with a pair of Fours
Seat 5: ValeryRon (button) (small blind) showed [2h 5h] and lost with high card Queen


PokerStars Hand #155148619449:  Hold'em Limit ($3/$6 USD) - 2016/06/24 15:05:35 ET
Table 'Geisha' 6-max Seat #4 is the button
Seat 4: holyone13 ($182.64 in chips)
Seat 5: ValeryRon ($96 in chips)
holyone13: posts small blind $1
ValeryRon: posts big blind $3
*** HOLE CARDS ***
holyone13: folds
Uncalled bet ($2) returned to ValeryRon
ValeryRon collected $2 from pot
*** SUMMARY ***
Total pot $2 | Rake $0
Seat 4: holyone13 (button) (small blind) folded before Flop
Seat 5: ValeryRon (big blind) collected ($2)


PokerStars Hand #155148656000:  Hold'em Limit ($3/$6 USD) - 2016/06/24 15:06:27 ET
Table 'Geisha' 6-max Seat #4 is the button
Seat 4: holyone13 ($196.14 in chips)
Seat 5: ValeryRon ($108 in chips)
holyone13: posts small blind $1
ValeryRon: posts big blind $3
*** HOLE CARDS ***
holyone13: raises $3 to $6
ValeryRon: raises $3 to $9
holyone13: calls $3
*** FLOP *** [8s 6d 5h]
ValeryRon: bets $3
holyone13: raises $3 to $6
ValeryRon: calls $3
*** TURN *** [8s 6d 5h] [Qs]
ValeryRon: checks
holyone13: bets $6
ValeryRon: calls $6
*** RIVER *** [8s 6d 5h Qs] [Qd]
ValeryRon: checks
holyone13: bets $6
ValeryRon: calls $6
*** SHOW DOWN ***
holyone13: shows [Qc 4s] (three of a kind, Queens)
ValeryRon: mucks hand
holyone13 collected $53.50 from pot
*** SUMMARY ***
Total pot $54 | Rake $0.50
Board [8s 6d 5h Qs Qd]
Seat 4: holyone13 (button) (small blind) showed [Qc 4s] and won ($53.50) with three of a kind, Queens
Seat 5: ValeryRon (big blind) mucked


