PokerStars Hand #145279613813:  Hold'em Limit ($3/$6 USD) - 2015/12/13 10:50:44 ET
Table 'Geldonia' 6-max Seat #5 is the button
Seat 5: ValeryRon ($109 in chips)
Seat 6: scorpio04 ($184.53 in chips)
ValeryRon: posts small blind $1
scorpio04: posts big blind $3
*** HOLE CARDS ***
ValeryRon: raises $3 to $6
scorpio04: calls $3
*** FLOP *** [5d 8c 4c]
Jogibärle joins the table at seat #2
Karpik09 joins the table at seat #3
scorpio04: checks
ValeryRon: bets $3
scorpio04: raises $3 to $6
ValeryRon: calls $3
*** TURN *** [5d 8c 4c] [3s]
scorpio04: bets $6
ValeryRon: calls $6
*** RIVER *** [5d 8c 4c 3s] [5h]
scorpio04: bets $6
ValeryRon: calls $6
*** SHOW DOWN ***
scorpio04: shows [Tc 6h] (a pair of Fives)
ValeryRon: shows [Ac 3h] (two pair, Fives and Threes)
ValeryRon collected $47.50 from pot
*** SUMMARY ***
Total pot $48 | Rake $0.50
Board [5d 8c 4c 3s 5h]
Seat 5: ValeryRon (button) (small blind) showed [Ac 3h] and won ($47.50) with two pair, Fives and Threes
Seat 6: scorpio04 (big blind) showed [Tc 6h] and lost with a pair of Fives


PokerStars Hand #145280118962:  Hold'em Limit ($3/$6 USD) - 2015/12/13 11:02:01 ET
Table 'Geldonia' 6-max Seat #4 is the button
Seat 4: ledio782 ($140.56 in chips)
Seat 6: scorpio04 ($150.33 in chips)
Karpik09 leaves the table
ledio782: posts small blind $1
scorpio04: posts big blind $3
*** HOLE CARDS ***
ledio782: folds
Uncalled bet ($2) returned to scorpio04
ledio782 leaves the table
scorpio04 collected $2 from pot
scorpio04: doesn't show hand
*** SUMMARY ***
Total pot $2 | Rake $0
Seat 4: ledio782 (button) (small blind) folded before Flop
Seat 6: scorpio04 (big blind) collected ($2)


PokerStars Hand #145280114469:  Hold'em Limit ($3/$6 USD) - 2015/12/13 11:01:56 ET
Table 'Geldonia' 6-max Seat #6 is the button
Seat 4: ledio782 ($139.56 in chips)
Seat 6: scorpio04 ($151.33 in chips)
scorpio04: posts small blind $1
Karpik09: is sitting out
ledio782: posts big blind $3
*** HOLE CARDS ***
scorpio04: folds
Uncalled bet ($2) returned to ledio782
ledio782 collected $2 from pot
*** SUMMARY ***
Total pot $2 | Rake $0
Seat 4: ledio782 (big blind) collected ($2)
Seat 6: scorpio04 (button) (small blind) folded before Flop


PokerStars Hand #145280289785:  Hold'em Limit ($3/$6 USD) - 2015/12/13 11:05:17 ET
Table 'Geldonia' 6-max Seat #1 is the button
Seat 1: nanainana ($76.25 in chips)
Seat 6: scorpio04 ($174.83 in chips)
nanainana: posts small blind $1
scorpio04: posts big blind $3
*** HOLE CARDS ***
nanainana: raises $3 to $6
scorpio04: calls $3
*** FLOP *** [3d 9c 2s]
scorpio04: checks
nanainana: bets $3
scorpio04: raises $3 to $6
nanainana: raises $3 to $9
scorpio04: raises $3 to $12
Betting is capped
nanainana: calls $3
*** TURN *** [3d 9c 2s] [Th]
scorpio04: bets $6
nanainana: calls $6
*** RIVER *** [3d 9c 2s Th] [9s]
scorpio04: bets $6
nanainana: raises $6 to $12
scorpio04: raises $6 to $18
nanainana: calls $6
*** SHOW DOWN ***
scorpio04: shows [2h 2c] (a full house, Deuces full of Nines)
nanainana: mucks hand
scorpio04 collected $83.50 from pot
*** SUMMARY ***
Total pot $84 | Rake $0.50
Board [3d 9c 2s Th 9s]
Seat 1: nanainana (button) (small blind) mucked
Seat 6: scorpio04 (big blind) showed [2h 2c] and won ($83.50) with a full house, Deuces full of Nines


PokerStars Hand #145280322554:  Hold'em Limit ($3/$6 USD) - 2015/12/13 11:05:53 ET
Table 'Geldonia' 6-max Seat #6 is the button
Seat 1: nanainana ($34.25 in chips)
Seat 6: scorpio04 ($216.33 in chips)
scorpio04: posts small blind $1
nanainana: posts big blind $3
*** HOLE CARDS ***
scorpio04: raises $3 to $6
nanainana: calls $3
*** FLOP *** [5d Jd Jh]
nanainana: checks
scorpio04: bets $3
nanainana: calls $3
*** TURN *** [5d Jd Jh] [Kh]
nanainana: checks
scorpio04: checks
*** RIVER *** [5d Jd Jh Kh] [Ks]
nanainana: checks
scorpio04: bets $6
nanainana: calls $6
*** SHOW DOWN ***
scorpio04: shows [7h 8s] (two pair, Kings and Jacks)
nanainana: shows [4s Qh] (two pair, Kings and Jacks - Queen kicker)
nanainana collected $29.50 from pot
*** SUMMARY ***
Total pot $30 | Rake $0.50
Board [5d Jd Jh Kh Ks]
Seat 1: nanainana (big blind) showed [4s Qh] and won ($29.50) with two pair, Kings and Jacks
Seat 6: scorpio04 (button) (small blind) showed [7h 8s] and lost with two pair, Kings and Jacks


PokerStars Hand #145280349352:  Hold'em Limit ($3/$6 USD) - 2015/12/13 11:06:24 ET
Table 'Geldonia' 6-max Seat #1 is the button
Seat 1: nanainana ($48.75 in chips)
Seat 6: scorpio04 ($201.33 in chips)
nanainana: posts small blind $1
scorpio04: posts big blind $3
*** HOLE CARDS ***
nanainana: folds
Uncalled bet ($2) returned to scorpio04
scorpio04 collected $2 from pot
scorpio04: doesn't show hand
*** SUMMARY ***
Total pot $2 | Rake $0
Seat 1: nanainana (button) (small blind) folded before Flop
Seat 6: scorpio04 (big blind) collected ($2)


PokerStars Hand #145280355480:  Hold'em Limit ($3/$6 USD) - 2015/12/13 11:06:31 ET
Table 'Geldonia' 6-max Seat #6 is the button
Seat 1: nanainana ($47.75 in chips)
Seat 6: scorpio04 ($202.33 in chips)
scorpio04: posts small blind $1
nanainana: posts big blind $3
*** HOLE CARDS ***
scorpio04: raises $3 to $6
nanainana: raises $3 to $9
scorpio04: calls $3
*** FLOP *** [Ac Ad 2h]
nanainana: bets $3
scorpio04: calls $3
*** TURN *** [Ac Ad 2h] [Th]
nanainana: bets $6
scorpio04: folds
Uncalled bet ($6) returned to nanainana
nanainana collected $23.52 from pot
*** SUMMARY ***
Total pot $24 | Rake $0.48
Board [Ac Ad 2h Th]
Seat 1: nanainana (big blind) collected ($23.52)
Seat 6: scorpio04 (button) (small blind) folded on the Turn


PokerStars Hand #145280373502:  Hold'em Limit ($3/$6 USD) - 2015/12/13 11:06:51 ET
Table 'Geldonia' 6-max Seat #1 is the button
Seat 1: nanainana ($59.27 in chips)
Seat 6: scorpio04 ($190.33 in chips)
nanainana: posts small blind $1
scorpio04: posts big blind $3
*** HOLE CARDS ***
nanainana: raises $3 to $6
scorpio04: raises $3 to $9
nanainana: raises $3 to $12
Betting is capped
scorpio04: calls $3
*** FLOP *** [Jc 6d 5h]
scorpio04: checks
nanainana: bets $3
scorpio04: calls $3
*** TURN *** [Jc 6d 5h] [Qd]
scorpio04: checks
nanainana: bets $6
scorpio04: folds
Uncalled bet ($6) returned to nanainana
nanainana collected $29.50 from pot
*** SUMMARY ***
Total pot $30 | Rake $0.50
Board [Jc 6d 5h Qd]
Seat 1: nanainana (button) (small blind) collected ($29.50)
Seat 6: scorpio04 (big blind) folded on the Turn


PokerStars Hand #145280393048:  Hold'em Limit ($3/$6 USD) - 2015/12/13 11:07:13 ET
Table 'Geldonia' 6-max Seat #6 is the button
Seat 1: nanainana ($73.77 in chips)
Seat 6: scorpio04 ($175.33 in chips)
scorpio04: posts small blind $1
nanainana: posts big blind $3
*** HOLE CARDS ***
scorpio04: raises $3 to $6
nanainana: raises $3 to $9
scorpio04: calls $3
*** FLOP *** [Td 2h Ks]
nanainana: bets $3
scorpio04: folds
Uncalled bet ($3) returned to nanainana
nanainana collected $17.64 from pot
*** SUMMARY ***
Total pot $18 | Rake $0.36
Board [Td 2h Ks]
Seat 1: nanainana (big blind) collected ($17.64)
Seat 6: scorpio04 (button) (small blind) folded on the Flop


PokerStars Hand #145280413518:  Hold'em Limit ($3/$6 USD) - 2015/12/13 11:07:36 ET
Table 'Geldonia' 6-max Seat #1 is the button
Seat 1: nanainana ($82.41 in chips)
Seat 6: scorpio04 ($166.33 in chips)
nanainana: posts small blind $1
scorpio04: posts big blind $3
*** HOLE CARDS ***
nanainana: folds
Uncalled bet ($2) returned to scorpio04
scorpio04 collected $2 from pot
scorpio04: doesn't show hand
*** SUMMARY ***
Total pot $2 | Rake $0
Seat 1: nanainana (button) (small blind) folded before Flop
Seat 6: scorpio04 (big blind) collected ($2)


PokerStars Hand #145280417678:  Hold'em Limit ($3/$6 USD) - 2015/12/13 11:07:41 ET
Table 'Geldonia' 6-max Seat #6 is the button
Seat 1: nanainana ($81.41 in chips)
Seat 6: scorpio04 ($167.33 in chips)
scorpio04: posts small blind $1
nanainana: posts big blind $3
*** HOLE CARDS ***
scorpio04: raises $3 to $6
nanainana: calls $3
*** FLOP *** [6s Qs 7c]
nanainana: checks
scorpio04: bets $3
nanainana: folds
Uncalled bet ($3) returned to scorpio04
scorpio04 collected $11.76 from pot
scorpio04: doesn't show hand
*** SUMMARY ***
Total pot $12 | Rake $0.24
Board [6s Qs 7c]
Seat 1: nanainana (big blind) folded on the Flop
Seat 6: scorpio04 (button) (small blind) collected ($11.76)


PokerStars Hand #145280430088:  Hold'em Limit ($3/$6 USD) - 2015/12/13 11:07:55 ET
Table 'Geldonia' 6-max Seat #1 is the button
Seat 1: nanainana ($75.41 in chips)
Seat 6: scorpio04 ($173.09 in chips)
nanainana: posts small blind $1
scorpio04: posts big blind $3
*** HOLE CARDS ***
nanainana: raises $3 to $6
scorpio04: raises $3 to $9
nanainana: calls $3
*** FLOP *** [Kd Tc 9s]
scorpio04: bets $3
nanainana: calls $3
*** TURN *** [Kd Tc 9s] [4d]
scorpio04: checks
nanainana: bets $6
scorpio04: calls $6
*** RIVER *** [Kd Tc 9s 4d] [Qd]
scorpio04: bets $6
nanainana: calls $6
*** SHOW DOWN ***
scorpio04: shows [Jh 9h] (a straight, Nine to King)
nanainana: mucks hand
scorpio04 collected $47.50 from pot
*** SUMMARY ***
Total pot $48 | Rake $0.50
Board [Kd Tc 9s 4d Qd]
Seat 1: nanainana (button) (small blind) mucked
Seat 6: scorpio04 (big blind) showed [Jh 9h] and won ($47.50) with a straight, Nine to King


PokerStars Hand #145280446588:  Hold'em Limit ($3/$6 USD) - 2015/12/13 11:08:14 ET
Table 'Geldonia' 6-max Seat #6 is the button
Seat 1: nanainana ($51.41 in chips)
Seat 6: scorpio04 ($196.59 in chips)
scorpio04: posts small blind $1
nanainana: posts big blind $3
*** HOLE CARDS ***
scorpio04: raises $3 to $6
nanainana: raises $3 to $9
scorpio04: calls $3
*** FLOP *** [3d Th Ts]
nanainana: bets $3
scorpio04: folds
Uncalled bet ($3) returned to nanainana
nanainana collected $17.64 from pot
*** SUMMARY ***
Total pot $18 | Rake $0.36
Board [3d Th Ts]
Seat 1: nanainana (big blind) collected ($17.64)
Seat 6: scorpio04 (button) (small blind) folded on the Flop


PokerStars Hand #145280471183:  Hold'em Limit ($3/$6 USD) - 2015/12/13 11:08:42 ET
Table 'Geldonia' 6-max Seat #6 is the button
Seat 1: nanainana ($59.05 in chips)
Seat 6: scorpio04 ($188.59 in chips)
scorpio04: posts small blind $1
nanainana: posts big blind $3
*** HOLE CARDS ***
scorpio04: folds
Uncalled bet ($2) returned to nanainana
nanainana collected $2 from pot
*** SUMMARY ***
Total pot $2 | Rake $0
Seat 1: nanainana (big blind) collected ($2)
Seat 6: scorpio04 (button) (small blind) folded before Flop


PokerStars Hand #145280467064:  Hold'em Limit ($3/$6 USD) - 2015/12/13 11:08:37 ET
Table 'Geldonia' 6-max Seat #1 is the button
Seat 1: nanainana ($60.05 in chips)
Seat 6: scorpio04 ($187.59 in chips)
nanainana: posts small blind $1
scorpio04: posts big blind $3
*** HOLE CARDS ***
nanainana: folds
Uncalled bet ($2) returned to scorpio04
scorpio04 collected $2 from pot
scorpio04: doesn't show hand
*** SUMMARY ***
Total pot $2 | Rake $0
Seat 1: nanainana (button) (small blind) folded before Flop
Seat 6: scorpio04 (big blind) collected ($2)


PokerStars Hand #145280488791:  Hold'em Limit ($3/$6 USD) - 2015/12/13 11:09:02 ET
Table 'Geldonia' 6-max Seat #6 is the button
Seat 1: nanainana ($71.57 in chips)
Seat 6: scorpio04 ($175.59 in chips)
scorpio04: posts small blind $1
nanainana: posts big blind $3
*** HOLE CARDS ***
scorpio04: folds
Uncalled bet ($2) returned to nanainana
nanainana collected $2 from pot
*** SUMMARY ***
Total pot $2 | Rake $0
Seat 1: nanainana (big blind) collected ($2)
Seat 6: scorpio04 (button) (small blind) folded before Flop


PokerStars Hand #145280476295:  Hold'em Limit ($3/$6 USD) - 2015/12/13 11:08:48 ET
Table 'Geldonia' 6-max Seat #1 is the button
Seat 1: nanainana ($60.05 in chips)
Seat 6: scorpio04 ($187.59 in chips)
nanainana: posts small blind $1
scorpio04: posts big blind $3
*** HOLE CARDS ***
nanainana: raises $3 to $6
scorpio04: calls $3
*** FLOP *** [Qc Kc Jh]
scorpio04: checks
nanainana: checks
*** TURN *** [Qc Kc Jh] [Jc]
scorpio04: bets $6
nanainana: raises $6 to $12
scorpio04: folds
Uncalled bet ($6) returned to nanainana
nanainana collected $23.52 from pot
*** SUMMARY ***
Total pot $24 | Rake $0.48
Board [Qc Kc Jh Jc]
Seat 1: nanainana (button) (small blind) collected ($23.52)
Seat 6: scorpio04 (big blind) folded on the Turn


PokerStars Hand #145280499520:  Hold'em Limit ($3/$6 USD) - 2015/12/13 11:09:14 ET
Table 'Geldonia' 6-max Seat #6 is the button
Seat 1: nanainana ($71.57 in chips)
Seat 6: scorpio04 ($175.59 in chips)
scorpio04: posts small blind $1
nanainana: posts big blind $3
*** HOLE CARDS ***
scorpio04: raises $3 to $6
nanainana: folds
Uncalled bet ($3) returned to scorpio04
scorpio04 collected $6 from pot
scorpio04: doesn't show hand
*** SUMMARY ***
Total pot $6 | Rake $0
Seat 1: nanainana (big blind) folded before Flop
Seat 6: scorpio04 (button) (small blind) collected ($6)


PokerStars Hand #145280495142:  Hold'em Limit ($3/$6 USD) - 2015/12/13 11:09:09 ET
Table 'Geldonia' 6-max Seat #1 is the button
Seat 1: nanainana ($72.57 in chips)
Seat 6: scorpio04 ($174.59 in chips)
nanainana: posts small blind $1
scorpio04: posts big blind $3
*** HOLE CARDS ***
nanainana: folds
Uncalled bet ($2) returned to scorpio04
scorpio04 collected $2 from pot
scorpio04: doesn't show hand
*** SUMMARY ***
Total pot $2 | Rake $0
Seat 1: nanainana (button) (small blind) folded before Flop
Seat 6: scorpio04 (big blind) collected ($2)


PokerStars Hand #145280504352:  Hold'em Limit ($3/$6 USD) - 2015/12/13 11:09:19 ET
Table 'Geldonia' 6-max Seat #1 is the button
Seat 1: nanainana ($68.57 in chips)
Seat 6: scorpio04 ($178.59 in chips)
nanainana: posts small blind $1
scorpio04: posts big blind $3
*** HOLE CARDS ***
nanainana: raises $3 to $6
scorpio04: raises $3 to $9
nanainana: calls $3
*** FLOP *** [2d Ah 3s]
scorpio04: bets $3
nanainana: folds
Uncalled bet ($3) returned to scorpio04
scorpio04 collected $17.64 from pot
scorpio04: doesn't show hand
*** SUMMARY ***
Total pot $18 | Rake $0.36
Board [2d Ah 3s]
Seat 1: nanainana (button) (small blind) folded on the Flop
Seat 6: scorpio04 (big blind) collected ($17.64)


PokerStars Hand #145280516021:  Hold'em Limit ($3/$6 USD) - 2015/12/13 11:09:33 ET
Table 'Geldonia' 6-max Seat #6 is the button
Seat 1: nanainana ($59.57 in chips)
Seat 6: scorpio04 ($187.23 in chips)
scorpio04: posts small blind $1
nanainana: posts big blind $3
*** HOLE CARDS ***
scorpio04: raises $3 to $6
nanainana: raises $3 to $9
scorpio04: calls $3
*** FLOP *** [8s 7s 5d]
nanainana: bets $3
scorpio04: calls $3
*** TURN *** [8s 7s 5d] [9c]
nanainana: bets $6
scorpio04: folds
Uncalled bet ($6) returned to nanainana
nanainana collected $23.52 from pot
*** SUMMARY ***
Total pot $24 | Rake $0.48
Board [8s 7s 5d 9c]
Seat 1: nanainana (big blind) collected ($23.52)
Seat 6: scorpio04 (button) (small blind) folded on the Turn


PokerStars Hand #145280545309:  Hold'em Limit ($3/$6 USD) - 2015/12/13 11:10:06 ET
Table 'Geldonia' 6-max Seat #1 is the button
Seat 1: nanainana ($71.09 in chips)
Seat 6: scorpio04 ($175.23 in chips)
nanainana: posts small blind $1
scorpio04: posts big blind $3
*** HOLE CARDS ***
nanainana: folds
Uncalled bet ($2) returned to scorpio04
scorpio04 collected $2 from pot
scorpio04: doesn't show hand
*** SUMMARY ***
Total pot $2 | Rake $0
Seat 1: nanainana (button) (small blind) folded before Flop
Seat 6: scorpio04 (big blind) collected ($2)


PokerStars Hand #145280550319:  Hold'em Limit ($3/$6 USD) - 2015/12/13 11:10:12 ET
Table 'Geldonia' 6-max Seat #6 is the button
Seat 1: nanainana ($70.09 in chips)
Seat 6: scorpio04 ($176.23 in chips)
scorpio04: posts small blind $1
nanainana: posts big blind $3
*** HOLE CARDS ***
scorpio04: raises $3 to $6
nanainana: calls $3
*** FLOP *** [2s As 3d]
nanainana: checks
scorpio04: bets $3
nanainana: calls $3
*** TURN *** [2s As 3d] [6d]
nanainana: checks
scorpio04: checks
*** RIVER *** [2s As 3d 6d] [Tc]
nanainana: checks
scorpio04: bets $6
nanainana: calls $6
*** SHOW DOWN ***
scorpio04: shows [Qd Ts] (a pair of Tens)
nanainana: mucks hand
scorpio04 collected $29.50 from pot
*** SUMMARY ***
Total pot $30 | Rake $0.50
Board [2s As 3d 6d Tc]
Seat 1: nanainana (big blind) mucked
Seat 6: scorpio04 (button) (small blind) showed [Qd Ts] and won ($29.50) with a pair of Tens


PokerStars Hand #145280582418:  Hold'em Limit ($3/$6 USD) - 2015/12/13 11:10:48 ET
Table 'Geldonia' 6-max Seat #1 is the button
Seat 1: nanainana ($55.09 in chips)
Seat 6: scorpio04 ($190.73 in chips)
nanainana: posts small blind $1
scorpio04: posts big blind $3
*** HOLE CARDS ***
nanainana: raises $3 to $6
scorpio04: raises $3 to $9
nanainana: calls $3
*** FLOP *** [5c 6c 6s]
scorpio04: bets $3
nanainana: raises $3 to $6
scorpio04: raises $3 to $9
nanainana: calls $3
*** TURN *** [5c 6c 6s] [Ac]
scorpio04: bets $6
nanainana: calls $6
*** RIVER *** [5c 6c 6s Ac] [8h]
scorpio04: bets $6
nanainana: calls $6
*** SHOW DOWN ***
scorpio04: shows [6h Kh] (three of a kind, Sixes)
nanainana: mucks hand
scorpio04 collected $59.50 from pot
*** SUMMARY ***
Total pot $60 | Rake $0.50
Board [5c 6c 6s Ac 8h]
Seat 1: nanainana (button) (small blind) mucked
Seat 6: scorpio04 (big blind) showed [6h Kh] and won ($59.50) with three of a kind, Sixes


PokerStars Hand #145280606304:  Hold'em Limit ($3/$6 USD) - 2015/12/13 11:11:15 ET
Table 'Geldonia' 6-max Seat #6 is the button
Seat 1: nanainana ($25.09 in chips)
Seat 6: scorpio04 ($220.23 in chips)
scorpio04: posts small blind $1
nanainana: posts big blind $3
*** HOLE CARDS ***
scorpio04: raises $3 to $6
nanainana: raises $3 to $9
scorpio04: calls $3
*** FLOP *** [9c 2c 2d]
nanainana: bets $3
scorpio04: folds
Uncalled bet ($3) returned to nanainana
nanainana collected $17.64 from pot
*** SUMMARY ***
Total pot $18 | Rake $0.36
Board [9c 2c 2d]
Seat 1: nanainana (big blind) collected ($17.64)
Seat 6: scorpio04 (button) (small blind) folded on the Flop


PokerStars Hand #145280616894:  Hold'em Limit ($3/$6 USD) - 2015/12/13 11:11:27 ET
Table 'Geldonia' 6-max Seat #1 is the button
Seat 1: nanainana ($33.73 in chips)
Seat 6: scorpio04 ($211.23 in chips)
nanainana: posts small blind $1
scorpio04: posts big blind $3
*** HOLE CARDS ***
nanainana: calls $2
scorpio04: checks
*** FLOP *** [Ad 8d 6c]
scorpio04: bets $3
nanainana: calls $3
*** TURN *** [Ad 8d 6c] [5h]
scorpio04: bets $6
nanainana: calls $6
*** RIVER *** [Ad 8d 6c 5h] [2c]
scorpio04: bets $6
nanainana: calls $6
*** SHOW DOWN ***
scorpio04: shows [8h 3c] (a pair of Eights)
nanainana: mucks hand
scorpio04 collected $35.50 from pot
*** SUMMARY ***
Total pot $36 | Rake $0.50
Board [Ad 8d 6c 5h 2c]
Seat 1: nanainana (button) (small blind) mucked
Seat 6: scorpio04 (big blind) showed [8h 3c] and won ($35.50) with a pair of Eights


PokerStars Hand #145280650970:  Hold'em Limit ($3/$6 USD) - 2015/12/13 11:12:06 ET
Table 'Geldonia' 6-max Seat #6 is the button
Seat 1: nanainana ($15.73 in chips)
Seat 6: scorpio04 ($228.73 in chips)
scorpio04: posts small blind $1
nanainana: posts big blind $3
*** HOLE CARDS ***
scorpio04: raises $3 to $6
nanainana: calls $3
*** FLOP *** [4h 6c 2h]
nanainana: bets $3
scorpio04: calls $3
*** TURN *** [4h 6c 2h] [As]
nanainana: bets $6
scorpio04: folds
Uncalled bet ($6) returned to nanainana
nanainana collected $17.64 from pot
*** SUMMARY ***
Total pot $18 | Rake $0.36
Board [4h 6c 2h As]
Seat 1: nanainana (big blind) collected ($17.64)
Seat 6: scorpio04 (button) (small blind) folded on the Turn


PokerStars Hand #145280663338:  Hold'em Limit ($3/$6 USD) - 2015/12/13 11:12:20 ET
Table 'Geldonia' 6-max Seat #1 is the button
Seat 1: nanainana ($24.37 in chips)
Seat 6: scorpio04 ($219.73 in chips)
nanainana: posts small blind $1
scorpio04: posts big blind $3
*** HOLE CARDS ***
nanainana: raises $3 to $6
scorpio04: folds
Uncalled bet ($3) returned to nanainana
nanainana collected $6 from pot
*** SUMMARY ***
Total pot $6 | Rake $0
Seat 1: nanainana (button) (small blind) collected ($6)
Seat 6: scorpio04 (big blind) folded before Flop


PokerStars Hand #145280685754:  Hold'em Limit ($3/$6 USD) - 2015/12/13 11:12:45 ET
Table 'Geldonia' 6-max Seat #6 is the button
Seat 1: nanainana ($37.01 in chips)
Seat 6: scorpio04 ($206.73 in chips)
scorpio04: posts small blind $1
nanainana: posts big blind $3
*** HOLE CARDS ***
scorpio04: raises $3 to $6
nanainana: raises $3 to $9
baur017017 joins the table at seat #2
scorpio04: calls $3
*** FLOP *** [Kd 9s 8c]
nanainana: checks
ValeryRon joins the table at seat #3
scorpio04: bets $3
nanainana: folds
Uncalled bet ($3) returned to scorpio04
scorpio04 collected $17.64 from pot
scorpio04: doesn't show hand
*** SUMMARY ***
Total pot $18 | Rake $0.36
Board [Kd 9s 8c]
Seat 1: nanainana (big blind) folded on the Flop
Seat 6: scorpio04 (button) (small blind) collected ($17.64)


PokerStars Hand #145280674938:  Hold'em Limit ($3/$6 USD) - 2015/12/13 11:12:33 ET
Table 'Geldonia' 6-max Seat #1 is the button
Seat 1: nanainana ($28.37 in chips)
Seat 6: scorpio04 ($215.73 in chips)
nanainana: posts small blind $1
scorpio04: posts big blind $3
*** HOLE CARDS ***
nanainana: raises $3 to $6
scorpio04: calls $3
*** FLOP *** [As Ah 4s]
scorpio04: checks
nanainana: bets $3
scorpio04: calls $3
*** TURN *** [As Ah 4s] [4h]
scorpio04: checks
nanainana: bets $6
scorpio04: folds
Uncalled bet ($6) returned to nanainana
nanainana collected $17.64 from pot
*** SUMMARY ***
Total pot $18 | Rake $0.36
Board [As Ah 4s 4h]
Seat 1: nanainana (button) (small blind) collected ($17.64)
Seat 6: scorpio04 (big blind) folded on the Turn


PokerStars Hand #145280669674:  Hold'em Limit ($3/$6 USD) - 2015/12/13 11:12:27 ET
Table 'Geldonia' 6-max Seat #6 is the button
Seat 1: nanainana ($27.37 in chips)
Seat 6: scorpio04 ($216.73 in chips)
scorpio04: posts small blind $1
nanainana: posts big blind $3
*** HOLE CARDS ***
scorpio04: folds
Uncalled bet ($2) returned to nanainana
nanainana collected $2 from pot
*** SUMMARY ***
Total pot $2 | Rake $0
Seat 1: nanainana (big blind) collected ($2)
Seat 6: scorpio04 (button) (small blind) folded before Flop


PokerStars Hand #145289801407:  Hold'em Limit ($3/$6 USD) - 2015/12/13 13:53:21 ET
Table 'Geldonia' 6-max Seat #3 is the button
Seat 3: korrnel ($227.08 in chips)
Seat 4: julenchu ($187.10 in chips)
korrnel: posts small blind $1
julenchu: posts big blind $3
*** HOLE CARDS ***
korrnel: raises $3 to $6
julenchu: calls $3
*** FLOP *** [5h Qc 7s]
julenchu: checks
korrnel: bets $3
julenchu: calls $3
*** TURN *** [5h Qc 7s] [Jc]
julenchu: checks
korrnel: checks
*** RIVER *** [5h Qc 7s Jc] [7d]
julenchu: bets $6
korrnel: folds
Uncalled bet ($6) returned to julenchu
julenchu collected $17.64 from pot
julenchu: doesn't show hand
*** SUMMARY ***
Total pot $18 | Rake $0.36
Board [5h Qc 7s Jc 7d]
Seat 3: korrnel (button) (small blind) folded on the River
Seat 4: julenchu (big blind) collected ($17.64)


PokerStars Hand #145289793340:  Hold'em Limit ($3/$6 USD) - 2015/12/13 13:53:13 ET
Table 'Geldonia' 6-max Seat #4 is the button
Seat 3: korrnel ($230.08 in chips)
Seat 4: julenchu ($184.10 in chips)
julenchu: posts small blind $1
laapin: is sitting out
ValeryRon: is sitting out
korrnel: posts big blind $3
*** HOLE CARDS ***
julenchu: raises $3 to $6
ValeryRon leaves the table
korrnel: folds
Uncalled bet ($3) returned to julenchu
laapin leaves the table
julenchu collected $6 from pot
julenchu: doesn't show hand
*** SUMMARY ***
Total pot $6 | Rake $0
Seat 3: korrnel (big blind) folded before Flop
Seat 4: julenchu (button) (small blind) collected ($6)


PokerStars Hand #145291351511:  Hold'em Limit ($3/$6 USD) - 2015/12/13 14:19:36 ET
Table 'Geldonia' 6-max Seat #2 is the button
Seat 2: balrog25 ($171 in chips)
Seat 5: manly70 ($371.45 in chips)
balrog25: posts small blind $1
manly70: posts big blind $3
*** HOLE CARDS ***
balrog25: folds
Uncalled bet ($2) returned to manly70
manly70 collected $2 from pot
manly70: doesn't show hand
*** SUMMARY ***
Total pot $2 | Rake $0
Seat 2: balrog25 (button) (small blind) folded before Flop
Seat 5: manly70 (big blind) collected ($2)


PokerStars Hand #145291317937:  Hold'em Limit ($3/$6 USD) - 2015/12/13 14:19:05 ET
Table 'Geldonia' 6-max Seat #5 is the button
Seat 2: balrog25 ($180 in chips)
Seat 5: manly70 ($362.81 in chips)
manly70: posts small blind $1
balrog25: posts big blind $3
*** HOLE CARDS ***
manly70: raises $3 to $6
balrog25: calls $3
*** FLOP *** [4s 4c 9c]
balrog25: checks
manly70: bets $3
balrog25: calls $3
*** TURN *** [4s 4c 9c] [3c]
balrog25: checks
manly70: bets $6
balrog25: folds
Uncalled bet ($6) returned to manly70
manly70 collected $17.64 from pot
manly70: doesn't show hand
*** SUMMARY ***
Total pot $18 | Rake $0.36
Board [4s 4c 9c 3c]
Seat 2: balrog25 (big blind) folded on the Turn
Seat 5: manly70 (button) (small blind) collected ($17.64)


PokerStars Hand #145291358376:  Hold'em Limit ($3/$6 USD) - 2015/12/13 14:19:42 ET
Table 'Geldonia' 6-max Seat #5 is the button
Seat 2: balrog25 ($170 in chips)
Seat 5: manly70 ($372.45 in chips)
manly70: posts small blind $1
balrog25: posts big blind $3
*** HOLE CARDS ***
eirivi joins the table at seat #3
manly70: folds
Uncalled bet ($2) returned to balrog25
balrog25 collected $2 from pot
balrog25: doesn't show hand
*** SUMMARY ***
Total pot $2 | Rake $0
Seat 2: balrog25 (big blind) collected ($2)
Seat 5: manly70 (button) (small blind) folded before Flop


PokerStars Hand #145291846593:  Hold'em Limit ($3/$6 USD) - 2015/12/13 14:27:16 ET
Table 'Geldonia' 6-max Seat #6 is the button
Seat 5: manly70 ($319.45 in chips)
Seat 6: rascal_319 ($140.76 in chips)
rascal_319: posts small blind $1
balrog25: is sitting out
balrog25 leaves the table
Airbag999: is sitting out
manly70: posts big blind $3
*** HOLE CARDS ***
rascal_319: folds
Uncalled bet ($2) returned to manly70
manly70 collected $2 from pot
manly70: doesn't show hand
*** SUMMARY ***
Total pot $2 | Rake $0
Seat 5: manly70 (big blind) collected ($2)
Seat 6: rascal_319 (button) (small blind) folded before Flop


PokerStars Hand #145291852787:  Hold'em Limit ($3/$6 USD) - 2015/12/13 14:27:22 ET
Table 'Geldonia' 6-max Seat #5 is the button
Seat 5: manly70 ($320.45 in chips)
Seat 6: rascal_319 ($139.76 in chips)
manly70: posts small blind $1
rascal_319: posts big blind $3
*** HOLE CARDS ***
Airbag999 leaves the table
manly70: folds
Uncalled bet ($2) returned to rascal_319
rascal_319 collected $2 from pot
rascal_319: doesn't show hand
*** SUMMARY ***
Total pot $2 | Rake $0
Seat 5: manly70 (button) (small blind) folded before Flop
Seat 6: rascal_319 (big blind) collected ($2)


PokerStars Hand #145291871441:  Hold'em Limit ($3/$6 USD) - 2015/12/13 14:27:40 ET
Table 'Geldonia' 6-max Seat #5 is the button
Seat 5: manly70 ($320.45 in chips)
Seat 6: rascal_319 ($139.76 in chips)
manly70: posts small blind $1
rascal_319: posts big blind $3
*** HOLE CARDS ***
manly70: raises $3 to $6
Avereem joins the table at seat #2
rascal_319: raises $3 to $9
manly70: calls $3
*** FLOP *** [6h Jc Kd]
rascal_319: bets $3
manly70: calls $3
*** TURN *** [6h Jc Kd] [5s]
rascal_319: bets $6
manly70: folds
Uncalled bet ($6) returned to rascal_319
eirivi leaves the table
rascal_319 collected $23.52 from pot
rascal_319: doesn't show hand
*** SUMMARY ***
Total pot $24 | Rake $0.48
Board [6h Jc Kd 5s]
Seat 5: manly70 (button) (small blind) folded on the Turn
Seat 6: rascal_319 (big blind) collected ($23.52)


PokerStars Hand #145291859084:  Hold'em Limit ($3/$6 USD) - 2015/12/13 14:27:28 ET
Table 'Geldonia' 6-max Seat #6 is the button
Seat 5: manly70 ($319.45 in chips)
Seat 6: rascal_319 ($140.76 in chips)
rascal_319: posts small blind $1
manly70: posts big blind $3
*** HOLE CARDS ***
rascal_319: folds
Uncalled bet ($2) returned to manly70
manly70 collected $2 from pot
manly70: doesn't show hand
*** SUMMARY ***
Total pot $2 | Rake $0
Seat 5: manly70 (big blind) collected ($2)
Seat 6: rascal_319 (button) (small blind) folded before Flop


