PokerStars Hand #163222722165:  Hold'em Limit ($3/$6 USD) - 2016/12/19 21:26:46 ET
Table 'Gellivara' 6-max Seat #1 is the button
Seat 1: LifeisagameX ($84 in chips)
Seat 2: denn69 ($44 in chips)
LifeisagameX: posts small blind $1
denn69: posts big blind $3
*** HOLE CARDS ***
LifeisagameX: raises $3 to $6
denn69: raises $3 to $9
Brama Br joins the table at seat #6
LifeisagameX: calls $3
*** FLOP *** [2h Ks Qh]
denn69: checks
LifeisagameX: checks
*** TURN *** [2h Ks Qh] [2s]
denn69: bets $6
LifeisagameX: calls $6
*** RIVER *** [2h Ks Qh 2s] [Jh]
denn69: bets $6
LifeisagameX: calls $6
*** SHOW DOWN ***
denn69: shows [Td Qd] (two pair, Queens and Deuces)
LifeisagameX: mucks hand
denn69 collected $41.50 from pot
*** SUMMARY ***
Total pot $42 | Rake $0.50
Board [2h Ks Qh 2s Jh]
Seat 1: LifeisagameX (button) (small blind) mucked
Seat 2: denn69 (big blind) showed [Td Qd] and won ($41.50) with two pair, Queens and Deuces


PokerStars Hand #163222811946:  Hold'em Limit ($3/$6 USD) - 2016/12/19 21:30:07 ET
Table 'Gellivara' 6-max Seat #6 is the button
Seat 2: denn69 ($71.70 in chips)
Seat 6: Brama Br ($115.38 in chips)
RaisemyNut$ will be allowed to play after the button
wobetting will be allowed to play after the button
Bakenbaster will be allowed to play after the button
Brama Br: posts small blind $1
denn69: posts big blind $3
*** HOLE CARDS ***
LifeisagameX leaves the table
Brama Br: raises $3 to $6
denn69: folds
Uncalled bet ($3) returned to Brama Br
Brama Br collected $6 from pot
Brama Br: doesn't show hand
*** SUMMARY ***
Total pot $6 | Rake $0
Seat 2: denn69 (big blind) folded before Flop
Seat 6: Brama Br (button) (small blind) collected ($6)


PokerStars Hand #163224511466:  Hold'em Limit ($3/$6 USD) - 2016/12/19 22:40:55 ET
Table 'Gellivara' 6-max Seat #3 is the button
Seat 3: RaisemyNut$ ($94.21 in chips)
Seat 4: wobetting ($275.37 in chips)
ToDaFelt will be allowed to play after the button
RaisemyNut$: posts small blind $1
wobetting: posts big blind $3
*** HOLE CARDS ***
RaisemyNut$: folds
Uncalled bet ($2) returned to wobetting
wobetting collected $2 from pot
wobetting: doesn't show hand
*** SUMMARY ***
Total pot $2 | Rake $0
Seat 3: RaisemyNut$ (button) (small blind) folded before Flop
Seat 4: wobetting (big blind) collected ($2)


