PokerStars Hand #149010737501:  Hold'em Limit ($3/$6 USD) - 2016/02/18 10:55:30 ET
Table 'Gellivara' 6-max Seat #3 is the button
Seat 3: ivast1 ($120 in chips)
Seat 4: Azrarn ($120 in chips)
ivast1: posts small blind $1
Azrarn: posts big blind $3
*** HOLE CARDS ***
ivast1: calls $2
Azrarn: raises $3 to $6
ivast1: calls $3
*** FLOP *** [2c Qs Td]
Azrarn: bets $3
ivast1: calls $3
*** TURN *** [2c Qs Td] [Qh]
Azrarn: checks
ivast1: bets $6
Azrarn: calls $6
*** RIVER *** [2c Qs Td Qh] [5s]
Azrarn: checks
ivast1: bets $6
Azrarn: calls $6
*** SHOW DOWN ***
ivast1: shows [4s Kc] (a pair of Queens)
Azrarn: shows [Ah 6c] (a pair of Queens - Ace kicker)
Azrarn collected $41.50 from pot
*** SUMMARY ***
Total pot $42 | Rake $0.50
Board [2c Qs Td Qh 5s]
Seat 3: ivast1 (button) (small blind) showed [4s Kc] and lost with a pair of Queens
Seat 4: Azrarn (big blind) showed [Ah 6c] and won ($41.50) with a pair of Queens


PokerStars Hand #149010779165:  Hold'em Limit ($3/$6 USD) - 2016/02/18 10:56:31 ET
Table 'Gellivara' 6-max Seat #4 is the button
Seat 3: ivast1 ($99 in chips)
Seat 4: Azrarn ($140.50 in chips)
Azrarn: posts small blind $1
ivast1: posts big blind $3
*** HOLE CARDS ***
Azrarn: raises $3 to $6
ivast1: calls $3
*** FLOP *** [8h As Ks]
ivast1: checks
Azrarn: bets $3
ivast1: folds
Uncalled bet ($3) returned to Azrarn
Azrarn collected $11.76 from pot
Azrarn: doesn't show hand
*** SUMMARY ***
Total pot $12 | Rake $0.24
Board [8h As Ks]
Seat 3: ivast1 (big blind) folded on the Flop
Seat 4: Azrarn (button) (small blind) collected ($11.76)


PokerStars Hand #149010811285:  Hold'em Limit ($3/$6 USD) - 2016/02/18 10:57:16 ET
Table 'Gellivara' 6-max Seat #3 is the button
Seat 3: ivast1 ($93 in chips)
Seat 4: Azrarn ($146.26 in chips)
ivast1: posts small blind $1
Azrarn: posts big blind $3
*** HOLE CARDS ***
ivast1: raises $3 to $6
Azrarn: calls $3
*** FLOP *** [2c Jc 9h]
Azrarn: checks
ivast1: bets $3
Azrarn: folds
Uncalled bet ($3) returned to ivast1
ivast1 collected $11.76 from pot
ivast1: doesn't show hand
*** SUMMARY ***
Total pot $12 | Rake $0.24
Board [2c Jc 9h]
Seat 3: ivast1 (button) (small blind) collected ($11.76)
Seat 4: Azrarn (big blind) folded on the Flop


PokerStars Hand #149010849386:  Hold'em Limit ($3/$6 USD) - 2016/02/18 10:58:04 ET
Table 'Gellivara' 6-max Seat #4 is the button
Seat 3: ivast1 ($98.76 in chips)
Seat 4: Azrarn ($140.26 in chips)
Azrarn: posts small blind $1
ivast1: posts big blind $3
*** HOLE CARDS ***
Azrarn: raises $3 to $6
ivast1: raises $3 to $9
Azrarn: calls $3
*** FLOP *** [3s 7d 9d]
ivast1: bets $3
Azrarn: calls $3
*** TURN *** [3s 7d 9d] [5h]
ivast1: bets $6
Azrarn: folds
Uncalled bet ($6) returned to ivast1
ivast1 collected $23.52 from pot
ivast1: doesn't show hand
*** SUMMARY ***
Total pot $24 | Rake $0.48
Board [3s 7d 9d 5h]
Seat 3: ivast1 (big blind) collected ($23.52)
Seat 4: Azrarn (button) (small blind) folded on the Turn


PokerStars Hand #149010891526:  Hold'em Limit ($3/$6 USD) - 2016/02/18 10:58:48 ET
Table 'Gellivara' 6-max Seat #3 is the button
Seat 3: ivast1 ($110.28 in chips)
Seat 4: Azrarn ($128.26 in chips)
ivast1: posts small blind $1
Azrarn: posts big blind $3
*** HOLE CARDS ***
ivast1: calls $2
B_loJkl joins the table at seat #5
Azrarn: raises $3 to $6
ivast1: calls $3
*** FLOP *** [8d 2h 3c]
Azrarn: checks
ivast1: checks
*** TURN *** [8d 2h 3c] [Ts]
Azrarn: bets $6
ivast1: folds
Uncalled bet ($6) returned to Azrarn
Azrarn collected $11.76 from pot
Azrarn: doesn't show hand
*** SUMMARY ***
Total pot $12 | Rake $0.24
Board [8d 2h 3c Ts]
Seat 3: ivast1 (button) (small blind) folded on the Turn
Seat 4: Azrarn (big blind) collected ($11.76)


PokerStars Hand #149011960203:  Hold'em Limit ($3/$6 USD) - 2016/02/18 11:20:03 ET
Table 'Gellivara' 6-max Seat #6 is the button
Seat 5: B_loJkl ($208.45 in chips)
Seat 6: chezlaw ($124 in chips)
chezlaw: posts small blind $1
Fabulous108: is sitting out
Azrarn: is sitting out
B_loJkl: posts big blind $3
*** HOLE CARDS ***
Fabulous108 leaves the table
chezlaw: raises $3 to $6
B_loJkl: calls $3
*** FLOP *** [6h 7c 9s]
B_loJkl: checks
chezlaw: bets $3
B_loJkl: calls $3
*** TURN *** [6h 7c 9s] [6d]
B_loJkl: checks
chezlaw: bets $6
Azrarn leaves the table
B_loJkl: calls $6
*** RIVER *** [6h 7c 9s 6d] [Ah]
B_loJkl: checks
chezlaw: checks
*** SHOW DOWN ***
B_loJkl: shows [Jd Th] (a pair of Sixes)
chezlaw: shows [Ks 4s] (a pair of Sixes - Ace+King kicker)
chezlaw collected $29.50 from pot
*** SUMMARY ***
Total pot $30 | Rake $0.50
Board [6h 7c 9s 6d Ah]
Seat 5: B_loJkl (big blind) showed [Jd Th] and lost with a pair of Sixes
Seat 6: chezlaw (button) (small blind) showed [Ks 4s] and won ($29.50) with a pair of Sixes


PokerStars Hand #149011989989:  Hold'em Limit ($3/$6 USD) - 2016/02/18 11:20:38 ET
Table 'Gellivara' 6-max Seat #5 is the button
Seat 5: B_loJkl ($193.45 in chips)
Seat 6: chezlaw ($138.50 in chips)
B_loJkl: posts small blind $1
chezlaw: posts big blind $3
*** HOLE CARDS ***
B_loJkl: raises $3 to $6
chezlaw: calls $3
*** FLOP *** [6h 2h 8c]
chezlaw: checks
B_loJkl: bets $3
chezlaw: folds
Uncalled bet ($3) returned to B_loJkl
B_loJkl collected $11.76 from pot
B_loJkl: doesn't show hand
*** SUMMARY ***
Total pot $12 | Rake $0.24
Board [6h 2h 8c]
Seat 5: B_loJkl (button) (small blind) collected ($11.76)
Seat 6: chezlaw (big blind) folded on the Flop


PokerStars Hand #149020359987:  Hold'em Limit ($3/$6 USD) - 2016/02/18 13:51:56 ET
Table 'Gellivara' 6-max Seat #5 is the button
Seat 4: flohamo ($160.74 in chips)
Seat 5: Great_Kang ($131.07 in chips)
Great_Kang: posts small blind $1
Azrarn: is sitting out
Zubasa07: is sitting out
flohamo: posts big blind $3
*** HOLE CARDS ***
Azrarn leaves the table
Great_Kang: folds
Uncalled bet ($2) returned to flohamo
flohamo collected $2 from pot
*** SUMMARY ***
Total pot $2 | Rake $0
Seat 4: flohamo (big blind) collected ($2)
Seat 5: Great_Kang (button) (small blind) folded before Flop


PokerStars Hand #149020366831:  Hold'em Limit ($3/$6 USD) - 2016/02/18 13:52:03 ET
Table 'Gellivara' 6-max Seat #4 is the button
Seat 4: flohamo ($161.74 in chips)
Seat 5: Great_Kang ($130.07 in chips)
flohamo: posts small blind $1
Great_Kang: posts big blind $3
*** HOLE CARDS ***
flohamo: folds
Uncalled bet ($2) returned to Great_Kang
Great_Kang collected $2 from pot
Great_Kang: doesn't show hand
*** SUMMARY ***
Total pot $2 | Rake $0
Seat 4: flohamo (button) (small blind) folded before Flop
Seat 5: Great_Kang (big blind) collected ($2)


