PokerStars Hand #170192163605:  Hold'em Limit ($3/$6 USD) - 2017/05/09 16:50:57 ET
Table 'Gellivara II' 6-max Seat #6 is the button
Seat 1: Ataxon626 ($83.08 in chips)
Seat 6: ToDaFelt ($120 in chips)
ToDaFelt: posts small blind $1
Ataxon626: posts big blind $3
*** HOLE CARDS ***
ToDaFelt: folds
Uncalled bet ($2) returned to Ataxon626
Ataxon626 collected $2 from pot
Ataxon626: doesn't show hand
*** SUMMARY ***
Total pot $2 | Rake $0
Seat 1: Ataxon626 (big blind) collected ($2)
Seat 6: ToDaFelt (button) (small blind) folded before Flop


PokerStars Hand #170192170333:  Hold'em Limit ($3/$6 USD) - 2017/05/09 16:51:04 ET
Table 'Gellivara II' 6-max Seat #1 is the button
Seat 1: Ataxon626 ($84.08 in chips)
Seat 6: ToDaFelt ($119 in chips)
Ataxon626: posts small blind $1
ToDaFelt: posts big blind $3
*** HOLE CARDS ***
Ataxon626: raises $3 to $6
ToDaFelt: calls $3
*** FLOP *** [Jc 3s 7d]
ToDaFelt: checks
Ataxon626: bets $3
ToDaFelt: raises $3 to $6
Ataxon626: raises $3 to $9
ToDaFelt: calls $3
*** TURN *** [Jc 3s 7d] [Kh]
ToDaFelt: checks
Ataxon626: bets $6
ToDaFelt: calls $6
*** RIVER *** [Jc 3s 7d Kh] [Kc]
ToDaFelt: checks
Ataxon626: bets $6
ToDaFelt: calls $6
*** SHOW DOWN ***
Ataxon626: shows [Td 3h] (two pair, Kings and Threes)
ToDaFelt: shows [6s 7h] (two pair, Kings and Sevens)
ToDaFelt collected $53.50 from pot
*** SUMMARY ***
Total pot $54 | Rake $0.50
Board [Jc 3s 7d Kh Kc]
Seat 1: Ataxon626 (button) (small blind) showed [Td 3h] and lost with two pair, Kings and Threes
Seat 6: ToDaFelt (big blind) showed [6s 7h] and won ($53.50) with two pair, Kings and Sevens


PokerStars Hand #170192250185:  Hold'em Limit ($3/$6 USD) - 2017/05/09 16:52:35 ET
Table 'Gellivara II' 6-max Seat #6 is the button
Seat 1: Ataxon626 ($74.36 in chips)
Seat 6: ToDaFelt ($127.50 in chips)
ToDaFelt: posts small blind $1
Ataxon626: posts big blind $3
*** HOLE CARDS ***
ToDaFelt: raises $3 to $6
Ataxon626: folds
Uncalled bet ($3) returned to ToDaFelt
ToDaFelt collected $6 from pot
ToDaFelt: doesn't show hand
*** SUMMARY ***
Total pot $6 | Rake $0
Seat 1: Ataxon626 (big blind) folded before Flop
Seat 6: ToDaFelt (button) (small blind) collected ($6)


PokerStars Hand #170192223405:  Hold'em Limit ($3/$6 USD) - 2017/05/09 16:52:05 ET
Table 'Gellivara II' 6-max Seat #1 is the button
Seat 1: Ataxon626 ($68.60 in chips)
Seat 6: ToDaFelt ($133.50 in chips)
Ataxon626: posts small blind $1
ToDaFelt: posts big blind $3
*** HOLE CARDS ***
Ataxon626: raises $3 to $6
B_loJkl joins the table at seat #2
ToDaFelt: calls $3
*** FLOP *** [7d 2d Ad]
ToDaFelt: checks
Ataxon626: bets $3
ToDaFelt: folds
Uncalled bet ($3) returned to Ataxon626
Ataxon626 collected $11.76 from pot
Ataxon626: doesn't show hand
*** SUMMARY ***
Total pot $12 | Rake $0.24
Board [7d 2d Ad]
Seat 1: Ataxon626 (button) (small blind) collected ($11.76)
Seat 6: ToDaFelt (big blind) folded on the Flop


PokerStars Hand #170192199925:  Hold'em Limit ($3/$6 USD) - 2017/05/09 16:51:38 ET
Table 'Gellivara II' 6-max Seat #6 is the button
Seat 1: Ataxon626 ($57.08 in chips)
Seat 6: ToDaFelt ($145.50 in chips)
ToDaFelt: posts small blind $1
Ataxon626: posts big blind $3
*** HOLE CARDS ***
ToDaFelt: raises $3 to $6
Ataxon626: raises $3 to $9
ToDaFelt: calls $3
*** FLOP *** [4s Tc 3h]
Ataxon626: bets $3
ToDaFelt: calls $3
*** TURN *** [4s Tc 3h] [8d]
Ataxon626: bets $6
ToDaFelt: folds
Uncalled bet ($6) returned to Ataxon626
Ataxon626 collected $23.52 from pot
Ataxon626: doesn't show hand
*** SUMMARY ***
Total pot $24 | Rake $0.48
Board [4s Tc 3h 8d]
Seat 1: Ataxon626 (big blind) collected ($23.52)
Seat 6: ToDaFelt (button) (small blind) folded on the Turn


