PokerStars Hand #154132308867:  Hold'em Limit ($3/$6 USD) - 2016/06/01 6:42:40 ET
Table 'Gelria II' 6-max Seat #4 is the button
Seat 1: Airbag999 ($125.76 in chips)
Seat 4: Agrotait ($66 in chips)
Agrotait: posts small blind $1
Airbag999: posts big blind $3
*** HOLE CARDS ***
B_loJkl joins the table at seat #2
Agrotait: raises $3 to $6
Airbag999: raises $3 to $9
Agrotait: calls $3
*** FLOP *** [2h 5c Kd]
Airbag999: bets $3
Agrotait: raises $3 to $6
Airbag999: calls $3
*** TURN *** [2h 5c Kd] [7c]
Airbag999: checks
Agrotait: bets $6
Airbag999: calls $6
*** RIVER *** [2h 5c Kd 7c] [7h]
Airbag999: checks
Agrotait: checks
*** SHOW DOWN ***
Airbag999: shows [Ks Ts] (two pair, Kings and Sevens)
Agrotait: mucks hand
Airbag999 collected $41.50 from pot
*** SUMMARY ***
Total pot $42 | Rake $0.50
Board [2h 5c Kd 7c 7h]
Seat 1: Airbag999 (big blind) showed [Ks Ts] and won ($41.50) with two pair, Kings and Sevens
Seat 4: Agrotait (button) (small blind) mucked


PokerStars Hand #154132323106:  Hold'em Limit ($3/$6 USD) - 2016/06/01 6:43:15 ET
Table 'Gelria II' 6-max Seat #1 is the button
Seat 1: Airbag999 ($146.26 in chips)
Seat 2: B_loJkl ($150 in chips)
Airbag999: posts small blind $1
B_loJkl: posts big blind $3
*** HOLE CARDS ***
Agrotait leaves the table
Airbag999: raises $3 to $6
B_loJkl: folds
Uncalled bet ($3) returned to Airbag999
Airbag999 collected $6 from pot
Airbag999: doesn't show hand
*** SUMMARY ***
Total pot $6 | Rake $0
Seat 1: Airbag999 (button) (small blind) collected ($6)
Seat 2: B_loJkl (big blind) folded before Flop


