PokerStars Hand #152448376924:  Hold'em Limit ($3/$6 USD) - 2016/04/25 18:36:45 ET
Table 'Gelria' 6-max Seat #3 is the button
Seat 3: GERRITANITA ($80.41 in chips)
Seat 4: AzureCaper ($106.02 in chips)
GERRITANITA: posts small blind $1
AzureCaper: posts big blind $3
*** HOLE CARDS ***
GERRITANITA: raises $3 to $6
AzureCaper: raises $3 to $9
GERRITANITA: calls $3
*** FLOP *** [Ks 7h Qs]
AzureCaper: bets $3
GERRITANITA: folds
Uncalled bet ($3) returned to AzureCaper
AzureCaper collected $17.64 from pot
AzureCaper: doesn't show hand
*** SUMMARY ***
Total pot $18 | Rake $0.36
Board [Ks 7h Qs]
Seat 3: GERRITANITA (button) (small blind) folded on the Flop
Seat 4: AzureCaper (big blind) collected ($17.64)


PokerStars Hand #152448356767:  Hold'em Limit ($3/$6 USD) - 2016/04/25 18:36:17 ET
Table 'Gelria' 6-max Seat #4 is the button
Seat 3: GERRITANITA ($115.41 in chips)
Seat 4: AzureCaper ($72 in chips)
AzureCaper: posts small blind $1
GERRITANITA: posts big blind $3
*** HOLE CARDS ***
AzureCaper: raises $3 to $6
GERRITANITA: calls $3
*** FLOP *** [9c Th 4d]
GERRITANITA: bets $3
AzureCaper: raises $3 to $6
GERRITANITA: calls $3
*** TURN *** [9c Th 4d] [Ks]
GERRITANITA: checks
AzureCaper: bets $6
GERRITANITA: calls $6
*** RIVER *** [9c Th 4d Ks] [Qh]
GERRITANITA: checks
AzureCaper: bets $6
GERRITANITA: calls $6
*** SHOW DOWN ***
AzureCaper: shows [8h Kh] (a pair of Kings)
GERRITANITA: mucks hand
AzureCaper collected $47.50 from pot
*** SUMMARY ***
Total pot $48 | Rake $0.50
Board [9c Th 4d Ks Qh]
Seat 3: GERRITANITA (big blind) mucked
Seat 4: AzureCaper (button) (small blind) showed [8h Kh] and won ($47.50) with a pair of Kings


PokerStars Hand #152448373779:  Hold'em Limit ($3/$6 USD) - 2016/04/25 18:36:41 ET
Table 'Gelria' 6-max Seat #4 is the button
Seat 3: GERRITANITA ($79.41 in chips)
Seat 4: AzureCaper ($107.02 in chips)
AzureCaper: posts small blind $1
GERRITANITA: posts big blind $3
*** HOLE CARDS ***
AzureCaper: folds
Uncalled bet ($2) returned to GERRITANITA
GERRITANITA collected $2 from pot
*** SUMMARY ***
Total pot $2 | Rake $0
Seat 3: GERRITANITA (big blind) collected ($2)
Seat 4: AzureCaper (button) (small blind) folded before Flop


PokerStars Hand #152448338904:  Hold'em Limit ($3/$6 USD) - 2016/04/25 18:35:51 ET
Table 'Gelria' 6-max Seat #3 is the button
Seat 3: GERRITANITA ($106.77 in chips)
Seat 4: AzureCaper ($72 in chips)
GERRITANITA: posts small blind $1
AzureCaper: posts big blind $3
*** HOLE CARDS ***
GERRITANITA: raises $3 to $6
vestimokrec joins the table at seat #5
AzureCaper: calls $3
*** FLOP *** [2s 7h 6c]
AzureCaper: checks
GERRITANITA: bets $3
AzureCaper: calls $3
*** TURN *** [2s 7h 6c] [Qs]
AzureCaper: checks
GERRITANITA: checks
*** RIVER *** [2s 7h 6c Qs] [5h]
AzureCaper: checks
GERRITANITA: checks
*** SHOW DOWN ***
AzureCaper: shows [Kh Tc] (high card King)
GERRITANITA: shows [Ad 3h] (high card Ace)
GERRITANITA collected $17.64 from pot
*** SUMMARY ***
Total pot $18 | Rake $0.36
Board [2s 7h 6c Qs 5h]
Seat 3: GERRITANITA (button) (small blind) showed [Ad 3h] and won ($17.64) with high card Ace
Seat 4: AzureCaper (big blind) showed [Kh Tc] and lost with high card King


PokerStars Hand #152448388093:  Hold'em Limit ($3/$6 USD) - 2016/04/25 18:37:01 ET
Table 'Gelria' 6-max Seat #3 is the button
Seat 3: GERRITANITA ($80.05 in chips)
Seat 4: AzureCaper ($105.66 in chips)
GERRITANITA: posts small blind $1
AzureCaper: posts big blind $3
*** HOLE CARDS ***
GERRITANITA: raises $3 to $6
AzureCaper: calls $3
*** FLOP *** [Jc 2d 3c]
AzureCaper: checks
GERRITANITA: bets $3
AzureCaper: raises $3 to $6
GERRITANITA: folds
Uncalled bet ($3) returned to AzureCaper
Zubasa07 joins the table at seat #6
AzureCaper collected $17.64 from pot
*** SUMMARY ***
Total pot $18 | Rake $0.36
Board [Jc 2d 3c]
Seat 3: GERRITANITA (button) (small blind) folded on the Flop
Seat 4: AzureCaper (big blind) collected ($17.64)


PokerStars Hand #152448382245:  Hold'em Limit ($3/$6 USD) - 2016/04/25 18:36:53 ET
Table 'Gelria' 6-max Seat #4 is the button
Seat 3: GERRITANITA ($71.41 in chips)
Seat 4: AzureCaper ($114.66 in chips)
AzureCaper: posts small blind $1
GERRITANITA: posts big blind $3
*** HOLE CARDS ***
AzureCaper: raises $3 to $6
GERRITANITA: raises $3 to $9
AzureCaper: calls $3
*** FLOP *** [6c 7d 8h]
GERRITANITA: bets $3
AzureCaper: folds
Uncalled bet ($3) returned to GERRITANITA
GERRITANITA collected $17.64 from pot
*** SUMMARY ***
Total pot $18 | Rake $0.36
Board [6c 7d 8h]
Seat 3: GERRITANITA (big blind) collected ($17.64)
Seat 4: AzureCaper (button) (small blind) folded on the Flop


PokerStars Hand #152451363681:  Hold'em Limit ($3/$6 USD) - 2016/04/25 19:58:31 ET
Table 'Gelria' 6-max Seat #4 is the button
Seat 3: krytalex ($101.39 in chips)
Seat 4: harrydonkey ($38.40 in chips)
harrydonkey: posts small blind $1
krytalex: posts big blind $3
*** HOLE CARDS ***
harrydonkey: folds
Uncalled bet ($2) returned to krytalex
krytalex collected $2 from pot
*** SUMMARY ***
Total pot $2 | Rake $0
Seat 3: krytalex (big blind) collected ($2)
Seat 4: harrydonkey (button) (small blind) folded before Flop


PokerStars Hand #152451356157:  Hold'em Limit ($3/$6 USD) - 2016/04/25 19:58:13 ET
Table 'Gelria' 6-max Seat #3 is the button
Seat 3: krytalex ($98.39 in chips)
Seat 4: harrydonkey ($41.40 in chips)
krytalex: posts small blind $1
harrydonkey: posts big blind $3
*** HOLE CARDS ***
krytalex: raises $3 to $6
harrydonkey: folds
Uncalled bet ($3) returned to krytalex
krytalex collected $6 from pot
*** SUMMARY ***
Total pot $6 | Rake $0
Seat 3: krytalex (button) (small blind) collected ($6)
Seat 4: harrydonkey (big blind) folded before Flop


PokerStars Hand #152451345012:  Hold'em Limit ($3/$6 USD) - 2016/04/25 19:57:47 ET
Table 'Gelria' 6-max Seat #4 is the button
Seat 3: krytalex ($101.39 in chips)
Seat 4: harrydonkey ($38.52 in chips)
harrydonkey: posts small blind $1
krytalex: posts big blind $3
*** HOLE CARDS ***
harrydonkey: calls $2
krytalex: checks
*** FLOP *** [2s 3h Td]
krytalex: checks
harrydonkey: bets $3
krytalex: folds
Uncalled bet ($3) returned to harrydonkey
harrydonkey collected $5.88 from pot
*** SUMMARY ***
Total pot $6 | Rake $0.12
Board [2s 3h Td]
Seat 3: krytalex (big blind) folded on the Flop
Seat 4: harrydonkey (button) (small blind) collected ($5.88)


