PokerStars Hand #174032678894:  Hold'em Limit ($3/$6 USD) - 2017/08/07 9:56:05 ET
Table 'Gelria' 10-max Seat #9 is the button
Seat 8: rezlifu ($52.64 in chips)
Seat 9: GoliafUa ($122.76 in chips)
GoliafUa: posts small blind $1
rezlifu: posts big blind $3
*** HOLE CARDS ***
GoliafUa: folds
Uncalled bet ($2) returned to rezlifu
rezlifu collected $2 from pot
rezlifu: doesn't show hand
*** SUMMARY ***
Total pot $2 | Rake $0
Seat 8: rezlifu (big blind) collected ($2)
Seat 9: GoliafUa (button) (small blind) folded before Flop


PokerStars Hand #174032676163:  Hold'em Limit ($3/$6 USD) - 2017/08/07 9:55:59 ET
Table 'Gelria' 10-max Seat #8 is the button
Seat 8: rezlifu ($53.64 in chips)
Seat 9: GoliafUa ($121.76 in chips)
rezlifu: posts small blind $1
GoliafUa: posts big blind $3
*** HOLE CARDS ***
rezlifu: folds
Uncalled bet ($2) returned to GoliafUa
GoliafUa collected $2 from pot
*** SUMMARY ***
Total pot $2 | Rake $0
Seat 8: rezlifu (button) (small blind) folded before Flop
Seat 9: GoliafUa (big blind) collected ($2)


PokerStars Hand #174032706841:  Hold'em Limit ($3/$6 USD) - 2017/08/07 9:57:08 ET
Table 'Gelria' 10-max Seat #8 is the button
Seat 8: rezlifu ($91.78 in chips)
Seat 9: GoliafUa ($123 in chips)
rezlifu: posts small blind $1
GoliafUa: posts big blind $3
*** HOLE CARDS ***
rezlifu: folds
Uncalled bet ($2) returned to GoliafUa
GoliafUa collected $2 from pot
GoliafUa: doesn't show hand
*** SUMMARY ***
Total pot $2 | Rake $0
Seat 8: rezlifu (button) (small blind) folded before Flop
Seat 9: GoliafUa (big blind) collected ($2)


PokerStars Hand #174032704520:  Hold'em Limit ($3/$6 USD) - 2017/08/07 9:57:03 ET
Table 'Gelria' 10-max Seat #9 is the button
Seat 8: rezlifu ($94.78 in chips)
Seat 9: GoliafUa ($120 in chips)
GoliafUa: posts small blind $1
rezlifu: posts big blind $3
*** HOLE CARDS ***
GoliafUa: raises $3 to $6
rezlifu: folds
Uncalled bet ($3) returned to GoliafUa
GoliafUa collected $6 from pot
GoliafUa: doesn't show hand
*** SUMMARY ***
Total pot $6 | Rake $0
Seat 8: rezlifu (big blind) folded before Flop
Seat 9: GoliafUa (button) (small blind) collected ($6)


PokerStars Hand #174032701794:  Hold'em Limit ($3/$6 USD) - 2017/08/07 9:56:56 ET
Table 'Gelria' 10-max Seat #8 is the button
Seat 8: rezlifu ($91.78 in chips)
Seat 9: GoliafUa ($123 in chips)
rezlifu: posts small blind $1
GoliafUa: posts big blind $3
*** HOLE CARDS ***
rezlifu: raises $3 to $6
GoliafUa: folds
Uncalled bet ($3) returned to rezlifu
rezlifu collected $6 from pot
rezlifu: doesn't show hand
*** SUMMARY ***
Total pot $6 | Rake $0
Seat 8: rezlifu (button) (small blind) collected ($6)
Seat 9: GoliafUa (big blind) folded before Flop


PokerStars Hand #174032699394:  Hold'em Limit ($3/$6 USD) - 2017/08/07 9:56:51 ET
Table 'Gelria' 10-max Seat #9 is the button
Seat 8: rezlifu ($94.78 in chips)
Seat 9: GoliafUa ($120 in chips)
GoliafUa: posts small blind $1
rezlifu: posts big blind $3
*** HOLE CARDS ***
GoliafUa: raises $3 to $6
rezlifu: folds
Uncalled bet ($3) returned to GoliafUa
GoliafUa collected $6 from pot
GoliafUa: doesn't show hand
*** SUMMARY ***
Total pot $6 | Rake $0
Seat 8: rezlifu (big blind) folded before Flop
Seat 9: GoliafUa (button) (small blind) collected ($6)


PokerStars Hand #174032692977:  Hold'em Limit ($3/$6 USD) - 2017/08/07 9:56:37 ET
Table 'Gelria' 10-max Seat #8 is the button
Seat 8: rezlifu ($65.28 in chips)
Seat 9: GoliafUa ($120 in chips)
rezlifu: posts small blind $1
GoliafUa: posts big blind $3
*** HOLE CARDS ***
rezlifu: raises $3 to $6
GoliafUa: raises $3 to $9
rezlifu: calls $3
*** FLOP *** [3c Th Jd]
GoliafUa: bets $3
rezlifu: calls $3
*** TURN *** [3c Th Jd] [Qc]
GoliafUa: bets $6
rezlifu: calls $6
*** RIVER *** [3c Th Jd Qc] [Ks]
GoliafUa: bets $6
rezlifu: raises $6 to $12
GoliafUa: calls $6
*** SHOW DOWN ***
rezlifu: shows [9c 9s] (a straight, Nine to King)
GoliafUa: mucks hand
rezlifu collected $59.50 from pot
*** SUMMARY ***
Total pot $60 | Rake $0.50
Board [3c Th Jd Qc Ks]
Seat 8: rezlifu (button) (small blind) showed [9c 9s] and won ($59.50) with a straight, Nine to King
Seat 9: GoliafUa (big blind) mucked


PokerStars Hand #174032691002:  Hold'em Limit ($3/$6 USD) - 2017/08/07 9:56:32 ET
Table 'Gelria' 10-max Seat #9 is the button
Seat 8: rezlifu ($64.28 in chips)
Seat 9: GoliafUa ($120 in chips)
GoliafUa: posts small blind $1
rezlifu: posts big blind $3
*** HOLE CARDS ***
GoliafUa: folds
Uncalled bet ($2) returned to rezlifu
rezlifu collected $2 from pot
rezlifu: doesn't show hand
*** SUMMARY ***
Total pot $2 | Rake $0
Seat 8: rezlifu (big blind) collected ($2)
Seat 9: GoliafUa (button) (small blind) folded before Flop


PokerStars Hand #174032688960:  Hold'em Limit ($3/$6 USD) - 2017/08/07 9:56:28 ET
Table 'Gelria' 10-max Seat #8 is the button
Seat 8: rezlifu ($61.28 in chips)
Seat 9: GoliafUa ($120 in chips)
rezlifu: posts small blind $1
GoliafUa: posts big blind $3
*** HOLE CARDS ***
rezlifu: raises $3 to $6
GoliafUa: folds
Uncalled bet ($3) returned to rezlifu
rezlifu collected $6 from pot
rezlifu: doesn't show hand
*** SUMMARY ***
Total pot $6 | Rake $0
Seat 8: rezlifu (button) (small blind) collected ($6)
Seat 9: GoliafUa (big blind) folded before Flop


PokerStars Hand #174032683499:  Hold'em Limit ($3/$6 USD) - 2017/08/07 9:56:16 ET
Table 'Gelria' 10-max Seat #9 is the button
Seat 8: rezlifu ($52.64 in chips)
Seat 9: GoliafUa ($122.76 in chips)
GoliafUa: posts small blind $1
rezlifu: posts big blind $3
*** HOLE CARDS ***
GoliafUa: raises $3 to $6
rezlifu: raises $3 to $9
GoliafUa: calls $3
*** FLOP *** [As Jd Th]
rezlifu: bets $3
GoliafUa: folds
Uncalled bet ($3) returned to rezlifu
rezlifu collected $17.64 from pot
rezlifu: doesn't show hand
*** SUMMARY ***
Total pot $18 | Rake $0.36
Board [As Jd Th]
Seat 8: rezlifu (big blind) collected ($17.64)
Seat 9: GoliafUa (button) (small blind) folded on the Flop


PokerStars Hand #174032681274:  Hold'em Limit ($3/$6 USD) - 2017/08/07 9:56:11 ET
Table 'Gelria' 10-max Seat #8 is the button
Seat 8: rezlifu ($53.64 in chips)
Seat 9: GoliafUa ($121.76 in chips)
rezlifu: posts small blind $1
GoliafUa: posts big blind $3
*** HOLE CARDS ***
rezlifu: folds
Uncalled bet ($2) returned to GoliafUa
GoliafUa collected $2 from pot
GoliafUa: doesn't show hand
*** SUMMARY ***
Total pot $2 | Rake $0
Seat 8: rezlifu (button) (small blind) folded before Flop
Seat 9: GoliafUa (big blind) collected ($2)


PokerStars Hand #174032729881:  Hold'em Limit ($3/$6 USD) - 2017/08/07 9:57:59 ET
Table 'Gelria' 10-max Seat #8 is the button
Seat 8: rezlifu ($88.30 in chips)
Seat 9: GoliafUa ($131.52 in chips)
rezlifu: posts small blind $1
GoliafUa: posts big blind $3
*** HOLE CARDS ***
rezlifu: raises $3 to $6
GoliafUa: calls $3
*** FLOP *** [7c 9h Qs]
GoliafUa: checks
rezlifu: checks
*** TURN *** [7c 9h Qs] [7d]
GoliafUa: bets $6
rezlifu: raises $6 to $12
GoliafUa: folds
Uncalled bet ($6) returned to rezlifu
rezlifu collected $23.52 from pot
rezlifu: doesn't show hand
*** SUMMARY ***
Total pot $24 | Rake $0.48
Board [7c 9h Qs 7d]
Seat 8: rezlifu (button) (small blind) collected ($23.52)
Seat 9: GoliafUa (big blind) folded on the Turn


PokerStars Hand #174032723903:  Hold'em Limit ($3/$6 USD) - 2017/08/07 9:57:46 ET
Table 'Gelria' 10-max Seat #9 is the button
Seat 8: rezlifu ($100.30 in chips)
Seat 9: GoliafUa ($120 in chips)
GoliafUa: posts small blind $1
rezlifu: posts big blind $3
*** HOLE CARDS ***
GoliafUa: raises $3 to $6
rezlifu: raises $3 to $9
GoliafUa: calls $3
*** FLOP *** [Th 6h 3c]
rezlifu: bets $3
GoliafUa: calls $3
*** TURN *** [Th 6h 3c] [Ac]
rezlifu: checks
GoliafUa: bets $6
rezlifu: folds
Uncalled bet ($6) returned to GoliafUa
GoliafUa collected $23.52 from pot
GoliafUa: doesn't show hand
*** SUMMARY ***
Total pot $24 | Rake $0.48
Board [Th 6h 3c Ac]
Seat 8: rezlifu (big blind) folded on the Turn
Seat 9: GoliafUa (button) (small blind) collected ($23.52)


PokerStars Hand #174032719355:  Hold'em Limit ($3/$6 USD) - 2017/08/07 9:57:36 ET
Table 'Gelria' 10-max Seat #8 is the button
Seat 8: rezlifu ($97.42 in chips)
Seat 9: GoliafUa ($120 in chips)
rezlifu: posts small blind $1
GoliafUa: posts big blind $3
*** HOLE CARDS ***
rezlifu: calls $2
GoliafUa: checks
*** FLOP *** [Tc Ah Ac]
GoliafUa: checks
rezlifu: bets $3
GoliafUa: folds
Uncalled bet ($3) returned to rezlifu
rezlifu collected $5.88 from pot
rezlifu: doesn't show hand
*** SUMMARY ***
Total pot $6 | Rake $0.12
Board [Tc Ah Ac]
Seat 8: rezlifu (button) (small blind) collected ($5.88)
Seat 9: GoliafUa (big blind) folded on the Flop


PokerStars Hand #174032717337:  Hold'em Limit ($3/$6 USD) - 2017/08/07 9:57:31 ET
Table 'Gelria' 10-max Seat #9 is the button
Seat 8: rezlifu ($96.42 in chips)
Seat 9: GoliafUa ($120 in chips)
GoliafUa: posts small blind $1
rezlifu: posts big blind $3
*** HOLE CARDS ***
GoliafUa: folds
Uncalled bet ($2) returned to rezlifu
rezlifu collected $2 from pot
rezlifu: doesn't show hand
*** SUMMARY ***
Total pot $2 | Rake $0
Seat 8: rezlifu (big blind) collected ($2)
Seat 9: GoliafUa (button) (small blind) folded before Flop


PokerStars Hand #174032712180:  Hold'em Limit ($3/$6 USD) - 2017/08/07 9:57:19 ET
Table 'Gelria' 10-max Seat #8 is the button
Seat 8: rezlifu ($87.78 in chips)
Seat 9: GoliafUa ($127 in chips)
rezlifu: posts small blind $1
GoliafUa: posts big blind $3
*** HOLE CARDS ***
rezlifu: raises $3 to $6
GoliafUa: calls $3
*** FLOP *** [7c 3c 7d]
GoliafUa: checks
rezlifu: bets $3
GoliafUa: calls $3
*** TURN *** [7c 3c 7d] [2h]
GoliafUa: checks
rezlifu: checks
*** RIVER *** [7c 3c 7d 2h] [Qc]
GoliafUa: checks
rezlifu: checks
*** SHOW DOWN ***
GoliafUa: shows [Jc 8s] (a pair of Sevens)
rezlifu: shows [6s As] (a pair of Sevens - Ace kicker)
rezlifu collected $17.64 from pot
*** SUMMARY ***
Total pot $18 | Rake $0.36
Board [7c 3c 7d 2h Qc]
Seat 8: rezlifu (button) (small blind) showed [6s As] and won ($17.64) with a pair of Sevens
Seat 9: GoliafUa (big blind) showed [Jc 8s] and lost with a pair of Sevens


PokerStars Hand #174032708713:  Hold'em Limit ($3/$6 USD) - 2017/08/07 9:57:12 ET
Table 'Gelria' 10-max Seat #9 is the button
Seat 8: rezlifu ($90.78 in chips)
Seat 9: GoliafUa ($124 in chips)
GoliafUa: posts small blind $1
rezlifu: posts big blind $3
*** HOLE CARDS ***
GoliafUa: raises $3 to $6
rezlifu: folds
Uncalled bet ($3) returned to GoliafUa
GoliafUa collected $6 from pot
GoliafUa: doesn't show hand
*** SUMMARY ***
Total pot $6 | Rake $0
Seat 8: rezlifu (big blind) folded before Flop
Seat 9: GoliafUa (button) (small blind) collected ($6)


PokerStars Hand #174032746276:  Hold'em Limit ($3/$6 USD) - 2017/08/07 9:58:35 ET
Table 'Gelria' 10-max Seat #8 is the button
Seat 8: rezlifu ($92.82 in chips)
Seat 9: GoliafUa ($127 in chips)
rezlifu: posts small blind $1
GoliafUa: posts big blind $3
*** HOLE CARDS ***
rezlifu: folds
Uncalled bet ($2) returned to GoliafUa
GoliafUa collected $2 from pot
GoliafUa: doesn't show hand
*** SUMMARY ***
Total pot $2 | Rake $0
Seat 8: rezlifu (button) (small blind) folded before Flop
Seat 9: GoliafUa (big blind) collected ($2)


PokerStars Hand #174032743080:  Hold'em Limit ($3/$6 USD) - 2017/08/07 9:58:28 ET
Table 'Gelria' 10-max Seat #9 is the button
Seat 8: rezlifu ($95.82 in chips)
Seat 9: GoliafUa ($124 in chips)
GoliafUa: posts small blind $1
rezlifu: posts big blind $3
*** HOLE CARDS ***
GoliafUa: raises $3 to $6
rezlifu: folds
Uncalled bet ($3) returned to GoliafUa
GoliafUa collected $6 from pot
GoliafUa: doesn't show hand
*** SUMMARY ***
Total pot $6 | Rake $0
Seat 8: rezlifu (big blind) folded before Flop
Seat 9: GoliafUa (button) (small blind) collected ($6)


PokerStars Hand #174032737119:  Hold'em Limit ($3/$6 USD) - 2017/08/07 9:58:15 ET
Table 'Gelria' 10-max Seat #8 is the button
Seat 8: rezlifu ($96.82 in chips)
Seat 9: GoliafUa ($123 in chips)
rezlifu: posts small blind $1
GoliafUa: posts big blind $3
*** HOLE CARDS ***
rezlifu: folds
Uncalled bet ($2) returned to GoliafUa
GoliafUa collected $2 from pot
GoliafUa: doesn't show hand
*** SUMMARY ***
Total pot $2 | Rake $0
Seat 8: rezlifu (button) (small blind) folded before Flop
Seat 9: GoliafUa (big blind) collected ($2)


PokerStars Hand #174032734778:  Hold'em Limit ($3/$6 USD) - 2017/08/07 9:58:10 ET
Table 'Gelria' 10-max Seat #9 is the button
Seat 8: rezlifu ($99.82 in chips)
Seat 9: GoliafUa ($120 in chips)
GoliafUa: posts small blind $1
rezlifu: posts big blind $3
*** HOLE CARDS ***
GoliafUa: raises $3 to $6
rezlifu: folds
Uncalled bet ($3) returned to GoliafUa
GoliafUa collected $6 from pot
GoliafUa: doesn't show hand
*** SUMMARY ***
Total pot $6 | Rake $0
Seat 8: rezlifu (big blind) folded before Flop
Seat 9: GoliafUa (button) (small blind) collected ($6)


