PokerStars Hand #154693644198:  Hold'em Limit ($3/$6 USD) - 2016/06/13 15:53:39 ET
Table 'Gelria' 6-max Seat #3 is the button
Seat 1: Hi Im Alexey ($72 in chips)
Seat 3: Hodaczek ($91 in chips)
Hodaczek: posts small blind $1
Hi Im Alexey: posts big blind $3
*** HOLE CARDS ***
Hodaczek: raises $3 to $6
Hi Im Alexey: raises $3 to $9
Hodaczek: raises $3 to $12
Betting is capped
Hi Im Alexey: calls $3
*** FLOP *** [6d 8h Qc]
ValeryRon joins the table at seat #2
Hi Im Alexey: checks
Hodaczek: bets $3
Hi Im Alexey: calls $3
*** TURN *** [6d 8h Qc] [Ts]
Hi Im Alexey: checks
Hodaczek: bets $6
Hi Im Alexey: raises $6 to $12
Hodaczek: raises $6 to $18
Chessnok joins the table at seat #4
Hi Im Alexey: calls $6
*** RIVER *** [6d 8h Qc Ts] [9c]
Hi Im Alexey: checks
Hodaczek: bets $6
Hi Im Alexey: calls $6
*** SHOW DOWN ***
Hodaczek: shows [8d 8c] (three of a kind, Eights)
Hi Im Alexey: mucks hand
Hodaczek collected $77.50 from pot
*** SUMMARY ***
Total pot $78 | Rake $0.50
Board [6d 8h Qc Ts 9c]
Seat 1: Hi Im Alexey (big blind) mucked
Seat 3: Hodaczek (button) (small blind) showed [8d 8c] and won ($77.50) with three of a kind, Eights


PokerStars Hand #154696626842:  Hold'em Limit ($3/$6 USD) - 2016/06/13 16:56:09 ET
Table 'Gelria' 6-max Seat #5 is the button
Seat 4: Chessnok ($212.73 in chips)
Seat 5: BIZE Terence ($311.84 in chips)
BIZE Terence: posts small blind $1
Hi Im Alexey: is sitting out
Necromadx: is sitting out
Chessnok: posts big blind $3
*** HOLE CARDS ***
BIZE Terence: raises $3 to $6
Chessnok: calls $3
*** FLOP *** [9d Jd 7s]
Chessnok: checks
BIZE Terence: bets $3
Kanetsuki leaves the table
Chessnok: raises $3 to $6
BIZE Terence: calls $3
*** TURN *** [9d Jd 7s] [3h]
Necromadx leaves the table
7moneymaster joins the table at seat #3
Chessnok: bets $6
BIZE Terence: raises $6 to $12
Chessnok: raises $6 to $18
BIZE Terence: calls $6
*** RIVER *** [9d Jd 7s 3h] [5h]
Zubasa07 joins the table at seat #2
Chessnok: bets $6
BIZE Terence: calls $6
*** SHOW DOWN ***
Chessnok: shows [7d 7c] (three of a kind, Sevens)
BIZE Terence: mucks hand
Chessnok collected $71.50 from pot
*** SUMMARY ***
Total pot $72 | Rake $0.50
Board [9d Jd 7s 3h 5h]
Seat 4: Chessnok (big blind) showed [7d 7c] and won ($71.50) with three of a kind, Sevens
Seat 5: BIZE Terence (button) (small blind) mucked


PokerStars Hand #154697774446:  Hold'em Limit ($3/$6 USD) - 2016/06/13 17:20:55 ET
Table 'Gelria' 6-max Seat #4 is the button
Seat 4: BIZE Terence ($84 in chips)
Seat 6: anetkaapro ($72 in chips)
BIZE Terence: posts small blind $1
lin1rabbit: is sitting out
anetkaapro: posts big blind $3
*** HOLE CARDS ***
BIZE Terence: raises $3 to $6
lin1rabbit leaves the table
Zubasa07 leaves the table
anetkaapro: raises $3 to $9
BIZE Terence: calls $3
*** FLOP *** [Qs 7d 4h]
anetkaapro: bets $3
7moneymaster leaves the table
BIZE Terence: folds
Uncalled bet ($3) returned to anetkaapro
anetkaapro collected $17.64 from pot
anetkaapro: doesn't show hand
*** SUMMARY ***
Total pot $18 | Rake $0.36
Board [Qs 7d 4h]
Seat 4: BIZE Terence (button) (small blind) folded on the Flop
Seat 6: anetkaapro (big blind) collected ($17.64)


