PokerStars Hand #149611433342:  Hold'em Limit ($3/$6 USD) - 2016/02/29 9:35:17 ET
Table 'Geminid II' 6-max Seat #6 is the button
Seat 1: TbIP-TbIP 88 ($78.10 in chips)
Seat 6: HAOYUN88888 ($132.76 in chips)
HAOYUN88888: posts small blind $1
TbIP-TbIP 88: posts big blind $3
*** HOLE CARDS ***
HAOYUN88888: raises $3 to $6
TbIP-TbIP 88: folds
Uncalled bet ($3) returned to HAOYUN88888
HAOYUN88888 collected $6 from pot
HAOYUN88888: doesn't show hand
*** SUMMARY ***
Total pot $6 | Rake $0
Seat 1: TbIP-TbIP 88 (big blind) folded before Flop
Seat 6: HAOYUN88888 (button) (small blind) collected ($6)


PokerStars Hand #149611427642:  Hold'em Limit ($3/$6 USD) - 2016/02/29 9:35:08 ET
Table 'Geminid II' 6-max Seat #1 is the button
Seat 1: TbIP-TbIP 88 ($79.10 in chips)
Seat 6: HAOYUN88888 ($131.76 in chips)
TbIP-TbIP 88: posts small blind $1
SmellyToes4u: is sitting out
HAOYUN88888: posts big blind $3
*** HOLE CARDS ***
TbIP-TbIP 88: folds
Uncalled bet ($2) returned to HAOYUN88888
HAOYUN88888 collected $2 from pot
HAOYUN88888: doesn't show hand
*** SUMMARY ***
Total pot $2 | Rake $0
Seat 1: TbIP-TbIP 88 (button) (small blind) folded before Flop
Seat 6: HAOYUN88888 (big blind) collected ($2)


PokerStars Hand #149611439194:  Hold'em Limit ($3/$6 USD) - 2016/02/29 9:35:25 ET
Table 'Geminid II' 6-max Seat #1 is the button
Seat 1: TbIP-TbIP 88 ($75.10 in chips)
Seat 6: HAOYUN88888 ($135.76 in chips)
TbIP-TbIP 88: posts small blind $1
HAOYUN88888: posts big blind $3
*** HOLE CARDS ***
TbIP-TbIP 88: raises $3 to $6
HAOYUN88888: calls $3
*** FLOP *** [Ks Ts 7c]
HAOYUN88888: checks
TbIP-TbIP 88: bets $3
HAOYUN88888: raises $3 to $6
TbIP-TbIP 88: calls $3
*** TURN *** [Ks Ts 7c] [3c]
HAOYUN88888: bets $6
TbIP-TbIP 88: calls $6
*** RIVER *** [Ks Ts 7c 3c] [5d]
HAOYUN88888: checks
TbIP-TbIP 88: checks
*** SHOW DOWN ***
HAOYUN88888: shows [6d Qh] (high card King)
TbIP-TbIP 88: shows [As 5h] (a pair of Fives)
TbIP-TbIP 88 collected $35.50 from pot
*** SUMMARY ***
Total pot $36 | Rake $0.50
Board [Ks Ts 7c 3c 5d]
Seat 1: TbIP-TbIP 88 (button) (small blind) showed [As 5h] and won ($35.50) with a pair of Fives
Seat 6: HAOYUN88888 (big blind) showed [6d Qh] and lost with high card King


PokerStars Hand #149611458161:  Hold'em Limit ($3/$6 USD) - 2016/02/29 9:35:52 ET
Table 'Geminid II' 6-max Seat #6 is the button
Seat 1: TbIP-TbIP 88 ($92.60 in chips)
Seat 6: HAOYUN88888 ($117.76 in chips)
HAOYUN88888: posts small blind $1
TbIP-TbIP 88: posts big blind $3
*** HOLE CARDS ***
HAOYUN88888: raises $3 to $6
TbIP-TbIP 88: calls $3
*** FLOP *** [7h Jc 8c]
TbIP-TbIP 88: checks
HAOYUN88888: bets $3
TbIP-TbIP 88: raises $3 to $6
HAOYUN88888: calls $3
*** TURN *** [7h Jc 8c] [4c]
TbIP-TbIP 88: bets $6
HAOYUN88888: calls $6
*** RIVER *** [7h Jc 8c 4c] [6d]
TbIP-TbIP 88: bets $6
HAOYUN88888: folds
Uncalled bet ($6) returned to TbIP-TbIP 88
TbIP-TbIP 88 collected $35.50 from pot
TbIP-TbIP 88: doesn't show hand
*** SUMMARY ***
Total pot $36 | Rake $0.50
Board [7h Jc 8c 4c 6d]
Seat 1: TbIP-TbIP 88 (big blind) collected ($35.50)
Seat 6: HAOYUN88888 (button) (small blind) folded on the River


PokerStars Hand #149611517630:  Hold'em Limit ($3/$6 USD) - 2016/02/29 9:37:16 ET
Table 'Geminid II' 6-max Seat #1 is the button
Seat 1: TbIP-TbIP 88 ($134.60 in chips)
Seat 6: HAOYUN88888 ($74.76 in chips)
TbIP-TbIP 88: posts small blind $1
HAOYUN88888: posts big blind $3
*** HOLE CARDS ***
TbIP-TbIP 88: raises $3 to $6
HAOYUN88888: calls $3
*** FLOP *** [5s Kh Jc]
HAOYUN88888: checks
TbIP-TbIP 88: bets $3
HAOYUN88888: calls $3
*** TURN *** [5s Kh Jc] [Tc]
HAOYUN88888: checks
TbIP-TbIP 88: checks
*** RIVER *** [5s Kh Jc Tc] [Ts]
HAOYUN88888: bets $6
TbIP-TbIP 88: calls $6
*** SHOW DOWN ***
HAOYUN88888: shows [Ad 7s] (a pair of Tens)
TbIP-TbIP 88: shows [6h 6s] (two pair, Tens and Sixes)
TbIP-TbIP 88 collected $29.50 from pot
*** SUMMARY ***
Total pot $30 | Rake $0.50
Board [5s Kh Jc Tc Ts]
Seat 1: TbIP-TbIP 88 (button) (small blind) showed [6h 6s] and won ($29.50) with two pair, Tens and Sixes
Seat 6: HAOYUN88888 (big blind) showed [Ad 7s] and lost with a pair of Tens


PokerStars Hand #149611514312:  Hold'em Limit ($3/$6 USD) - 2016/02/29 9:37:11 ET
Table 'Geminid II' 6-max Seat #6 is the button
Seat 1: TbIP-TbIP 88 ($133.60 in chips)
Seat 6: HAOYUN88888 ($75.76 in chips)
HAOYUN88888: posts small blind $1
TbIP-TbIP 88: posts big blind $3
*** HOLE CARDS ***
HAOYUN88888: folds
Uncalled bet ($2) returned to TbIP-TbIP 88
TbIP-TbIP 88 collected $2 from pot
TbIP-TbIP 88: doesn't show hand
*** SUMMARY ***
Total pot $2 | Rake $0
Seat 1: TbIP-TbIP 88 (big blind) collected ($2)
Seat 6: HAOYUN88888 (button) (small blind) folded before Flop


PokerStars Hand #149611510499:  Hold'em Limit ($3/$6 USD) - 2016/02/29 9:37:06 ET
Table 'Geminid II' 6-max Seat #1 is the button
Seat 1: TbIP-TbIP 88 ($134.60 in chips)
Seat 6: HAOYUN88888 ($74.76 in chips)
TbIP-TbIP 88: posts small blind $1
HAOYUN88888: posts big blind $3
*** HOLE CARDS ***
TbIP-TbIP 88: folds
Uncalled bet ($2) returned to HAOYUN88888
HAOYUN88888 collected $2 from pot
HAOYUN88888: doesn't show hand
*** SUMMARY ***
Total pot $2 | Rake $0
Seat 1: TbIP-TbIP 88 (button) (small blind) folded before Flop
Seat 6: HAOYUN88888 (big blind) collected ($2)


PokerStars Hand #149611527643:  Hold'em Limit ($3/$6 USD) - 2016/02/29 9:37:30 ET
Table 'Geminid II' 6-max Seat #6 is the button
Seat 1: TbIP-TbIP 88 ($149.10 in chips)
Seat 6: HAOYUN88888 ($59.76 in chips)
HAOYUN88888: posts small blind $1
TbIP-TbIP 88: posts big blind $3
*** HOLE CARDS ***
HAOYUN88888: raises $3 to $6
TbIP-TbIP 88: calls $3
*** FLOP *** [Kc 9d Qs]
TbIP-TbIP 88: checks
HAOYUN88888: bets $3
TbIP-TbIP 88: folds
Uncalled bet ($3) returned to HAOYUN88888
HAOYUN88888 collected $11.76 from pot
HAOYUN88888: doesn't show hand
*** SUMMARY ***
Total pot $12 | Rake $0.24
Board [Kc 9d Qs]
Seat 1: TbIP-TbIP 88 (big blind) folded on the Flop
Seat 6: HAOYUN88888 (button) (small blind) collected ($11.76)


PokerStars Hand #149611507298:  Hold'em Limit ($3/$6 USD) - 2016/02/29 9:37:01 ET
Table 'Geminid II' 6-max Seat #6 is the button
Seat 1: TbIP-TbIP 88 ($133.60 in chips)
Seat 6: HAOYUN88888 ($75.76 in chips)
HAOYUN88888: posts small blind $1
TbIP-TbIP 88: posts big blind $3
*** HOLE CARDS ***
HAOYUN88888: folds
Uncalled bet ($2) returned to TbIP-TbIP 88
TbIP-TbIP 88 collected $2 from pot
TbIP-TbIP 88: doesn't show hand
*** SUMMARY ***
Total pot $2 | Rake $0
Seat 1: TbIP-TbIP 88 (big blind) collected ($2)
Seat 6: HAOYUN88888 (button) (small blind) folded before Flop


PokerStars Hand #149611475675:  Hold'em Limit ($3/$6 USD) - 2016/02/29 9:36:17 ET
Table 'Geminid II' 6-max Seat #1 is the button
Seat 1: TbIP-TbIP 88 ($110.10 in chips)
Seat 6: HAOYUN88888 ($99.76 in chips)
TbIP-TbIP 88: posts small blind $1
HAOYUN88888: posts big blind $3
*** HOLE CARDS ***
TbIP-TbIP 88: raises $3 to $6
HAOYUN88888: calls $3
*** FLOP *** [Ah Ad 6d]
HAOYUN88888: checks
TbIP-TbIP 88: bets $3
HAOYUN88888: raises $3 to $6
TbIP-TbIP 88: calls $3
*** TURN *** [Ah Ad 6d] [7d]
HAOYUN88888: bets $6
TbIP-TbIP 88: calls $6
*** RIVER *** [Ah Ad 6d 7d] [5c]
HAOYUN88888: bets $6
TbIP-TbIP 88: calls $6
*** SHOW DOWN ***
HAOYUN88888: shows [5d 4s] (two pair, Aces and Fives)
TbIP-TbIP 88: shows [9c 7h] (two pair, Aces and Sevens)
TbIP-TbIP 88 collected $47.50 from pot
*** SUMMARY ***
Total pot $48 | Rake $0.50
Board [Ah Ad 6d 7d 5c]
Seat 1: TbIP-TbIP 88 (button) (small blind) showed [9c 7h] and won ($47.50) with two pair, Aces and Sevens
Seat 6: HAOYUN88888 (big blind) showed [5d 4s] and lost with two pair, Aces and Fives


PokerStars Hand #149611555169:  Hold'em Limit ($3/$6 USD) - 2016/02/29 9:38:09 ET
Table 'Geminid II' 6-max Seat #6 is the button
Seat 1: TbIP-TbIP 88 ($113.10 in chips)
Seat 6: HAOYUN88888 ($95.02 in chips)
HAOYUN88888: posts small blind $1
TbIP-TbIP 88: posts big blind $3
*** HOLE CARDS ***
HAOYUN88888: raises $3 to $6
TbIP-TbIP 88: calls $3
*** FLOP *** [Jc 4s Ac]
Dennis410 joins the table at seat #4
TbIP-TbIP 88: checks
HAOYUN88888: bets $3
degal76 leaves the table
B_loJkl joins the table at seat #5
TbIP-TbIP 88: folds
Uncalled bet ($3) returned to HAOYUN88888
HAOYUN88888 collected $11.76 from pot
HAOYUN88888: doesn't show hand
*** SUMMARY ***
Total pot $12 | Rake $0.24
Board [Jc 4s Ac]
Seat 1: TbIP-TbIP 88 (big blind) folded on the Flop
Seat 6: HAOYUN88888 (button) (small blind) collected ($11.76)


PokerStars Hand #149611663430:  Hold'em Limit ($3/$6 USD) - 2016/02/29 9:40:42 ET
Table 'Geminid II' 6-max Seat #1 is the button
Seat 1: TbIP-TbIP 88 ($109.10 in chips)
Seat 6: HAOYUN88888 ($119.52 in chips)
TbIP-TbIP 88: posts small blind $1
HAOYUN88888: posts big blind $3
*** HOLE CARDS ***
TbIP-TbIP 88: raises $3 to $6
HAOYUN88888: folds
Uncalled bet ($3) returned to TbIP-TbIP 88
TbIP-TbIP 88 collected $6 from pot
TbIP-TbIP 88: doesn't show hand
*** SUMMARY ***
Total pot $6 | Rake $0
Seat 1: TbIP-TbIP 88 (button) (small blind) collected ($6)
Seat 6: HAOYUN88888 (big blind) folded before Flop


PokerStars Hand #149611667176:  Hold'em Limit ($3/$6 USD) - 2016/02/29 9:40:47 ET
Table 'Geminid II' 6-max Seat #6 is the button
Seat 1: TbIP-TbIP 88 ($112.10 in chips)
Seat 6: HAOYUN88888 ($116.52 in chips)
HAOYUN88888: posts small blind $1
TbIP-TbIP 88: posts big blind $3
*** HOLE CARDS ***
HAOYUN88888: raises $3 to $6
TbIP-TbIP 88: folds
Uncalled bet ($3) returned to HAOYUN88888
HAOYUN88888 collected $6 from pot
HAOYUN88888: doesn't show hand
*** SUMMARY ***
Total pot $6 | Rake $0
Seat 1: TbIP-TbIP 88 (big blind) folded before Flop
Seat 6: HAOYUN88888 (button) (small blind) collected ($6)


PokerStars Hand #149611713212:  Hold'em Limit ($3/$6 USD) - 2016/02/29 9:41:52 ET
Table 'Geminid II' 6-max Seat #6 is the button
Seat 1: TbIP-TbIP 88 ($108.10 in chips)
Seat 6: HAOYUN88888 ($120.52 in chips)
HAOYUN88888: posts small blind $1
TbIP-TbIP 88: posts big blind $3
*** HOLE CARDS ***
HAOYUN88888: raises $3 to $6
TbIP-TbIP 88: calls $3
*** FLOP *** [2h 9h 5s]
TbIP-TbIP 88: checks
HAOYUN88888: bets $3
TbIP-TbIP 88: folds
Uncalled bet ($3) returned to HAOYUN88888
HAOYUN88888 collected $11.76 from pot
HAOYUN88888: doesn't show hand
*** SUMMARY ***
Total pot $12 | Rake $0.24
Board [2h 9h 5s]
Seat 1: TbIP-TbIP 88 (big blind) folded on the Flop
Seat 6: HAOYUN88888 (button) (small blind) collected ($11.76)


PokerStars Hand #149611727849:  Hold'em Limit ($3/$6 USD) - 2016/02/29 9:42:13 ET
Table 'Geminid II' 6-max Seat #1 is the button
Seat 1: TbIP-TbIP 88 ($102.10 in chips)
Seat 6: HAOYUN88888 ($126.28 in chips)
TbIP-TbIP 88: posts small blind $1
HAOYUN88888: posts big blind $3
*** HOLE CARDS ***
TbIP-TbIP 88: raises $3 to $6
HAOYUN88888: folds
Uncalled bet ($3) returned to TbIP-TbIP 88
TbIP-TbIP 88 collected $6 from pot
TbIP-TbIP 88: doesn't show hand
*** SUMMARY ***
Total pot $6 | Rake $0
Seat 1: TbIP-TbIP 88 (button) (small blind) collected ($6)
Seat 6: HAOYUN88888 (big blind) folded before Flop


PokerStars Hand #149611707886:  Hold'em Limit ($3/$6 USD) - 2016/02/29 9:41:44 ET
Table 'Geminid II' 6-max Seat #1 is the button
Seat 1: TbIP-TbIP 88 ($109.10 in chips)
Seat 6: HAOYUN88888 ($119.52 in chips)
TbIP-TbIP 88: posts small blind $1
HAOYUN88888: posts big blind $3
*** HOLE CARDS ***
TbIP-TbIP 88: folds
Uncalled bet ($2) returned to HAOYUN88888
HAOYUN88888 collected $2 from pot
HAOYUN88888: doesn't show hand
*** SUMMARY ***
Total pot $2 | Rake $0
Seat 1: TbIP-TbIP 88 (button) (small blind) folded before Flop
Seat 6: HAOYUN88888 (big blind) collected ($2)


PokerStars Hand #149611777470:  Hold'em Limit ($3/$6 USD) - 2016/02/29 9:43:23 ET
Table 'Geminid II' 6-max Seat #1 is the button
Seat 1: TbIP-TbIP 88 ($142.10 in chips)
Seat 6: HAOYUN88888 ($85.28 in chips)
TbIP-TbIP 88: posts small blind $1
HAOYUN88888: posts big blind $3
*** HOLE CARDS ***
TbIP-TbIP 88: raises $3 to $6
HAOYUN88888: calls $3
*** FLOP *** [3s 5c 4c]
HAOYUN88888: checks
TbIP-TbIP 88: checks
*** TURN *** [3s 5c 4c] [3d]
HAOYUN88888: bets $6
TbIP-TbIP 88: calls $6
*** RIVER *** [3s 5c 4c 3d] [8h]
HAOYUN88888: bets $6
TbIP-TbIP 88: calls $6
*** SHOW DOWN ***
HAOYUN88888: shows [Tc 8s] (two pair, Eights and Threes)
TbIP-TbIP 88: shows [8d Ac] (two pair, Eights and Threes - Ace kicker)
TbIP-TbIP 88 collected $35.50 from pot
*** SUMMARY ***
Total pot $36 | Rake $0.50
Board [3s 5c 4c 3d 8h]
Seat 1: TbIP-TbIP 88 (button) (small blind) showed [8d Ac] and won ($35.50) with two pair, Eights and Threes
Seat 6: HAOYUN88888 (big blind) showed [Tc 8s] and lost with two pair, Eights and Threes


PokerStars Hand #149611761154:  Hold'em Limit ($3/$6 USD) - 2016/02/29 9:43:00 ET
Table 'Geminid II' 6-max Seat #6 is the button
Seat 1: TbIP-TbIP 88 ($127.60 in chips)
Seat 6: HAOYUN88888 ($100.28 in chips)
HAOYUN88888: posts small blind $1
TbIP-TbIP 88: posts big blind $3
*** HOLE CARDS ***
HAOYUN88888: raises $3 to $6
TbIP-TbIP 88: calls $3
*** FLOP *** [Tc 5h 2d]
TbIP-TbIP 88: checks
HAOYUN88888: bets $3
TbIP-TbIP 88: calls $3
*** TURN *** [Tc 5h 2d] [Th]
TbIP-TbIP 88: checks
HAOYUN88888: checks
*** RIVER *** [Tc 5h 2d Th] [9h]
TbIP-TbIP 88: bets $6
HAOYUN88888: calls $6
*** SHOW DOWN ***
TbIP-TbIP 88: shows [7h 8h] (a flush, Ten high)
HAOYUN88888: mucks hand
TbIP-TbIP 88 collected $29.50 from pot
*** SUMMARY ***
Total pot $30 | Rake $0.50
Board [Tc 5h 2d Th 9h]
Seat 1: TbIP-TbIP 88 (big blind) showed [7h 8h] and won ($29.50) with a flush, Ten high
Seat 6: HAOYUN88888 (button) (small blind) mucked


PokerStars Hand #149611755669:  Hold'em Limit ($3/$6 USD) - 2016/02/29 9:42:52 ET
Table 'Geminid II' 6-max Seat #1 is the button
Seat 1: TbIP-TbIP 88 ($128.60 in chips)
Seat 6: HAOYUN88888 ($99.28 in chips)
TbIP-TbIP 88: posts small blind $1
HAOYUN88888: posts big blind $3
*** HOLE CARDS ***
TbIP-TbIP 88: folds
Uncalled bet ($2) returned to HAOYUN88888
HAOYUN88888 collected $2 from pot
HAOYUN88888: doesn't show hand
*** SUMMARY ***
Total pot $2 | Rake $0
Seat 1: TbIP-TbIP 88 (button) (small blind) folded before Flop
Seat 6: HAOYUN88888 (big blind) collected ($2)


PokerStars Hand #149611787404:  Hold'em Limit ($3/$6 USD) - 2016/02/29 9:43:37 ET
Table 'Geminid II' 6-max Seat #6 is the button
Seat 1: TbIP-TbIP 88 ($159.60 in chips)
Seat 6: HAOYUN88888 ($67.28 in chips)
HAOYUN88888: posts small blind $1
TbIP-TbIP 88: posts big blind $3
*** HOLE CARDS ***
HAOYUN88888: raises $3 to $6
TbIP-TbIP 88: calls $3
*** FLOP *** [Qs 7h 3d]
TbIP-TbIP 88: checks
HAOYUN88888: bets $3
TbIP-TbIP 88: calls $3
*** TURN *** [Qs 7h 3d] [3h]
TbIP-TbIP 88: checks
HAOYUN88888: bets $6
TbIP-TbIP 88: calls $6
*** RIVER *** [Qs 7h 3d 3h] [9c]
TbIP-TbIP 88: checks
HAOYUN88888: bets $6
TbIP-TbIP 88: calls $6
*** SHOW DOWN ***
HAOYUN88888: shows [Qh 6d] (two pair, Queens and Threes)
TbIP-TbIP 88: mucks hand
HAOYUN88888 collected $41.50 from pot
*** SUMMARY ***
Total pot $42 | Rake $0.50
Board [Qs 7h 3d 3h 9c]
Seat 1: TbIP-TbIP 88 (big blind) mucked
Seat 6: HAOYUN88888 (button) (small blind) showed [Qh 6d] and won ($41.50) with two pair, Queens and Threes


PokerStars Hand #149611807801:  Hold'em Limit ($3/$6 USD) - 2016/02/29 9:44:05 ET
Table 'Geminid II' 6-max Seat #1 is the button
Seat 1: TbIP-TbIP 88 ($138.60 in chips)
Seat 6: HAOYUN88888 ($87.78 in chips)
TbIP-TbIP 88: posts small blind $1
HAOYUN88888: posts big blind $3
*** HOLE CARDS ***
TbIP-TbIP 88: folds
Uncalled bet ($2) returned to HAOYUN88888
HAOYUN88888 collected $2 from pot
HAOYUN88888: doesn't show hand
*** SUMMARY ***
Total pot $2 | Rake $0
Seat 1: TbIP-TbIP 88 (button) (small blind) folded before Flop
Seat 6: HAOYUN88888 (big blind) collected ($2)


