PokerStars Hand #146608175201:  Hold'em Limit ($3/$6 USD) - 2016/01/07 2:21:19 ET
Table 'Geminid II' 2-max Seat #2 is the button
Seat 1: HARDGURU ($198 in chips)
Seat 2: NIGHTyxa ($72 in chips)
NIGHTyxa: posts small blind $1
HARDGURU: posts big blind $3
*** HOLE CARDS ***
NIGHTyxa: raises $3 to $6
HARDGURU: calls $3
*** FLOP *** [Kh 2c Th]
HARDGURU: checks
NIGHTyxa: bets $3
HARDGURU: calls $3
*** TURN *** [Kh 2c Th] [6d]
HARDGURU: checks
NIGHTyxa: bets $6
HARDGURU: calls $6
*** RIVER *** [Kh 2c Th 6d] [5s]
HARDGURU: checks
NIGHTyxa: checks
*** SHOW DOWN ***
HARDGURU: shows [5c Kd] (two pair, Kings and Fives)
NIGHTyxa: mucks hand
HARDGURU collected $29.50 from pot
*** SUMMARY ***
Total pot $30 | Rake $0.50
Board [Kh 2c Th 6d 5s]
Seat 1: HARDGURU (big blind) showed [5c Kd] and won ($29.50) with two pair, Kings and Fives
Seat 2: NIGHTyxa (button) (small blind) mucked


PokerStars Hand #146608183475:  Hold'em Limit ($3/$6 USD) - 2016/01/07 2:21:47 ET
Table 'Geminid II' 2-max Seat #1 is the button
Seat 1: HARDGURU ($212.50 in chips)
Seat 2: NIGHTyxa ($72 in chips)
HARDGURU: posts small blind $1
NIGHTyxa: posts big blind $3
*** HOLE CARDS ***
HARDGURU: raises $3 to $6
NIGHTyxa: folds
Uncalled bet ($3) returned to HARDGURU
HARDGURU collected $6 from pot
HARDGURU: doesn't show hand
*** SUMMARY ***
Total pot $6 | Rake $0
Seat 1: HARDGURU (button) (small blind) collected ($6)
Seat 2: NIGHTyxa (big blind) folded before Flop


PokerStars Hand #146608185922:  Hold'em Limit ($3/$6 USD) - 2016/01/07 2:21:56 ET
Table 'Geminid II' 2-max Seat #2 is the button
Seat 1: HARDGURU ($215.50 in chips)
Seat 2: NIGHTyxa ($72 in chips)
NIGHTyxa: posts small blind $1
HARDGURU: posts big blind $3
*** HOLE CARDS ***
NIGHTyxa: raises $3 to $6
HARDGURU: calls $3
*** FLOP *** [6h 8h Ad]
HARDGURU: checks
NIGHTyxa: bets $3
HARDGURU: folds
Uncalled bet ($3) returned to NIGHTyxa
NIGHTyxa collected $11.76 from pot
NIGHTyxa: doesn't show hand
*** SUMMARY ***
Total pot $12 | Rake $0.24
Board [6h 8h Ad]
Seat 1: HARDGURU (big blind) folded on the Flop
Seat 2: NIGHTyxa (button) (small blind) collected ($11.76)


PokerStars Hand #146608190565:  Hold'em Limit ($3/$6 USD) - 2016/01/07 2:22:12 ET
Table 'Geminid II' 2-max Seat #1 is the button
Seat 1: HARDGURU ($209.50 in chips)
Seat 2: NIGHTyxa ($77.76 in chips)
HARDGURU: posts small blind $1
NIGHTyxa: posts big blind $3
*** HOLE CARDS ***
HARDGURU: calls $2
NIGHTyxa: checks
*** FLOP *** [Ks 4h 4d]
NIGHTyxa: checks
HARDGURU: checks
*** TURN *** [Ks 4h 4d] [8s]
NIGHTyxa: checks
HARDGURU: checks
*** RIVER *** [Ks 4h 4d 8s] [Jc]
NIGHTyxa: checks
HARDGURU: checks
*** SHOW DOWN ***
NIGHTyxa: shows [7d 3s] (a pair of Fours)
HARDGURU: shows [5d 8c] (two pair, Eights and Fours)
HARDGURU collected $5.88 from pot
*** SUMMARY ***
Total pot $6 | Rake $0.12
Board [Ks 4h 4d 8s Jc]
Seat 1: HARDGURU (button) (small blind) showed [5d 8c] and won ($5.88) with two pair, Eights and Fours
Seat 2: NIGHTyxa (big blind) showed [7d 3s] and lost with a pair of Fours


PokerStars Hand #146608200123:  Hold'em Limit ($3/$6 USD) - 2016/01/07 2:22:44 ET
Table 'Geminid II' 2-max Seat #2 is the button
Seat 1: HARDGURU ($212.38 in chips)
Seat 2: NIGHTyxa ($74.76 in chips)
NIGHTyxa: posts small blind $1
HARDGURU: posts big blind $3
*** HOLE CARDS ***
NIGHTyxa: raises $3 to $6
HARDGURU: calls $3
*** FLOP *** [6c 3h 5d]
HARDGURU: bets $3
NIGHTyxa: calls $3
*** TURN *** [6c 3h 5d] [7s]
HARDGURU: checks
NIGHTyxa: bets $6
HARDGURU: calls $6
*** RIVER *** [6c 3h 5d 7s] [4s]
HARDGURU: checks
NIGHTyxa: checks
*** SHOW DOWN ***
HARDGURU: shows [Jc 9h] (a straight, Three to Seven)
NIGHTyxa: shows [6s Ks] (a straight, Three to Seven)
HARDGURU collected $14.75 from pot
NIGHTyxa collected $14.75 from pot
*** SUMMARY ***
Total pot $30 | Rake $0.50
Board [6c 3h 5d 7s 4s]
Seat 1: HARDGURU (big blind) showed [Jc 9h] and won ($14.75) with a straight, Three to Seven
Seat 2: NIGHTyxa (button) (small blind) showed [6s Ks] and won ($14.75) with a straight, Three to Seven


PokerStars Hand #146608210142:  Hold'em Limit ($3/$6 USD) - 2016/01/07 2:23:18 ET
Table 'Geminid II' 2-max Seat #1 is the button
Seat 1: HARDGURU ($212.13 in chips)
Seat 2: NIGHTyxa ($74.51 in chips)
HARDGURU: posts small blind $1
NIGHTyxa: posts big blind $3
*** HOLE CARDS ***
HARDGURU: raises $3 to $6
NIGHTyxa: raises $3 to $9
HARDGURU: calls $3
*** FLOP *** [Qs 5s 7c]
NIGHTyxa: bets $3
HARDGURU: calls $3
*** TURN *** [Qs 5s 7c] [7d]
NIGHTyxa: bets $6
HARDGURU: calls $6
*** RIVER *** [Qs 5s 7c 7d] [9s]
NIGHTyxa: checks
HARDGURU: checks
*** SHOW DOWN ***
NIGHTyxa: shows [Jd Td] (a pair of Sevens)
HARDGURU: shows [Kd Qc] (two pair, Queens and Sevens)
HARDGURU collected $35.50 from pot
*** SUMMARY ***
Total pot $36 | Rake $0.50
Board [Qs 5s 7c 7d 9s]
Seat 1: HARDGURU (button) (small blind) showed [Kd Qc] and won ($35.50) with two pair, Queens and Sevens
Seat 2: NIGHTyxa (big blind) showed [Jd Td] and lost with a pair of Sevens


PokerStars Hand #146608218475:  Hold'em Limit ($3/$6 USD) - 2016/01/07 2:23:47 ET
Table 'Geminid II' 2-max Seat #2 is the button
Seat 1: HARDGURU ($229.63 in chips)
Seat 2: NIGHTyxa ($72 in chips)
NIGHTyxa: posts small blind $1
HARDGURU: posts big blind $3
*** HOLE CARDS ***
NIGHTyxa: raises $3 to $6
HARDGURU: calls $3
*** FLOP *** [7d 5c Kd]
HARDGURU: checks
NIGHTyxa: bets $3
HARDGURU: calls $3
*** TURN *** [7d 5c Kd] [Ah]
HARDGURU: checks
NIGHTyxa: bets $6
HARDGURU: folds
Uncalled bet ($6) returned to NIGHTyxa
NIGHTyxa collected $17.64 from pot
NIGHTyxa: doesn't show hand
*** SUMMARY ***
Total pot $18 | Rake $0.36
Board [7d 5c Kd Ah]
Seat 1: HARDGURU (big blind) folded on the Turn
Seat 2: NIGHTyxa (button) (small blind) collected ($17.64)


PokerStars Hand #146608235343:  Hold'em Limit ($3/$6 USD) - 2016/01/07 2:24:45 ET
Table 'Geminid II' 2-max Seat #2 is the button
Seat 1: HARDGURU ($238.13 in chips)
Seat 2: NIGHTyxa ($72 in chips)
NIGHTyxa: posts small blind $1
HARDGURU: posts big blind $3
*** HOLE CARDS ***
NIGHTyxa: raises $3 to $6
HARDGURU: folds
Uncalled bet ($3) returned to NIGHTyxa
NIGHTyxa collected $6 from pot
NIGHTyxa: doesn't show hand
*** SUMMARY ***
Total pot $6 | Rake $0
Seat 1: HARDGURU (big blind) folded before Flop
Seat 2: NIGHTyxa (button) (small blind) collected ($6)


PokerStars Hand #146608226887:  Hold'em Limit ($3/$6 USD) - 2016/01/07 2:24:16 ET
Table 'Geminid II' 2-max Seat #1 is the button
Seat 1: HARDGURU ($220.63 in chips)
Seat 2: NIGHTyxa ($80.64 in chips)
HARDGURU: posts small blind $1
NIGHTyxa: posts big blind $3
*** HOLE CARDS ***
HARDGURU: raises $3 to $6
NIGHTyxa: raises $3 to $9
HARDGURU: calls $3
*** FLOP *** [Ah 2d 7h]
NIGHTyxa: bets $3
HARDGURU: calls $3
*** TURN *** [Ah 2d 7h] [8h]
NIGHTyxa: bets $6
HARDGURU: calls $6
*** RIVER *** [Ah 2d 7h 8h] [4h]
NIGHTyxa: checks
HARDGURU: checks
*** SHOW DOWN ***
NIGHTyxa: shows [Td Kc] (high card Ace)
HARDGURU: shows [Ac Qc] (a pair of Aces)
HARDGURU collected $35.50 from pot
*** SUMMARY ***
Total pot $36 | Rake $0.50
Board [Ah 2d 7h 8h 4h]
Seat 1: HARDGURU (button) (small blind) showed [Ac Qc] and won ($35.50) with a pair of Aces
Seat 2: NIGHTyxa (big blind) showed [Td Kc] and lost with high card Ace


PokerStars Hand #146608237950:  Hold'em Limit ($3/$6 USD) - 2016/01/07 2:24:54 ET
Table 'Geminid II' 2-max Seat #1 is the button
Seat 1: HARDGURU ($235.13 in chips)
Seat 2: NIGHTyxa ($75 in chips)
HARDGURU: posts small blind $1
NIGHTyxa: posts big blind $3
*** HOLE CARDS ***
HARDGURU: folds
Uncalled bet ($2) returned to NIGHTyxa
NIGHTyxa collected $2 from pot
NIGHTyxa: doesn't show hand
*** SUMMARY ***
Total pot $2 | Rake $0
Seat 1: HARDGURU (button) (small blind) folded before Flop
Seat 2: NIGHTyxa (big blind) collected ($2)


PokerStars Hand #146608240320:  Hold'em Limit ($3/$6 USD) - 2016/01/07 2:25:02 ET
Table 'Geminid II' 2-max Seat #2 is the button
Seat 1: HARDGURU ($234.13 in chips)
Seat 2: NIGHTyxa ($76 in chips)
NIGHTyxa: posts small blind $1
HARDGURU: posts big blind $3
*** HOLE CARDS ***
NIGHTyxa: raises $3 to $6
HARDGURU: calls $3
*** FLOP *** [3s Th 6d]
HARDGURU: checks
NIGHTyxa: bets $3
HARDGURU: calls $3
*** TURN *** [3s Th 6d] [Qh]
HARDGURU: checks
NIGHTyxa: bets $6
HARDGURU: folds
Uncalled bet ($6) returned to NIGHTyxa
NIGHTyxa collected $17.64 from pot
NIGHTyxa: doesn't show hand
*** SUMMARY ***
Total pot $18 | Rake $0.36
Board [3s Th 6d Qh]
Seat 1: HARDGURU (big blind) folded on the Turn
Seat 2: NIGHTyxa (button) (small blind) collected ($17.64)


PokerStars Hand #146608251579:  Hold'em Limit ($3/$6 USD) - 2016/01/07 2:25:40 ET
Table 'Geminid II' 2-max Seat #1 is the button
Seat 1: HARDGURU ($225.13 in chips)
Seat 2: NIGHTyxa ($84.64 in chips)
HARDGURU: posts small blind $1
NIGHTyxa: posts big blind $3
*** HOLE CARDS ***
HARDGURU: raises $3 to $6
NIGHTyxa: folds
Uncalled bet ($3) returned to HARDGURU
HARDGURU collected $6 from pot
HARDGURU: doesn't show hand
*** SUMMARY ***
Total pot $6 | Rake $0
Seat 1: HARDGURU (button) (small blind) collected ($6)
Seat 2: NIGHTyxa (big blind) folded before Flop


PokerStars Hand #146608253655:  Hold'em Limit ($3/$6 USD) - 2016/01/07 2:25:47 ET
Table 'Geminid II' 2-max Seat #2 is the button
Seat 1: HARDGURU ($228.13 in chips)
Seat 2: NIGHTyxa ($81.64 in chips)
NIGHTyxa: posts small blind $1
HARDGURU: posts big blind $3
*** HOLE CARDS ***
NIGHTyxa: raises $3 to $6
HARDGURU: calls $3
*** FLOP *** [2s Jh Qs]
HARDGURU: checks
NIGHTyxa: bets $3
HARDGURU: folds
Uncalled bet ($3) returned to NIGHTyxa
NIGHTyxa collected $11.76 from pot
NIGHTyxa: doesn't show hand
*** SUMMARY ***
Total pot $12 | Rake $0.24
Board [2s Jh Qs]
Seat 1: HARDGURU (big blind) folded on the Flop
Seat 2: NIGHTyxa (button) (small blind) collected ($11.76)


PokerStars Hand #146608262056:  Hold'em Limit ($3/$6 USD) - 2016/01/07 2:26:16 ET
Table 'Geminid II' 2-max Seat #2 is the button
Seat 1: HARDGURU ($221.13 in chips)
Seat 2: NIGHTyxa ($88.40 in chips)
NIGHTyxa: posts small blind $1
HARDGURU: posts big blind $3
*** HOLE CARDS ***
NIGHTyxa: folds
Uncalled bet ($2) returned to HARDGURU
HARDGURU collected $2 from pot
HARDGURU: doesn't show hand
*** SUMMARY ***
Total pot $2 | Rake $0
Seat 1: HARDGURU (big blind) collected ($2)
Seat 2: NIGHTyxa (button) (small blind) folded before Flop


PokerStars Hand #146608260340:  Hold'em Limit ($3/$6 USD) - 2016/01/07 2:26:10 ET
Table 'Geminid II' 2-max Seat #1 is the button
Seat 1: HARDGURU ($222.13 in chips)
Seat 2: NIGHTyxa ($87.40 in chips)
HARDGURU: posts small blind $1
NIGHTyxa: posts big blind $3
*** HOLE CARDS ***
HARDGURU: folds
Uncalled bet ($2) returned to NIGHTyxa
NIGHTyxa collected $2 from pot
NIGHTyxa: doesn't show hand
*** SUMMARY ***
Total pot $2 | Rake $0
Seat 1: HARDGURU (button) (small blind) folded before Flop
Seat 2: NIGHTyxa (big blind) collected ($2)


PokerStars Hand #146608263651:  Hold'em Limit ($3/$6 USD) - 2016/01/07 2:26:22 ET
Table 'Geminid II' 2-max Seat #1 is the button
Seat 1: HARDGURU ($222.13 in chips)
Seat 2: NIGHTyxa ($87.40 in chips)
HARDGURU: posts small blind $1
NIGHTyxa: posts big blind $3
*** HOLE CARDS ***
HARDGURU: raises $3 to $6
NIGHTyxa: raises $3 to $9
HARDGURU: calls $3
*** FLOP *** [6d 5c Jh]
NIGHTyxa: bets $3
HARDGURU: calls $3
*** TURN *** [6d 5c Jh] [5d]
NIGHTyxa: checks
HARDGURU: checks
*** RIVER *** [6d 5c Jh 5d] [7c]
NIGHTyxa: bets $6
HARDGURU: calls $6
*** SHOW DOWN ***
NIGHTyxa: shows [7d Ac] (two pair, Sevens and Fives)
HARDGURU: shows [4h Js] (two pair, Jacks and Fives)
HARDGURU collected $35.50 from pot
*** SUMMARY ***
Total pot $36 | Rake $0.50
Board [6d 5c Jh 5d 7c]
Seat 1: HARDGURU (button) (small blind) showed [4h Js] and won ($35.50) with two pair, Jacks and Fives
Seat 2: NIGHTyxa (big blind) showed [7d Ac] and lost with two pair, Sevens and Fives


