PokerStars Hand #158248329976:  Hold'em Limit ($3/$6 USD) - 2016/09/06 14:25:01 ET
Table 'Gemini' 6-max Seat #4 is the button
Seat 3: Ingmar Ross ($27 in chips)
Seat 4: kikiriki ($128.64 in chips)
kikiriki: posts small blind $1
Ingmar Ross: posts big blind $3
*** HOLE CARDS ***
kikiriki: folds
Uncalled bet ($2) returned to Ingmar Ross
Ingmar Ross collected $2 from pot
Ingmar Ross: doesn't show hand
*** SUMMARY ***
Total pot $2 | Rake $0
Seat 3: Ingmar Ross (big blind) collected ($2)
Seat 4: kikiriki (button) (small blind) folded before Flop


PokerStars Hand #158248318328:  Hold'em Limit ($3/$6 USD) - 2016/09/06 14:24:47 ET
Table 'Gemini' 6-max Seat #3 is the button
Seat 3: Ingmar Ross ($36 in chips)
Seat 4: kikiriki ($120 in chips)
Ingmar Ross: posts small blind $1
kikiriki: posts big blind $3
*** HOLE CARDS ***
Ingmar Ross: raises $3 to $6
kikiriki: raises $3 to $9
Ingmar Ross: calls $3
*** FLOP *** [4s Qs 8c]
kikiriki: bets $3
Ingmar Ross: folds
Uncalled bet ($3) returned to kikiriki
kikiriki collected $17.64 from pot
kikiriki: doesn't show hand
*** SUMMARY ***
Total pot $18 | Rake $0.36
Board [4s Qs 8c]
Seat 3: Ingmar Ross (button) (small blind) folded on the Flop
Seat 4: kikiriki (big blind) collected ($17.64)


PokerStars Hand #158248334510:  Hold'em Limit ($3/$6 USD) - 2016/09/06 14:25:07 ET
Table 'Gemini' 6-max Seat #3 is the button
Seat 3: Ingmar Ross ($28 in chips)
Seat 4: kikiriki ($127.64 in chips)
Ingmar Ross: posts small blind $1
kikiriki: posts big blind $3
*** HOLE CARDS ***
Ingmar Ross: raises $3 to $6
kikiriki: calls $3
*** FLOP *** [Kh 6c 3h]
kikiriki: checks
Ingmar Ross: bets $3
kikiriki: folds
Uncalled bet ($3) returned to Ingmar Ross
yu1104 joins the table at seat #6
Ingmar Ross collected $11.76 from pot
Ingmar Ross: doesn't show hand
*** SUMMARY ***
Total pot $12 | Rake $0.24
Board [Kh 6c 3h]
Seat 3: Ingmar Ross (button) (small blind) collected ($11.76)
Seat 4: kikiriki (big blind) folded on the Flop


PokerStars Hand #158250097219:  Hold'em Limit ($3/$6 USD) - 2016/09/06 15:02:01 ET
Table 'Gemini' 6-max Seat #2 is the button
Seat 2: ToDaFelt ($118.44 in chips)
Seat 3: Ingmar Ross ($295.78 in chips)
ToDaFelt: posts small blind $1
Ingmar Ross: posts big blind $3
*** HOLE CARDS ***
yu1104 is disconnected
ToDaFelt: raises $3 to $6
Ingmar Ross: calls $3
*** FLOP *** [Js Jd As]
Ingmar Ross: checks
ToDaFelt: bets $3
Ingmar Ross: raises $3 to $6
ToDaFelt: folds
Uncalled bet ($3) returned to Ingmar Ross
Ingmar Ross collected $17.64 from pot
Ingmar Ross: doesn't show hand
*** SUMMARY ***
Total pot $18 | Rake $0.36
Board [Js Jd As]
Seat 2: ToDaFelt (button) (small blind) folded on the Flop
Seat 3: Ingmar Ross (big blind) collected ($17.64)


PokerStars Hand #158250087189:  Hold'em Limit ($3/$6 USD) - 2016/09/06 15:01:49 ET
Table 'Gemini' 6-max Seat #3 is the button
Seat 2: ToDaFelt ($121.44 in chips)
Seat 3: Ingmar Ross ($292.78 in chips)
Ingmar Ross: posts small blind $1
Wurst2000: is sitting out
Luanto 14: is sitting out
ToDaFelt: posts big blind $3
*** HOLE CARDS ***
Ingmar Ross: raises $3 to $6
PROFI8088 joins the table at seat #5
ToDaFelt: folds
Uncalled bet ($3) returned to Ingmar Ross
Ingmar Ross collected $6 from pot
Ingmar Ross: doesn't show hand
*** SUMMARY ***
Total pot $6 | Rake $0
Seat 2: ToDaFelt (big blind) folded before Flop
Seat 3: Ingmar Ross (button) (small blind) collected ($6)


