PokerStars Hand #146742541666:  Hold'em Limit ($3/$6 USD) - 2016/01/09 11:22:15 ET
Table 'Geminid III' 2-max Seat #1 is the button
Seat 1: HARDGURU ($233.26 in chips)
Seat 2: dragon1893 ($150 in chips)
HARDGURU: posts small blind $1
dragon1893: posts big blind $3
*** HOLE CARDS ***
HARDGURU: raises $3 to $6
dragon1893: calls $3
*** FLOP *** [7s 5d 3s]
dragon1893: checks
HARDGURU: bets $3
dragon1893: calls $3
*** TURN *** [7s 5d 3s] [Ad]
dragon1893: checks
HARDGURU: checks
*** RIVER *** [7s 5d 3s Ad] [4d]
dragon1893: checks
HARDGURU: bets $6
dragon1893: calls $6
*** SHOW DOWN ***
HARDGURU: shows [Ks 5c] (a pair of Fives)
dragon1893: mucks hand
HARDGURU collected $29.50 from pot
*** SUMMARY ***
Total pot $30 | Rake $0.50
Board [7s 5d 3s Ad 4d]
Seat 1: HARDGURU (button) (small blind) showed [Ks 5c] and won ($29.50) with a pair of Fives
Seat 2: dragon1893 (big blind) mucked


PokerStars Hand #146742528588:  Hold'em Limit ($3/$6 USD) - 2016/01/09 11:22:02 ET
Table 'Geminid III' 2-max Seat #2 is the button
Seat 1: HARDGURU ($218.76 in chips)
Seat 2: dragon1893 ($150 in chips)
dragon1893: posts small blind $1
HARDGURU: posts big blind $3
*** HOLE CARDS ***
dragon1893: raises $3 to $6
HARDGURU: calls $3
*** FLOP *** [6d Jd 2c]
HARDGURU: checks
dragon1893: bets $3
HARDGURU: calls $3
*** TURN *** [6d Jd 2c] [Th]
HARDGURU: checks
dragon1893: bets $6
HARDGURU: raises $6 to $12
dragon1893: folds
Uncalled bet ($6) returned to HARDGURU
HARDGURU collected $29.50 from pot
HARDGURU: doesn't show hand
*** SUMMARY ***
Total pot $30 | Rake $0.50
Board [6d Jd 2c Th]
Seat 1: HARDGURU (big blind) collected ($29.50)
Seat 2: dragon1893 (button) (small blind) folded on the Turn


PokerStars Hand #146742514738:  Hold'em Limit ($3/$6 USD) - 2016/01/09 11:21:48 ET
Table 'Geminid III' 2-max Seat #1 is the button
Seat 1: HARDGURU ($201.26 in chips)
Seat 2: dragon1893 ($167.50 in chips)
HARDGURU: posts small blind $1
dragon1893: posts big blind $3
*** HOLE CARDS ***
HARDGURU: raises $3 to $6
dragon1893: calls $3
*** FLOP *** [2s 5d 4d]
dragon1893: checks
HARDGURU: checks
*** TURN *** [2s 5d 4d] [4h]
dragon1893: bets $6
HARDGURU: calls $6
*** RIVER *** [2s 5d 4d 4h] [5s]
dragon1893: bets $6
HARDGURU: calls $6
*** SHOW DOWN ***
dragon1893: shows [Tc 3c] (two pair, Fives and Fours)
HARDGURU: shows [Ks Ts] (two pair, Fives and Fours - King kicker)
HARDGURU collected $35.50 from pot
*** SUMMARY ***
Total pot $36 | Rake $0.50
Board [2s 5d 4d 4h 5s]
Seat 1: HARDGURU (button) (small blind) showed [Ks Ts] and won ($35.50) with two pair, Fives and Fours
Seat 2: dragon1893 (big blind) showed [Tc 3c] and lost with two pair, Fives and Fours


PokerStars Hand #146742500220:  Hold'em Limit ($3/$6 USD) - 2016/01/09 11:21:33 ET
Table 'Geminid III' 2-max Seat #2 is the button
Seat 1: HARDGURU ($219.26 in chips)
Seat 2: dragon1893 ($150 in chips)
dragon1893: posts small blind $1
HARDGURU: posts big blind $3
*** HOLE CARDS ***
dragon1893: raises $3 to $6
HARDGURU: calls $3
*** FLOP *** [Ah 6c 9h]
HARDGURU: checks
dragon1893: bets $3
HARDGURU: raises $3 to $6
dragon1893: calls $3
*** TURN *** [Ah 6c 9h] [Kd]
HARDGURU: checks
dragon1893: checks
*** RIVER *** [Ah 6c 9h Kd] [Th]
HARDGURU: bets $6
dragon1893: calls $6
*** SHOW DOWN ***
HARDGURU: shows [Qc 2h] (high card Ace)
dragon1893: shows [5d 9c] (a pair of Nines)
dragon1893 collected $35.50 from pot
*** SUMMARY ***
Total pot $36 | Rake $0.50
Board [Ah 6c 9h Kd Th]
Seat 1: HARDGURU (big blind) showed [Qc 2h] and lost with high card Ace
Seat 2: dragon1893 (button) (small blind) showed [5d 9c] and won ($35.50) with a pair of Nines


PokerStars Hand #146742605975:  Hold'em Limit ($3/$6 USD) - 2016/01/09 11:23:22 ET
Table 'Geminid III' 2-max Seat #1 is the button
Seat 1: HARDGURU ($255.92 in chips)
Seat 2: dragon1893 ($155.76 in chips)
HARDGURU: posts small blind $1
dragon1893: posts big blind $3
*** HOLE CARDS ***
HARDGURU: raises $3 to $6
dragon1893: folds
Uncalled bet ($3) returned to HARDGURU
HARDGURU collected $6 from pot
HARDGURU: doesn't show hand
*** SUMMARY ***
Total pot $6 | Rake $0
Seat 1: HARDGURU (button) (small blind) collected ($6)
Seat 2: dragon1893 (big blind) folded before Flop


PokerStars Hand #146742595931:  Hold'em Limit ($3/$6 USD) - 2016/01/09 11:23:11 ET
Table 'Geminid III' 2-max Seat #2 is the button
Seat 1: HARDGURU ($261.92 in chips)
Seat 2: dragon1893 ($150 in chips)
dragon1893: posts small blind $1
HARDGURU: posts big blind $3
*** HOLE CARDS ***
dragon1893: raises $3 to $6
HARDGURU: calls $3
*** FLOP *** [Kd 2c Kc]
HARDGURU: checks
dragon1893: bets $3
HARDGURU: folds
Uncalled bet ($3) returned to dragon1893
dragon1893 collected $11.76 from pot
dragon1893: doesn't show hand
*** SUMMARY ***
Total pot $12 | Rake $0.24
Board [Kd 2c Kc]
Seat 1: HARDGURU (big blind) folded on the Flop
Seat 2: dragon1893 (button) (small blind) collected ($11.76)


PokerStars Hand #146742584523:  Hold'em Limit ($3/$6 USD) - 2016/01/09 11:23:00 ET
Table 'Geminid III' 2-max Seat #1 is the button
Seat 1: HARDGURU ($253.28 in chips)
Seat 2: dragon1893 ($150 in chips)
HARDGURU: posts small blind $1
dragon1893: posts big blind $3
*** HOLE CARDS ***
HARDGURU: raises $3 to $6
dragon1893: calls $3
*** FLOP *** [9c Ts Js]
dragon1893: checks
HARDGURU: bets $3
dragon1893: calls $3
*** TURN *** [9c Ts Js] [6s]
dragon1893: checks
HARDGURU: bets $6
dragon1893: folds
Uncalled bet ($6) returned to HARDGURU
HARDGURU collected $17.64 from pot
HARDGURU: doesn't show hand
*** SUMMARY ***
Total pot $18 | Rake $0.36
Board [9c Ts Js 6s]
Seat 1: HARDGURU (button) (small blind) collected ($17.64)
Seat 2: dragon1893 (big blind) folded on the Turn


PokerStars Hand #146742575752:  Hold'em Limit ($3/$6 USD) - 2016/01/09 11:22:51 ET
Table 'Geminid III' 2-max Seat #2 is the button
Seat 1: HARDGURU ($244.64 in chips)
Seat 2: dragon1893 ($152.76 in chips)
dragon1893: posts small blind $1
HARDGURU: posts big blind $3
*** HOLE CARDS ***
dragon1893: raises $3 to $6
HARDGURU: raises $3 to $9
dragon1893: calls $3
*** FLOP *** [2s Ac Jd]
HARDGURU: bets $3
dragon1893: folds
Uncalled bet ($3) returned to HARDGURU
HARDGURU collected $17.64 from pot
HARDGURU: doesn't show hand
*** SUMMARY ***
Total pot $18 | Rake $0.36
Board [2s Ac Jd]
Seat 1: HARDGURU (big blind) collected ($17.64)
Seat 2: dragon1893 (button) (small blind) folded on the Flop


PokerStars Hand #146742563493:  Hold'em Limit ($3/$6 USD) - 2016/01/09 11:22:38 ET
Table 'Geminid III' 2-max Seat #1 is the button
Seat 1: HARDGURU ($241.76 in chips)
Seat 2: dragon1893 ($155.76 in chips)
HARDGURU: posts small blind $1
dragon1893: posts big blind $3
*** HOLE CARDS ***
HARDGURU: calls $2
dragon1893: checks
*** FLOP *** [8s Ah Td]
dragon1893: checks
HARDGURU: bets $3
dragon1893: folds
Uncalled bet ($3) returned to HARDGURU
HARDGURU collected $5.88 from pot
HARDGURU: doesn't show hand
*** SUMMARY ***
Total pot $6 | Rake $0.12
Board [8s Ah Td]
Seat 1: HARDGURU (button) (small blind) collected ($5.88)
Seat 2: dragon1893 (big blind) folded on the Flop


PokerStars Hand #146742554948:  Hold'em Limit ($3/$6 USD) - 2016/01/09 11:22:29 ET
Table 'Geminid III' 2-max Seat #2 is the button
Seat 1: HARDGURU ($247.76 in chips)
Seat 2: dragon1893 ($150 in chips)
dragon1893: posts small blind $1
HARDGURU: posts big blind $3
*** HOLE CARDS ***
dragon1893: raises $3 to $6
HARDGURU: calls $3
*** FLOP *** [Td As 9c]
HARDGURU: checks
dragon1893: bets $3
HARDGURU: folds
Uncalled bet ($3) returned to dragon1893
dragon1893 collected $11.76 from pot
dragon1893: doesn't show hand
*** SUMMARY ***
Total pot $12 | Rake $0.24
Board [Td As 9c]
Seat 1: HARDGURU (big blind) folded on the Flop
Seat 2: dragon1893 (button) (small blind) collected ($11.76)


PokerStars Hand #146742611414:  Hold'em Limit ($3/$6 USD) - 2016/01/09 11:23:28 ET
Table 'Geminid III' 2-max Seat #2 is the button
Seat 1: HARDGURU ($258.92 in chips)
Seat 2: dragon1893 ($152.76 in chips)
dragon1893: posts small blind $1
HARDGURU: posts big blind $3
*** HOLE CARDS ***
dragon1893: raises $3 to $6
HARDGURU: raises $3 to $9
dragon1893: calls $3
*** FLOP *** [Ad 7d 5s]
HARDGURU: bets $3
dragon1893: calls $3
*** TURN *** [Ad 7d 5s] [9h]
HARDGURU: bets $6
dragon1893: calls $6
*** RIVER *** [Ad 7d 5s 9h] [3c]
HARDGURU: bets $6
dragon1893: calls $6
*** SHOW DOWN ***
HARDGURU: shows [Qd 7c] (a pair of Sevens)
dragon1893: mucks hand
HARDGURU collected $47.50 from pot
*** SUMMARY ***
Total pot $48 | Rake $0.50
Board [Ad 7d 5s 9h 3c]
Seat 1: HARDGURU (big blind) showed [Qd 7c] and won ($47.50) with a pair of Sevens
Seat 2: dragon1893 (button) (small blind) mucked


PokerStars Hand #146742625750:  Hold'em Limit ($3/$6 USD) - 2016/01/09 11:23:43 ET
Table 'Geminid III' 2-max Seat #1 is the button
Seat 1: HARDGURU ($282.42 in chips)
Seat 2: dragon1893 ($150 in chips)
HARDGURU: posts small blind $1
dragon1893: posts big blind $3
*** HOLE CARDS ***
HARDGURU: raises $3 to $6
dragon1893: folds
Uncalled bet ($3) returned to HARDGURU
HARDGURU collected $6 from pot
HARDGURU: doesn't show hand
*** SUMMARY ***
Total pot $6 | Rake $0
Seat 1: HARDGURU (button) (small blind) collected ($6)
Seat 2: dragon1893 (big blind) folded before Flop


PokerStars Hand #146742631539:  Hold'em Limit ($3/$6 USD) - 2016/01/09 11:23:48 ET
Table 'Geminid III' 2-max Seat #2 is the button
Seat 1: HARDGURU ($285.42 in chips)
Seat 2: dragon1893 ($150 in chips)
dragon1893: posts small blind $1
HARDGURU: posts big blind $3
*** HOLE CARDS ***
dragon1893: raises $3 to $6
HARDGURU: calls $3
*** FLOP *** [4c 3c 8c]
HARDGURU: checks
dragon1893: bets $3
HARDGURU: calls $3
*** TURN *** [4c 3c 8c] [2c]
HARDGURU: checks
dragon1893: bets $6
HARDGURU: folds
Uncalled bet ($6) returned to dragon1893
dragon1893 collected $17.64 from pot
dragon1893: doesn't show hand
*** SUMMARY ***
Total pot $18 | Rake $0.36
Board [4c 3c 8c 2c]
Seat 1: HARDGURU (big blind) folded on the Turn
Seat 2: dragon1893 (button) (small blind) collected ($17.64)


PokerStars Hand #146742644890:  Hold'em Limit ($3/$6 USD) - 2016/01/09 11:24:02 ET
Table 'Geminid III' 2-max Seat #1 is the button
Seat 1: HARDGURU ($276.42 in chips)
Seat 2: dragon1893 ($158.64 in chips)
HARDGURU: posts small blind $1
dragon1893: posts big blind $3
*** HOLE CARDS ***
HARDGURU: raises $3 to $6
dragon1893: calls $3
*** FLOP *** [5h Ac Ah]
dragon1893: checks
HARDGURU: bets $3
dragon1893: folds
Uncalled bet ($3) returned to HARDGURU
HARDGURU collected $11.76 from pot
HARDGURU: doesn't show hand
*** SUMMARY ***
Total pot $12 | Rake $0.24
Board [5h Ac Ah]
Seat 1: HARDGURU (button) (small blind) collected ($11.76)
Seat 2: dragon1893 (big blind) folded on the Flop


PokerStars Hand #146742679842:  Hold'em Limit ($3/$6 USD) - 2016/01/09 11:24:38 ET
Table 'Geminid III' 2-max Seat #1 is the button
Seat 1: HARDGURU ($273.18 in chips)
Seat 2: dragon1893 ($161.28 in chips)
HARDGURU: posts small blind $1
dragon1893: posts big blind $3
*** HOLE CARDS ***
HARDGURU: folds
Uncalled bet ($2) returned to dragon1893
dragon1893 collected $2 from pot
dragon1893: doesn't show hand
*** SUMMARY ***
Total pot $2 | Rake $0
Seat 1: HARDGURU (button) (small blind) folded before Flop
Seat 2: dragon1893 (big blind) collected ($2)


PokerStars Hand #146742660862:  Hold'em Limit ($3/$6 USD) - 2016/01/09 11:24:19 ET
Table 'Geminid III' 2-max Seat #2 is the button
Seat 1: HARDGURU ($282.18 in chips)
Seat 2: dragon1893 ($152.64 in chips)
dragon1893: posts small blind $1
HARDGURU: posts big blind $3
*** HOLE CARDS ***
dragon1893: raises $3 to $6
HARDGURU: calls $3
*** FLOP *** [4c 3d 4d]
HARDGURU: checks
dragon1893: bets $3
HARDGURU: calls $3
*** TURN *** [4c 3d 4d] [3h]
HARDGURU: checks
dragon1893: bets $6
HARDGURU: folds
Uncalled bet ($6) returned to dragon1893
dragon1893 collected $17.64 from pot
dragon1893: doesn't show hand
*** SUMMARY ***
Total pot $18 | Rake $0.36
Board [4c 3d 4d 3h]
Seat 1: HARDGURU (big blind) folded on the Turn
Seat 2: dragon1893 (button) (small blind) collected ($17.64)


PokerStars Hand #146742685520:  Hold'em Limit ($3/$6 USD) - 2016/01/09 11:24:44 ET
Table 'Geminid III' 2-max Seat #2 is the button
Seat 1: HARDGURU ($272.18 in chips)
Seat 2: dragon1893 ($162.28 in chips)
dragon1893: posts small blind $1
HARDGURU: posts big blind $3
*** HOLE CARDS ***
dragon1893: raises $3 to $6
HARDGURU: calls $3
*** FLOP *** [7c 9d 4c]
HARDGURU: checks
dragon1893: bets $3
HARDGURU: calls $3
*** TURN *** [7c 9d 4c] [Jh]
HARDGURU: checks
dragon1893: bets $6
HARDGURU: calls $6
*** RIVER *** [7c 9d 4c Jh] [8s]
HARDGURU: checks
dragon1893: bets $6
HARDGURU: calls $6
*** SHOW DOWN ***
dragon1893: shows [2h 5d] (high card Jack)
HARDGURU: shows [Qc 9h] (a pair of Nines)
HARDGURU collected $41.50 from pot
*** SUMMARY ***
Total pot $42 | Rake $0.50
Board [7c 9d 4c Jh 8s]
Seat 1: HARDGURU (big blind) showed [Qc 9h] and won ($41.50) with a pair of Nines
Seat 2: dragon1893 (button) (small blind) showed [2h 5d] and lost with high card Jack


PokerStars Hand #146742702370:  Hold'em Limit ($3/$6 USD) - 2016/01/09 11:25:01 ET
Table 'Geminid III' 2-max Seat #1 is the button
Seat 1: HARDGURU ($292.68 in chips)
Seat 2: dragon1893 ($150 in chips)
HARDGURU: posts small blind $1
dragon1893: posts big blind $3
*** HOLE CARDS ***
HARDGURU: raises $3 to $6
dragon1893: raises $3 to $9
HARDGURU: calls $3
*** FLOP *** [Kc 8c Kh]
dragon1893: bets $3
HARDGURU: calls $3
*** TURN *** [Kc 8c Kh] [Qs]
dragon1893: bets $6
HARDGURU: calls $6
*** RIVER *** [Kc 8c Kh Qs] [Ts]
dragon1893: bets $6
HARDGURU: calls $6
*** SHOW DOWN ***
dragon1893: shows [7c 7d] (two pair, Kings and Sevens)
HARDGURU: shows [6c 8d] (two pair, Kings and Eights)
HARDGURU collected $47.50 from pot
*** SUMMARY ***
Total pot $48 | Rake $0.50
Board [Kc 8c Kh Qs Ts]
Seat 1: HARDGURU (button) (small blind) showed [6c 8d] and won ($47.50) with two pair, Kings and Eights
Seat 2: dragon1893 (big blind) showed [7c 7d] and lost with two pair, Kings and Sevens


PokerStars Hand #146742715746:  Hold'em Limit ($3/$6 USD) - 2016/01/09 11:25:15 ET
Table 'Geminid III' 2-max Seat #2 is the button
Seat 1: HARDGURU ($316.18 in chips)
Seat 2: dragon1893 ($150 in chips)
dragon1893: posts small blind $1
HARDGURU: posts big blind $3
*** HOLE CARDS ***
dragon1893: raises $3 to $6
HARDGURU: calls $3
*** FLOP *** [9h 2d 7d]
HARDGURU: checks
dragon1893: bets $3
HARDGURU: calls $3
*** TURN *** [9h 2d 7d] [3d]
HARDGURU: checks
dragon1893: bets $6
HARDGURU: folds
Uncalled bet ($6) returned to dragon1893
dragon1893 collected $17.64 from pot
dragon1893: doesn't show hand
*** SUMMARY ***
Total pot $18 | Rake $0.36
Board [9h 2d 7d 3d]
Seat 1: HARDGURU (big blind) folded on the Turn
Seat 2: dragon1893 (button) (small blind) collected ($17.64)


PokerStars Hand #146742729720:  Hold'em Limit ($3/$6 USD) - 2016/01/09 11:25:30 ET
Table 'Geminid III' 2-max Seat #1 is the button
Seat 1: HARDGURU ($307.18 in chips)
Seat 2: dragon1893 ($158.64 in chips)
HARDGURU: posts small blind $1
dragon1893: posts big blind $3
*** HOLE CARDS ***
HARDGURU: raises $3 to $6
dragon1893: calls $3
*** FLOP *** [Ac 3c 5h]
dragon1893: checks
HARDGURU: bets $3
dragon1893: calls $3
*** TURN *** [Ac 3c 5h] [As]
dragon1893: checks
HARDGURU: bets $6
dragon1893: folds
Uncalled bet ($6) returned to HARDGURU
HARDGURU collected $17.64 from pot
HARDGURU: doesn't show hand
*** SUMMARY ***
Total pot $18 | Rake $0.36
Board [Ac 3c 5h As]
Seat 1: HARDGURU (button) (small blind) collected ($17.64)
Seat 2: dragon1893 (big blind) folded on the Turn


PokerStars Hand #146742746167:  Hold'em Limit ($3/$6 USD) - 2016/01/09 11:25:47 ET
Table 'Geminid III' 2-max Seat #2 is the button
Seat 1: HARDGURU ($315.82 in chips)
Seat 2: dragon1893 ($150 in chips)
dragon1893: posts small blind $1
HARDGURU: posts big blind $3
*** HOLE CARDS ***
dragon1893: raises $3 to $6
HARDGURU: calls $3
*** FLOP *** [Jd 4d Ts]
HARDGURU: checks
dragon1893: bets $3
HARDGURU: calls $3
*** TURN *** [Jd 4d Ts] [7c]
HARDGURU: checks
dragon1893: bets $6
HARDGURU: folds
Uncalled bet ($6) returned to dragon1893
dragon1893 collected $17.64 from pot
dragon1893: doesn't show hand
*** SUMMARY ***
Total pot $18 | Rake $0.36
Board [Jd 4d Ts 7c]
Seat 1: HARDGURU (big blind) folded on the Turn
Seat 2: dragon1893 (button) (small blind) collected ($17.64)


PokerStars Hand #146742765402:  Hold'em Limit ($3/$6 USD) - 2016/01/09 11:26:07 ET
Table 'Geminid III' 2-max Seat #1 is the button
Seat 1: HARDGURU ($306.82 in chips)
Seat 2: dragon1893 ($158.64 in chips)
HARDGURU: posts small blind $1
dragon1893: posts big blind $3
*** HOLE CARDS ***
HARDGURU: raises $3 to $6
dragon1893: calls $3
*** FLOP *** [7c Jc 5c]
dragon1893: checks
HARDGURU: checks
*** TURN *** [7c Jc 5c] [Tc]
dragon1893: bets $6
HARDGURU: folds
Uncalled bet ($6) returned to dragon1893
dragon1893 collected $11.76 from pot
dragon1893: doesn't show hand
*** SUMMARY ***
Total pot $12 | Rake $0.24
Board [7c Jc 5c Tc]
Seat 1: HARDGURU (button) (small blind) folded on the Turn
Seat 2: dragon1893 (big blind) collected ($11.76)


PokerStars Hand #146742776164:  Hold'em Limit ($3/$6 USD) - 2016/01/09 11:26:18 ET
Table 'Geminid III' 2-max Seat #2 is the button
Seat 1: HARDGURU ($300.82 in chips)
Seat 2: dragon1893 ($164.40 in chips)
dragon1893: posts small blind $1
HARDGURU: posts big blind $3
*** HOLE CARDS ***
dragon1893: raises $3 to $6
HARDGURU: calls $3
*** FLOP *** [Th 4h As]
HARDGURU: checks
dragon1893: bets $3
HARDGURU: raises $3 to $6
dragon1893: folds
Uncalled bet ($3) returned to HARDGURU
HARDGURU collected $17.64 from pot
HARDGURU: doesn't show hand
*** SUMMARY ***
Total pot $18 | Rake $0.36
Board [Th 4h As]
Seat 1: HARDGURU (big blind) collected ($17.64)
Seat 2: dragon1893 (button) (small blind) folded on the Flop


PokerStars Hand #146742802698:  Hold'em Limit ($3/$6 USD) - 2016/01/09 11:26:46 ET
Table 'Geminid III' 2-max Seat #2 is the button
Seat 1: HARDGURU ($303.46 in chips)
Seat 2: dragon1893 ($161.16 in chips)
dragon1893: posts small blind $1
HARDGURU: posts big blind $3
*** HOLE CARDS ***
dragon1893: raises $3 to $6
HARDGURU: calls $3
*** FLOP *** [Ah Ts 6h]
HARDGURU: checks
dragon1893: bets $3
HARDGURU: folds
Uncalled bet ($3) returned to dragon1893
dragon1893 collected $11.76 from pot
dragon1893: doesn't show hand
*** SUMMARY ***
Total pot $12 | Rake $0.24
Board [Ah Ts 6h]
Seat 1: HARDGURU (big blind) folded on the Flop
Seat 2: dragon1893 (button) (small blind) collected ($11.76)


PokerStars Hand #146742790560:  Hold'em Limit ($3/$6 USD) - 2016/01/09 11:26:33 ET
Table 'Geminid III' 2-max Seat #1 is the button
Seat 1: HARDGURU ($309.46 in chips)
Seat 2: dragon1893 ($155.40 in chips)
HARDGURU: posts small blind $1
dragon1893: posts big blind $3
*** HOLE CARDS ***
HARDGURU: raises $3 to $6
dragon1893: calls $3
*** FLOP *** [3s 2d 4c]
dragon1893: checks
HARDGURU: checks
*** TURN *** [3s 2d 4c] [Ac]
dragon1893: bets $6
HARDGURU: folds
Uncalled bet ($6) returned to dragon1893
dragon1893 collected $11.76 from pot
dragon1893: doesn't show hand
*** SUMMARY ***
Total pot $12 | Rake $0.24
Board [3s 2d 4c Ac]
Seat 1: HARDGURU (button) (small blind) folded on the Turn
Seat 2: dragon1893 (big blind) collected ($11.76)


PokerStars Hand #146742811849:  Hold'em Limit ($3/$6 USD) - 2016/01/09 11:26:55 ET
Table 'Geminid III' 2-max Seat #1 is the button
Seat 1: HARDGURU ($297.46 in chips)
Seat 2: dragon1893 ($166.92 in chips)
HARDGURU: posts small blind $1
dragon1893: posts big blind $3
*** HOLE CARDS ***
HARDGURU: raises $3 to $6
dragon1893: calls $3
*** FLOP *** [2c 8d Kc]
dragon1893: checks
HARDGURU: bets $3
dragon1893: raises $3 to $6
HARDGURU: calls $3
*** TURN *** [2c 8d Kc] [7d]
dragon1893: bets $6
HARDGURU: calls $6
*** RIVER *** [2c 8d Kc 7d] [Jd]
dragon1893: bets $6
HARDGURU: calls $6
*** SHOW DOWN ***
dragon1893: shows [5h Kh] (a pair of Kings)
HARDGURU: mucks hand
dragon1893 collected $47.50 from pot
*** SUMMARY ***
Total pot $48 | Rake $0.50
Board [2c 8d Kc 7d Jd]
Seat 1: HARDGURU (button) (small blind) mucked
Seat 2: dragon1893 (big blind) showed [5h Kh] and won ($47.50) with a pair of Kings


PokerStars Hand #146742842968:  Hold'em Limit ($3/$6 USD) - 2016/01/09 11:27:28 ET
Table 'Geminid III' 2-max Seat #1 is the button
Seat 1: HARDGURU ($258.46 in chips)
Seat 2: dragon1893 ($204.92 in chips)
HARDGURU: posts small blind $1
dragon1893: posts big blind $3
*** HOLE CARDS ***
HARDGURU: raises $3 to $6
dragon1893: folds
Uncalled bet ($3) returned to HARDGURU
HARDGURU collected $6 from pot
HARDGURU: doesn't show hand
*** SUMMARY ***
Total pot $6 | Rake $0
Seat 1: HARDGURU (button) (small blind) collected ($6)
Seat 2: dragon1893 (big blind) folded before Flop


PokerStars Hand #146742826616:  Hold'em Limit ($3/$6 USD) - 2016/01/09 11:27:11 ET
Table 'Geminid III' 2-max Seat #2 is the button
Seat 1: HARDGURU ($273.46 in chips)
Seat 2: dragon1893 ($190.42 in chips)
dragon1893: posts small blind $1
HARDGURU: posts big blind $3
*** HOLE CARDS ***
dragon1893: raises $3 to $6
HARDGURU: calls $3
*** FLOP *** [3d 5c Ah]
HARDGURU: checks
dragon1893: bets $3
HARDGURU: calls $3
*** TURN *** [3d 5c Ah] [3s]
HARDGURU: checks
dragon1893: bets $6
HARDGURU: calls $6
*** RIVER *** [3d 5c Ah 3s] [Qs]
HARDGURU: checks
dragon1893: bets $6
HARDGURU: folds
Uncalled bet ($6) returned to dragon1893
dragon1893 collected $29.50 from pot
dragon1893: doesn't show hand
*** SUMMARY ***
Total pot $30 | Rake $0.50
Board [3d 5c Ah 3s Qs]
Seat 1: HARDGURU (big blind) folded on the River
Seat 2: dragon1893 (button) (small blind) collected ($29.50)


PokerStars Hand #146742848462:  Hold'em Limit ($3/$6 USD) - 2016/01/09 11:27:34 ET
Table 'Geminid III' 2-max Seat #2 is the button
Seat 1: HARDGURU ($261.46 in chips)
Seat 2: dragon1893 ($201.92 in chips)
dragon1893: posts small blind $1
HARDGURU: posts big blind $3
*** HOLE CARDS ***
dragon1893: raises $3 to $6
HARDGURU: calls $3
*** FLOP *** [Qd Qh 7d]
HARDGURU: checks
dragon1893: bets $3
HARDGURU: calls $3
*** TURN *** [Qd Qh 7d] [7h]
HARDGURU: checks
dragon1893: bets $6
HARDGURU: calls $6
*** RIVER *** [Qd Qh 7d 7h] [7s]
HARDGURU: checks
dragon1893: bets $6
HARDGURU: raises $6 to $12
dragon1893: calls $6
*** SHOW DOWN ***
HARDGURU: shows [Qc 4h] (a full house, Queens full of Sevens)
dragon1893: mucks hand
HARDGURU collected $53.50 from pot
*** SUMMARY ***
Total pot $54 | Rake $0.50
Board [Qd Qh 7d 7h 7s]
Seat 1: HARDGURU (big blind) showed [Qc 4h] and won ($53.50) with a full house, Queens full of Sevens
Seat 2: dragon1893 (button) (small blind) mucked


PokerStars Hand #146742866359:  Hold'em Limit ($3/$6 USD) - 2016/01/09 11:27:52 ET
Table 'Geminid III' 2-max Seat #1 is the button
Seat 1: HARDGURU ($287.96 in chips)
Seat 2: dragon1893 ($174.92 in chips)
HARDGURU: posts small blind $1
dragon1893: posts big blind $3
*** HOLE CARDS ***
HARDGURU: raises $3 to $6
dragon1893: calls $3
*** FLOP *** [6s 2c 8h]
dragon1893: checks
HARDGURU: bets $3
dragon1893: folds
Uncalled bet ($3) returned to HARDGURU
HARDGURU collected $11.76 from pot
HARDGURU: doesn't show hand
*** SUMMARY ***
Total pot $12 | Rake $0.24
Board [6s 2c 8h]
Seat 1: HARDGURU (button) (small blind) collected ($11.76)
Seat 2: dragon1893 (big blind) folded on the Flop


PokerStars Hand #146742875038:  Hold'em Limit ($3/$6 USD) - 2016/01/09 11:28:01 ET
Table 'Geminid III' 2-max Seat #2 is the button
Seat 1: HARDGURU ($293.72 in chips)
Seat 2: dragon1893 ($168.92 in chips)
dragon1893: posts small blind $1
HARDGURU: posts big blind $3
*** HOLE CARDS ***
dragon1893: raises $3 to $6
HARDGURU: raises $3 to $9
dragon1893: calls $3
*** FLOP *** [4h 7s 3s]
HARDGURU: checks
dragon1893: checks
*** TURN *** [4h 7s 3s] [5d]
HARDGURU: bets $6
dragon1893: calls $6
*** RIVER *** [4h 7s 3s 5d] [3h]
HARDGURU: bets $6
dragon1893: raises $6 to $12
HARDGURU: folds
Uncalled bet ($6) returned to dragon1893
dragon1893 collected $41.50 from pot
dragon1893: doesn't show hand
*** SUMMARY ***
Total pot $42 | Rake $0.50
Board [4h 7s 3s 5d 3h]
Seat 1: HARDGURU (big blind) folded on the River
Seat 2: dragon1893 (button) (small blind) collected ($41.50)


PokerStars Hand #146742891005:  Hold'em Limit ($3/$6 USD) - 2016/01/09 11:28:18 ET
Table 'Geminid III' 2-max Seat #1 is the button
Seat 1: HARDGURU ($272.72 in chips)
Seat 2: dragon1893 ($189.42 in chips)
HARDGURU: posts small blind $1
dragon1893: posts big blind $3
*** HOLE CARDS ***
HARDGURU: calls $2
dragon1893: checks
*** FLOP *** [4s Jh 7c]
dragon1893: checks
HARDGURU: checks
*** TURN *** [4s Jh 7c] [5h]
dragon1893: bets $6
HARDGURU: calls $6
*** RIVER *** [4s Jh 7c 5h] [8c]
dragon1893: bets $6
HARDGURU: folds
Uncalled bet ($6) returned to dragon1893
dragon1893 collected $17.64 from pot
dragon1893: doesn't show hand
*** SUMMARY ***
Total pot $18 | Rake $0.36
Board [4s Jh 7c 5h 8c]
Seat 1: HARDGURU (button) (small blind) folded on the River
Seat 2: dragon1893 (big blind) collected ($17.64)


PokerStars Hand #146742903329:  Hold'em Limit ($3/$6 USD) - 2016/01/09 11:28:31 ET
Table 'Geminid III' 2-max Seat #2 is the button
Seat 1: HARDGURU ($263.72 in chips)
Seat 2: dragon1893 ($198.06 in chips)
dragon1893: posts small blind $1
HARDGURU: posts big blind $3
*** HOLE CARDS ***
dragon1893: raises $3 to $6
HARDGURU: calls $3
*** FLOP *** [Ad Ks 9s]
HARDGURU: checks
dragon1893: bets $3
HARDGURU: folds
Uncalled bet ($3) returned to dragon1893
dragon1893 collected $11.76 from pot
dragon1893: doesn't show hand
*** SUMMARY ***
Total pot $12 | Rake $0.24
Board [Ad Ks 9s]
Seat 1: HARDGURU (big blind) folded on the Flop
Seat 2: dragon1893 (button) (small blind) collected ($11.76)


PokerStars Hand #146742912022:  Hold'em Limit ($3/$6 USD) - 2016/01/09 11:28:40 ET
Table 'Geminid III' 2-max Seat #1 is the button
Seat 1: HARDGURU ($257.72 in chips)
Seat 2: dragon1893 ($203.82 in chips)
HARDGURU: posts small blind $1
dragon1893: posts big blind $3
*** HOLE CARDS ***
HARDGURU: raises $3 to $6
dragon1893: calls $3
*** FLOP *** [4d 8d 5d]
dragon1893: checks
HARDGURU: bets $3
dragon1893: calls $3
*** TURN *** [4d 8d 5d] [2s]
dragon1893: checks
HARDGURU: bets $6
dragon1893: raises $6 to $12
HARDGURU: calls $6
*** RIVER *** [4d 8d 5d 2s] [Js]
dragon1893: bets $6
HARDGURU: calls $6
*** SHOW DOWN ***
dragon1893: shows [6c 3c] (a straight, Deuce to Six)
HARDGURU: mucks hand
dragon1893 collected $53.50 from pot
*** SUMMARY ***
Total pot $54 | Rake $0.50
Board [4d 8d 5d 2s Js]
Seat 1: HARDGURU (button) (small blind) mucked
Seat 2: dragon1893 (big blind) showed [6c 3c] and won ($53.50) with a straight, Deuce to Six


PokerStars Hand #146742926811:  Hold'em Limit ($3/$6 USD) - 2016/01/09 11:28:56 ET
Table 'Geminid III' 2-max Seat #2 is the button
Seat 1: HARDGURU ($230.72 in chips)
Seat 2: dragon1893 ($230.32 in chips)
dragon1893: posts small blind $1
HARDGURU: posts big blind $3
*** HOLE CARDS ***
dragon1893: raises $3 to $6
HARDGURU: calls $3
*** FLOP *** [2d Ks Td]
HARDGURU: checks
dragon1893: bets $3
HARDGURU: raises $3 to $6
dragon1893: calls $3
*** TURN *** [2d Ks Td] [9d]
HARDGURU: checks
dragon1893: checks
*** RIVER *** [2d Ks Td 9d] [6h]
HARDGURU: bets $6
dragon1893: calls $6
*** SHOW DOWN ***
HARDGURU: shows [7d Jc] (high card King)
dragon1893: shows [Kh 7h] (a pair of Kings)
dragon1893 collected $35.50 from pot
*** SUMMARY ***
Total pot $36 | Rake $0.50
Board [2d Ks Td 9d 6h]
Seat 1: HARDGURU (big blind) showed [7d Jc] and lost with high card King
Seat 2: dragon1893 (button) (small blind) showed [Kh 7h] and won ($35.50) with a pair of Kings


PokerStars Hand #146742941260:  Hold'em Limit ($3/$6 USD) - 2016/01/09 11:29:11 ET
Table 'Geminid III' 2-max Seat #1 is the button
Seat 1: HARDGURU ($212.72 in chips)
Seat 2: dragon1893 ($247.82 in chips)
HARDGURU: posts small blind $1
dragon1893: posts big blind $3
*** HOLE CARDS ***
HARDGURU: raises $3 to $6
dragon1893: calls $3
*** FLOP *** [Ts 8h 2d]
dragon1893: checks
HARDGURU: bets $3
dragon1893: folds
Uncalled bet ($3) returned to HARDGURU
HARDGURU collected $11.76 from pot
*** SUMMARY ***
Total pot $12 | Rake $0.24
Board [Ts 8h 2d]
Seat 1: HARDGURU (button) (small blind) collected ($11.76)
Seat 2: dragon1893 (big blind) folded on the Flop


PokerStars Hand #146742948924:  Hold'em Limit ($3/$6 USD) - 2016/01/09 11:29:19 ET
Table 'Geminid III' 2-max Seat #2 is the button
Seat 1: HARDGURU ($218.48 in chips)
Seat 2: dragon1893 ($241.82 in chips)
dragon1893: posts small blind $1
HARDGURU: posts big blind $3
*** HOLE CARDS ***
dragon1893: raises $3 to $6
HARDGURU: calls $3
*** FLOP *** [8s 4h 6h]
HARDGURU: checks
dragon1893: bets $3
HARDGURU: raises $3 to $6
dragon1893: calls $3
*** TURN *** [8s 4h 6h] [Td]
HARDGURU: checks
dragon1893: checks
*** RIVER *** [8s 4h 6h Td] [9s]
HARDGURU: bets $6
dragon1893: calls $6
*** SHOW DOWN ***
HARDGURU: shows [7h 2h] (a straight, Six to Ten)
dragon1893: mucks hand
HARDGURU collected $35.50 from pot
*** SUMMARY ***
Total pot $36 | Rake $0.50
Board [8s 4h 6h Td 9s]
Seat 1: HARDGURU (big blind) showed [7h 2h] and won ($35.50) with a straight, Six to Ten
Seat 2: dragon1893 (button) (small blind) mucked


PokerStars Hand #146742971573:  Hold'em Limit ($3/$6 USD) - 2016/01/09 11:29:43 ET
Table 'Geminid III' 2-max Seat #1 is the button
Seat 1: HARDGURU ($235.98 in chips)
Seat 2: dragon1893 ($223.82 in chips)
HARDGURU: posts small blind $1
dragon1893: posts big blind $3
*** HOLE CARDS ***
HARDGURU: folds
Uncalled bet ($2) returned to dragon1893
dragon1893 collected $2 from pot
dragon1893: doesn't show hand
*** SUMMARY ***
Total pot $2 | Rake $0
Seat 1: HARDGURU (button) (small blind) folded before Flop
Seat 2: dragon1893 (big blind) collected ($2)


PokerStars Hand #146742977030:  Hold'em Limit ($3/$6 USD) - 2016/01/09 11:29:49 ET
Table 'Geminid III' 2-max Seat #2 is the button
Seat 1: HARDGURU ($234.98 in chips)
Seat 2: dragon1893 ($224.82 in chips)
dragon1893: posts small blind $1
HARDGURU: posts big blind $3
*** HOLE CARDS ***
dragon1893: raises $3 to $6
HARDGURU: calls $3
*** FLOP *** [5s 3c Kc]
HARDGURU: checks
dragon1893: bets $3
HARDGURU: calls $3
*** TURN *** [5s 3c Kc] [4c]
HARDGURU: checks
dragon1893: bets $6
HARDGURU: calls $6
*** RIVER *** [5s 3c Kc 4c] [Kd]
HARDGURU: checks
dragon1893: checks
*** SHOW DOWN ***
HARDGURU: shows [7d 5h] (two pair, Kings and Fives)
dragon1893: mucks hand
HARDGURU collected $29.50 from pot
*** SUMMARY ***
Total pot $30 | Rake $0.50
Board [5s 3c Kc 4c Kd]
Seat 1: HARDGURU (big blind) showed [7d 5h] and won ($29.50) with two pair, Kings and Fives
Seat 2: dragon1893 (button) (small blind) mucked


PokerStars Hand #146742990539:  Hold'em Limit ($3/$6 USD) - 2016/01/09 11:30:03 ET
Table 'Geminid III' 2-max Seat #1 is the button
Seat 1: HARDGURU ($249.48 in chips)
Seat 2: dragon1893 ($209.82 in chips)
HARDGURU: posts small blind $1
dragon1893: posts big blind $3
*** HOLE CARDS ***
HARDGURU: raises $3 to $6
dragon1893: calls $3
*** FLOP *** [2h 3s 3c]
dragon1893: checks
HARDGURU: checks
*** TURN *** [2h 3s 3c] [As]
dragon1893: checks
HARDGURU: bets $6
dragon1893: calls $6
*** RIVER *** [2h 3s 3c As] [7c]
dragon1893: checks
HARDGURU: checks
*** SHOW DOWN ***
dragon1893: shows [Qs Tc] (a pair of Threes)
HARDGURU: shows [Qc Kc] (a pair of Threes - Ace+King kicker)
HARDGURU collected $23.52 from pot
*** SUMMARY ***
Total pot $24 | Rake $0.48
Board [2h 3s 3c As 7c]
Seat 1: HARDGURU (button) (small blind) showed [Qc Kc] and won ($23.52) with a pair of Threes
Seat 2: dragon1893 (big blind) showed [Qs Tc] and lost with a pair of Threes


PokerStars Hand #146743008790:  Hold'em Limit ($3/$6 USD) - 2016/01/09 11:30:23 ET
Table 'Geminid III' 2-max Seat #2 is the button
Seat 1: HARDGURU ($261 in chips)
Seat 2: dragon1893 ($197.82 in chips)
dragon1893: posts small blind $1
HARDGURU: posts big blind $3
*** HOLE CARDS ***
dragon1893: raises $3 to $6
HARDGURU: calls $3
*** FLOP *** [9s Ac 2s]
HARDGURU: checks
dragon1893: bets $3
HARDGURU: folds
Uncalled bet ($3) returned to dragon1893
dragon1893 collected $11.76 from pot
dragon1893: doesn't show hand
*** SUMMARY ***
Total pot $12 | Rake $0.24
Board [9s Ac 2s]
Seat 1: HARDGURU (big blind) folded on the Flop
Seat 2: dragon1893 (button) (small blind) collected ($11.76)


PokerStars Hand #146743017813:  Hold'em Limit ($3/$6 USD) - 2016/01/09 11:30:32 ET
Table 'Geminid III' 2-max Seat #1 is the button
Seat 1: HARDGURU ($255 in chips)
Seat 2: dragon1893 ($203.58 in chips)
HARDGURU: posts small blind $1
dragon1893: posts big blind $3
*** HOLE CARDS ***
HARDGURU: raises $3 to $6
dragon1893: folds
Uncalled bet ($3) returned to HARDGURU
HARDGURU collected $6 from pot
HARDGURU: doesn't show hand
*** SUMMARY ***
Total pot $6 | Rake $0
Seat 1: HARDGURU (button) (small blind) collected ($6)
Seat 2: dragon1893 (big blind) folded before Flop


PokerStars Hand #146743042963:  Hold'em Limit ($3/$6 USD) - 2016/01/09 11:30:59 ET
Table 'Geminid III' 2-max Seat #1 is the button
Seat 1: HARDGURU ($272.50 in chips)
Seat 2: dragon1893 ($185.58 in chips)
HARDGURU: posts small blind $1
dragon1893: posts big blind $3
*** HOLE CARDS ***
HARDGURU: folds
Uncalled bet ($2) returned to dragon1893
dragon1893 collected $2 from pot
dragon1893: doesn't show hand
*** SUMMARY ***
Total pot $2 | Rake $0
Seat 1: HARDGURU (button) (small blind) folded before Flop
Seat 2: dragon1893 (big blind) collected ($2)


PokerStars Hand #146743022990:  Hold'em Limit ($3/$6 USD) - 2016/01/09 11:30:38 ET
Table 'Geminid III' 2-max Seat #2 is the button
Seat 1: HARDGURU ($258 in chips)
Seat 2: dragon1893 ($200.58 in chips)
dragon1893: posts small blind $1
HARDGURU: posts big blind $3
*** HOLE CARDS ***
dragon1893: raises $3 to $6
HARDGURU: calls $3
*** FLOP *** [8h 3d Ac]
HARDGURU: checks
dragon1893: bets $3
HARDGURU: calls $3
*** TURN *** [8h 3d Ac] [2d]
HARDGURU: checks
dragon1893: bets $6
HARDGURU: calls $6
*** RIVER *** [8h 3d Ac 2d] [5c]
HARDGURU: checks
dragon1893: checks
*** SHOW DOWN ***
HARDGURU: shows [3h Jd] (a pair of Threes)
dragon1893: mucks hand
HARDGURU collected $29.50 from pot
*** SUMMARY ***
Total pot $30 | Rake $0.50
Board [8h 3d Ac 2d 5c]
Seat 1: HARDGURU (big blind) showed [3h Jd] and won ($29.50) with a pair of Threes
Seat 2: dragon1893 (button) (small blind) mucked


PokerStars Hand #146743049750:  Hold'em Limit ($3/$6 USD) - 2016/01/09 11:31:06 ET
Table 'Geminid III' 2-max Seat #2 is the button
Seat 1: HARDGURU ($271.50 in chips)
Seat 2: dragon1893 ($186.58 in chips)
dragon1893: posts small blind $1
HARDGURU: posts big blind $3
*** HOLE CARDS ***
dragon1893: raises $3 to $6
HARDGURU: calls $3
*** FLOP *** [Qd 5d Ts]
HARDGURU: checks
dragon1893: bets $3
HARDGURU: calls $3
*** TURN *** [Qd 5d Ts] [3s]
HARDGURU: checks
dragon1893: bets $6
HARDGURU: calls $6
*** RIVER *** [Qd 5d Ts 3s] [4s]
HARDGURU: checks
dragon1893: checks
*** SHOW DOWN ***
HARDGURU: shows [Jd 5s] (a pair of Fives)
dragon1893: mucks hand
HARDGURU collected $29.50 from pot
*** SUMMARY ***
Total pot $30 | Rake $0.50
Board [Qd 5d Ts 3s 4s]
Seat 1: HARDGURU (big blind) showed [Jd 5s] and won ($29.50) with a pair of Fives
Seat 2: dragon1893 (button) (small blind) mucked


PokerStars Hand #146743065798:  Hold'em Limit ($3/$6 USD) - 2016/01/09 11:31:23 ET
Table 'Geminid III' 2-max Seat #1 is the button
Seat 1: HARDGURU ($286 in chips)
Seat 2: dragon1893 ($171.58 in chips)
HARDGURU: posts small blind $1
dragon1893: posts big blind $3
*** HOLE CARDS ***
HARDGURU: raises $3 to $6
dragon1893: calls $3
*** FLOP *** [6d 5s 9c]
dragon1893: checks
HARDGURU: checks
*** TURN *** [6d 5s 9c] [3h]
dragon1893: bets $6
HARDGURU: calls $6
*** RIVER *** [6d 5s 9c 3h] [Jh]
dragon1893: bets $6
HARDGURU: calls $6
*** SHOW DOWN ***
dragon1893: shows [Qh 9s] (a pair of Nines)
HARDGURU: mucks hand
dragon1893 collected $35.50 from pot
*** SUMMARY ***
Total pot $36 | Rake $0.50
Board [6d 5s 9c 3h Jh]
Seat 1: HARDGURU (button) (small blind) mucked
Seat 2: dragon1893 (big blind) showed [Qh 9s] and won ($35.50) with a pair of Nines


PokerStars Hand #146743077020:  Hold'em Limit ($3/$6 USD) - 2016/01/09 11:31:35 ET
Table 'Geminid III' 2-max Seat #2 is the button
Seat 1: HARDGURU ($268 in chips)
Seat 2: dragon1893 ($189.08 in chips)
dragon1893: posts small blind $1
HARDGURU: posts big blind $3
*** HOLE CARDS ***
dragon1893: raises $3 to $6
HARDGURU: calls $3
*** FLOP *** [5d Th Qd]
HARDGURU: checks
dragon1893: bets $3
HARDGURU: calls $3
*** TURN *** [5d Th Qd] [4s]
HARDGURU: checks
dragon1893: bets $6
HARDGURU: calls $6
*** RIVER *** [5d Th Qd 4s] [7d]
HARDGURU: checks
dragon1893: bets $6
HARDGURU: folds
Uncalled bet ($6) returned to dragon1893
dragon1893 collected $29.50 from pot
dragon1893: doesn't show hand
*** SUMMARY ***
Total pot $30 | Rake $0.50
Board [5d Th Qd 4s 7d]
Seat 1: HARDGURU (big blind) folded on the River
Seat 2: dragon1893 (button) (small blind) collected ($29.50)


PokerStars Hand #146743094098:  Hold'em Limit ($3/$6 USD) - 2016/01/09 11:31:53 ET
Table 'Geminid III' 2-max Seat #1 is the button
Seat 1: HARDGURU ($253 in chips)
Seat 2: dragon1893 ($203.58 in chips)
HARDGURU: posts small blind $1
dragon1893: posts big blind $3
*** HOLE CARDS ***
HARDGURU: calls $2
dragon1893: checks
*** FLOP *** [3d 4d Qd]
dragon1893: checks
HARDGURU: checks
*** TURN *** [3d 4d Qd] [7d]
dragon1893: bets $6
HARDGURU: folds
Uncalled bet ($6) returned to dragon1893
dragon1893 collected $5.88 from pot
dragon1893: doesn't show hand
*** SUMMARY ***
Total pot $6 | Rake $0.12
Board [3d 4d Qd 7d]
Seat 1: HARDGURU (button) (small blind) folded on the Turn
Seat 2: dragon1893 (big blind) collected ($5.88)


PokerStars Hand #146743104340:  Hold'em Limit ($3/$6 USD) - 2016/01/09 11:32:04 ET
Table 'Geminid III' 2-max Seat #2 is the button
Seat 1: HARDGURU ($250 in chips)
Seat 2: dragon1893 ($206.46 in chips)
dragon1893: posts small blind $1
HARDGURU: posts big blind $3
*** HOLE CARDS ***
dragon1893: raises $3 to $6
HARDGURU: calls $3
*** FLOP *** [9h Jh Js]
HARDGURU: checks
dragon1893: bets $3
HARDGURU: calls $3
*** TURN *** [9h Jh Js] [Ac]
HARDGURU: checks
dragon1893: bets $6
HARDGURU: calls $6
*** RIVER *** [9h Jh Js Ac] [5c]
HARDGURU: checks
dragon1893: bets $6
HARDGURU: calls $6
*** SHOW DOWN ***
dragon1893: shows [3s 6h] (a pair of Jacks)
HARDGURU: shows [As 2c] (two pair, Aces and Jacks)
HARDGURU collected $41.50 from pot
*** SUMMARY ***
Total pot $42 | Rake $0.50
Board [9h Jh Js Ac 5c]
Seat 1: HARDGURU (big blind) showed [As 2c] and won ($41.50) with two pair, Aces and Jacks
Seat 2: dragon1893 (button) (small blind) showed [3s 6h] and lost with a pair of Jacks


PokerStars Hand #146743123978:  Hold'em Limit ($3/$6 USD) - 2016/01/09 11:32:25 ET
Table 'Geminid III' 2-max Seat #1 is the button
Seat 1: HARDGURU ($270.50 in chips)
Seat 2: dragon1893 ($185.46 in chips)
HARDGURU: posts small blind $1
dragon1893: posts big blind $3
*** HOLE CARDS ***
HARDGURU: calls $2
dragon1893: checks
*** FLOP *** [Kc Ad 9s]
dragon1893: checks
HARDGURU: bets $3
dragon1893: folds
Uncalled bet ($3) returned to HARDGURU
HARDGURU collected $5.88 from pot
HARDGURU: doesn't show hand
*** SUMMARY ***
Total pot $6 | Rake $0.12
Board [Kc Ad 9s]
Seat 1: HARDGURU (button) (small blind) collected ($5.88)
Seat 2: dragon1893 (big blind) folded on the Flop


PokerStars Hand #146743147226:  Hold'em Limit ($3/$6 USD) - 2016/01/09 11:32:50 ET
Table 'Geminid III' 2-max Seat #1 is the button
Seat 1: HARDGURU ($267.38 in chips)
Seat 2: dragon1893 ($188.22 in chips)
HARDGURU: posts small blind $1
dragon1893: posts big blind $3
*** HOLE CARDS ***
HARDGURU: raises $3 to $6
dragon1893: folds
Uncalled bet ($3) returned to HARDGURU
HARDGURU collected $6 from pot
HARDGURU: doesn't show hand
*** SUMMARY ***
Total pot $6 | Rake $0
Seat 1: HARDGURU (button) (small blind) collected ($6)
Seat 2: dragon1893 (big blind) folded before Flop


PokerStars Hand #146743133901:  Hold'em Limit ($3/$6 USD) - 2016/01/09 11:32:36 ET
Table 'Geminid III' 2-max Seat #2 is the button
Seat 1: HARDGURU ($273.38 in chips)
Seat 2: dragon1893 ($182.46 in chips)
dragon1893: posts small blind $1
HARDGURU: posts big blind $3
*** HOLE CARDS ***
dragon1893: raises $3 to $6
HARDGURU: calls $3
*** FLOP *** [9c Ks Jh]
HARDGURU: checks
dragon1893: bets $3
HARDGURU: folds
Uncalled bet ($3) returned to dragon1893
dragon1893 collected $11.76 from pot
dragon1893: doesn't show hand
*** SUMMARY ***
Total pot $12 | Rake $0.24
Board [9c Ks Jh]
Seat 1: HARDGURU (big blind) folded on the Flop
Seat 2: dragon1893 (button) (small blind) collected ($11.76)


PokerStars Hand #146743153409:  Hold'em Limit ($3/$6 USD) - 2016/01/09 11:32:56 ET
Table 'Geminid III' 2-max Seat #2 is the button
Seat 1: HARDGURU ($270.38 in chips)
Seat 2: dragon1893 ($185.22 in chips)
dragon1893: posts small blind $1
HARDGURU: posts big blind $3
*** HOLE CARDS ***
dragon1893: raises $3 to $6
HARDGURU: calls $3
*** FLOP *** [6d 6h 2s]
HARDGURU: checks
dragon1893: bets $3
HARDGURU: raises $3 to $6
dragon1893: raises $3 to $9
HARDGURU: calls $3
*** TURN *** [6d 6h 2s] [4d]
HARDGURU: checks
dragon1893: bets $6
HARDGURU: calls $6
*** RIVER *** [6d 6h 2s 4d] [Th]
HARDGURU: checks
dragon1893: bets $6
HARDGURU: calls $6
*** SHOW DOWN ***
dragon1893: shows [6c 7c] (three of a kind, Sixes)
HARDGURU: mucks hand
dragon1893 collected $53.50 from pot
*** SUMMARY ***
Total pot $54 | Rake $0.50
Board [6d 6h 2s 4d Th]
Seat 1: HARDGURU (big blind) mucked
Seat 2: dragon1893 (button) (small blind) showed [6c 7c] and won ($53.50) with three of a kind, Sixes


PokerStars Hand #146743175496:  Hold'em Limit ($3/$6 USD) - 2016/01/09 11:33:19 ET
Table 'Geminid III' 2-max Seat #1 is the button
Seat 1: HARDGURU ($243.38 in chips)
Seat 2: dragon1893 ($211.72 in chips)
HARDGURU: posts small blind $1
dragon1893: posts big blind $3
*** HOLE CARDS ***
HARDGURU: raises $3 to $6
dragon1893: folds
Uncalled bet ($3) returned to HARDGURU
HARDGURU collected $6 from pot
*** SUMMARY ***
Total pot $6 | Rake $0
Seat 1: HARDGURU (button) (small blind) collected ($6)
Seat 2: dragon1893 (big blind) folded before Flop


PokerStars Hand #146743201825:  Hold'em Limit ($3/$6 USD) - 2016/01/09 11:33:47 ET
Table 'Geminid III' 2-max Seat #2 is the button
Seat 1: HARDGURU ($239.38 in chips)
Seat 2: dragon1893 ($215.48 in chips)
dragon1893: posts small blind $1
HARDGURU: posts big blind $3
*** HOLE CARDS ***
dragon1893: raises $3 to $6
HARDGURU: calls $3
*** FLOP *** [2h 8s Jh]
HARDGURU: checks
dragon1893: bets $3
HARDGURU: calls $3
*** TURN *** [2h 8s Jh] [9d]
HARDGURU: checks
dragon1893: bets $6
HARDGURU: calls $6
*** RIVER *** [2h 8s Jh 9d] [4c]
HARDGURU: checks
dragon1893: checks
*** SHOW DOWN ***
HARDGURU: shows [7d 2s] (a pair of Deuces)
dragon1893: mucks hand
HARDGURU collected $29.50 from pot
*** SUMMARY ***
Total pot $30 | Rake $0.50
Board [2h 8s Jh 9d 4c]
Seat 1: HARDGURU (big blind) showed [7d 2s] and won ($29.50) with a pair of Deuces
Seat 2: dragon1893 (button) (small blind) mucked


PokerStars Hand #146743221756:  Hold'em Limit ($3/$6 USD) - 2016/01/09 11:34:08 ET
Table 'Geminid III' 2-max Seat #1 is the button
Seat 1: HARDGURU ($253.88 in chips)
Seat 2: dragon1893 ($200.48 in chips)
HARDGURU: posts small blind $1
dragon1893: posts big blind $3
*** HOLE CARDS ***
HARDGURU: raises $3 to $6
dragon1893: calls $3
*** FLOP *** [6d 2c Kc]
dragon1893: checks
HARDGURU: checks
*** TURN *** [6d 2c Kc] [8s]
dragon1893: bets $6
HARDGURU: calls $6
*** RIVER *** [6d 2c Kc 8s] [7h]
dragon1893: bets $6
HARDGURU: calls $6
*** SHOW DOWN ***
dragon1893: shows [Ts 7d] (a pair of Sevens)
HARDGURU: mucks hand
dragon1893 collected $35.50 from pot
*** SUMMARY ***
Total pot $36 | Rake $0.50
Board [6d 2c Kc 8s 7h]
Seat 1: HARDGURU (button) (small blind) mucked
Seat 2: dragon1893 (big blind) showed [Ts 7d] and won ($35.50) with a pair of Sevens


PokerStars Hand #146743194216:  Hold'em Limit ($3/$6 USD) - 2016/01/09 11:33:39 ET
Table 'Geminid III' 2-max Seat #1 is the button
Seat 1: HARDGURU ($240.38 in chips)
Seat 2: dragon1893 ($214.48 in chips)
HARDGURU: posts small blind $1
dragon1893: posts big blind $3
*** HOLE CARDS ***
HARDGURU: folds
Uncalled bet ($2) returned to dragon1893
dragon1893 collected $2 from pot
dragon1893: doesn't show hand
*** SUMMARY ***
Total pot $2 | Rake $0
Seat 1: HARDGURU (button) (small blind) folded before Flop
Seat 2: dragon1893 (big blind) collected ($2)


PokerStars Hand #146743184749:  Hold'em Limit ($3/$6 USD) - 2016/01/09 11:33:29 ET
Table 'Geminid III' 2-max Seat #2 is the button
Seat 1: HARDGURU ($246.38 in chips)
Seat 2: dragon1893 ($208.72 in chips)
dragon1893: posts small blind $1
HARDGURU: posts big blind $3
*** HOLE CARDS ***
dragon1893: raises $3 to $6
HARDGURU: calls $3
*** FLOP *** [7c Th As]
HARDGURU: checks
dragon1893: bets $3
HARDGURU: folds
Uncalled bet ($3) returned to dragon1893
dragon1893 collected $11.76 from pot
dragon1893: doesn't show hand
*** SUMMARY ***
Total pot $12 | Rake $0.24
Board [7c Th As]
Seat 1: HARDGURU (big blind) folded on the Flop
Seat 2: dragon1893 (button) (small blind) collected ($11.76)


PokerStars Hand #146743245286:  Hold'em Limit ($3/$6 USD) - 2016/01/09 11:34:33 ET
Table 'Geminid III' 2-max Seat #2 is the button
Seat 1: HARDGURU ($235.88 in chips)
Seat 2: dragon1893 ($217.98 in chips)
dragon1893: posts small blind $1
HARDGURU: posts big blind $3
*** HOLE CARDS ***
dragon1893: raises $3 to $6
HARDGURU: calls $3
*** FLOP *** [Td 9c Qd]
HARDGURU: checks
dragon1893: bets $3
HARDGURU: calls $3
*** TURN *** [Td 9c Qd] [5s]
HARDGURU: checks
dragon1893: bets $6
HARDGURU: calls $6
*** RIVER *** [Td 9c Qd 5s] [Jh]
HARDGURU: checks
dragon1893: checks
*** SHOW DOWN ***
HARDGURU: shows [Qh 4s] (a pair of Queens)
dragon1893: mucks hand
HARDGURU collected $29.50 from pot
*** SUMMARY ***
Total pot $30 | Rake $0.50
Board [Td 9c Qd 5s Jh]
Seat 1: HARDGURU (big blind) showed [Qh 4s] and won ($29.50) with a pair of Queens
Seat 2: dragon1893 (button) (small blind) mucked


PokerStars Hand #146743261487:  Hold'em Limit ($3/$6 USD) - 2016/01/09 11:34:50 ET
Table 'Geminid III' 2-max Seat #1 is the button
Seat 1: HARDGURU ($250.38 in chips)
Seat 2: dragon1893 ($202.98 in chips)
HARDGURU: posts small blind $1
dragon1893: posts big blind $3
*** HOLE CARDS ***
HARDGURU: calls $2
dragon1893: checks
*** FLOP *** [Jc Ks 7h]
dragon1893: checks
HARDGURU: bets $3
dragon1893: folds
Uncalled bet ($3) returned to HARDGURU
HARDGURU collected $5.88 from pot
HARDGURU: doesn't show hand
*** SUMMARY ***
Total pot $6 | Rake $0.12
Board [Jc Ks 7h]
Seat 1: HARDGURU (button) (small blind) collected ($5.88)
Seat 2: dragon1893 (big blind) folded on the Flop


PokerStars Hand #146743272841:  Hold'em Limit ($3/$6 USD) - 2016/01/09 11:35:02 ET
Table 'Geminid III' 2-max Seat #2 is the button
Seat 1: HARDGURU ($253.26 in chips)
Seat 2: dragon1893 ($199.98 in chips)
dragon1893: posts small blind $1
HARDGURU: posts big blind $3
*** HOLE CARDS ***
dragon1893: raises $3 to $6
HARDGURU: calls $3
*** FLOP *** [Jc 4s Jd]
HARDGURU: bets $3
dragon1893: raises $3 to $6
HARDGURU: folds
Uncalled bet ($3) returned to dragon1893
dragon1893 collected $17.64 from pot
dragon1893: doesn't show hand
*** SUMMARY ***
Total pot $18 | Rake $0.36
Board [Jc 4s Jd]
Seat 1: HARDGURU (big blind) folded on the Flop
Seat 2: dragon1893 (button) (small blind) collected ($17.64)


PokerStars Hand #146743287050:  Hold'em Limit ($3/$6 USD) - 2016/01/09 11:35:17 ET
Table 'Geminid III' 2-max Seat #1 is the button
Seat 1: HARDGURU ($244.26 in chips)
Seat 2: dragon1893 ($208.62 in chips)
HARDGURU: posts small blind $1
dragon1893: posts big blind $3
*** HOLE CARDS ***
HARDGURU: calls $2
dragon1893: raises $3 to $6
HARDGURU: calls $3
*** FLOP *** [6h 5s 8h]
dragon1893: bets $3
HARDGURU: calls $3
*** TURN *** [6h 5s 8h] [Js]
dragon1893: bets $6
HARDGURU: calls $6
*** RIVER *** [6h 5s 8h Js] [Qs]
dragon1893: bets $6
HARDGURU: calls $6
*** SHOW DOWN ***
dragon1893: shows [8c Kd] (a pair of Eights)
HARDGURU: mucks hand
dragon1893 collected $41.50 from pot
*** SUMMARY ***
Total pot $42 | Rake $0.50
Board [6h 5s 8h Js Qs]
Seat 1: HARDGURU (button) (small blind) mucked
Seat 2: dragon1893 (big blind) showed [8c Kd] and won ($41.50) with a pair of Eights


PokerStars Hand #146743303402:  Hold'em Limit ($3/$6 USD) - 2016/01/09 11:35:35 ET
Table 'Geminid III' 2-max Seat #2 is the button
Seat 1: HARDGURU ($223.26 in chips)
Seat 2: dragon1893 ($229.12 in chips)
dragon1893: posts small blind $1
HARDGURU: posts big blind $3
*** HOLE CARDS ***
dragon1893: raises $3 to $6
HARDGURU: calls $3
*** FLOP *** [4c 6h 7d]
HARDGURU: checks
dragon1893: bets $3
HARDGURU: calls $3
*** TURN *** [4c 6h 7d] [As]
HARDGURU: checks
dragon1893: bets $6
HARDGURU: folds
Uncalled bet ($6) returned to dragon1893
dragon1893 collected $17.64 from pot
dragon1893: doesn't show hand
*** SUMMARY ***
Total pot $18 | Rake $0.36
Board [4c 6h 7d As]
Seat 1: HARDGURU (big blind) folded on the Turn
Seat 2: dragon1893 (button) (small blind) collected ($17.64)


PokerStars Hand #146743319619:  Hold'em Limit ($3/$6 USD) - 2016/01/09 11:35:52 ET
Table 'Geminid III' 2-max Seat #1 is the button
Seat 1: HARDGURU ($214.26 in chips)
Seat 2: dragon1893 ($237.76 in chips)
HARDGURU: posts small blind $1
dragon1893: posts big blind $3
*** HOLE CARDS ***
HARDGURU: raises $3 to $6
dragon1893: calls $3
*** FLOP *** [3c Qd Kd]
dragon1893: checks
HARDGURU: checks
*** TURN *** [3c Qd Kd] [8d]
dragon1893: bets $6
HARDGURU: calls $6
*** RIVER *** [3c Qd Kd 8d] [2d]
dragon1893: bets $6
HARDGURU: calls $6
*** SHOW DOWN ***
dragon1893: shows [6c Ad] (a flush, Ace high)
HARDGURU: mucks hand
dragon1893 collected $35.50 from pot
*** SUMMARY ***
Total pot $36 | Rake $0.50
Board [3c Qd Kd 8d 2d]
Seat 1: HARDGURU (button) (small blind) mucked
Seat 2: dragon1893 (big blind) showed [6c Ad] and won ($35.50) with a flush, Ace high


PokerStars Hand #146743338178:  Hold'em Limit ($3/$6 USD) - 2016/01/09 11:36:11 ET
Table 'Geminid III' 2-max Seat #2 is the button
Seat 1: HARDGURU ($196.26 in chips)
Seat 2: dragon1893 ($255.26 in chips)
dragon1893: posts small blind $1
HARDGURU: posts big blind $3
*** HOLE CARDS ***
dragon1893: raises $3 to $6
HARDGURU: raises $3 to $9
dragon1893: calls $3
*** FLOP *** [Tc 7c 4s]
HARDGURU: bets $3
dragon1893: calls $3
*** TURN *** [Tc 7c 4s] [Ts]
HARDGURU: bets $6
dragon1893: raises $6 to $12
HARDGURU: calls $6
*** RIVER *** [Tc 7c 4s Ts] [2s]
HARDGURU: checks
dragon1893: bets $6
HARDGURU: calls $6
*** SHOW DOWN ***
dragon1893: shows [Js Th] (three of a kind, Tens)
HARDGURU: mucks hand
dragon1893 collected $59.50 from pot
*** SUMMARY ***
Total pot $60 | Rake $0.50
Board [Tc 7c 4s Ts 2s]
Seat 1: HARDGURU (big blind) mucked
Seat 2: dragon1893 (button) (small blind) showed [Js Th] and won ($59.50) with three of a kind, Tens


PokerStars Hand #146743355887:  Hold'em Limit ($3/$6 USD) - 2016/01/09 11:36:30 ET
Table 'Geminid III' 2-max Seat #1 is the button
Seat 1: HARDGURU ($166.26 in chips)
Seat 2: dragon1893 ($284.76 in chips)
HARDGURU: posts small blind $1
dragon1893: posts big blind $3
*** HOLE CARDS ***
HARDGURU: calls $2
dragon1893: checks
*** FLOP *** [6c 8s 9c]
dragon1893: checks
HARDGURU: bets $3
dragon1893: calls $3
*** TURN *** [6c 8s 9c] [As]
dragon1893: checks
HARDGURU: bets $6
dragon1893: calls $6
*** RIVER *** [6c 8s 9c As] [Kd]
dragon1893: checks
HARDGURU: checks
*** SHOW DOWN ***
dragon1893: shows [7s 2s] (high card Ace)
HARDGURU: shows [2d 9d] (a pair of Nines)
HARDGURU collected $23.52 from pot
*** SUMMARY ***
Total pot $24 | Rake $0.48
Board [6c 8s 9c As Kd]
Seat 1: HARDGURU (button) (small blind) showed [2d 9d] and won ($23.52) with a pair of Nines
Seat 2: dragon1893 (big blind) showed [7s 2s] and lost with high card Ace


PokerStars Hand #146743371694:  Hold'em Limit ($3/$6 USD) - 2016/01/09 11:36:46 ET
Table 'Geminid III' 2-max Seat #2 is the button
Seat 1: HARDGURU ($177.78 in chips)
Seat 2: dragon1893 ($272.76 in chips)
dragon1893: posts small blind $1
HARDGURU: posts big blind $3
*** HOLE CARDS ***
dragon1893: raises $3 to $6
HARDGURU: calls $3
*** FLOP *** [Ac 5s Ts]
HARDGURU: checks
dragon1893: bets $3
HARDGURU: calls $3
*** TURN *** [Ac 5s Ts] [Kc]
HARDGURU: checks
dragon1893: bets $6
HARDGURU: folds
Uncalled bet ($6) returned to dragon1893
dragon1893 collected $17.64 from pot
dragon1893: doesn't show hand
*** SUMMARY ***
Total pot $18 | Rake $0.36
Board [Ac 5s Ts Kc]
Seat 1: HARDGURU (big blind) folded on the Turn
Seat 2: dragon1893 (button) (small blind) collected ($17.64)


PokerStars Hand #146743393997:  Hold'em Limit ($3/$6 USD) - 2016/01/09 11:37:10 ET
Table 'Geminid III' 2-max Seat #1 is the button
Seat 1: HARDGURU ($168.78 in chips)
Seat 2: dragon1893 ($281.40 in chips)
HARDGURU: posts small blind $1
dragon1893: posts big blind $3
*** HOLE CARDS ***
HARDGURU: raises $3 to $6
dragon1893: calls $3
*** FLOP *** [3s 2c Jc]
dragon1893: checks
HARDGURU: checks
*** TURN *** [3s 2c Jc] [9s]
dragon1893: bets $6
HARDGURU: folds
Uncalled bet ($6) returned to dragon1893
dragon1893 collected $11.76 from pot
dragon1893: doesn't show hand
*** SUMMARY ***
Total pot $12 | Rake $0.24
Board [3s 2c Jc 9s]
Seat 1: HARDGURU (button) (small blind) folded on the Turn
Seat 2: dragon1893 (big blind) collected ($11.76)


PokerStars Hand #146743427366:  Hold'em Limit ($3/$6 USD) - 2016/01/09 11:37:46 ET
Table 'Geminid III' 2-max Seat #2 is the button
Seat 1: HARDGURU ($152.78 in chips)
Seat 2: dragon1893 ($296.80 in chips)
dragon1893: posts small blind $1
HARDGURU: posts big blind $3
*** HOLE CARDS ***
dragon1893: folds
Uncalled bet ($2) returned to HARDGURU
HARDGURU collected $2 from pot
*** SUMMARY ***
Total pot $2 | Rake $0
Seat 1: HARDGURU (big blind) collected ($2)
Seat 2: dragon1893 (button) (small blind) folded before Flop


PokerStars Hand #146743432606:  Hold'em Limit ($3/$6 USD) - 2016/01/09 11:37:51 ET
Table 'Geminid III' 2-max Seat #1 is the button
Seat 1: HARDGURU ($153.78 in chips)
Seat 2: dragon1893 ($295.80 in chips)
HARDGURU: posts small blind $1
dragon1893: posts big blind $3
*** HOLE CARDS ***
HARDGURU: raises $3 to $6
dragon1893: calls $3
*** FLOP *** [9h 4h 9c]
dragon1893: checks
HARDGURU: bets $3
dragon1893: raises $3 to $6
HARDGURU: calls $3
*** TURN *** [9h 4h 9c] [8s]
dragon1893: bets $6
HARDGURU: calls $6
*** RIVER *** [9h 4h 9c 8s] [Jc]
dragon1893: bets $6
HARDGURU: calls $6
*** SHOW DOWN ***
dragon1893: shows [8d 4c] (two pair, Nines and Eights)
HARDGURU: mucks hand
dragon1893 collected $47.50 from pot
*** SUMMARY ***
Total pot $48 | Rake $0.50
Board [9h 4h 9c 8s Jc]
Seat 1: HARDGURU (button) (small blind) mucked
Seat 2: dragon1893 (big blind) showed [8d 4c] and won ($47.50) with two pair, Nines and Eights


PokerStars Hand #146743455548:  Hold'em Limit ($3/$6 USD) - 2016/01/09 11:38:15 ET
Table 'Geminid III' 2-max Seat #2 is the button
Seat 1: HARDGURU ($129.78 in chips)
Seat 2: dragon1893 ($319.30 in chips)
dragon1893: posts small blind $1
HARDGURU: posts big blind $3
*** HOLE CARDS ***
dragon1893: raises $3 to $6
HARDGURU: folds
Uncalled bet ($3) returned to dragon1893
dragon1893 collected $6 from pot
dragon1893: doesn't show hand
*** SUMMARY ***
Total pot $6 | Rake $0
Seat 1: HARDGURU (big blind) folded before Flop
Seat 2: dragon1893 (button) (small blind) collected ($6)


PokerStars Hand #146743463128:  Hold'em Limit ($3/$6 USD) - 2016/01/09 11:38:23 ET
Table 'Geminid III' 2-max Seat #1 is the button
Seat 1: HARDGURU ($126.78 in chips)
Seat 2: dragon1893 ($322.30 in chips)
HARDGURU: posts small blind $1
dragon1893: posts big blind $3
*** HOLE CARDS ***
HARDGURU: raises $3 to $6
dragon1893: calls $3
*** FLOP *** [Tc 9h 4s]
dragon1893: checks
HARDGURU: checks
*** TURN *** [Tc 9h 4s] [Qs]
dragon1893: bets $6
HARDGURU: calls $6
*** RIVER *** [Tc 9h 4s Qs] [6h]
dragon1893: checks
HARDGURU: bets $6
dragon1893: folds
Uncalled bet ($6) returned to HARDGURU
HARDGURU collected $23.52 from pot
HARDGURU: doesn't show hand
*** SUMMARY ***
Total pot $24 | Rake $0.48
Board [Tc 9h 4s Qs 6h]
Seat 1: HARDGURU (button) (small blind) collected ($23.52)
Seat 2: dragon1893 (big blind) folded on the River


PokerStars Hand #146743422105:  Hold'em Limit ($3/$6 USD) - 2016/01/09 11:37:40 ET
Table 'Geminid III' 2-max Seat #1 is the button
Seat 1: HARDGURU ($153.78 in chips)
Seat 2: dragon1893 ($295.80 in chips)
HARDGURU: posts small blind $1
dragon1893: posts big blind $3
*** HOLE CARDS ***
HARDGURU: folds
Uncalled bet ($2) returned to dragon1893
dragon1893 collected $2 from pot
dragon1893: doesn't show hand
*** SUMMARY ***
Total pot $2 | Rake $0
Seat 1: HARDGURU (button) (small blind) folded before Flop
Seat 2: dragon1893 (big blind) collected ($2)


PokerStars Hand #146743407600:  Hold'em Limit ($3/$6 USD) - 2016/01/09 11:37:25 ET
Table 'Geminid III' 2-max Seat #2 is the button
Seat 1: HARDGURU ($162.78 in chips)
Seat 2: dragon1893 ($287.16 in chips)
dragon1893: posts small blind $1
HARDGURU: posts big blind $3
*** HOLE CARDS ***
dragon1893: raises $3 to $6
HARDGURU: calls $3
*** FLOP *** [As 3c 5s]
HARDGURU: checks
dragon1893: bets $3
HARDGURU: calls $3
*** TURN *** [As 3c 5s] [9s]
HARDGURU: checks
dragon1893: bets $6
HARDGURU: folds
Uncalled bet ($6) returned to dragon1893
dragon1893 collected $17.64 from pot
dragon1893: doesn't show hand
*** SUMMARY ***
Total pot $18 | Rake $0.36
Board [As 3c 5s 9s]
Seat 1: HARDGURU (big blind) folded on the Turn
Seat 2: dragon1893 (button) (small blind) collected ($17.64)


PokerStars Hand #146743514427:  Hold'em Limit ($3/$6 USD) - 2016/01/09 11:39:17 ET
Table 'Geminid III' 2-max Seat #2 is the button
Seat 1: HARDGURU ($105.30 in chips)
Seat 2: dragon1893 ($342.44 in chips)
dragon1893: posts small blind $1
HARDGURU: posts big blind $3
*** HOLE CARDS ***
dragon1893: raises $3 to $6
HARDGURU: calls $3
*** FLOP *** [Js 9d 5c]
HARDGURU: checks
dragon1893: bets $3
HARDGURU: calls $3
*** TURN *** [Js 9d 5c] [5s]
HARDGURU: checks
dragon1893: bets $6
HARDGURU: folds
Uncalled bet ($6) returned to dragon1893
dragon1893 collected $17.64 from pot
dragon1893: doesn't show hand
*** SUMMARY ***
Total pot $18 | Rake $0.36
Board [Js 9d 5c 5s]
Seat 1: HARDGURU (big blind) folded on the Turn
Seat 2: dragon1893 (button) (small blind) collected ($17.64)


PokerStars Hand #146743500128:  Hold'em Limit ($3/$6 USD) - 2016/01/09 11:39:02 ET
Table 'Geminid III' 2-max Seat #1 is the button
Seat 1: HARDGURU ($114.30 in chips)
Seat 2: dragon1893 ($333.80 in chips)
HARDGURU: posts small blind $1
dragon1893: posts big blind $3
*** HOLE CARDS ***
HARDGURU: raises $3 to $6
dragon1893: calls $3
*** FLOP *** [4s 7h 6s]
dragon1893: checks
HARDGURU: bets $3
dragon1893: calls $3
*** TURN *** [4s 7h 6s] [2s]
dragon1893: checks
HARDGURU: checks
*** RIVER *** [4s 7h 6s 2s] [5s]
dragon1893: bets $6
HARDGURU: folds
Uncalled bet ($6) returned to dragon1893
dragon1893 collected $17.64 from pot
dragon1893: doesn't show hand
*** SUMMARY ***
Total pot $18 | Rake $0.36
Board [4s 7h 6s 2s 5s]
Seat 1: HARDGURU (button) (small blind) folded on the River
Seat 2: dragon1893 (big blind) collected ($17.64)


PokerStars Hand #146743478619:  Hold'em Limit ($3/$6 USD) - 2016/01/09 11:38:40 ET
Table 'Geminid III' 2-max Seat #2 is the button
Seat 1: HARDGURU ($138.30 in chips)
Seat 2: dragon1893 ($310.30 in chips)
dragon1893: posts small blind $1
HARDGURU: posts big blind $3
*** HOLE CARDS ***
dragon1893: raises $3 to $6
HARDGURU: calls $3
*** FLOP *** [4s Kh Js]
HARDGURU: checks
dragon1893: bets $3
HARDGURU: raises $3 to $6
dragon1893: calls $3
*** TURN *** [4s Kh Js] [2d]
HARDGURU: checks
dragon1893: bets $6
HARDGURU: raises $6 to $12
dragon1893: calls $6
*** RIVER *** [4s Kh Js 2d] [3s]
HARDGURU: checks
dragon1893: bets $6
HARDGURU: folds
Uncalled bet ($6) returned to dragon1893
dragon1893 collected $47.50 from pot
dragon1893: doesn't show hand
*** SUMMARY ***
Total pot $48 | Rake $0.50
Board [4s Kh Js 2d 3s]
Seat 1: HARDGURU (big blind) folded on the River
Seat 2: dragon1893 (button) (small blind) collected ($47.50)


PokerStars Hand #146743577318:  Hold'em Limit ($3/$6 USD) - 2016/01/09 11:40:24 ET
Table 'Geminid III' 2-max Seat #1 is the button
Seat 1: HARDGURU ($98.70 in chips)
Seat 2: dragon1893 ($347.72 in chips)
HARDGURU: posts small blind $1
dragon1893: posts big blind $3
*** HOLE CARDS ***
HARDGURU: calls $2
dragon1893: checks
*** FLOP *** [5c 7d 7c]
dragon1893: checks
HARDGURU: checks
*** TURN *** [5c 7d 7c] [3h]
dragon1893: bets $6
HARDGURU: folds
Uncalled bet ($6) returned to dragon1893
dragon1893 collected $5.88 from pot
dragon1893: doesn't show hand
*** SUMMARY ***
Total pot $6 | Rake $0.12
Board [5c 7d 7c 3h]
Seat 1: HARDGURU (button) (small blind) folded on the Turn
Seat 2: dragon1893 (big blind) collected ($5.88)


PokerStars Hand #146743571343:  Hold'em Limit ($3/$6 USD) - 2016/01/09 11:40:17 ET
Table 'Geminid III' 2-max Seat #2 is the button
Seat 1: HARDGURU ($101.70 in chips)
Seat 2: dragon1893 ($344.72 in chips)
dragon1893: posts small blind $1
HARDGURU: posts big blind $3
*** HOLE CARDS ***
dragon1893: raises $3 to $6
HARDGURU: folds
Uncalled bet ($3) returned to dragon1893
dragon1893 collected $6 from pot
dragon1893: doesn't show hand
*** SUMMARY ***
Total pot $6 | Rake $0
Seat 1: HARDGURU (big blind) folded before Flop
Seat 2: dragon1893 (button) (small blind) collected ($6)


PokerStars Hand #146743561247:  Hold'em Limit ($3/$6 USD) - 2016/01/09 11:40:07 ET
Table 'Geminid III' 2-max Seat #1 is the button
Seat 1: HARDGURU ($98.82 in chips)
Seat 2: dragon1893 ($347.72 in chips)
HARDGURU: posts small blind $1
dragon1893: posts big blind $3
*** HOLE CARDS ***
HARDGURU: calls $2
dragon1893: checks
*** FLOP *** [4c 7d Tc]
dragon1893: checks
HARDGURU: bets $3
dragon1893: folds
Uncalled bet ($3) returned to HARDGURU
HARDGURU collected $5.88 from pot
*** SUMMARY ***
Total pot $6 | Rake $0.12
Board [4c 7d Tc]
Seat 1: HARDGURU (button) (small blind) collected ($5.88)
Seat 2: dragon1893 (big blind) folded on the Flop


PokerStars Hand #146743542779:  Hold'em Limit ($3/$6 USD) - 2016/01/09 11:39:47 ET
Table 'Geminid III' 2-max Seat #2 is the button
Seat 1: HARDGURU ($107.82 in chips)
Seat 2: dragon1893 ($339.08 in chips)
dragon1893: posts small blind $1
HARDGURU: posts big blind $3
*** HOLE CARDS ***
dragon1893: raises $3 to $6
HARDGURU: calls $3
*** FLOP *** [5c 7s 2c]
HARDGURU: checks
dragon1893: bets $3
HARDGURU: calls $3
*** TURN *** [5c 7s 2c] [5d]
HARDGURU: checks
dragon1893: bets $6
HARDGURU: folds
Uncalled bet ($6) returned to dragon1893
dragon1893 collected $17.64 from pot
dragon1893: doesn't show hand
*** SUMMARY ***
Total pot $18 | Rake $0.36
Board [5c 7s 2c 5d]
Seat 1: HARDGURU (big blind) folded on the Turn
Seat 2: dragon1893 (button) (small blind) collected ($17.64)


PokerStars Hand #146743526539:  Hold'em Limit ($3/$6 USD) - 2016/01/09 11:39:30 ET
Table 'Geminid III' 2-max Seat #1 is the button
Seat 1: HARDGURU ($96.30 in chips)
Seat 2: dragon1893 ($351.08 in chips)
HARDGURU: posts small blind $1
dragon1893: posts big blind $3
*** HOLE CARDS ***
HARDGURU: raises $3 to $6
dragon1893: calls $3
*** FLOP *** [As Td 6d]
dragon1893: checks
HARDGURU: checks
*** TURN *** [As Td 6d] [7c]
dragon1893: checks
HARDGURU: bets $6
dragon1893: calls $6
*** RIVER *** [As Td 6d 7c] [5d]
dragon1893: checks
HARDGURU: checks
*** SHOW DOWN ***
dragon1893: shows [Jd 8c] (high card Ace)
HARDGURU: shows [9s Jh] (high card Ace - Jack+Ten+Nine kicker)
HARDGURU collected $23.52 from pot
*** SUMMARY ***
Total pot $24 | Rake $0.48
Board [As Td 6d 7c 5d]
Seat 1: HARDGURU (button) (small blind) showed [9s Jh] and won ($23.52) with high card Ace
Seat 2: dragon1893 (big blind) showed [Jd 8c] and lost with high card Ace


PokerStars Hand #146743632527:  Hold'em Limit ($3/$6 USD) - 2016/01/09 11:41:22 ET
Table 'Geminid III' 2-max Seat #1 is the button
Seat 1: HARDGURU ($92.20 in chips)
Seat 2: dragon1893 ($352.98 in chips)
HARDGURU: posts small blind $1
dragon1893: posts big blind $3
*** HOLE CARDS ***
HARDGURU: raises $3 to $6
dragon1893: calls $3
*** FLOP *** [3c Kh Kd]
dragon1893: checks
HARDGURU: bets $3
dragon1893: calls $3
*** TURN *** [3c Kh Kd] [Qc]
dragon1893: checks
HARDGURU: checks
*** RIVER *** [3c Kh Kd Qc] [4d]
dragon1893: bets $6
HARDGURU: folds
Uncalled bet ($6) returned to dragon1893
dragon1893 collected $17.64 from pot
dragon1893: doesn't show hand
*** SUMMARY ***
Total pot $18 | Rake $0.36
Board [3c Kh Kd Qc 4d]
Seat 1: HARDGURU (button) (small blind) folded on the River
Seat 2: dragon1893 (big blind) collected ($17.64)


PokerStars Hand #146743618482:  Hold'em Limit ($3/$6 USD) - 2016/01/09 11:41:07 ET
Table 'Geminid III' 2-max Seat #2 is the button
Seat 1: HARDGURU ($77.70 in chips)
Seat 2: dragon1893 ($367.98 in chips)
dragon1893: posts small blind $1
HARDGURU: posts big blind $3
*** HOLE CARDS ***
dragon1893: raises $3 to $6
HARDGURU: calls $3
*** FLOP *** [Tc 7c Th]
HARDGURU: checks
dragon1893: bets $3
HARDGURU: calls $3
*** TURN *** [Tc 7c Th] [2h]
HARDGURU: checks
dragon1893: bets $6
HARDGURU: calls $6
*** RIVER *** [Tc 7c Th 2h] [9h]
HARDGURU: checks
dragon1893: checks
*** SHOW DOWN ***
HARDGURU: shows [Ts 2c] (a full house, Tens full of Deuces)
dragon1893: mucks hand
HARDGURU collected $29.50 from pot
*** SUMMARY ***
Total pot $30 | Rake $0.50
Board [Tc 7c Th 2h 9h]
Seat 1: HARDGURU (big blind) showed [Ts 2c] and won ($29.50) with a full house, Tens full of Deuces
Seat 2: dragon1893 (button) (small blind) mucked


PokerStars Hand #146743607835:  Hold'em Limit ($3/$6 USD) - 2016/01/09 11:40:56 ET
Table 'Geminid III' 2-max Seat #1 is the button
Seat 1: HARDGURU ($80.70 in chips)
Seat 2: dragon1893 ($365.10 in chips)
HARDGURU: posts small blind $1
dragon1893: posts big blind $3
*** HOLE CARDS ***
HARDGURU: calls $2
dragon1893: checks
*** FLOP *** [Jc Kc Qc]
dragon1893: checks
HARDGURU: checks
*** TURN *** [Jc Kc Qc] [Js]
dragon1893: bets $6
HARDGURU: folds
Uncalled bet ($6) returned to dragon1893
dragon1893 collected $5.88 from pot
dragon1893: doesn't show hand
*** SUMMARY ***
Total pot $6 | Rake $0.12
Board [Jc Kc Qc Js]
Seat 1: HARDGURU (button) (small blind) folded on the Turn
Seat 2: dragon1893 (big blind) collected ($5.88)


PokerStars Hand #146743589554:  Hold'em Limit ($3/$6 USD) - 2016/01/09 11:40:37 ET
Table 'Geminid III' 2-max Seat #2 is the button
Seat 1: HARDGURU ($95.70 in chips)
Seat 2: dragon1893 ($350.60 in chips)
dragon1893: posts small blind $1
HARDGURU: posts big blind $3
*** HOLE CARDS ***
dragon1893: raises $3 to $6
HARDGURU: calls $3
*** FLOP *** [5c 7s Jc]
HARDGURU: checks
dragon1893: bets $3
HARDGURU: calls $3
*** TURN *** [5c 7s Jc] [3c]
HARDGURU: checks
dragon1893: bets $6
HARDGURU: calls $6
*** RIVER *** [5c 7s Jc 3c] [4d]
HARDGURU: checks
dragon1893: bets $6
HARDGURU: folds
Uncalled bet ($6) returned to dragon1893
dragon1893 collected $29.50 from pot
dragon1893: doesn't show hand
*** SUMMARY ***
Total pot $30 | Rake $0.50
Board [5c 7s Jc 3c 4d]
Seat 1: HARDGURU (big blind) folded on the River
Seat 2: dragon1893 (button) (small blind) collected ($29.50)


PokerStars Hand #146743683274:  Hold'em Limit ($3/$6 USD) - 2016/01/09 11:42:16 ET
Table 'Geminid III' 2-max Seat #2 is the button
Seat 1: HARDGURU ($100.46 in chips)
Seat 2: dragon1893 ($343.38 in chips)
dragon1893: posts small blind $1
HARDGURU: posts big blind $3
*** HOLE CARDS ***
dragon1893: raises $3 to $6
HARDGURU: calls $3
*** FLOP *** [2c 9h 2d]
HARDGURU: checks
dragon1893: bets $3
HARDGURU: calls $3
*** TURN *** [2c 9h 2d] [Ad]
HARDGURU: checks
dragon1893: bets $6
HARDGURU: folds
Uncalled bet ($6) returned to dragon1893
dragon1893 collected $17.64 from pot
dragon1893: doesn't show hand
*** SUMMARY ***
Total pot $18 | Rake $0.36
Board [2c 9h 2d Ad]
Seat 1: HARDGURU (big blind) folded on the Turn
Seat 2: dragon1893 (button) (small blind) collected ($17.64)


PokerStars Hand #146743674229:  Hold'em Limit ($3/$6 USD) - 2016/01/09 11:42:07 ET
Table 'Geminid III' 2-max Seat #1 is the button
Seat 1: HARDGURU ($94.70 in chips)
Seat 2: dragon1893 ($349.38 in chips)
HARDGURU: posts small blind $1
dragon1893: posts big blind $3
*** HOLE CARDS ***
HARDGURU: raises $3 to $6
dragon1893: calls $3
*** FLOP *** [Ah Qc 6d]
dragon1893: checks
HARDGURU: bets $3
dragon1893: folds
Uncalled bet ($3) returned to HARDGURU
HARDGURU collected $11.76 from pot
HARDGURU: doesn't show hand
*** SUMMARY ***
Total pot $12 | Rake $0.24
Board [Ah Qc 6d]
Seat 1: HARDGURU (button) (small blind) collected ($11.76)
Seat 2: dragon1893 (big blind) folded on the Flop


PokerStars Hand #146743668840:  Hold'em Limit ($3/$6 USD) - 2016/01/09 11:42:01 ET
Table 'Geminid III' 2-max Seat #2 is the button
Seat 1: HARDGURU ($97.70 in chips)
Seat 2: dragon1893 ($346.38 in chips)
dragon1893: posts small blind $1
HARDGURU: posts big blind $3
*** HOLE CARDS ***
dragon1893: raises $3 to $6
HARDGURU: folds
Uncalled bet ($3) returned to dragon1893
dragon1893 collected $6 from pot
dragon1893: doesn't show hand
*** SUMMARY ***
Total pot $6 | Rake $0
Seat 1: HARDGURU (big blind) folded before Flop
Seat 2: dragon1893 (button) (small blind) collected ($6)


PokerStars Hand #146743654106:  Hold'em Limit ($3/$6 USD) - 2016/01/09 11:41:45 ET
Table 'Geminid III' 2-max Seat #1 is the button
Seat 1: HARDGURU ($77.20 in chips)
Seat 2: dragon1893 ($367.38 in chips)
HARDGURU: posts small blind $1
dragon1893: posts big blind $3
*** HOLE CARDS ***
HARDGURU: calls $2
dragon1893: raises $3 to $6
HARDGURU: calls $3
*** FLOP *** [6d 8d As]
dragon1893: bets $3
HARDGURU: calls $3
*** TURN *** [6d 8d As] [Td]
dragon1893: bets $6
HARDGURU: calls $6
*** RIVER *** [6d 8d As Td] [8h]
dragon1893: bets $6
HARDGURU: calls $6
*** SHOW DOWN ***
dragon1893: shows [9s Qs] (a pair of Eights)
HARDGURU: shows [Js 6h] (two pair, Eights and Sixes)
HARDGURU collected $41.50 from pot
*** SUMMARY ***
Total pot $42 | Rake $0.50
Board [6d 8d As Td 8h]
Seat 1: HARDGURU (button) (small blind) showed [Js 6h] and won ($41.50) with two pair, Eights and Sixes
Seat 2: dragon1893 (big blind) showed [9s Qs] and lost with a pair of Eights


PokerStars Hand #146743645153:  Hold'em Limit ($3/$6 USD) - 2016/01/09 11:41:36 ET
Table 'Geminid III' 2-max Seat #2 is the button
Seat 1: HARDGURU ($83.20 in chips)
Seat 2: dragon1893 ($361.62 in chips)
dragon1893: posts small blind $1
HARDGURU: posts big blind $3
*** HOLE CARDS ***
dragon1893: raises $3 to $6
HARDGURU: calls $3
*** FLOP *** [8h 5c 4d]
HARDGURU: checks
dragon1893: bets $3
HARDGURU: folds
Uncalled bet ($3) returned to dragon1893
dragon1893 collected $11.76 from pot
dragon1893: doesn't show hand
*** SUMMARY ***
Total pot $12 | Rake $0.24
Board [8h 5c 4d]
Seat 1: HARDGURU (big blind) folded on the Flop
Seat 2: dragon1893 (button) (small blind) collected ($11.76)


PokerStars Hand #146743740092:  Hold'em Limit ($3/$6 USD) - 2016/01/09 11:43:17 ET
Table 'Geminid III' 2-max Seat #1 is the button
Seat 1: HARDGURU ($55.46 in chips)
Seat 2: dragon1893 ($387.02 in chips)
HARDGURU: posts small blind $1
dragon1893: posts big blind $3
*** HOLE CARDS ***
HARDGURU: raises $3 to $6
dragon1893: calls $3
*** FLOP *** [Qc 2d 6c]
dragon1893: checks
HARDGURU: bets $3
dragon1893: calls $3
*** TURN *** [Qc 2d 6c] [2s]
dragon1893: checks
HARDGURU: bets $6
dragon1893: folds
Uncalled bet ($6) returned to HARDGURU
HARDGURU collected $17.64 from pot
HARDGURU: doesn't show hand
*** SUMMARY ***
Total pot $18 | Rake $0.36
Board [Qc 2d 6c 2s]
Seat 1: HARDGURU (button) (small blind) collected ($17.64)
Seat 2: dragon1893 (big blind) folded on the Turn


PokerStars Hand #146743715764:  Hold'em Limit ($3/$6 USD) - 2016/01/09 11:42:51 ET
Table 'Geminid III' 2-max Seat #2 is the button
Seat 1: HARDGURU ($76.46 in chips)
Seat 2: dragon1893 ($366.52 in chips)
dragon1893: posts small blind $1
HARDGURU: posts big blind $3
*** HOLE CARDS ***
dragon1893: raises $3 to $6
HARDGURU: calls $3
*** FLOP *** [5s 8s 9d]
HARDGURU: checks
dragon1893: bets $3
HARDGURU: calls $3
*** TURN *** [5s 8s 9d] [4d]
HARDGURU: checks
dragon1893: bets $6
HARDGURU: calls $6
*** RIVER *** [5s 8s 9d 4d] [8h]
HARDGURU: checks
dragon1893: bets $6
HARDGURU: calls $6
*** SHOW DOWN ***
dragon1893: shows [6d 9c] (two pair, Nines and Eights)
HARDGURU: mucks hand
dragon1893 collected $41.50 from pot
*** SUMMARY ***
Total pot $42 | Rake $0.50
Board [5s 8s 9d 4d 8h]
Seat 1: HARDGURU (big blind) mucked
Seat 2: dragon1893 (button) (small blind) showed [6d 9c] and won ($41.50) with two pair, Nines and Eights


PokerStars Hand #146743701229:  Hold'em Limit ($3/$6 USD) - 2016/01/09 11:42:35 ET
Table 'Geminid III' 2-max Seat #1 is the button
Seat 1: HARDGURU ($91.46 in chips)
Seat 2: dragon1893 ($352.02 in chips)
HARDGURU: posts small blind $1
dragon1893: posts big blind $3
*** HOLE CARDS ***
HARDGURU: calls $2
dragon1893: raises $3 to $6
HARDGURU: calls $3
*** FLOP *** [9d Kh Td]
dragon1893: bets $3
HARDGURU: calls $3
*** TURN *** [9d Kh Td] [2c]
dragon1893: bets $6
HARDGURU: calls $6
*** RIVER *** [9d Kh Td 2c] [2d]
dragon1893: bets $6
HARDGURU: folds
Uncalled bet ($6) returned to dragon1893
dragon1893 collected $29.50 from pot
dragon1893: doesn't show hand
*** SUMMARY ***
Total pot $30 | Rake $0.50
Board [9d Kh Td 2c 2d]
Seat 1: HARDGURU (button) (small blind) folded on the River
Seat 2: dragon1893 (big blind) collected ($29.50)


PokerStars Hand #146743784958:  Hold'em Limit ($3/$6 USD) - 2016/01/09 11:44:04 ET
Table 'Geminid III' 2-max Seat #2 is the button
Seat 1: HARDGURU ($69.60 in chips)
Seat 2: dragon1893 ($371.66 in chips)
dragon1893: posts small blind $1
HARDGURU: posts big blind $3
*** HOLE CARDS ***
dragon1893: raises $3 to $6
HARDGURU: calls $3
*** FLOP *** [Td 8c 3c]
HARDGURU: checks
dragon1893: bets $3
HARDGURU: calls $3
*** TURN *** [Td 8c 3c] [4d]
HARDGURU: checks
dragon1893: bets $6
HARDGURU: calls $6
*** RIVER *** [Td 8c 3c 4d] [5s]
HARDGURU: bets $6
dragon1893: raises $6 to $12
HARDGURU: calls $6
*** SHOW DOWN ***
dragon1893: shows [2c Ah] (a straight, Ace to Five)
HARDGURU: mucks hand
dragon1893 collected $53.50 from pot
*** SUMMARY ***
Total pot $54 | Rake $0.50
Board [Td 8c 3c 4d 5s]
Seat 1: HARDGURU (big blind) mucked
Seat 2: dragon1893 (button) (small blind) showed [2c Ah] and won ($53.50) with a straight, Ace to Five


PokerStars Hand #146743771050:  Hold'em Limit ($3/$6 USD) - 2016/01/09 11:43:49 ET
Table 'Geminid III' 2-max Seat #1 is the button
Seat 1: HARDGURU ($78.60 in chips)
Seat 2: dragon1893 ($363.02 in chips)
HARDGURU: posts small blind $1
dragon1893: posts big blind $3
*** HOLE CARDS ***
HARDGURU: raises $3 to $6
dragon1893: calls $3
*** FLOP *** [Jc 4h 5h]
dragon1893: checks
HARDGURU: bets $3
dragon1893: calls $3
*** TURN *** [Jc 4h 5h] [6c]
dragon1893: checks
HARDGURU: checks
*** RIVER *** [Jc 4h 5h 6c] [Th]
dragon1893: bets $6
HARDGURU: folds
Uncalled bet ($6) returned to dragon1893
dragon1893 collected $17.64 from pot
dragon1893: doesn't show hand
*** SUMMARY ***
Total pot $18 | Rake $0.36
Board [Jc 4h 5h 6c Th]
Seat 1: HARDGURU (button) (small blind) folded on the River
Seat 2: dragon1893 (big blind) collected ($17.64)


PokerStars Hand #146743753271:  Hold'em Limit ($3/$6 USD) - 2016/01/09 11:43:30 ET
Table 'Geminid III' 2-max Seat #2 is the button
Seat 1: HARDGURU ($64.10 in chips)
Seat 2: dragon1893 ($378.02 in chips)
dragon1893: posts small blind $1
HARDGURU: posts big blind $3
*** HOLE CARDS ***
dragon1893: raises $3 to $6
HARDGURU: calls $3
*** FLOP *** [2d Ac 5h]
HARDGURU: checks
dragon1893: bets $3
HARDGURU: calls $3
*** TURN *** [2d Ac 5h] [Jh]
HARDGURU: checks
dragon1893: bets $6
HARDGURU: calls $6
*** RIVER *** [2d Ac 5h Jh] [7c]
HARDGURU: checks
dragon1893: checks
*** SHOW DOWN ***
HARDGURU: shows [Js Ad] (two pair, Aces and Jacks)
dragon1893: mucks hand
HARDGURU collected $29.50 from pot
*** SUMMARY ***
Total pot $30 | Rake $0.50
Board [2d Ac 5h Jh 7c]
Seat 1: HARDGURU (big blind) showed [Js Ad] and won ($29.50) with two pair, Aces and Jacks
Seat 2: dragon1893 (button) (small blind) mucked


PokerStars Hand #146743856736:  Hold'em Limit ($3/$6 USD) - 2016/01/09 11:45:21 ET
Table 'Geminid III' 2-max Seat #1 is the button
Seat 1: HARDGURU ($27.36 in chips)
Seat 2: dragon1893 ($412.66 in chips)
HARDGURU: posts small blind $1
dragon1893: posts big blind $3
*** HOLE CARDS ***
HARDGURU: folds
Uncalled bet ($2) returned to dragon1893
dragon1893 collected $2 from pot
dragon1893: doesn't show hand
HARDGURU leaves the table
*** SUMMARY ***
Total pot $2 | Rake $0
Seat 1: HARDGURU (button) (small blind) folded before Flop
Seat 2: dragon1893 (big blind) collected ($2)


PokerStars Hand #146743820723:  Hold'em Limit ($3/$6 USD) - 2016/01/09 11:44:42 ET
Table 'Geminid III' 2-max Seat #2 is the button
Seat 1: HARDGURU ($48.36 in chips)
Seat 2: dragon1893 ($392.16 in chips)
dragon1893: posts small blind $1
HARDGURU: posts big blind $3
*** HOLE CARDS ***
dragon1893: raises $3 to $6
HARDGURU: calls $3
*** FLOP *** [Kh 7d Qc]
HARDGURU: checks
dragon1893: bets $3
HARDGURU: calls $3
*** TURN *** [Kh 7d Qc] [4d]
HARDGURU: checks
dragon1893: bets $6
HARDGURU: calls $6
*** RIVER *** [Kh 7d Qc 4d] [5c]
HARDGURU: checks
dragon1893: bets $6
HARDGURU: calls $6
*** SHOW DOWN ***
dragon1893: shows [4h 4c] (three of a kind, Fours)
HARDGURU: mucks hand
dragon1893 collected $41.50 from pot
*** SUMMARY ***
Total pot $42 | Rake $0.50
Board [Kh 7d Qc 4d 5c]
Seat 1: HARDGURU (big blind) mucked
Seat 2: dragon1893 (button) (small blind) showed [4h 4c] and won ($41.50) with three of a kind, Fours


PokerStars Hand #146743808436:  Hold'em Limit ($3/$6 USD) - 2016/01/09 11:44:30 ET
Table 'Geminid III' 2-max Seat #1 is the button
Seat 1: HARDGURU ($42.60 in chips)
Seat 2: dragon1893 ($398.16 in chips)
HARDGURU: posts small blind $1
dragon1893: posts big blind $3
*** HOLE CARDS ***
HARDGURU: raises $3 to $6
dragon1893: calls $3
*** FLOP *** [3s 9c Th]
dragon1893: checks
HARDGURU: bets $3
dragon1893: folds
Uncalled bet ($3) returned to HARDGURU
HARDGURU collected $11.76 from pot
*** SUMMARY ***
Total pot $12 | Rake $0.24
Board [3s 9c Th]
Seat 1: HARDGURU (button) (small blind) collected ($11.76)
Seat 2: dragon1893 (big blind) folded on the Flop


