PokerStars Hand #153638038135:  Hold'em Limit ($3/$6 USD) - 2016/05/21 12:45:01 ET
Table 'Geminid' 10-max Seat #6 is the button
Seat 6: Agrotait ($72 in chips)
Seat 9: Diogo mania ($30 in chips)
Agrotait: posts small blind $1
Diogo mania: posts big blind $3
*** HOLE CARDS ***
Agrotait: raises $3 to $6
Diogo mania: calls $3
*** FLOP *** [Jh 6s 4h]
Diogo mania: checks
vestimokrec joins the table at seat #10
Agrotait: bets $3
Diogo mania: calls $3
*** TURN *** [Jh 6s 4h] [3c]
Diogo mania: bets $6
Agrotait: calls $6
*** RIVER *** [Jh 6s 4h 3c] [4s]
Diogo mania: bets $6
Agrotait: calls $6
*** SHOW DOWN ***
Diogo mania: shows [8s 9c] (a pair of Fours)
Agrotait: shows [As 5s] (a pair of Fours - Ace kicker)
Agrotait collected $41.50 from pot
*** SUMMARY ***
Total pot $42 | Rake $0.50
Board [Jh 6s 4h 3c 4s]
Seat 6: Agrotait (button) (small blind) showed [As 5s] and won ($41.50) with a pair of Fours
Seat 9: Diogo mania (big blind) showed [8s 9c] and lost with a pair of Fours


PokerStars Hand #153638071363:  Hold'em Limit ($3/$6 USD) - 2016/05/21 12:45:46 ET
Table 'Geminid' 10-max Seat #9 is the button
Seat 6: Agrotait ($92.50 in chips)
Seat 9: Diogo mania ($9 in chips)
Diogo mania: posts small blind $1
Agrotait: posts big blind $3
*** HOLE CARDS ***
Diogo mania: raises $3 to $6
Agrotait: calls $3
*** FLOP *** [9c 2c 7c]
Agrotait: checks
Diogo mania: bets $3 and is all-in
Agrotait: folds
Uncalled bet ($3) returned to Diogo mania
Diogo mania collected $11.76 from pot
Diogo mania: doesn't show hand
*** SUMMARY ***
Total pot $12 | Rake $0.24
Board [9c 2c 7c]
Seat 6: Agrotait (big blind) folded on the Flop
Seat 9: Diogo mania (button) (small blind) collected ($11.76)


PokerStars Hand #153638125312:  Hold'em Limit ($3/$6 USD) - 2016/05/21 12:47:01 ET
Table 'Geminid' 10-max Seat #6 is the button
Seat 6: Agrotait ($86.50 in chips)
Seat 9: Diogo mania ($98.76 in chips)
Agrotait: posts small blind $1
Diogo mania: posts big blind $3
*** HOLE CARDS ***
Agrotait: raises $3 to $6
Diogo mania: calls $3
*** FLOP *** [4d Th 4s]
Diogo mania: checks
Agrotait: bets $3
Diogo mania: calls $3
*** TURN *** [4d Th 4s] [5d]
Diogo mania: checks
Agrotait: bets $6
Diogo mania: calls $6
*** RIVER *** [4d Th 4s 5d] [9s]
Diogo mania: checks
Agrotait: bets $6
Diogo mania: calls $6
*** SHOW DOWN ***
Agrotait: shows [Tc 6d] (two pair, Tens and Fours)
Diogo mania: mucks hand
Agrotait collected $41.50 from pot
*** SUMMARY ***
Total pot $42 | Rake $0.50
Board [4d Th 4s 5d 9s]
Seat 6: Agrotait (button) (small blind) showed [Tc 6d] and won ($41.50) with two pair, Tens and Fours
Seat 9: Diogo mania (big blind) mucked


PokerStars Hand #153638323373:  Hold'em Limit ($3/$6 USD) - 2016/05/21 12:51:23 ET
Table 'Geminid' 10-max Seat #9 is the button
Seat 9: Diogo mania ($70.50 in chips)
Seat 10: vestimokrec ($148.62 in chips)
Diogo mania: posts small blind $1
vestimokrec: posts big blind $3
*** HOLE CARDS ***
Diogo mania: folds
Uncalled bet ($2) returned to vestimokrec
vestimokrec collected $2 from pot
vestimokrec: doesn't show hand
*** SUMMARY ***
Total pot $2 | Rake $0
Seat 9: Diogo mania (button) (small blind) folded before Flop
Seat 10: vestimokrec (big blind) collected ($2)


PokerStars Hand #153638289354:  Hold'em Limit ($3/$6 USD) - 2016/05/21 12:50:38 ET
Table 'Geminid' 10-max Seat #10 is the button
Seat 9: Diogo mania ($82.50 in chips)
Seat 10: vestimokrec ($137.10 in chips)
vestimokrec: posts small blind $1
Agrotait: is sitting out
Diogo mania: posts big blind $3
*** HOLE CARDS ***
vestimokrec: raises $3 to $6
Diogo mania: calls $3
*** FLOP *** [6h 8c Jc]
Agrotait leaves the table
Diogo mania: checks
vestimokrec: checks
*** TURN *** [6h 8c Jc] [Js]
Diogo mania: checks
vestimokrec: bets $6
Diogo mania: calls $6
*** RIVER *** [6h 8c Jc Js] [Th]
Diogo mania: checks
vestimokrec: checks
*** SHOW DOWN ***
Diogo mania: shows [4d 5d] (a pair of Jacks)
vestimokrec: shows [2s Kh] (a pair of Jacks - King kicker)
vestimokrec collected $23.52 from pot
*** SUMMARY ***
Total pot $24 | Rake $0.48
Board [6h 8c Jc Js Th]
Seat 9: Diogo mania (big blind) showed [4d 5d] and lost with a pair of Jacks
Seat 10: vestimokrec (button) (small blind) showed [2s Kh] and won ($23.52) with a pair of Jacks


