PokerStars Hand #173349977371:  Hold'em Limit ($3/$6 USD) - 2017/07/22 4:53:34 ET
Table 'Gemini II' 6-max Seat #4 is the button
Seat 2: andrey0709 ($98 in chips)
Seat 4: VolkovDmitri ($141.26 in chips)
VolkovDmitri: posts small blind $1
andrey0709: posts big blind $3
*** HOLE CARDS ***
VolkovDmitri: raises $3 to $6
andrey0709: folds
Uncalled bet ($3) returned to VolkovDmitri
VolkovDmitri collected $6 from pot
VolkovDmitri: doesn't show hand
*** SUMMARY ***
Total pot $6 | Rake $0
Seat 2: andrey0709 (big blind) folded before Flop
Seat 4: VolkovDmitri (button) (small blind) collected ($6)


PokerStars Hand #173349960994:  Hold'em Limit ($3/$6 USD) - 2017/07/22 4:52:44 ET
Table 'Gemini II' 6-max Seat #2 is the button
Seat 2: andrey0709 ($120 in chips)
Seat 4: VolkovDmitri ($120 in chips)
andrey0709: posts small blind $1
VolkovDmitri: posts big blind $3
*** HOLE CARDS ***
andrey0709: raises $3 to $6
VolkovDmitri: calls $3
*** FLOP *** [Kd 3d As]
VolkovDmitri: checks
andrey0709: checks
*** TURN *** [Kd 3d As] [Qc]
VolkovDmitri: checks
andrey0709: checks
*** RIVER *** [Kd 3d As Qc] [5h]
VolkovDmitri: checks
andrey0709: checks
*** SHOW DOWN ***
VolkovDmitri: shows [Jc 4h] (high card Ace)
andrey0709: mucks hand
VolkovDmitri collected $11.76 from pot
*** SUMMARY ***
Total pot $12 | Rake $0.24
Board [Kd 3d As Qc 5h]
Seat 2: andrey0709 (button) (small blind) mucked
Seat 4: VolkovDmitri (big blind) showed [Jc 4h] and won ($11.76) with high card Ace


PokerStars Hand #173349975831:  Hold'em Limit ($3/$6 USD) - 2017/07/22 4:53:29 ET
Table 'Gemini II' 6-max Seat #2 is the button
Seat 2: andrey0709 ($99 in chips)
Seat 4: VolkovDmitri ($140.26 in chips)
andrey0709: posts small blind $1
VolkovDmitri: posts big blind $3
*** HOLE CARDS ***
andrey0709: folds
Uncalled bet ($2) returned to VolkovDmitri
VolkovDmitri collected $2 from pot
VolkovDmitri: doesn't show hand
*** SUMMARY ***
Total pot $2 | Rake $0
Seat 2: andrey0709 (button) (small blind) folded before Flop
Seat 4: VolkovDmitri (big blind) collected ($2)


PokerStars Hand #173349968064:  Hold'em Limit ($3/$6 USD) - 2017/07/22 4:53:06 ET
Table 'Gemini II' 6-max Seat #4 is the button
Seat 2: andrey0709 ($114 in chips)
Seat 4: VolkovDmitri ($125.76 in chips)
VolkovDmitri: posts small blind $1
andrey0709: posts big blind $3
*** HOLE CARDS ***
VolkovDmitri: raises $3 to $6
andrey0709: calls $3
*** FLOP *** [7d 8h 6s]
andrey0709: checks
VolkovDmitri: bets $3
andrey0709: calls $3
*** TURN *** [7d 8h 6s] [5c]
andrey0709: checks
VolkovDmitri: bets $6
andrey0709: calls $6
*** RIVER *** [7d 8h 6s 5c] [Kh]
andrey0709: checks
VolkovDmitri: checks
*** SHOW DOWN ***
andrey0709: shows [Td Qh] (high card King)
VolkovDmitri: shows [7c Jh] (a pair of Sevens)
VolkovDmitri collected $29.50 from pot
*** SUMMARY ***
Total pot $30 | Rake $0.50
Board [7d 8h 6s 5c Kh]
Seat 2: andrey0709 (big blind) showed [Td Qh] and lost with high card King
Seat 4: VolkovDmitri (button) (small blind) showed [7c Jh] and won ($29.50) with a pair of Sevens


PokerStars Hand #173349979414:  Hold'em Limit ($3/$6 USD) - 2017/07/22 4:53:39 ET
Table 'Gemini II' 6-max Seat #2 is the button
Seat 2: andrey0709 ($95 in chips)
Seat 4: VolkovDmitri ($144.26 in chips)
andrey0709: posts small blind $1
VolkovDmitri: posts big blind $3
*** HOLE CARDS ***
andrey0709: raises $3 to $6
VolkovDmitri: calls $3
*** FLOP *** [7d Jh As]
VolkovDmitri: checks
andrey0709: bets $3
VolkovDmitri: calls $3
*** TURN *** [7d Jh As] [Qh]
VolkovDmitri: checks
andrey0709: bets $6
VolkovDmitri: calls $6
*** RIVER *** [7d Jh As Qh] [Tc]
VolkovDmitri: checks
andrey0709: bets $6
VolkovDmitri: folds
Uncalled bet ($6) returned to andrey0709
andrey0709 collected $29.50 from pot
andrey0709: doesn't show hand
*** SUMMARY ***
Total pot $30 | Rake $0.50
Board [7d Jh As Qh Tc]
Seat 2: andrey0709 (button) (small blind) collected ($29.50)
Seat 4: VolkovDmitri (big blind) folded on the River


PokerStars Hand #173350007734:  Hold'em Limit ($3/$6 USD) - 2017/07/22 4:55:04 ET
Table 'Gemini II' 6-max Seat #2 is the button
Seat 2: andrey0709 ($124 in chips)
Seat 4: VolkovDmitri ($120 in chips)
andrey0709: posts small blind $1
VolkovDmitri: posts big blind $3
*** HOLE CARDS ***
andrey0709: raises $3 to $6
VolkovDmitri: calls $3
*** FLOP *** [Qs 9d 4h]
VolkovDmitri: checks
andrey0709: bets $3
VolkovDmitri: raises $3 to $6
andrey0709: calls $3
*** TURN *** [Qs 9d 4h] [Th]
VolkovDmitri: bets $6
andrey0709: calls $6
*** RIVER *** [Qs 9d 4h Th] [2d]
VolkovDmitri: bets $6
andrey0709: calls $6
*** SHOW DOWN ***
VolkovDmitri: shows [6d 9h] (a pair of Nines)
andrey0709: shows [As Qc] (a pair of Queens)
andrey0709 collected $47.50 from pot
*** SUMMARY ***
Total pot $48 | Rake $0.50
Board [Qs 9d 4h Th 2d]
Seat 2: andrey0709 (button) (small blind) showed [As Qc] and won ($47.50) with a pair of Queens
Seat 4: VolkovDmitri (big blind) showed [6d 9h] and lost with a pair of Nines


PokerStars Hand #173350011902:  Hold'em Limit ($3/$6 USD) - 2017/07/22 4:55:18 ET
Table 'Gemini II' 6-max Seat #4 is the button
Seat 2: andrey0709 ($147.50 in chips)
Seat 4: VolkovDmitri ($120 in chips)
VolkovDmitri: posts small blind $1
andrey0709: posts big blind $3
*** HOLE CARDS ***
VolkovDmitri: raises $3 to $6
andrey0709: raises $3 to $9
VolkovDmitri: raises $3 to $12
Betting is capped
andrey0709: calls $3
*** FLOP *** [9h 5s 9c]
andrey0709: bets $3
VolkovDmitri: calls $3
*** TURN *** [9h 5s 9c] [Qs]
andrey0709: bets $6
VolkovDmitri: calls $6
*** RIVER *** [9h 5s 9c Qs] [6h]
andrey0709: bets $6
VolkovDmitri: calls $6
*** SHOW DOWN ***
andrey0709: shows [As Ah] (two pair, Aces and Nines)
VolkovDmitri: mucks hand
andrey0709 collected $53.50 from pot
*** SUMMARY ***
Total pot $54 | Rake $0.50
Board [9h 5s 9c Qs 6h]
Seat 2: andrey0709 (big blind) showed [As Ah] and won ($53.50) with two pair, Aces and Nines
Seat 4: VolkovDmitri (button) (small blind) mucked


PokerStars Hand #173349998118:  Hold'em Limit ($3/$6 USD) - 2017/07/22 4:54:35 ET
Table 'Gemini II' 6-max Seat #4 is the button
Seat 2: andrey0709 ($109.50 in chips)
Seat 4: VolkovDmitri ($129.26 in chips)
VolkovDmitri: posts small blind $1
andrey0709: posts big blind $3
*** HOLE CARDS ***
VolkovDmitri: raises $3 to $6
andrey0709: calls $3
*** FLOP *** [3s 6c Jd]
andrey0709: checks
VolkovDmitri: bets $3
andrey0709: calls $3
*** TURN *** [3s 6c Jd] [Jc]
andrey0709: checks
VolkovDmitri: bets $6
andrey0709: raises $6 to $12
VolkovDmitri: folds
Uncalled bet ($6) returned to andrey0709
andrey0709 collected $29.50 from pot
andrey0709: doesn't show hand
*** SUMMARY ***
Total pot $30 | Rake $0.50
Board [3s 6c Jd Jc]
Seat 2: andrey0709 (big blind) collected ($29.50)
Seat 4: VolkovDmitri (button) (small blind) folded on the Turn


