PokerStars Hand #147640495422:  Hold'em Limit ($3/$6 USD) - 2016/01/25 4:40:02 ET
Table 'Gemma' 6-max Seat #1 is the button
Seat 1: tomhradil112 ($60 in chips)
Seat 2: kolaz03 ($72 in chips)
tomhradil112: posts small blind $1
kolaz03: posts big blind $3
*** HOLE CARDS ***
tomhradil112: folds
Uncalled bet ($2) returned to kolaz03
kolaz03 collected $2 from pot
kolaz03: doesn't show hand
*** SUMMARY ***
Total pot $2 | Rake $0
Seat 1: tomhradil112 (button) (small blind) folded before Flop
Seat 2: kolaz03 (big blind) collected ($2)


PokerStars Hand #147640511137:  Hold'em Limit ($3/$6 USD) - 2016/01/25 4:40:41 ET
Table 'Gemma' 6-max Seat #1 is the button
Seat 1: tomhradil112 ($44 in chips)
Seat 2: kolaz03 ($87.50 in chips)
tomhradil112: posts small blind $1
kolaz03: posts big blind $3
*** HOLE CARDS ***
tomhradil112: raises $3 to $6
kolaz03: folds
Uncalled bet ($3) returned to tomhradil112
tomhradil112 collected $6 from pot
tomhradil112: doesn't show hand
*** SUMMARY ***
Total pot $6 | Rake $0
Seat 1: tomhradil112 (button) (small blind) collected ($6)
Seat 2: kolaz03 (big blind) folded before Flop


PokerStars Hand #147640497977:  Hold'em Limit ($3/$6 USD) - 2016/01/25 4:40:09 ET
Table 'Gemma' 6-max Seat #2 is the button
Seat 1: tomhradil112 ($59 in chips)
Seat 2: kolaz03 ($73 in chips)
kolaz03: posts small blind $1
tomhradil112: posts big blind $3
*** HOLE CARDS ***
kolaz03: raises $3 to $6
tomhradil112: calls $3
*** FLOP *** [Js 3h 4c]
tomhradil112: checks
kolaz03: bets $3
tomhradil112: calls $3
*** TURN *** [Js 3h 4c] [9c]
tomhradil112: checks
kolaz03: bets $6
tomhradil112: calls $6
*** RIVER *** [Js 3h 4c 9c] [Tc]
tomhradil112: checks
kolaz03: bets $6
tomhradil112: folds
Uncalled bet ($6) returned to kolaz03
kolaz03 collected $29.50 from pot
kolaz03: doesn't show hand
tomhradil112 said, "lol"
*** SUMMARY ***
Total pot $30 | Rake $0.50
Board [Js 3h 4c 9c Tc]
Seat 1: tomhradil112 (big blind) folded on the River
Seat 2: kolaz03 (button) (small blind) collected ($29.50)


PokerStars Hand #147640514020:  Hold'em Limit ($3/$6 USD) - 2016/01/25 4:40:48 ET
Table 'Gemma' 6-max Seat #2 is the button
Seat 1: tomhradil112 ($47 in chips)
Seat 2: kolaz03 ($84.50 in chips)
kolaz03: posts small blind $1
tomhradil112: posts big blind $3
*** HOLE CARDS ***
kolaz03: raises $3 to $6
tomhradil112: folds
Uncalled bet ($3) returned to kolaz03
kolaz03 collected $6 from pot
kolaz03: doesn't show hand
*** SUMMARY ***
Total pot $6 | Rake $0
Seat 1: tomhradil112 (big blind) folded before Flop
Seat 2: kolaz03 (button) (small blind) collected ($6)


PokerStars Hand #147640516959:  Hold'em Limit ($3/$6 USD) - 2016/01/25 4:40:55 ET
Table 'Gemma' 6-max Seat #1 is the button
Seat 1: tomhradil112 ($44 in chips)
Seat 2: kolaz03 ($87.50 in chips)
tomhradil112: posts small blind $1
kolaz03: posts big blind $3
*** HOLE CARDS ***
tomhradil112: raises $3 to $6
kolaz03: calls $3
*** FLOP *** [Qs Td 8c]
kolaz03: checks
tomhradil112: bets $3
kolaz03: calls $3
*** TURN *** [Qs Td 8c] [9s]
Leblanc1 joins the table at seat #5
kolaz03: checks
tomhradil112: checks
*** RIVER *** [Qs Td 8c 9s] [Kd]
kolaz03: checks
tomhradil112: checks
*** SHOW DOWN ***
kolaz03: shows [Qh 6h] (a pair of Queens)
tomhradil112: mucks hand
kolaz03 collected $17.64 from pot
*** SUMMARY ***
Total pot $18 | Rake $0.36
Board [Qs Td 8c 9s Kd]
Seat 1: tomhradil112 (button) (small blind) mucked
Seat 2: kolaz03 (big blind) showed [Qh 6h] and won ($17.64) with a pair of Queens


PokerStars Hand #147641409424:  Hold'em Limit ($3/$6 USD) - 2016/01/25 5:15:24 ET
Table 'Gemma' 6-max Seat #4 is the button
Seat 4: DJ69WILD1 ($45 in chips)
Seat 6: Chessnok ($79.89 in chips)
DJ69WILD1: posts small blind $1
Chessnok: posts big blind $3
*** HOLE CARDS ***
DJ69WILD1: raises $3 to $6
Chessnok: folds
Uncalled bet ($3) returned to DJ69WILD1
DJ69WILD1 collected $6 from pot
DJ69WILD1: doesn't show hand
*** SUMMARY ***
Total pot $6 | Rake $0
Seat 4: DJ69WILD1 (button) (small blind) collected ($6)
Seat 6: Chessnok (big blind) folded before Flop


PokerStars Hand #147641395027:  Hold'em Limit ($3/$6 USD) - 2016/01/25 5:14:53 ET
Table 'Gemma' 6-max Seat #6 is the button
Seat 4: DJ69WILD1 ($48 in chips)
Seat 6: Chessnok ($76.89 in chips)
Chessnok: posts small blind $1
DJ69WILD1: posts big blind $3
*** HOLE CARDS ***
Chessnok: raises $3 to $6
DJ69WILD1: folds
Uncalled bet ($3) returned to Chessnok
Chessnok collected $6 from pot
Chessnok: doesn't show hand
*** SUMMARY ***
Total pot $6 | Rake $0
Seat 4: DJ69WILD1 (big blind) folded before Flop
Seat 6: Chessnok (button) (small blind) collected ($6)


PokerStars Hand #147641407118:  Hold'em Limit ($3/$6 USD) - 2016/01/25 5:15:19 ET
Table 'Gemma' 6-max Seat #6 is the button
Seat 4: DJ69WILD1 ($44 in chips)
Seat 6: Chessnok ($80.89 in chips)
Chessnok: posts small blind $1
DJ69WILD1: posts big blind $3
*** HOLE CARDS ***
Chessnok: folds
Uncalled bet ($2) returned to DJ69WILD1
DJ69WILD1 collected $2 from pot
DJ69WILD1: doesn't show hand
*** SUMMARY ***
Total pot $2 | Rake $0
Seat 4: DJ69WILD1 (big blind) collected ($2)
Seat 6: Chessnok (button) (small blind) folded before Flop


PokerStars Hand #147641401809:  Hold'em Limit ($3/$6 USD) - 2016/01/25 5:15:07 ET
Table 'Gemma' 6-max Seat #4 is the button
Seat 4: DJ69WILD1 ($45 in chips)
Seat 6: Chessnok ($79.89 in chips)
DJ69WILD1: posts small blind $1
Chessnok: posts big blind $3
*** HOLE CARDS ***
DJ69WILD1: folds
Uncalled bet ($2) returned to Chessnok
Chessnok collected $2 from pot
Chessnok: doesn't show hand
*** SUMMARY ***
Total pot $2 | Rake $0
Seat 4: DJ69WILD1 (button) (small blind) folded before Flop
Seat 6: Chessnok (big blind) collected ($2)


PokerStars Hand #147642426200:  Hold'em Limit ($3/$6 USD) - 2016/01/25 5:51:02 ET
Table 'Gemma' 6-max Seat #1 is the button
Seat 1: tazo50 ($184.58 in chips)
Seat 6: Chessnok ($66.10 in chips)
tazo50: posts small blind $1
Chessnok: posts big blind $3
*** HOLE CARDS ***
tazo50: folds
Uncalled bet ($2) returned to Chessnok
tomhradil112 leaves the table
Chessnok collected $2 from pot
Chessnok: doesn't show hand
*** SUMMARY ***
Total pot $2 | Rake $0
Seat 1: tazo50 (button) (small blind) folded before Flop
Seat 6: Chessnok (big blind) collected ($2)


PokerStars Hand #147642429277:  Hold'em Limit ($3/$6 USD) - 2016/01/25 5:51:08 ET
Table 'Gemma' 6-max Seat #6 is the button
Seat 1: tazo50 ($183.58 in chips)
Seat 6: Chessnok ($67.10 in chips)
Chessnok: posts small blind $1
tazo50: posts big blind $3
*** HOLE CARDS ***
Chessnok: raises $3 to $6
tazo50: calls $3
*** FLOP *** [4h 5s 7h]
tazo50: checks
Chessnok: bets $3
kulinichvm joins the table at seat #3
tazo50: folds
Uncalled bet ($3) returned to Chessnok
Chessnok collected $11.76 from pot
Chessnok: doesn't show hand
*** SUMMARY ***
Total pot $12 | Rake $0.24
Board [4h 5s 7h]
Seat 1: tazo50 (big blind) folded on the Flop
Seat 6: Chessnok (button) (small blind) collected ($11.76)


PokerStars Hand #147643834435:  Hold'em Limit ($3/$6 USD) - 2016/01/25 6:37:26 ET
Table 'Gemma' 6-max Seat #2 is the button
Seat 2: pogi74 ($254.16 in chips)
Seat 6: Chessnok ($81.92 in chips)
pogi74: posts small blind $1
fishstylz: is sitting out
Chessnok: posts big blind $3
*** HOLE CARDS ***
pogi74: raises $3 to $6
Chessnok: raises $3 to $9
pogi74: calls $3
*** FLOP *** [Ks 5s 2s]
Chessnok: bets $3
pogi74: calls $3
*** TURN *** [Ks 5s 2s] [2h]
Chessnok: checks
pogi74: checks
*** RIVER *** [Ks 5s 2s 2h] [Kd]
fishstylz leaves the table
Chessnok: bets $6
pogi74: calls $6
*** SHOW DOWN ***
Chessnok: shows [7h Ad] (two pair, Kings and Deuces)
pogi74: mucks hand
Chessnok collected $35.50 from pot
*** SUMMARY ***
Total pot $36 | Rake $0.50
Board [Ks 5s 2s 2h Kd]
Seat 2: pogi74 (button) (small blind) mucked
Seat 6: Chessnok (big blind) showed [7h Ad] and won ($35.50) with two pair, Kings and Deuces


