PokerStars Hand #158397261874:  Hold'em Limit ($3/$6 USD) - 2016/09/09 20:45:39 ET
Table 'Gemma' 6-max Seat #3 is the button
Seat 1: Velbor107 ($308.64 in chips)
Seat 3: libaikang ($137 in chips)
libaikang: posts small blind $1
Velbor107: posts big blind $3
*** HOLE CARDS ***
RaisemyNut$ joins the table at seat #4
libaikang: raises $3 to $6
Velbor107: folds
Uncalled bet ($3) returned to libaikang
libaikang collected $6 from pot
libaikang: doesn't show hand
*** SUMMARY ***
Total pot $6 | Rake $0
Seat 1: Velbor107 (big blind) folded before Flop
Seat 3: libaikang (button) (small blind) collected ($6)


PokerStars Hand #158397289334:  Hold'em Limit ($3/$6 USD) - 2016/09/09 20:46:38 ET
Table 'Gemma' 6-max Seat #4 is the button
Seat 3: libaikang ($98 in chips)
Seat 4: RaisemyNut$ ($131.52 in chips)
RaisemyNut$: posts small blind $1
libaikang: posts big blind $3
*** HOLE CARDS ***
RaisemyNut$: raises $3 to $6
libaikang: folds
Uncalled bet ($3) returned to RaisemyNut$
RaisemyNut$ collected $6 from pot
RaisemyNut$: doesn't show hand
*** SUMMARY ***
Total pot $6 | Rake $0
Seat 3: libaikang (big blind) folded before Flop
Seat 4: RaisemyNut$ (button) (small blind) collected ($6)


PokerStars Hand #158397279540:  Hold'em Limit ($3/$6 USD) - 2016/09/09 20:46:17 ET
Table 'Gemma' 6-max Seat #3 is the button
Seat 3: libaikang ($110 in chips)
Seat 4: RaisemyNut$ ($120 in chips)
libaikang: posts small blind $1
RaisemyNut$: posts big blind $3
*** HOLE CARDS ***
libaikang: raises $3 to $6
RaisemyNut$: calls $3
*** FLOP *** [Tc 4c Jc]
Velbor107 leaves the table
RaisemyNut$: checks
libaikang: bets $3
RaisemyNut$: raises $3 to $6
libaikang: calls $3
*** TURN *** [Tc 4c Jc] [3s]
RaisemyNut$: bets $6
libaikang: folds
Uncalled bet ($6) returned to RaisemyNut$
RaisemyNut$ collected $23.52 from pot
RaisemyNut$: doesn't show hand
*** SUMMARY ***
Total pot $24 | Rake $0.48
Board [Tc 4c Jc 3s]
Seat 3: libaikang (button) (small blind) folded on the Turn
Seat 4: RaisemyNut$ (big blind) collected ($23.52)


PokerStars Hand #158397298942:  Hold'em Limit ($3/$6 USD) - 2016/09/09 20:46:58 ET
Table 'Gemma' 6-max Seat #4 is the button
Seat 3: libaikang ($100.76 in chips)
Seat 4: RaisemyNut$ ($128.52 in chips)
RaisemyNut$: posts small blind $1
libaikang: posts big blind $3
*** HOLE CARDS ***
RaisemyNut$: raises $3 to $6
libaikang: calls $3
*** FLOP *** [Kd Jc 2d]
libaikang: checks
RaisemyNut$: bets $3
libaikang: folds
Uncalled bet ($3) returned to RaisemyNut$
RaisemyNut$ collected $11.76 from pot
RaisemyNut$: doesn't show hand
*** SUMMARY ***
Total pot $12 | Rake $0.24
Board [Kd Jc 2d]
Seat 3: libaikang (big blind) folded on the Flop
Seat 4: RaisemyNut$ (button) (small blind) collected ($11.76)


PokerStars Hand #158397304574:  Hold'em Limit ($3/$6 USD) - 2016/09/09 20:47:11 ET
Table 'Gemma' 6-max Seat #3 is the button
Seat 3: libaikang ($94.76 in chips)
Seat 4: RaisemyNut$ ($134.28 in chips)
libaikang: posts small blind $1
RaisemyNut$: posts big blind $3
*** HOLE CARDS ***
libaikang: raises $3 to $6
RaisemyNut$: calls $3
*** FLOP *** [2d As 5c]
RaisemyNut$: checks
libaikang: bets $3
RaisemyNut$: folds
Uncalled bet ($3) returned to libaikang
libaikang collected $11.76 from pot
libaikang: doesn't show hand
*** SUMMARY ***
Total pot $12 | Rake $0.24
Board [2d As 5c]
Seat 3: libaikang (button) (small blind) collected ($11.76)
Seat 4: RaisemyNut$ (big blind) folded on the Flop


PokerStars Hand #158397292162:  Hold'em Limit ($3/$6 USD) - 2016/09/09 20:46:44 ET
Table 'Gemma' 6-max Seat #3 is the button
Seat 3: libaikang ($95 in chips)
Seat 4: RaisemyNut$ ($134.52 in chips)
libaikang: posts small blind $1
RaisemyNut$: posts big blind $3
*** HOLE CARDS ***
libaikang: raises $3 to $6
RaisemyNut$: calls $3
*** FLOP *** [4c 9c Qs]
RaisemyNut$: checks
libaikang: checks
*** TURN *** [4c 9c Qs] [3s]
RaisemyNut$: checks
libaikang: bets $6
RaisemyNut$: folds
Uncalled bet ($6) returned to libaikang
libaikang collected $11.76 from pot
libaikang: doesn't show hand
*** SUMMARY ***
Total pot $12 | Rake $0.24
Board [4c 9c Qs 3s]
Seat 3: libaikang (button) (small blind) collected ($11.76)
Seat 4: RaisemyNut$ (big blind) folded on the Turn


PokerStars Hand #158397327112:  Hold'em Limit ($3/$6 USD) - 2016/09/09 20:47:59 ET
Table 'Gemma' 6-max Seat #4 is the button
Seat 3: libaikang ($135.54 in chips)
Seat 4: RaisemyNut$ ($92.28 in chips)
RaisemyNut$: posts small blind $1
libaikang: posts big blind $3
*** HOLE CARDS ***
RaisemyNut$: raises $3 to $6
libaikang: calls $3
*** FLOP *** [Th 9h 4c]
libaikang: checks
RaisemyNut$: bets $3
libaikang: calls $3
*** TURN *** [Th 9h 4c] [2h]
libaikang: bets $6
RaisemyNut$: calls $6
*** RIVER *** [Th 9h 4c 2h] [Ks]
libaikang: bets $6
RaisemyNut$: calls $6
*** SHOW DOWN ***
libaikang: shows [As 8d] (high card Ace)
RaisemyNut$: shows [9c 5h] (a pair of Nines)
RaisemyNut$ collected $41.50 from pot
*** SUMMARY ***
Total pot $42 | Rake $0.50
Board [Th 9h 4c 2h Ks]
Seat 3: libaikang (big blind) showed [As 8d] and lost with high card Ace
Seat 4: RaisemyNut$ (button) (small blind) showed [9c 5h] and won ($41.50) with a pair of Nines


PokerStars Hand #158397318652:  Hold'em Limit ($3/$6 USD) - 2016/09/09 20:47:41 ET
Table 'Gemma' 6-max Seat #3 is the button
Seat 3: libaikang ($124.02 in chips)
Seat 4: RaisemyNut$ ($104.28 in chips)
libaikang: posts small blind $1
RaisemyNut$: posts big blind $3
*** HOLE CARDS ***
libaikang: calls $2
RaisemyNut$: raises $3 to $6
libaikang: raises $3 to $9
RaisemyNut$: calls $3
*** FLOP *** [Th 6s 9c]
RaisemyNut$: checks
libaikang: bets $3
RaisemyNut$: calls $3
*** TURN *** [Th 6s 9c] [5d]
RaisemyNut$: checks
libaikang: bets $6
RaisemyNut$: folds
Uncalled bet ($6) returned to libaikang
libaikang collected $23.52 from pot
libaikang: doesn't show hand
*** SUMMARY ***
Total pot $24 | Rake $0.48
Board [Th 6s 9c 5d]
Seat 3: libaikang (button) (small blind) collected ($23.52)
Seat 4: RaisemyNut$ (big blind) folded on the Turn


PokerStars Hand #158397309315:  Hold'em Limit ($3/$6 USD) - 2016/09/09 20:47:21 ET
Table 'Gemma' 6-max Seat #4 is the button
Seat 3: libaikang ($100.52 in chips)
Seat 4: RaisemyNut$ ($128.28 in chips)
RaisemyNut$: posts small blind $1
libaikang: posts big blind $3
*** HOLE CARDS ***
RaisemyNut$: raises $3 to $6
libaikang: raises $3 to $9
RaisemyNut$: calls $3
*** FLOP *** [Kc 5d 4c]
libaikang: bets $3
RaisemyNut$: calls $3
*** TURN *** [Kc 5d 4c] [9c]
libaikang: bets $6
RaisemyNut$: raises $6 to $12
libaikang: calls $6
*** RIVER *** [Kc 5d 4c 9c] [9h]
libaikang: bets $6
RaisemyNut$: folds
Uncalled bet ($6) returned to libaikang
libaikang collected $47.50 from pot
libaikang: doesn't show hand
*** SUMMARY ***
Total pot $48 | Rake $0.50
Board [Kc 5d 4c 9c 9h]
Seat 3: libaikang (big blind) collected ($47.50)
Seat 4: RaisemyNut$ (button) (small blind) folded on the River


PokerStars Hand #158397347570:  Hold'em Limit ($3/$6 USD) - 2016/09/09 20:48:44 ET
Table 'Gemma' 6-max Seat #4 is the button
Seat 3: libaikang ($93.54 in chips)
Seat 4: RaisemyNut$ ($133.28 in chips)
RaisemyNut$: posts small blind $1
libaikang: posts big blind $3
*** HOLE CARDS ***
RaisemyNut$: raises $3 to $6
libaikang: raises $3 to $9
RaisemyNut$: raises $3 to $12
Betting is capped
libaikang: calls $3
*** FLOP *** [Qc Qh 5d]
libaikang: checks
RaisemyNut$: bets $3
libaikang: raises $3 to $6
RaisemyNut$: calls $3
*** TURN *** [Qc Qh 5d] [6s]
libaikang: checks
RaisemyNut$: checks
*** RIVER *** [Qc Qh 5d 6s] [9h]
libaikang: bets $6
RaisemyNut$: raises $6 to $12
libaikang: calls $6
*** SHOW DOWN ***
RaisemyNut$: shows [9d Ad] (two pair, Queens and Nines)
libaikang: shows [Td Th] (two pair, Queens and Tens)
libaikang collected $59.50 from pot
*** SUMMARY ***
Total pot $60 | Rake $0.50
Board [Qc Qh 5d 6s 9h]
Seat 3: libaikang (big blind) showed [Td Th] and won ($59.50) with two pair, Queens and Tens
Seat 4: RaisemyNut$ (button) (small blind) showed [9d Ad] and lost with two pair, Queens and Nines


PokerStars Hand #158397336374:  Hold'em Limit ($3/$6 USD) - 2016/09/09 20:48:19 ET
Table 'Gemma' 6-max Seat #3 is the button
Seat 3: libaikang ($114.54 in chips)
Seat 4: RaisemyNut$ ($112.78 in chips)
libaikang: posts small blind $1
RaisemyNut$: posts big blind $3
*** HOLE CARDS ***
libaikang: raises $3 to $6
RaisemyNut$: raises $3 to $9
libaikang: raises $3 to $12
Betting is capped
RaisemyNut$: calls $3
*** FLOP *** [4s 7d Ks]
RaisemyNut$: checks
libaikang: bets $3
RaisemyNut$: calls $3
*** TURN *** [4s 7d Ks] [5d]
RaisemyNut$: checks
libaikang: bets $6
RaisemyNut$: calls $6
*** RIVER *** [4s 7d Ks 5d] [Qh]
RaisemyNut$: checks
libaikang: checks
*** SHOW DOWN ***
RaisemyNut$: shows [As Jd] (high card Ace)
libaikang: mucks hand
RaisemyNut$ collected $41.50 from pot
*** SUMMARY ***
Total pot $42 | Rake $0.50
Board [4s 7d Ks 5d Qh]
Seat 3: libaikang (button) (small blind) mucked
Seat 4: RaisemyNut$ (big blind) showed [As Jd] and won ($41.50) with high card Ace


PokerStars Hand #158397357400:  Hold'em Limit ($3/$6 USD) - 2016/09/09 20:49:05 ET
Table 'Gemma' 6-max Seat #3 is the button
Seat 3: libaikang ($123.04 in chips)
Seat 4: RaisemyNut$ ($103.28 in chips)
libaikang: posts small blind $1
RaisemyNut$: posts big blind $3
*** HOLE CARDS ***
libaikang: raises $3 to $6
RaisemyNut$: raises $3 to $9
libaikang: calls $3
*** FLOP *** [4d 8s 8h]
RaisemyNut$: bets $3
libaikang: calls $3
*** TURN *** [4d 8s 8h] [3h]
RaisemyNut$: bets $6
libaikang: calls $6
*** RIVER *** [4d 8s 8h 3h] [Kd]
RaisemyNut$: bets $6
libaikang: calls $6
*** SHOW DOWN ***
RaisemyNut$: shows [Jd Js] (two pair, Jacks and Eights)
libaikang: mucks hand
RaisemyNut$ collected $47.50 from pot
*** SUMMARY ***
Total pot $48 | Rake $0.50
Board [4d 8s 8h 3h Kd]
Seat 3: libaikang (button) (small blind) mucked
Seat 4: RaisemyNut$ (big blind) showed [Jd Js] and won ($47.50) with two pair, Jacks and Eights


PokerStars Hand #158397383760:  Hold'em Limit ($3/$6 USD) - 2016/09/09 20:50:03 ET
Table 'Gemma' 6-max Seat #4 is the button
Seat 3: libaikang ($133.54 in chips)
Seat 4: RaisemyNut$ ($91.78 in chips)
RaisemyNut$: posts small blind $1
libaikang: posts big blind $3
*** HOLE CARDS ***
RaisemyNut$: raises $3 to $6
libaikang: folds
Uncalled bet ($3) returned to RaisemyNut$
RaisemyNut$ collected $6 from pot
RaisemyNut$: doesn't show hand
*** SUMMARY ***
Total pot $6 | Rake $0
Seat 3: libaikang (big blind) folded before Flop
Seat 4: RaisemyNut$ (button) (small blind) collected ($6)


PokerStars Hand #158397381272:  Hold'em Limit ($3/$6 USD) - 2016/09/09 20:49:58 ET
Table 'Gemma' 6-max Seat #3 is the button
Seat 3: libaikang ($134.54 in chips)
Seat 4: RaisemyNut$ ($90.78 in chips)
libaikang: posts small blind $1
RaisemyNut$: posts big blind $3
*** HOLE CARDS ***
libaikang: folds
Uncalled bet ($2) returned to RaisemyNut$
RaisemyNut$ collected $2 from pot
RaisemyNut$: doesn't show hand
*** SUMMARY ***
Total pot $2 | Rake $0
Seat 3: libaikang (button) (small blind) folded before Flop
Seat 4: RaisemyNut$ (big blind) collected ($2)


PokerStars Hand #158397371099:  Hold'em Limit ($3/$6 USD) - 2016/09/09 20:49:36 ET
Table 'Gemma' 6-max Seat #4 is the button
Seat 3: libaikang ($99.04 in chips)
Seat 4: RaisemyNut$ ($126.78 in chips)
RaisemyNut$: posts small blind $1
libaikang: posts big blind $3
*** HOLE CARDS ***
RaisemyNut$: raises $3 to $6
libaikang: raises $3 to $9
RaisemyNut$: calls $3
*** FLOP *** [Th Jd 7s]
libaikang: bets $3
RaisemyNut$: calls $3
*** TURN *** [Th Jd 7s] [5s]
libaikang: bets $6
RaisemyNut$: raises $6 to $12
libaikang: raises $6 to $18
RaisemyNut$: calls $6
*** RIVER *** [Th Jd 7s 5s] [Qh]
libaikang: bets $6
RaisemyNut$: calls $6
*** SHOW DOWN ***
libaikang: shows [8c 9d] (a straight, Eight to Queen)
RaisemyNut$: mucks hand
libaikang collected $71.50 from pot
*** SUMMARY ***
Total pot $72 | Rake $0.50
Board [Th Jd 7s 5s Qh]
Seat 3: libaikang (big blind) showed [8c 9d] and won ($71.50) with a straight, Eight to Queen
Seat 4: RaisemyNut$ (button) (small blind) mucked


PokerStars Hand #158397386822:  Hold'em Limit ($3/$6 USD) - 2016/09/09 20:50:10 ET
Table 'Gemma' 6-max Seat #3 is the button
Seat 3: libaikang ($130.54 in chips)
Seat 4: RaisemyNut$ ($94.78 in chips)
libaikang: posts small blind $1
RaisemyNut$: posts big blind $3
*** HOLE CARDS ***
libaikang: folds
Uncalled bet ($2) returned to RaisemyNut$
RaisemyNut$ collected $2 from pot
RaisemyNut$: doesn't show hand
*** SUMMARY ***
Total pot $2 | Rake $0
Seat 3: libaikang (button) (small blind) folded before Flop
Seat 4: RaisemyNut$ (big blind) collected ($2)


PokerStars Hand #158397400587:  Hold'em Limit ($3/$6 USD) - 2016/09/09 20:50:41 ET
Table 'Gemma' 6-max Seat #3 is the button
Seat 3: libaikang ($96.54 in chips)
Seat 4: RaisemyNut$ ($128.28 in chips)
libaikang: posts small blind $1
RaisemyNut$: posts big blind $3
*** HOLE CARDS ***
libaikang: raises $3 to $6
RaisemyNut$: calls $3
*** FLOP *** [Th 8d 2c]
RaisemyNut$: checks
libaikang: checks
*** TURN *** [Th 8d 2c] [8c]
RaisemyNut$: bets $6
libaikang: folds
Uncalled bet ($6) returned to RaisemyNut$
RaisemyNut$ collected $11.76 from pot
RaisemyNut$: doesn't show hand
*** SUMMARY ***
Total pot $12 | Rake $0.24
Board [Th 8d 2c 8c]
Seat 3: libaikang (button) (small blind) folded on the Turn
Seat 4: RaisemyNut$ (big blind) collected ($11.76)


PokerStars Hand #158397389552:  Hold'em Limit ($3/$6 USD) - 2016/09/09 20:50:16 ET
Table 'Gemma' 6-max Seat #4 is the button
Seat 3: libaikang ($129.54 in chips)
Seat 4: RaisemyNut$ ($95.78 in chips)
RaisemyNut$: posts small blind $1
libaikang: posts big blind $3
*** HOLE CARDS ***
RaisemyNut$: raises $3 to $6
libaikang: raises $3 to $9
RaisemyNut$: calls $3
*** FLOP *** [8c 9d Qs]
libaikang: bets $3
RaisemyNut$: raises $3 to $6
libaikang: calls $3
*** TURN *** [8c 9d Qs] [4d]
libaikang: bets $6
RaisemyNut$: raises $6 to $12
libaikang: calls $6
*** RIVER *** [8c 9d Qs 4d] [Ad]
libaikang: bets $6
kdcl joins the table at seat #5
RaisemyNut$: calls $6
*** SHOW DOWN ***
libaikang: shows [Ks 7c] (high card Ace)
RaisemyNut$: shows [Td 9s] (a pair of Nines)
RaisemyNut$ collected $65.50 from pot
*** SUMMARY ***
Total pot $66 | Rake $0.50
Board [8c 9d Qs 4d Ad]
Seat 3: libaikang (big blind) showed [Ks 7c] and lost with high card Ace
Seat 4: RaisemyNut$ (button) (small blind) showed [Td 9s] and won ($65.50) with a pair of Nines


PokerStars Hand #158397591069:  Hold'em Limit ($3/$6 USD) - 2016/09/09 20:57:47 ET
Table 'Gemma' 6-max Seat #3 is the button
Seat 3: libaikang ($34.37 in chips)
Seat 4: RaisemyNut$ ($230.73 in chips)
libaikang: posts small blind $1
RaisemyNut$: posts big blind $3
*** HOLE CARDS ***
libaikang: raises $3 to $6
RaisemyNut$: folds
Uncalled bet ($3) returned to libaikang
libaikang collected $6 from pot
libaikang: doesn't show hand
*** SUMMARY ***
Total pot $6 | Rake $0
Seat 3: libaikang (button) (small blind) collected ($6)
Seat 4: RaisemyNut$ (big blind) folded before Flop


PokerStars Hand #158397593250:  Hold'em Limit ($3/$6 USD) - 2016/09/09 20:57:52 ET
Table 'Gemma' 6-max Seat #4 is the button
Seat 3: libaikang ($37.37 in chips)
Seat 4: RaisemyNut$ ($227.73 in chips)
RaisemyNut$: posts small blind $1
libaikang: posts big blind $3
*** HOLE CARDS ***
RaisemyNut$: raises $3 to $6
libaikang: raises $3 to $9
RaisemyNut$: raises $3 to $12
Betting is capped
libaikang: calls $3
*** FLOP *** [Td 4c 2d]
libaikang: bets $3
RaisemyNut$: calls $3
*** TURN *** [Td 4c 2d] [Kh]
libaikang: checks
RaisemyNut$: bets $6
libaikang: folds
Uncalled bet ($6) returned to RaisemyNut$
RaisemyNut$ collected $29.50 from pot
RaisemyNut$: doesn't show hand
*** SUMMARY ***
Total pot $30 | Rake $0.50
Board [Td 4c 2d Kh]
Seat 3: libaikang (big blind) folded on the Turn
Seat 4: RaisemyNut$ (button) (small blind) collected ($29.50)


PokerStars Hand #158397583233:  Hold'em Limit ($3/$6 USD) - 2016/09/09 20:57:26 ET
Table 'Gemma' 6-max Seat #4 is the button
Seat 3: libaikang ($61.37 in chips)
Seat 4: RaisemyNut$ ($204.23 in chips)
RaisemyNut$: posts small blind $1
libaikang: posts big blind $3
*** HOLE CARDS ***
RaisemyNut$: raises $3 to $6
libaikang: raises $3 to $9
RaisemyNut$: calls $3
*** FLOP *** [9s 7d Ac]
kdcl leaves the table
libaikang: checks
RaisemyNut$: bets $3
libaikang: raises $3 to $6
RaisemyNut$: calls $3
*** TURN *** [9s 7d Ac] [7h]
libaikang: checks
RaisemyNut$: checks
*** RIVER *** [9s 7d Ac 7h] [8s]
libaikang: bets $6
RaisemyNut$: raises $6 to $12
libaikang: calls $6
*** SHOW DOWN ***
RaisemyNut$: shows [Th 6h] (a straight, Six to Ten)
libaikang: mucks hand
RaisemyNut$ collected $53.50 from pot
*** SUMMARY ***
Total pot $54 | Rake $0.50
Board [9s 7d Ac 7h 8s]
Seat 3: libaikang (big blind) mucked
Seat 4: RaisemyNut$ (button) (small blind) showed [Th 6h] and won ($53.50) with a straight, Six to Ten


PokerStars Hand #158397602097:  Hold'em Limit ($3/$6 USD) - 2016/09/09 20:58:15 ET
Table 'Gemma' 6-max Seat #4 is the button
Seat 3: libaikang ($21.37 in chips)
Seat 4: RaisemyNut$ ($243.23 in chips)
RaisemyNut$: posts small blind $1
libaikang: posts big blind $3
*** HOLE CARDS ***
RaisemyNut$: raises $3 to $6
libaikang: raises $3 to $9
RaisemyNut$: calls $3
*** FLOP *** [8c 2h Jd]
libaikang: bets $3
RaisemyNut$: calls $3
*** TURN *** [8c 2h Jd] [9d]
libaikang: bets $6
RaisemyNut$: raises $6 to $12
libaikang: calls $3.37 and is all-in
Uncalled bet ($2.63) returned to RaisemyNut$
*** RIVER *** [8c 2h Jd 9d] [4d]
*** SHOW DOWN ***
libaikang: shows [8h 6c] (a pair of Eights)
RaisemyNut$: shows [Td 9h] (a pair of Nines)
RaisemyNut$ collected $42.24 from pot
*** SUMMARY ***
Total pot $42.74 | Rake $0.50
Board [8c 2h Jd 9d 4d]
Seat 3: libaikang (big blind) showed [8h 6c] and lost with a pair of Eights
Seat 4: RaisemyNut$ (button) (small blind) showed [Td 9h] and won ($42.24) with a pair of Nines


PokerStars Hand #158397599775:  Hold'em Limit ($3/$6 USD) - 2016/09/09 20:58:09 ET
Table 'Gemma' 6-max Seat #3 is the button
Seat 3: libaikang ($22.37 in chips)
Seat 4: RaisemyNut$ ($242.23 in chips)
libaikang: posts small blind $1
RaisemyNut$: posts big blind $3
*** HOLE CARDS ***
libaikang: folds
Uncalled bet ($2) returned to RaisemyNut$
RaisemyNut$ collected $2 from pot
RaisemyNut$: doesn't show hand
*** SUMMARY ***
Total pot $2 | Rake $0
Seat 3: libaikang (button) (small blind) folded before Flop
Seat 4: RaisemyNut$ (big blind) collected ($2)


