PokerStars Hand #151848742567:  Hold'em Limit ($3/$6 USD) - 2016/04/13 6:13:03 ET
Table 'Gemma II' 10-max Seat #6 is the button
Seat 1: Mind90 ($119 in chips)
Seat 6: Rus29APX ($121 in chips)
Rus29APX: posts small blind $1
Mind90: posts big blind $3
*** HOLE CARDS ***
Rus29APX: raises $3 to $6
Mind90: folds
Uncalled bet ($3) returned to Rus29APX
Rus29APX collected $6 from pot
Rus29APX: doesn't show hand
*** SUMMARY ***
Total pot $6 | Rake $0
Seat 1: Mind90 (big blind) folded before Flop
Seat 6: Rus29APX (button) (small blind) collected ($6)


PokerStars Hand #151848746284:  Hold'em Limit ($3/$6 USD) - 2016/04/13 6:13:12 ET
Table 'Gemma II' 10-max Seat #1 is the button
Seat 1: Mind90 ($116 in chips)
Seat 6: Rus29APX ($124 in chips)
Mind90: posts small blind $1
Rus29APX: posts big blind $3
*** HOLE CARDS ***
Mind90: raises $3 to $6
Rus29APX: calls $3
*** FLOP *** [Qd Th Ah]
Rus29APX: checks
Mind90: bets $3
Rus29APX: calls $3
*** TURN *** [Qd Th Ah] [Kc]
Rus29APX: checks
Mind90: bets $6
Rus29APX: calls $6
*** RIVER *** [Qd Th Ah Kc] [6c]
Rus29APX: checks
Mind90: bets $6
Rus29APX: calls $6
*** SHOW DOWN ***
Mind90: shows [6s Js] (a straight, Ten to Ace)
Rus29APX: mucks hand
Mind90 collected $41.50 from pot
*** SUMMARY ***
Total pot $42 | Rake $0.50
Board [Qd Th Ah Kc 6c]
Seat 1: Mind90 (button) (small blind) showed [6s Js] and won ($41.50) with a straight, Ten to Ace
Seat 6: Rus29APX (big blind) mucked


PokerStars Hand #151848755367:  Hold'em Limit ($3/$6 USD) - 2016/04/13 6:13:35 ET
Table 'Gemma II' 10-max Seat #6 is the button
Seat 1: Mind90 ($136.50 in chips)
Seat 6: Rus29APX ($103 in chips)
Rus29APX: posts small blind $1
Mind90: posts big blind $3
*** HOLE CARDS ***
Rus29APX: raises $3 to $6
Mind90: folds
Uncalled bet ($3) returned to Rus29APX
Rus29APX collected $6 from pot
Rus29APX: doesn't show hand
*** SUMMARY ***
Total pot $6 | Rake $0
Seat 1: Mind90 (big blind) folded before Flop
Seat 6: Rus29APX (button) (small blind) collected ($6)


PokerStars Hand #151848757781:  Hold'em Limit ($3/$6 USD) - 2016/04/13 6:13:40 ET
Table 'Gemma II' 10-max Seat #1 is the button
Seat 1: Mind90 ($133.50 in chips)
Seat 6: Rus29APX ($106 in chips)
Mind90: posts small blind $1
Rus29APX: posts big blind $3
*** HOLE CARDS ***
Mind90: calls $2
Rus29APX: raises $3 to $6
Mind90: calls $3
*** FLOP *** [Js Td Ks]
Rus29APX: bets $3
Mind90: calls $3
*** TURN *** [Js Td Ks] [Jc]
Rus29APX: bets $6
Mind90: calls $6
*** RIVER *** [Js Td Ks Jc] [Ad]
Rus29APX: checks
Mind90: bets $6
Rus29APX: calls $6
*** SHOW DOWN ***
Mind90: shows [2s 3s] (a pair of Jacks)
Rus29APX: shows [9d 9c] (two pair, Jacks and Nines)
Rus29APX collected $41.50 from pot
*** SUMMARY ***
Total pot $42 | Rake $0.50
Board [Js Td Ks Jc Ad]
Seat 1: Mind90 (button) (small blind) showed [2s 3s] and lost with a pair of Jacks
Seat 6: Rus29APX (big blind) showed [9d 9c] and won ($41.50) with two pair, Jacks and Nines


PokerStars Hand #151849177524:  Hold'em Limit ($3/$6 USD) - 2016/04/13 6:30:22 ET
Table 'Gemma II' 10-max Seat #6 is the button
Seat 6: Rus29APX ($126.50 in chips)
Seat 7: Mind90 ($324 in chips)
Rus29APX: posts small blind $1
Mind90: posts big blind $3
*** HOLE CARDS ***
Rus29APX: raises $3 to $6
Mind90: folds
Uncalled bet ($3) returned to Rus29APX
Rus29APX collected $6 from pot
*** SUMMARY ***
Total pot $6 | Rake $0
Seat 6: Rus29APX (button) (small blind) collected ($6)
Seat 7: Mind90 (big blind) folded before Flop


PokerStars Hand #151849186286:  Hold'em Limit ($3/$6 USD) - 2016/04/13 6:30:42 ET
Table 'Gemma II' 10-max Seat #7 is the button
Seat 6: Rus29APX ($133.50 in chips)
Seat 7: Mind90 ($317 in chips)
Mind90: posts small blind $1
Rus29APX: posts big blind $3
*** HOLE CARDS ***
Mind90: raises $3 to $6
Rus29APX: calls $3
*** FLOP *** [Kh 3c Ac]
Rus29APX: checks
Mind90: bets $3
Rus29APX: calls $3
*** TURN *** [Kh 3c Ac] [8c]
Rus29APX: checks
Mind90: bets $6
Rus29APX: calls $6
*** RIVER *** [Kh 3c Ac 8c] [As]
Rus29APX: checks
Mind90: bets $6
Rus29APX: folds
Uncalled bet ($6) returned to Mind90
Mind90 collected $29.50 from pot
*** SUMMARY ***
Total pot $30 | Rake $0.50
Board [Kh 3c Ac 8c As]
Seat 6: Rus29APX (big blind) folded on the River
Seat 7: Mind90 (button) (small blind) collected ($29.50)


PokerStars Hand #151849183901:  Hold'em Limit ($3/$6 USD) - 2016/04/13 6:30:37 ET
Table 'Gemma II' 10-max Seat #6 is the button
Seat 6: Rus29APX ($130.50 in chips)
Seat 7: Mind90 ($320 in chips)
Rus29APX: posts small blind $1
Mind90: posts big blind $3
*** HOLE CARDS ***
Rus29APX: raises $3 to $6
Mind90: folds
Uncalled bet ($3) returned to Rus29APX
Rus29APX collected $6 from pot
Rus29APX: doesn't show hand
*** SUMMARY ***
Total pot $6 | Rake $0
Seat 6: Rus29APX (button) (small blind) collected ($6)
Seat 7: Mind90 (big blind) folded before Flop


PokerStars Hand #151849181797:  Hold'em Limit ($3/$6 USD) - 2016/04/13 6:30:32 ET
Table 'Gemma II' 10-max Seat #7 is the button
Seat 6: Rus29APX ($129.50 in chips)
Seat 7: Mind90 ($321 in chips)
Mind90: posts small blind $1
Rus29APX: posts big blind $3
*** HOLE CARDS ***
Mind90: folds
Uncalled bet ($2) returned to Rus29APX
Rus29APX collected $2 from pot
Rus29APX: doesn't show hand
*** SUMMARY ***
Total pot $2 | Rake $0
Seat 6: Rus29APX (big blind) collected ($2)
Seat 7: Mind90 (button) (small blind) folded before Flop


PokerStars Hand #151850415486:  Hold'em Limit ($3/$6 USD) - 2016/04/13 7:16:45 ET
Table 'Gemma II' 10-max Seat #6 is the button
Seat 5: SmellyToes4u ($82.26 in chips)
Seat 6: Rus29APX ($97.26 in chips)
Rus29APX: posts small blind $1
SmellyToes4u: posts big blind $3
*** HOLE CARDS ***
Rus29APX: folds
Uncalled bet ($2) returned to SmellyToes4u
SmellyToes4u collected $2 from pot
SmellyToes4u: doesn't show hand
*** SUMMARY ***
Total pot $2 | Rake $0
Seat 5: SmellyToes4u (big blind) collected ($2)
Seat 6: Rus29APX (button) (small blind) folded before Flop


PokerStars Hand #151850418167:  Hold'em Limit ($3/$6 USD) - 2016/04/13 7:16:51 ET
Table 'Gemma II' 10-max Seat #5 is the button
Seat 5: SmellyToes4u ($83.26 in chips)
Seat 6: Rus29APX ($96.26 in chips)
SmellyToes4u: posts small blind $1
Rus29APX: posts big blind $3
*** HOLE CARDS ***
SmellyToes4u: raises $3 to $6
Rus29APX: calls $3
*** FLOP *** [5c Qh 5d]
Rus29APX: checks
SmellyToes4u: bets $3
Rus29APX: folds
Uncalled bet ($3) returned to SmellyToes4u
SmellyToes4u collected $11.76 from pot
SmellyToes4u: doesn't show hand
*** SUMMARY ***
Total pot $12 | Rake $0.24
Board [5c Qh 5d]
Seat 5: SmellyToes4u (button) (small blind) collected ($11.76)
Seat 6: Rus29APX (big blind) folded on the Flop


PokerStars Hand #151850425170:  Hold'em Limit ($3/$6 USD) - 2016/04/13 7:17:06 ET
Table 'Gemma II' 10-max Seat #6 is the button
Seat 5: SmellyToes4u ($89.02 in chips)
Seat 6: Rus29APX ($90.26 in chips)
Rus29APX: posts small blind $1
SmellyToes4u: posts big blind $3
*** HOLE CARDS ***
Rus29APX: raises $3 to $6
SmellyToes4u: raises $3 to $9
Rus29APX: calls $3
*** FLOP *** [Jc 7h 2c]
SmellyToes4u: bets $3
Rus29APX: calls $3
*** TURN *** [Jc 7h 2c] [9c]
SmellyToes4u: bets $6
Rus29APX: calls $6
*** RIVER *** [Jc 7h 2c 9c] [9s]
SmellyToes4u: bets $6
Rus29APX: folds
Uncalled bet ($6) returned to SmellyToes4u
SmellyToes4u collected $35.50 from pot
SmellyToes4u: doesn't show hand
*** SUMMARY ***
Total pot $36 | Rake $0.50
Board [Jc 7h 2c 9c 9s]
Seat 5: SmellyToes4u (big blind) collected ($35.50)
Seat 6: Rus29APX (button) (small blind) folded on the River


PokerStars Hand #151850438661:  Hold'em Limit ($3/$6 USD) - 2016/04/13 7:17:34 ET
Table 'Gemma II' 10-max Seat #5 is the button
Seat 5: SmellyToes4u ($106.52 in chips)
Seat 6: Rus29APX ($72.26 in chips)
SmellyToes4u: posts small blind $1
Rus29APX: posts big blind $3
*** HOLE CARDS ***
SmellyToes4u: raises $3 to $6
Rus29APX: raises $3 to $9
SmellyToes4u: calls $3
*** FLOP *** [Th Kc Jd]
Rus29APX: bets $3
SmellyToes4u: folds
Uncalled bet ($3) returned to Rus29APX
Rus29APX collected $17.64 from pot
Rus29APX: doesn't show hand
*** SUMMARY ***
Total pot $18 | Rake $0.36
Board [Th Kc Jd]
Seat 5: SmellyToes4u (button) (small blind) folded on the Flop
Seat 6: Rus29APX (big blind) collected ($17.64)


PokerStars Hand #151850443479:  Hold'em Limit ($3/$6 USD) - 2016/04/13 7:17:45 ET
Table 'Gemma II' 10-max Seat #6 is the button
Seat 5: SmellyToes4u ($97.52 in chips)
Seat 6: Rus29APX ($80.90 in chips)
Rus29APX: posts small blind $1
SmellyToes4u: posts big blind $3
*** HOLE CARDS ***
Rus29APX: raises $3 to $6
SmellyToes4u: calls $3
*** FLOP *** [2c Th 7d]
SmellyToes4u: checks
Rus29APX: bets $3
SmellyToes4u: folds
Uncalled bet ($3) returned to Rus29APX
Rus29APX collected $11.76 from pot
Rus29APX: doesn't show hand
*** SUMMARY ***
Total pot $12 | Rake $0.24
Board [2c Th 7d]
Seat 5: SmellyToes4u (big blind) folded on the Flop
Seat 6: Rus29APX (button) (small blind) collected ($11.76)


PokerStars Hand #151850452437:  Hold'em Limit ($3/$6 USD) - 2016/04/13 7:18:04 ET
Table 'Gemma II' 10-max Seat #6 is the button
Seat 5: SmellyToes4u ($94.52 in chips)
Seat 6: Rus29APX ($83.66 in chips)
Rus29APX: posts small blind $1
SmellyToes4u: posts big blind $3
*** HOLE CARDS ***
Rus29APX: raises $3 to $6
SmellyToes4u: folds
Uncalled bet ($3) returned to Rus29APX
Rus29APX collected $6 from pot
Rus29APX: doesn't show hand
*** SUMMARY ***
Total pot $6 | Rake $0
Seat 5: SmellyToes4u (big blind) folded before Flop
Seat 6: Rus29APX (button) (small blind) collected ($6)


PokerStars Hand #151850449495:  Hold'em Limit ($3/$6 USD) - 2016/04/13 7:17:58 ET
Table 'Gemma II' 10-max Seat #5 is the button
Seat 5: SmellyToes4u ($91.52 in chips)
Seat 6: Rus29APX ($86.66 in chips)
SmellyToes4u: posts small blind $1
Rus29APX: posts big blind $3
*** HOLE CARDS ***
SmellyToes4u: raises $3 to $6
Rus29APX: folds
Uncalled bet ($3) returned to SmellyToes4u
SmellyToes4u collected $6 from pot
SmellyToes4u: doesn't show hand
*** SUMMARY ***
Total pot $6 | Rake $0
Seat 5: SmellyToes4u (button) (small blind) collected ($6)
Seat 6: Rus29APX (big blind) folded before Flop


PokerStars Hand #151850466666:  Hold'em Limit ($3/$6 USD) - 2016/04/13 7:18:34 ET
Table 'Gemma II' 10-max Seat #6 is the button
Seat 5: SmellyToes4u ($112.02 in chips)
Seat 6: Rus29APX ($65.66 in chips)
Rus29APX: posts small blind $1
SmellyToes4u: posts big blind $3
*** HOLE CARDS ***
Rus29APX: raises $3 to $6
SmellyToes4u: calls $3
*** FLOP *** [Qd 8c 2h]
SmellyToes4u: checks
Rus29APX: bets $3
SmellyToes4u: calls $3
*** TURN *** [Qd 8c 2h] [6d]
SmellyToes4u: checks
Rus29APX: checks
*** RIVER *** [Qd 8c 2h 6d] [Qc]
SmellyToes4u: bets $6
Rus29APX: calls $6
*** SHOW DOWN ***
SmellyToes4u: shows [6s 8h] (two pair, Queens and Eights)
Rus29APX: mucks hand
SmellyToes4u collected $29.50 from pot
*** SUMMARY ***
Total pot $30 | Rake $0.50
Board [Qd 8c 2h 6d Qc]
Seat 5: SmellyToes4u (big blind) showed [6s 8h] and won ($29.50) with two pair, Queens and Eights
Seat 6: Rus29APX (button) (small blind) mucked


PokerStars Hand #151850455518:  Hold'em Limit ($3/$6 USD) - 2016/04/13 7:18:10 ET
Table 'Gemma II' 10-max Seat #5 is the button
Seat 5: SmellyToes4u ($91.52 in chips)
Seat 6: Rus29APX ($86.66 in chips)
SmellyToes4u: posts small blind $1
Rus29APX: posts big blind $3
*** HOLE CARDS ***
SmellyToes4u: raises $3 to $6
Rus29APX: calls $3
*** FLOP *** [Js 6s 6c]
Rus29APX: checks
SmellyToes4u: bets $3
Rus29APX: calls $3
*** TURN *** [Js 6s 6c] [Kh]
Rus29APX: checks
SmellyToes4u: bets $6
Rus29APX: calls $6
*** RIVER *** [Js 6s 6c Kh] [Ks]
Rus29APX: checks
SmellyToes4u: bets $6
Rus29APX: calls $6
*** SHOW DOWN ***
SmellyToes4u: shows [Tc 6d] (a full house, Sixes full of Kings)
Rus29APX: mucks hand
SmellyToes4u collected $41.50 from pot
*** SUMMARY ***
Total pot $42 | Rake $0.50
Board [Js 6s 6c Kh Ks]
Seat 5: SmellyToes4u (button) (small blind) showed [Tc 6d] and won ($41.50) with a full house, Sixes full of Kings
Seat 6: Rus29APX (big blind) mucked


PokerStars Hand #151850489552:  Hold'em Limit ($3/$6 USD) - 2016/04/13 7:19:23 ET
Table 'Gemma II' 10-max Seat #6 is the button
Seat 5: SmellyToes4u ($126.40 in chips)
Seat 6: Rus29APX ($110.54 in chips)
Rus29APX: posts small blind $1
SmellyToes4u: posts big blind $3
*** HOLE CARDS ***
Rus29APX: raises $3 to $6
SmellyToes4u: calls $3
*** FLOP *** [5h 7d Th]
SmellyToes4u: checks
Rus29APX: bets $3
SmellyToes4u: calls $3
*** TURN *** [5h 7d Th] [Kd]
SmellyToes4u: checks
Rus29APX: checks
*** RIVER *** [5h 7d Th Kd] [7s]
SmellyToes4u: checks
Rus29APX: checks
*** SHOW DOWN ***
SmellyToes4u: shows [Qs 9c] (a pair of Sevens)
Rus29APX: mucks hand
SmellyToes4u collected $17.64 from pot
*** SUMMARY ***
Total pot $18 | Rake $0.36
Board [5h 7d Th Kd 7s]
Seat 5: SmellyToes4u (big blind) showed [Qs 9c] and won ($17.64) with a pair of Sevens
Seat 6: Rus29APX (button) (small blind) mucked


PokerStars Hand #151850475315:  Hold'em Limit ($3/$6 USD) - 2016/04/13 7:18:53 ET
Table 'Gemma II' 10-max Seat #5 is the button
Seat 5: SmellyToes4u ($126.52 in chips)
Seat 6: Rus29APX ($110.66 in chips)
SmellyToes4u: posts small blind $1
Rus29APX: posts big blind $3
*** HOLE CARDS ***
SmellyToes4u: raises $3 to $6
Rus29APX: calls $3
*** FLOP *** [5s 9h 7h]
Rus29APX: checks
SmellyToes4u: checks
*** TURN *** [5s 9h 7h] [9c]
Rus29APX: checks
SmellyToes4u: checks
*** RIVER *** [5s 9h 7h 9c] [Ac]
Rus29APX: checks
SmellyToes4u: checks
*** SHOW DOWN ***
Rus29APX: shows [Ks 6d] (a pair of Nines)
SmellyToes4u: shows [Kd 6s] (a pair of Nines)
Rus29APX collected $5.88 from pot
SmellyToes4u collected $5.88 from pot
*** SUMMARY ***
Total pot $12 | Rake $0.24
Board [5s 9h 7h 9c Ac]
Seat 5: SmellyToes4u (button) (small blind) showed [Kd 6s] and won ($5.88) with a pair of Nines
Seat 6: Rus29APX (big blind) showed [Ks 6d] and won ($5.88) with a pair of Nines


PokerStars Hand #151850517366:  Hold'em Limit ($3/$6 USD) - 2016/04/13 7:20:23 ET
Table 'Gemma II' 10-max Seat #5 is the button
Seat 5: SmellyToes4u ($143.54 in chips)
Seat 6: Rus29APX ($92.30 in chips)
SmellyToes4u: posts small blind $1
Rus29APX: posts big blind $3
*** HOLE CARDS ***
SmellyToes4u: raises $3 to $6
Rus29APX: calls $3
*** FLOP *** [Jh Qc Kc]
Rus29APX: checks
SmellyToes4u: bets $3
Rus29APX: calls $3
*** TURN *** [Jh Qc Kc] [3h]
Rus29APX: checks
SmellyToes4u: bets $6
Rus29APX: folds
Uncalled bet ($6) returned to SmellyToes4u
SmellyToes4u collected $17.64 from pot
SmellyToes4u: doesn't show hand
*** SUMMARY ***
Total pot $18 | Rake $0.36
Board [Jh Qc Kc 3h]
Seat 5: SmellyToes4u (button) (small blind) collected ($17.64)
Seat 6: Rus29APX (big blind) folded on the Turn


PokerStars Hand #151850512562:  Hold'em Limit ($3/$6 USD) - 2016/04/13 7:20:12 ET
Table 'Gemma II' 10-max Seat #6 is the button
Seat 5: SmellyToes4u ($149.54 in chips)
Seat 6: Rus29APX ($86.54 in chips)
Rus29APX: posts small blind $1
SmellyToes4u: posts big blind $3
*** HOLE CARDS ***
Rus29APX: raises $3 to $6
SmellyToes4u: calls $3
*** FLOP *** [As 9c Jc]
SmellyToes4u: checks
Rus29APX: bets $3
SmellyToes4u: folds
Uncalled bet ($3) returned to Rus29APX
Rus29APX collected $11.76 from pot
Rus29APX: doesn't show hand
*** SUMMARY ***
Total pot $12 | Rake $0.24
Board [As 9c Jc]
Seat 5: SmellyToes4u (big blind) folded on the Flop
Seat 6: Rus29APX (button) (small blind) collected ($11.76)


PokerStars Hand #151850501798:  Hold'em Limit ($3/$6 USD) - 2016/04/13 7:19:49 ET
Table 'Gemma II' 10-max Seat #5 is the button
Seat 5: SmellyToes4u ($135.04 in chips)
Seat 6: Rus29APX ($101.54 in chips)
SmellyToes4u: posts small blind $1
Rus29APX: posts big blind $3
*** HOLE CARDS ***
SmellyToes4u: raises $3 to $6
Rus29APX: calls $3
*** FLOP *** [Js 6c 7d]
Rus29APX: checks
SmellyToes4u: bets $3
Rus29APX: calls $3
*** TURN *** [Js 6c 7d] [8d]
Rus29APX: checks
SmellyToes4u: bets $6
Rus29APX: calls $6
*** RIVER *** [Js 6c 7d 8d] [2s]
Rus29APX: checks
SmellyToes4u: bets $6
Rus29APX: folds
Uncalled bet ($6) returned to SmellyToes4u
SmellyToes4u collected $29.50 from pot
SmellyToes4u: doesn't show hand
*** SUMMARY ***
Total pot $30 | Rake $0.50
Board [Js 6c 7d 8d 2s]
Seat 5: SmellyToes4u (button) (small blind) collected ($29.50)
Seat 6: Rus29APX (big blind) folded on the River


PokerStars Hand #151850560681:  Hold'em Limit ($3/$6 USD) - 2016/04/13 7:21:55 ET
Table 'Gemma II' 10-max Seat #6 is the button
Seat 5: SmellyToes4u ($157.68 in chips)
Seat 6: Rus29APX ($236.10 in chips)
Rus29APX: posts small blind $1
SmellyToes4u: posts big blind $3
*** HOLE CARDS ***
Rus29APX: folds
Uncalled bet ($2) returned to SmellyToes4u
SmellyToes4u collected $2 from pot
SmellyToes4u: doesn't show hand
*** SUMMARY ***
Total pot $2 | Rake $0
Seat 5: SmellyToes4u (big blind) collected ($2)
Seat 6: Rus29APX (button) (small blind) folded before Flop


PokerStars Hand #151850554440:  Hold'em Limit ($3/$6 USD) - 2016/04/13 7:21:42 ET
Table 'Gemma II' 10-max Seat #5 is the button
Seat 5: SmellyToes4u ($169.68 in chips)
Seat 6: Rus29APX ($224.58 in chips)
SmellyToes4u: posts small blind $1
Rus29APX: posts big blind $3
*** HOLE CARDS ***
SmellyToes4u: raises $3 to $6
Rus29APX: calls $3
*** FLOP *** [Qh 3d 6d]
Rus29APX: checks
SmellyToes4u: bets $3
Rus29APX: raises $3 to $6
SmellyToes4u: calls $3
*** TURN *** [Qh 3d 6d] [Kh]
Rus29APX: bets $6
SmellyToes4u: folds
Uncalled bet ($6) returned to Rus29APX
Rus29APX collected $23.52 from pot
Rus29APX: doesn't show hand
*** SUMMARY ***
Total pot $24 | Rake $0.48
Board [Qh 3d 6d Kh]
Seat 5: SmellyToes4u (button) (small blind) folded on the Turn
Seat 6: Rus29APX (big blind) collected ($23.52)


PokerStars Hand #151850550573:  Hold'em Limit ($3/$6 USD) - 2016/04/13 7:21:34 ET
Table 'Gemma II' 10-max Seat #6 is the button
Seat 5: SmellyToes4u ($175.68 in chips)
Seat 6: Rus29APX ($218.82 in chips)
Rus29APX: posts small blind $1
SmellyToes4u: posts big blind $3
*** HOLE CARDS ***
Rus29APX: raises $3 to $6
SmellyToes4u: calls $3
*** FLOP *** [Tc 3d Kh]
SmellyToes4u: checks
Rus29APX: bets $3
SmellyToes4u: folds
Uncalled bet ($3) returned to Rus29APX
Rus29APX collected $11.76 from pot
Rus29APX: doesn't show hand
*** SUMMARY ***
Total pot $12 | Rake $0.24
Board [Tc 3d Kh]
Seat 5: SmellyToes4u (big blind) folded on the Flop
Seat 6: Rus29APX (button) (small blind) collected ($11.76)


PokerStars Hand #151850537564:  Hold'em Limit ($3/$6 USD) - 2016/04/13 7:21:06 ET
Table 'Gemma II' 10-max Seat #5 is the button
Seat 5: SmellyToes4u ($187.68 in chips)
Seat 6: Rus29APX ($47.30 in chips)
SmellyToes4u: posts small blind $1
Rus29APX: posts big blind $3
*** HOLE CARDS ***
SmellyToes4u: raises $3 to $6
Rus29APX: calls $3
*** FLOP *** [Tc 3s 6s]
Rus29APX: checks
SmellyToes4u: bets $3
Rus29APX: raises $3 to $6
SmellyToes4u: calls $3
*** TURN *** [Tc 3s 6s] [2h]
Rus29APX: bets $6
SmellyToes4u: folds
Uncalled bet ($6) returned to Rus29APX
Rus29APX collected $23.52 from pot
Rus29APX: doesn't show hand
*** SUMMARY ***
Total pot $24 | Rake $0.48
Board [Tc 3s 6s 2h]
Seat 5: SmellyToes4u (button) (small blind) folded on the Turn
Seat 6: Rus29APX (big blind) collected ($23.52)


PokerStars Hand #151850525727:  Hold'em Limit ($3/$6 USD) - 2016/04/13 7:20:40 ET
Table 'Gemma II' 10-max Seat #6 is the button
Seat 5: SmellyToes4u ($152.18 in chips)
Seat 6: Rus29APX ($83.30 in chips)
Rus29APX: posts small blind $1
SmellyToes4u: posts big blind $3
*** HOLE CARDS ***
Rus29APX: raises $3 to $6
SmellyToes4u: calls $3
*** FLOP *** [6d 6c Kc]
SmellyToes4u: checks
Rus29APX: bets $3
SmellyToes4u: raises $3 to $6
Rus29APX: calls $3
*** TURN *** [6d 6c Kc] [Jc]
SmellyToes4u: bets $6
Rus29APX: raises $6 to $12
SmellyToes4u: raises $6 to $18
Rus29APX: calls $6
*** RIVER *** [6d 6c Kc Jc] [Qc]
SmellyToes4u: bets $6
Rus29APX: calls $6
*** SHOW DOWN ***
SmellyToes4u: shows [Kd Kh] (a full house, Kings full of Sixes)
Rus29APX: mucks hand
SmellyToes4u collected $71.50 from pot
*** SUMMARY ***
Total pot $72 | Rake $0.50
Board [6d 6c Kc Jc Qc]
Seat 5: SmellyToes4u (big blind) showed [Kd Kh] and won ($71.50) with a full house, Kings full of Sixes
Seat 6: Rus29APX (button) (small blind) mucked


PokerStars Hand #151850577217:  Hold'em Limit ($3/$6 USD) - 2016/04/13 7:22:31 ET
Table 'Gemma II' 10-max Seat #6 is the button
Seat 5: SmellyToes4u ($130.68 in chips)
Seat 6: Rus29APX ($262.60 in chips)
Rus29APX: posts small blind $1
SmellyToes4u: posts big blind $3
*** HOLE CARDS ***
Rus29APX: raises $3 to $6
SmellyToes4u: raises $3 to $9
Rus29APX: calls $3
*** FLOP *** [4h 6d 2s]
SmellyToes4u: bets $3
Rus29APX: raises $3 to $6
SmellyToes4u: calls $3
*** TURN *** [4h 6d 2s] [Kh]
SmellyToes4u: checks
Rus29APX: checks
*** RIVER *** [4h 6d 2s Kh] [Td]
SmellyToes4u: checks
Rus29APX: checks
*** SHOW DOWN ***
SmellyToes4u: shows [Qd Jd] (high card King)
Rus29APX: mucks hand
SmellyToes4u collected $29.50 from pot
*** SUMMARY ***
Total pot $30 | Rake $0.50
Board [4h 6d 2s Kh Td]
Seat 5: SmellyToes4u (big blind) showed [Qd Jd] and won ($29.50) with high card King
Seat 6: Rus29APX (button) (small blind) mucked


PokerStars Hand #151850575205:  Hold'em Limit ($3/$6 USD) - 2016/04/13 7:22:27 ET
Table 'Gemma II' 10-max Seat #5 is the button
Seat 5: SmellyToes4u ($131.68 in chips)
Seat 6: Rus29APX ($261.60 in chips)
SmellyToes4u: posts small blind $1
Rus29APX: posts big blind $3
*** HOLE CARDS ***
SmellyToes4u: folds
Uncalled bet ($2) returned to Rus29APX
Rus29APX collected $2 from pot
Rus29APX: doesn't show hand
*** SUMMARY ***
Total pot $2 | Rake $0
Seat 5: SmellyToes4u (button) (small blind) folded before Flop
Seat 6: Rus29APX (big blind) collected ($2)


PokerStars Hand #151850566323:  Hold'em Limit ($3/$6 USD) - 2016/04/13 7:22:08 ET
Table 'Gemma II' 10-max Seat #6 is the button
Seat 5: SmellyToes4u ($161.68 in chips)
Seat 6: Rus29APX ($232.10 in chips)
Rus29APX: posts small blind $1
SmellyToes4u: posts big blind $3
*** HOLE CARDS ***
Rus29APX: raises $3 to $6
SmellyToes4u: calls $3
*** FLOP *** [Td 7c 5c]
SmellyToes4u: checks
Rus29APX: bets $3
SmellyToes4u: raises $3 to $6
Rus29APX: calls $3
*** TURN *** [Td 7c 5c] [8s]
SmellyToes4u: bets $6
Rus29APX: raises $6 to $12
SmellyToes4u: calls $6
*** RIVER *** [Td 7c 5c 8s] [2s]
SmellyToes4u: checks
Rus29APX: bets $6
SmellyToes4u: calls $6
*** SHOW DOWN ***
Rus29APX: shows [Qs Qh] (a pair of Queens)
SmellyToes4u: mucks hand
Rus29APX collected $59.50 from pot
*** SUMMARY ***
Total pot $60 | Rake $0.50
Board [Td 7c 5c 8s 2s]
Seat 5: SmellyToes4u (big blind) mucked
Seat 6: Rus29APX (button) (small blind) showed [Qs Qh] and won ($59.50) with a pair of Queens


PokerStars Hand #151850562790:  Hold'em Limit ($3/$6 USD) - 2016/04/13 7:22:00 ET
Table 'Gemma II' 10-max Seat #5 is the button
Seat 5: SmellyToes4u ($158.68 in chips)
Seat 6: Rus29APX ($235.10 in chips)
SmellyToes4u: posts small blind $1
Rus29APX: posts big blind $3
*** HOLE CARDS ***
SmellyToes4u: raises $3 to $6
Rus29APX: folds
Uncalled bet ($3) returned to SmellyToes4u
SmellyToes4u collected $6 from pot
SmellyToes4u: doesn't show hand
*** SUMMARY ***
Total pot $6 | Rake $0
Seat 5: SmellyToes4u (button) (small blind) collected ($6)
Seat 6: Rus29APX (big blind) folded before Flop


PokerStars Hand #151850601373:  Hold'em Limit ($3/$6 USD) - 2016/04/13 7:23:23 ET
Table 'Gemma II' 10-max Seat #6 is the button
Seat 5: SmellyToes4u ($136.18 in chips)
Seat 6: Rus29APX ($256.24 in chips)
Rus29APX: posts small blind $1
SmellyToes4u: posts big blind $3
*** HOLE CARDS ***
Rus29APX: raises $3 to $6
SmellyToes4u: calls $3
*** FLOP *** [Td Ks 9h]
SmellyToes4u: checks
Rus29APX: bets $3
SmellyToes4u: calls $3
*** TURN *** [Td Ks 9h] [7s]
SmellyToes4u: checks
Rus29APX: checks
*** RIVER *** [Td Ks 9h 7s] [3s]
SmellyToes4u: bets $6
Rus29APX: raises $6 to $12
SmellyToes4u: folds
Uncalled bet ($6) returned to Rus29APX
Rus29APX collected $29.50 from pot
Rus29APX: doesn't show hand
*** SUMMARY ***
Total pot $30 | Rake $0.50
Board [Td Ks 9h 7s 3s]
Seat 5: SmellyToes4u (big blind) folded on the River
Seat 6: Rus29APX (button) (small blind) collected ($29.50)


PokerStars Hand #151850596773:  Hold'em Limit ($3/$6 USD) - 2016/04/13 7:23:13 ET
Table 'Gemma II' 10-max Seat #5 is the button
Seat 5: SmellyToes4u ($137.18 in chips)
Seat 6: Rus29APX ($255.24 in chips)
SmellyToes4u: posts small blind $1
Rus29APX: posts big blind $3
*** HOLE CARDS ***
SmellyToes4u: folds
Uncalled bet ($2) returned to Rus29APX
Rus29APX collected $2 from pot
Rus29APX: doesn't show hand
*** SUMMARY ***
Total pot $2 | Rake $0
Seat 5: SmellyToes4u (button) (small blind) folded before Flop
Seat 6: Rus29APX (big blind) collected ($2)


PokerStars Hand #151850593935:  Hold'em Limit ($3/$6 USD) - 2016/04/13 7:23:07 ET
Table 'Gemma II' 10-max Seat #6 is the button
Seat 5: SmellyToes4u ($136.18 in chips)
Seat 6: Rus29APX ($256.24 in chips)
Rus29APX: posts small blind $1
SmellyToes4u: posts big blind $3
*** HOLE CARDS ***
Rus29APX: folds
Uncalled bet ($2) returned to SmellyToes4u
SmellyToes4u collected $2 from pot
SmellyToes4u: doesn't show hand
*** SUMMARY ***
Total pot $2 | Rake $0
Seat 5: SmellyToes4u (big blind) collected ($2)
Seat 6: Rus29APX (button) (small blind) folded before Flop


PokerStars Hand #151850587572:  Hold'em Limit ($3/$6 USD) - 2016/04/13 7:22:53 ET
Table 'Gemma II' 10-max Seat #5 is the button
Seat 5: SmellyToes4u ($145.18 in chips)
Seat 6: Rus29APX ($247.60 in chips)
SmellyToes4u: posts small blind $1
Rus29APX: posts big blind $3
*** HOLE CARDS ***
SmellyToes4u: raises $3 to $6
Rus29APX: raises $3 to $9
SmellyToes4u: calls $3
*** FLOP *** [6s Ah Kh]
Rus29APX: bets $3
SmellyToes4u: folds
Uncalled bet ($3) returned to Rus29APX
Rus29APX collected $17.64 from pot
Rus29APX: doesn't show hand
*** SUMMARY ***
Total pot $18 | Rake $0.36
Board [6s Ah Kh]
Seat 5: SmellyToes4u (button) (small blind) folded on the Flop
Seat 6: Rus29APX (big blind) collected ($17.64)


PokerStars Hand #151850637742:  Hold'em Limit ($3/$6 USD) - 2016/04/13 7:24:41 ET
Table 'Gemma II' 10-max Seat #6 is the button
Seat 5: SmellyToes4u ($90.82 in chips)
Seat 6: Rus29APX ($299.88 in chips)
Rus29APX: posts small blind $1
SmellyToes4u: posts big blind $3
*** HOLE CARDS ***
Rus29APX: raises $3 to $6
SmellyToes4u: folds
Uncalled bet ($3) returned to Rus29APX
Rus29APX collected $6 from pot
Rus29APX: doesn't show hand
*** SUMMARY ***
Total pot $6 | Rake $0
Seat 5: SmellyToes4u (big blind) folded before Flop
Seat 6: Rus29APX (button) (small blind) collected ($6)


PokerStars Hand #151850630714:  Hold'em Limit ($3/$6 USD) - 2016/04/13 7:24:27 ET
Table 'Gemma II' 10-max Seat #5 is the button
Seat 5: SmellyToes4u ($114.82 in chips)
Seat 6: Rus29APX ($276.38 in chips)
SmellyToes4u: posts small blind $1
Rus29APX: posts big blind $3
*** HOLE CARDS ***
SmellyToes4u: raises $3 to $6
Rus29APX: raises $3 to $9
SmellyToes4u: calls $3
*** FLOP *** [7h Ad 6c]
Rus29APX: bets $3
SmellyToes4u: calls $3
*** TURN *** [7h Ad 6c] [9c]
Rus29APX: bets $6
SmellyToes4u: raises $6 to $12
Rus29APX: calls $6
*** RIVER *** [7h Ad 6c 9c] [Ks]
Rus29APX: checks
SmellyToes4u: checks
*** SHOW DOWN ***
Rus29APX: shows [As Kd] (two pair, Aces and Kings)
SmellyToes4u: mucks hand
Rus29APX collected $47.50 from pot
*** SUMMARY ***
Total pot $48 | Rake $0.50
Board [7h Ad 6c 9c Ks]
Seat 5: SmellyToes4u (button) (small blind) mucked
Seat 6: Rus29APX (big blind) showed [As Kd] and won ($47.50) with two pair, Aces and Kings


PokerStars Hand #151850628481:  Hold'em Limit ($3/$6 USD) - 2016/04/13 7:24:22 ET
Table 'Gemma II' 10-max Seat #6 is the button
Seat 5: SmellyToes4u ($117.82 in chips)
Seat 6: Rus29APX ($273.38 in chips)
Rus29APX: posts small blind $1
SmellyToes4u: posts big blind $3
*** HOLE CARDS ***
Rus29APX: raises $3 to $6
SmellyToes4u: folds
Uncalled bet ($3) returned to Rus29APX
Rus29APX collected $6 from pot
Rus29APX: doesn't show hand
*** SUMMARY ***
Total pot $6 | Rake $0
Seat 5: SmellyToes4u (big blind) folded before Flop
Seat 6: Rus29APX (button) (small blind) collected ($6)


PokerStars Hand #151850623585:  Hold'em Limit ($3/$6 USD) - 2016/04/13 7:24:11 ET
Table 'Gemma II' 10-max Seat #5 is the button
Seat 5: SmellyToes4u ($126.82 in chips)
Seat 6: Rus29APX ($264.74 in chips)
SmellyToes4u: posts small blind $1
Rus29APX: posts big blind $3
*** HOLE CARDS ***
SmellyToes4u: raises $3 to $6
Rus29APX: calls $3
*** FLOP *** [9s 6c Qh]
Rus29APX: checks
SmellyToes4u: bets $3
Rus29APX: raises $3 to $6
SmellyToes4u: folds
Uncalled bet ($3) returned to Rus29APX
Rus29APX collected $17.64 from pot
Rus29APX: doesn't show hand
*** SUMMARY ***
Total pot $18 | Rake $0.36
Board [9s 6c Qh]
Seat 5: SmellyToes4u (button) (small blind) folded on the Flop
Seat 6: Rus29APX (big blind) collected ($17.64)


PokerStars Hand #151850621329:  Hold'em Limit ($3/$6 USD) - 2016/04/13 7:24:06 ET
Table 'Gemma II' 10-max Seat #6 is the button
Seat 5: SmellyToes4u ($129.82 in chips)
Seat 6: Rus29APX ($261.74 in chips)
Rus29APX: posts small blind $1
SmellyToes4u: posts big blind $3
*** HOLE CARDS ***
Rus29APX: raises $3 to $6
SmellyToes4u: folds
Uncalled bet ($3) returned to Rus29APX
Rus29APX collected $6 from pot
Rus29APX: doesn't show hand
*** SUMMARY ***
Total pot $6 | Rake $0
Seat 5: SmellyToes4u (big blind) folded before Flop
Seat 6: Rus29APX (button) (small blind) collected ($6)


PokerStars Hand #151850609542:  Hold'em Limit ($3/$6 USD) - 2016/04/13 7:23:41 ET
Table 'Gemma II' 10-max Seat #5 is the button
Seat 5: SmellyToes4u ($121.18 in chips)
Seat 6: Rus29APX ($270.74 in chips)
SmellyToes4u: posts small blind $1
Rus29APX: posts big blind $3
*** HOLE CARDS ***
SmellyToes4u: raises $3 to $6
Rus29APX: calls $3
*** FLOP *** [8d Qs 8h]
Rus29APX: checks
SmellyToes4u: bets $3
Rus29APX: calls $3
*** TURN *** [8d Qs 8h] [Ks]
Rus29APX: checks
SmellyToes4u: bets $6
Rus29APX: folds
Uncalled bet ($6) returned to SmellyToes4u
SmellyToes4u collected $17.64 from pot
SmellyToes4u: doesn't show hand
*** SUMMARY ***
Total pot $18 | Rake $0.36
Board [8d Qs 8h Ks]
Seat 5: SmellyToes4u (button) (small blind) collected ($17.64)
Seat 6: Rus29APX (big blind) folded on the Turn


PokerStars Hand #151850664062:  Hold'em Limit ($3/$6 USD) - 2016/04/13 7:25:38 ET
Table 'Gemma II' 10-max Seat #5 is the button
Seat 5: SmellyToes4u ($106.22 in chips)
Seat 6: Rus29APX ($283.88 in chips)
SmellyToes4u: posts small blind $1
Rus29APX: posts big blind $3
*** HOLE CARDS ***
SmellyToes4u: raises $3 to $6
Rus29APX: calls $3
*** FLOP *** [3h Qd Qc]
Rus29APX: checks
SmellyToes4u: bets $3
Rus29APX: calls $3
*** TURN *** [3h Qd Qc] [9c]
Rus29APX: checks
SmellyToes4u: checks
*** RIVER *** [3h Qd Qc 9c] [6d]
Rus29APX: bets $6
SmellyToes4u: folds
Uncalled bet ($6) returned to Rus29APX
Rus29APX collected $17.64 from pot
Rus29APX: doesn't show hand
*** SUMMARY ***
Total pot $18 | Rake $0.36
Board [3h Qd Qc 9c 6d]
Seat 5: SmellyToes4u (button) (small blind) folded on the River
Seat 6: Rus29APX (big blind) collected ($17.64)


PokerStars Hand #151850654941:  Hold'em Limit ($3/$6 USD) - 2016/04/13 7:25:19 ET
Table 'Gemma II' 10-max Seat #6 is the button
Seat 5: SmellyToes4u ($97.58 in chips)
Seat 6: Rus29APX ($292.88 in chips)
Rus29APX: posts small blind $1
SmellyToes4u: posts big blind $3
*** HOLE CARDS ***
Rus29APX: raises $3 to $6
SmellyToes4u: calls $3
*** FLOP *** [Ad 2h 4d]
SmellyToes4u: checks
Rus29APX: bets $3
SmellyToes4u: calls $3
*** TURN *** [Ad 2h 4d] [Tc]
SmellyToes4u: checks
Rus29APX: checks
*** RIVER *** [Ad 2h 4d Tc] [4h]
SmellyToes4u: bets $6
Rus29APX: folds
Uncalled bet ($6) returned to SmellyToes4u
SmellyToes4u collected $17.64 from pot
SmellyToes4u: doesn't show hand
*** SUMMARY ***
Total pot $18 | Rake $0.36
Board [Ad 2h 4d Tc 4h]
Seat 5: SmellyToes4u (big blind) collected ($17.64)
Seat 6: Rus29APX (button) (small blind) folded on the River


PokerStars Hand #151850651986:  Hold'em Limit ($3/$6 USD) - 2016/04/13 7:25:13 ET
Table 'Gemma II' 10-max Seat #5 is the button
Seat 5: SmellyToes4u ($94.58 in chips)
Seat 6: Rus29APX ($295.88 in chips)
SmellyToes4u: posts small blind $1
Rus29APX: posts big blind $3
*** HOLE CARDS ***
SmellyToes4u: raises $3 to $6
Rus29APX: folds
Uncalled bet ($3) returned to SmellyToes4u
SmellyToes4u collected $6 from pot
SmellyToes4u: doesn't show hand
*** SUMMARY ***
Total pot $6 | Rake $0
Seat 5: SmellyToes4u (button) (small blind) collected ($6)
Seat 6: Rus29APX (big blind) folded before Flop


PokerStars Hand #151850648642:  Hold'em Limit ($3/$6 USD) - 2016/04/13 7:25:05 ET
Table 'Gemma II' 10-max Seat #6 is the button
Seat 5: SmellyToes4u ($93.58 in chips)
Seat 6: Rus29APX ($296.88 in chips)
Rus29APX: posts small blind $1
SmellyToes4u: posts big blind $3
*** HOLE CARDS ***
Rus29APX: folds
Uncalled bet ($2) returned to SmellyToes4u
SmellyToes4u collected $2 from pot
SmellyToes4u: doesn't show hand
*** SUMMARY ***
Total pot $2 | Rake $0
Seat 5: SmellyToes4u (big blind) collected ($2)
Seat 6: Rus29APX (button) (small blind) folded before Flop


PokerStars Hand #151850640752:  Hold'em Limit ($3/$6 USD) - 2016/04/13 7:24:48 ET
Table 'Gemma II' 10-max Seat #5 is the button
Seat 5: SmellyToes4u ($87.82 in chips)
Seat 6: Rus29APX ($302.88 in chips)
SmellyToes4u: posts small blind $1
Rus29APX: posts big blind $3
*** HOLE CARDS ***
SmellyToes4u: raises $3 to $6
Rus29APX: calls $3
*** FLOP *** [Ts Js Ah]
Rus29APX: checks
SmellyToes4u: bets $3
Rus29APX: folds
Uncalled bet ($3) returned to SmellyToes4u
SmellyToes4u collected $11.76 from pot
SmellyToes4u: doesn't show hand
*** SUMMARY ***
Total pot $12 | Rake $0.24
Board [Ts Js Ah]
Seat 5: SmellyToes4u (button) (small blind) collected ($11.76)
Seat 6: Rus29APX (big blind) folded on the Flop


PokerStars Hand #151850682980:  Hold'em Limit ($3/$6 USD) - 2016/04/13 7:26:19 ET
Table 'Gemma II' 10-max Seat #5 is the button
Seat 5: SmellyToes4u ($91.22 in chips)
Seat 6: Rus29APX ($298.28 in chips)
SmellyToes4u: posts small blind $1
Rus29APX: posts big blind $3
*** HOLE CARDS ***
SmellyToes4u: raises $3 to $6
Rus29APX: calls $3
*** FLOP *** [Kh Js Jc]
Rus29APX: checks
SmellyToes4u: checks
*** TURN *** [Kh Js Jc] [7s]
Rus29APX: checks
SmellyToes4u: bets $6
Rus29APX: folds
Uncalled bet ($6) returned to SmellyToes4u
SmellyToes4u collected $11.76 from pot
SmellyToes4u: doesn't show hand
*** SUMMARY ***
Total pot $12 | Rake $0.24
Board [Kh Js Jc 7s]
Seat 5: SmellyToes4u (button) (small blind) collected ($11.76)
Seat 6: Rus29APX (big blind) folded on the Turn


PokerStars Hand #151850673914:  Hold'em Limit ($3/$6 USD) - 2016/04/13 7:26:00 ET
Table 'Gemma II' 10-max Seat #6 is the button
Seat 5: SmellyToes4u ($97.22 in chips)
Seat 6: Rus29APX ($292.52 in chips)
Rus29APX: posts small blind $1
SmellyToes4u: posts big blind $3
*** HOLE CARDS ***
Rus29APX: raises $3 to $6
SmellyToes4u: calls $3
*** FLOP *** [Kh 2d 2s]
SmellyToes4u: checks
Rus29APX: bets $3
SmellyToes4u: folds
Uncalled bet ($3) returned to Rus29APX
Rus29APX collected $11.76 from pot
Rus29APX: doesn't show hand
*** SUMMARY ***
Total pot $12 | Rake $0.24
Board [Kh 2d 2s]
Seat 5: SmellyToes4u (big blind) folded on the Flop
Seat 6: Rus29APX (button) (small blind) collected ($11.76)


PokerStars Hand #151850723860:  Hold'em Limit ($3/$6 USD) - 2016/04/13 7:27:47 ET
Table 'Gemma II' 10-max Seat #6 is the button
Seat 5: SmellyToes4u ($140.28 in chips)
Seat 6: Rus29APX ($247.28 in chips)
Rus29APX: posts small blind $1
SmellyToes4u: posts big blind $3
*** HOLE CARDS ***
Rus29APX: raises $3 to $6
SmellyToes4u: calls $3
*** FLOP *** [3s 7h 4d]
SmellyToes4u: checks
Rus29APX: checks
*** TURN *** [3s 7h 4d] [Jh]
SmellyToes4u: checks
Rus29APX: checks
*** RIVER *** [3s 7h 4d Jh] [7d]
SmellyToes4u: bets $6
Rus29APX: calls $6
*** SHOW DOWN ***
SmellyToes4u: shows [As 5h] (a pair of Sevens)
Rus29APX: mucks hand
SmellyToes4u collected $23.52 from pot
*** SUMMARY ***
Total pot $24 | Rake $0.48
Board [3s 7h 4d Jh 7d]
Seat 5: SmellyToes4u (big blind) showed [As 5h] and won ($23.52) with a pair of Sevens
Seat 6: Rus29APX (button) (small blind) mucked


PokerStars Hand #151850716207:  Hold'em Limit ($3/$6 USD) - 2016/04/13 7:27:31 ET
Table 'Gemma II' 10-max Seat #5 is the button
Seat 5: SmellyToes4u ($128.76 in chips)
Seat 6: Rus29APX ($259.28 in chips)
SmellyToes4u: posts small blind $1
Rus29APX: posts big blind $3
*** HOLE CARDS ***
SmellyToes4u: raises $3 to $6
Rus29APX: calls $3
*** FLOP *** [Jc As 3s]
Rus29APX: checks
SmellyToes4u: bets $3
Rus29APX: raises $3 to $6
SmellyToes4u: calls $3
*** TURN *** [Jc As 3s] [6d]
Rus29APX: checks
SmellyToes4u: bets $6
Rus29APX: folds
Uncalled bet ($6) returned to SmellyToes4u
SmellyToes4u collected $23.52 from pot
SmellyToes4u: doesn't show hand
*** SUMMARY ***
Total pot $24 | Rake $0.48
Board [Jc As 3s 6d]
Seat 5: SmellyToes4u (button) (small blind) collected ($23.52)
Seat 6: Rus29APX (big blind) folded on the Turn


PokerStars Hand #151850709221:  Hold'em Limit ($3/$6 USD) - 2016/04/13 7:27:16 ET
Table 'Gemma II' 10-max Seat #6 is the button
Seat 5: SmellyToes4u ($114.26 in chips)
Seat 6: Rus29APX ($274.28 in chips)
Rus29APX: posts small blind $1
SmellyToes4u: posts big blind $3
*** HOLE CARDS ***
Rus29APX: raises $3 to $6
SmellyToes4u: calls $3
*** FLOP *** [2h 4s 5c]
SmellyToes4u: checks
Rus29APX: bets $3
SmellyToes4u: calls $3
*** TURN *** [2h 4s 5c] [2d]
SmellyToes4u: checks
Rus29APX: checks
*** RIVER *** [2h 4s 5c 2d] [Th]
SmellyToes4u: bets $6
Rus29APX: calls $6
*** SHOW DOWN ***
SmellyToes4u: shows [4d Td] (two pair, Tens and Fours)
Rus29APX: mucks hand
SmellyToes4u collected $29.50 from pot
*** SUMMARY ***
Total pot $30 | Rake $0.50
Board [2h 4s 5c 2d Th]
Seat 5: SmellyToes4u (big blind) showed [4d Td] and won ($29.50) with two pair, Tens and Fours
Seat 6: Rus29APX (button) (small blind) mucked


PokerStars Hand #151850704800:  Hold'em Limit ($3/$6 USD) - 2016/04/13 7:27:06 ET
Table 'Gemma II' 10-max Seat #5 is the button
Seat 5: SmellyToes4u ($108.50 in chips)
Seat 6: Rus29APX ($280.28 in chips)
SmellyToes4u: posts small blind $1
Rus29APX: posts big blind $3
*** HOLE CARDS ***
SmellyToes4u: raises $3 to $6
Rus29APX: calls $3
*** FLOP *** [Tc Qc 3s]
Rus29APX: checks
SmellyToes4u: bets $3
Rus29APX: folds
Uncalled bet ($3) returned to SmellyToes4u
SmellyToes4u collected $11.76 from pot
SmellyToes4u: doesn't show hand
*** SUMMARY ***
Total pot $12 | Rake $0.24
Board [Tc Qc 3s]
Seat 5: SmellyToes4u (button) (small blind) collected ($11.76)
Seat 6: Rus29APX (big blind) folded on the Flop


PokerStars Hand #151850698819:  Hold'em Limit ($3/$6 USD) - 2016/04/13 7:26:53 ET
Table 'Gemma II' 10-max Seat #6 is the button
Seat 5: SmellyToes4u ($96.98 in chips)
Seat 6: Rus29APX ($292.28 in chips)
Rus29APX: posts small blind $1
SmellyToes4u: posts big blind $3
*** HOLE CARDS ***
Rus29APX: raises $3 to $6
SmellyToes4u: raises $3 to $9
Rus29APX: calls $3
*** FLOP *** [6s 4d 9d]
SmellyToes4u: bets $3
Rus29APX: calls $3
*** TURN *** [6s 4d 9d] [Qs]
SmellyToes4u: bets $6
Rus29APX: folds
Uncalled bet ($6) returned to SmellyToes4u
SmellyToes4u collected $23.52 from pot
SmellyToes4u: doesn't show hand
*** SUMMARY ***
Total pot $24 | Rake $0.48
Board [6s 4d 9d Qs]
Seat 5: SmellyToes4u (big blind) collected ($23.52)
Seat 6: Rus29APX (button) (small blind) folded on the Turn


PokerStars Hand #151850755443:  Hold'em Limit ($3/$6 USD) - 2016/04/13 7:28:54 ET
Table 'Gemma II' 10-max Seat #5 is the button
Seat 5: SmellyToes4u ($163.05 in chips)
Seat 6: Rus29APX ($222.67 in chips)
SmellyToes4u: posts small blind $1
Rus29APX: posts big blind $3
*** HOLE CARDS ***
SmellyToes4u: folds
Uncalled bet ($2) returned to Rus29APX
Rus29APX collected $2 from pot
Rus29APX: doesn't show hand
*** SUMMARY ***
Total pot $2 | Rake $0
Seat 5: SmellyToes4u (button) (small blind) folded before Flop
Seat 6: Rus29APX (big blind) collected ($2)


PokerStars Hand #151850745812:  Hold'em Limit ($3/$6 USD) - 2016/04/13 7:28:34 ET
Table 'Gemma II' 10-max Seat #6 is the button
Seat 5: SmellyToes4u ($163.30 in chips)
Seat 6: Rus29APX ($222.92 in chips)
Rus29APX: posts small blind $1
SmellyToes4u: posts big blind $3
*** HOLE CARDS ***
Rus29APX: raises $3 to $6
SmellyToes4u: calls $3
*** FLOP *** [Kd Kc Jh]
SmellyToes4u: checks
Rus29APX: bets $3
SmellyToes4u: raises $3 to $6
Rus29APX: calls $3
*** TURN *** [Kd Kc Jh] [Td]
SmellyToes4u: checks
Rus29APX: checks
*** RIVER *** [Kd Kc Jh Td] [Qh]
SmellyToes4u: bets $6
Rus29APX: raises $6 to $12
SmellyToes4u: calls $6
*** SHOW DOWN ***
Rus29APX: shows [9s Ac] (a straight, Ten to Ace)
SmellyToes4u: shows [Th Ah] (a straight, Ten to Ace)
SmellyToes4u collected $23.75 from pot
Rus29APX collected $23.75 from pot
*** SUMMARY ***
Total pot $48 | Rake $0.50
Board [Kd Kc Jh Td Qh]
Seat 5: SmellyToes4u (big blind) showed [Th Ah] and won ($23.75) with a straight, Ten to Ace
Seat 6: Rus29APX (button) (small blind) showed [9s Ac] and won ($23.75) with a straight, Ten to Ace


PokerStars Hand #151850743498:  Hold'em Limit ($3/$6 USD) - 2016/04/13 7:28:29 ET
Table 'Gemma II' 10-max Seat #5 is the button
Seat 5: SmellyToes4u ($160.30 in chips)
Seat 6: Rus29APX ($225.92 in chips)
SmellyToes4u: posts small blind $1
Rus29APX: posts big blind $3
*** HOLE CARDS ***
SmellyToes4u: raises $3 to $6
Rus29APX: folds
Uncalled bet ($3) returned to SmellyToes4u
SmellyToes4u collected $6 from pot
SmellyToes4u: doesn't show hand
*** SUMMARY ***
Total pot $6 | Rake $0
Seat 5: SmellyToes4u (button) (small blind) collected ($6)
Seat 6: Rus29APX (big blind) folded before Flop


PokerStars Hand #151850736214:  Hold'em Limit ($3/$6 USD) - 2016/04/13 7:28:13 ET
Table 'Gemma II' 10-max Seat #6 is the button
Seat 5: SmellyToes4u ($142.80 in chips)
Seat 6: Rus29APX ($243.92 in chips)
Rus29APX: posts small blind $1
SmellyToes4u: posts big blind $3
*** HOLE CARDS ***
Rus29APX: raises $3 to $6
SmellyToes4u: calls $3
*** FLOP *** [6s 2c Qh]
SmellyToes4u: checks
Rus29APX: checks
*** TURN *** [6s 2c Qh] [4s]
SmellyToes4u: bets $6
Rus29APX: calls $6
*** RIVER *** [6s 2c Qh 4s] [2s]
SmellyToes4u: bets $6
Rus29APX: calls $6
*** SHOW DOWN ***
SmellyToes4u: shows [As 4c] (two pair, Fours and Deuces)
Rus29APX: mucks hand
SmellyToes4u collected $35.50 from pot
*** SUMMARY ***
Total pot $36 | Rake $0.50
Board [6s 2c Qh 4s 2s]
Seat 5: SmellyToes4u (big blind) showed [As 4c] and won ($35.50) with two pair, Fours and Deuces
Seat 6: Rus29APX (button) (small blind) mucked


PokerStars Hand #151850731065:  Hold'em Limit ($3/$6 USD) - 2016/04/13 7:28:02 ET
Table 'Gemma II' 10-max Seat #5 is the button
Seat 5: SmellyToes4u ($151.80 in chips)
Seat 6: Rus29APX ($235.28 in chips)
SmellyToes4u: posts small blind $1
Rus29APX: posts big blind $3
*** HOLE CARDS ***
SmellyToes4u: raises $3 to $6
Rus29APX: raises $3 to $9
SmellyToes4u: calls $3
*** FLOP *** [Qc 2s Jc]
Rus29APX: bets $3
SmellyToes4u: folds
Uncalled bet ($3) returned to Rus29APX
Rus29APX collected $17.64 from pot
Rus29APX: doesn't show hand
*** SUMMARY ***
Total pot $18 | Rake $0.36
Board [Qc 2s Jc]
Seat 5: SmellyToes4u (button) (small blind) folded on the Flop
Seat 6: Rus29APX (big blind) collected ($17.64)


PokerStars Hand #151850773071:  Hold'em Limit ($3/$6 USD) - 2016/04/13 7:29:32 ET
Table 'Gemma II' 10-max Seat #6 is the button
Seat 5: SmellyToes4u ($164.69 in chips)
Seat 6: Rus29APX ($220.43 in chips)
Rus29APX: posts small blind $1
SmellyToes4u: posts big blind $3
*** HOLE CARDS ***
Rus29APX: raises $3 to $6
SmellyToes4u: calls $3
*** FLOP *** [Tc 4s Td]
SmellyToes4u: checks
Rus29APX: bets $3
SmellyToes4u: folds
Uncalled bet ($3) returned to Rus29APX
Rus29APX collected $11.76 from pot
Rus29APX: doesn't show hand
*** SUMMARY ***
Total pot $12 | Rake $0.24
Board [Tc 4s Td]
Seat 5: SmellyToes4u (big blind) folded on the Flop
Seat 6: Rus29APX (button) (small blind) collected ($11.76)


PokerStars Hand #151850761922:  Hold'em Limit ($3/$6 USD) - 2016/04/13 7:29:08 ET
Table 'Gemma II' 10-max Seat #5 is the button
Seat 5: SmellyToes4u ($156.05 in chips)
Seat 6: Rus29APX ($229.43 in chips)
SmellyToes4u: posts small blind $1
Rus29APX: posts big blind $3
*** HOLE CARDS ***
SmellyToes4u: raises $3 to $6
Rus29APX: calls $3
*** FLOP *** [3s 9s 3h]
Rus29APX: checks
SmellyToes4u: bets $3
Rus29APX: calls $3
*** TURN *** [3s 9s 3h] [5d]
Rus29APX: checks
SmellyToes4u: checks
*** RIVER *** [3s 9s 3h 5d] [5s]
Rus29APX: checks
SmellyToes4u: checks
*** SHOW DOWN ***
Rus29APX: shows [7c 8s] (two pair, Fives and Threes)
SmellyToes4u: shows [Td 8c] (two pair, Fives and Threes - Ten kicker)
SmellyToes4u collected $17.64 from pot
*** SUMMARY ***
Total pot $18 | Rake $0.36
Board [3s 9s 3h 5d 5s]
Seat 5: SmellyToes4u (button) (small blind) showed [Td 8c] and won ($17.64) with two pair, Fives and Threes
Seat 6: Rus29APX (big blind) showed [7c 8s] and lost with two pair, Fives and Threes


PokerStars Hand #151850757747:  Hold'em Limit ($3/$6 USD) - 2016/04/13 7:28:59 ET
Table 'Gemma II' 10-max Seat #6 is the button
Seat 5: SmellyToes4u ($162.05 in chips)
Seat 6: Rus29APX ($223.67 in chips)
Rus29APX: posts small blind $1
SmellyToes4u: posts big blind $3
*** HOLE CARDS ***
Rus29APX: raises $3 to $6
SmellyToes4u: calls $3
*** FLOP *** [Ac Qs 5s]
SmellyToes4u: checks
Rus29APX: bets $3
SmellyToes4u: folds
Uncalled bet ($3) returned to Rus29APX
Rus29APX collected $11.76 from pot
Rus29APX: doesn't show hand
*** SUMMARY ***
Total pot $12 | Rake $0.24
Board [Ac Qs 5s]
Seat 5: SmellyToes4u (big blind) folded on the Flop
Seat 6: Rus29APX (button) (small blind) collected ($11.76)


PokerStars Hand #151850803660:  Hold'em Limit ($3/$6 USD) - 2016/04/13 7:30:37 ET
Table 'Gemma II' 10-max Seat #6 is the button
Seat 5: SmellyToes4u ($116.69 in chips)
Seat 6: Rus29APX ($267.19 in chips)
Rus29APX: posts small blind $1
SmellyToes4u: posts big blind $3
*** HOLE CARDS ***
Rus29APX: raises $3 to $6
SmellyToes4u: calls $3
*** FLOP *** [2s 3s 3h]
SmellyToes4u: checks
Rus29APX: bets $3
SmellyToes4u: calls $3
*** TURN *** [2s 3s 3h] [8d]
SmellyToes4u: checks
Rus29APX: checks
*** RIVER *** [2s 3s 3h 8d] [8h]
SmellyToes4u: bets $6
Rus29APX: calls $6
*** SHOW DOWN ***
SmellyToes4u: shows [Ks 4c] (two pair, Eights and Threes)
Rus29APX: mucks hand
SmellyToes4u collected $29.50 from pot
*** SUMMARY ***
Total pot $30 | Rake $0.50
Board [2s 3s 3h 8d 8h]
Seat 5: SmellyToes4u (big blind) showed [Ks 4c] and won ($29.50) with two pair, Eights and Threes
Seat 6: Rus29APX (button) (small blind) mucked


PokerStars Hand #151850801002:  Hold'em Limit ($3/$6 USD) - 2016/04/13 7:30:31 ET
Table 'Gemma II' 10-max Seat #5 is the button
Seat 5: SmellyToes4u ($113.69 in chips)
Seat 6: Rus29APX ($270.19 in chips)
SmellyToes4u: posts small blind $1
Rus29APX: posts big blind $3
*** HOLE CARDS ***
SmellyToes4u: raises $3 to $6
Rus29APX: folds
Uncalled bet ($3) returned to SmellyToes4u
SmellyToes4u collected $6 from pot
SmellyToes4u: doesn't show hand
*** SUMMARY ***
Total pot $6 | Rake $0
Seat 5: SmellyToes4u (button) (small blind) collected ($6)
Seat 6: Rus29APX (big blind) folded before Flop


PokerStars Hand #151850791633:  Hold'em Limit ($3/$6 USD) - 2016/04/13 7:30:11 ET
Table 'Gemma II' 10-max Seat #6 is the button
Seat 5: SmellyToes4u ($131.69 in chips)
Seat 6: Rus29APX ($252.69 in chips)
Rus29APX: posts small blind $1
SmellyToes4u: posts big blind $3
*** HOLE CARDS ***
Rus29APX: raises $3 to $6
SmellyToes4u: calls $3
*** FLOP *** [8c 6s 6d]
SmellyToes4u: checks
Rus29APX: bets $3
SmellyToes4u: raises $3 to $6
Rus29APX: calls $3
*** TURN *** [8c 6s 6d] [Kc]
SmellyToes4u: checks
Rus29APX: checks
*** RIVER *** [8c 6s 6d Kc] [2h]
SmellyToes4u: bets $6
Rus29APX: calls $6
*** SHOW DOWN ***
SmellyToes4u: shows [2s Ac] (two pair, Sixes and Deuces)
Rus29APX: shows [Qd Qc] (two pair, Queens and Sixes)
Rus29APX collected $35.50 from pot
*** SUMMARY ***
Total pot $36 | Rake $0.50
Board [8c 6s 6d Kc 2h]
Seat 5: SmellyToes4u (big blind) showed [2s Ac] and lost with two pair, Sixes and Deuces
Seat 6: Rus29APX (button) (small blind) showed [Qd Qc] and won ($35.50) with two pair, Queens and Sixes


PokerStars Hand #151850777404:  Hold'em Limit ($3/$6 USD) - 2016/04/13 7:29:42 ET
Table 'Gemma II' 10-max Seat #5 is the button
Seat 5: SmellyToes4u ($158.69 in chips)
Seat 6: Rus29APX ($226.19 in chips)
SmellyToes4u: posts small blind $1
Rus29APX: posts big blind $3
*** HOLE CARDS ***
SmellyToes4u: raises $3 to $6
Rus29APX: calls $3
*** FLOP *** [5c 5d 6d]
Rus29APX: checks
SmellyToes4u: bets $3
Rus29APX: calls $3
*** TURN *** [5c 5d 6d] [9c]
Rus29APX: checks
SmellyToes4u: bets $6
Rus29APX: raises $6 to $12
SmellyToes4u: raises $6 to $18
Rus29APX: calls $6
*** RIVER *** [5c 5d 6d 9c] [2d]
Rus29APX: checks
SmellyToes4u: checks
*** SHOW DOWN ***
Rus29APX: shows [Ad 5s] (three of a kind, Fives)
SmellyToes4u: mucks hand
Rus29APX collected $53.50 from pot
*** SUMMARY ***
Total pot $54 | Rake $0.50
Board [5c 5d 6d 9c 2d]
Seat 5: SmellyToes4u (button) (small blind) mucked
Seat 6: Rus29APX (big blind) showed [Ad 5s] and won ($53.50) with three of a kind, Fives


PokerStars Hand #151850834995:  Hold'em Limit ($3/$6 USD) - 2016/04/13 7:31:42 ET
Table 'Gemma II' 10-max Seat #5 is the button
Seat 5: SmellyToes4u ($166.21 in chips)
Seat 6: Rus29APX ($216.19 in chips)
SmellyToes4u: posts small blind $1
Rus29APX: posts big blind $3
*** HOLE CARDS ***
SmellyToes4u: folds
Uncalled bet ($2) returned to Rus29APX
Rus29APX collected $2 from pot
Rus29APX: doesn't show hand
*** SUMMARY ***
Total pot $2 | Rake $0
Seat 5: SmellyToes4u (button) (small blind) folded before Flop
Seat 6: Rus29APX (big blind) collected ($2)


PokerStars Hand #151850826582:  Hold'em Limit ($3/$6 USD) - 2016/04/13 7:31:25 ET
Table 'Gemma II' 10-max Seat #6 is the button
Seat 5: SmellyToes4u ($154.69 in chips)
Seat 6: Rus29APX ($228.19 in chips)
Rus29APX: posts small blind $1
SmellyToes4u: posts big blind $3
*** HOLE CARDS ***
Rus29APX: raises $3 to $6
SmellyToes4u: raises $3 to $9
Rus29APX: calls $3
*** FLOP *** [Kc Ts Td]
SmellyToes4u: bets $3
Rus29APX: calls $3
*** TURN *** [Kc Ts Td] [9d]
SmellyToes4u: checks
Rus29APX: checks
*** RIVER *** [Kc Ts Td 9d] [Ah]
SmellyToes4u: checks
Rus29APX: checks
*** SHOW DOWN ***
SmellyToes4u: shows [8s 8h] (two pair, Tens and Eights)
Rus29APX: mucks hand
SmellyToes4u collected $23.52 from pot
*** SUMMARY ***
Total pot $24 | Rake $0.48
Board [Kc Ts Td 9d Ah]
Seat 5: SmellyToes4u (big blind) showed [8s 8h] and won ($23.52) with two pair, Tens and Eights
Seat 6: Rus29APX (button) (small blind) mucked


PokerStars Hand #151850814384:  Hold'em Limit ($3/$6 USD) - 2016/04/13 7:30:59 ET
Table 'Gemma II' 10-max Seat #5 is the button
Seat 5: SmellyToes4u ($131.19 in chips)
Seat 6: Rus29APX ($252.19 in chips)
SmellyToes4u: posts small blind $1
Rus29APX: posts big blind $3
*** HOLE CARDS ***
SmellyToes4u: raises $3 to $6
Rus29APX: calls $3
*** FLOP *** [Qc 8h 3d]
Rus29APX: checks
SmellyToes4u: bets $3
Rus29APX: raises $3 to $6
SmellyToes4u: calls $3
*** TURN *** [Qc 8h 3d] [7c]
Rus29APX: checks
SmellyToes4u: bets $6
Rus29APX: calls $6
*** RIVER *** [Qc 8h 3d 7c] [Th]
Rus29APX: checks
SmellyToes4u: bets $6
Rus29APX: calls $6
*** SHOW DOWN ***
SmellyToes4u: shows [Qs 5c] (a pair of Queens)
Rus29APX: mucks hand
SmellyToes4u collected $47.50 from pot
*** SUMMARY ***
Total pot $48 | Rake $0.50
Board [Qc 8h 3d 7c Th]
Seat 5: SmellyToes4u (button) (small blind) showed [Qs 5c] and won ($47.50) with a pair of Queens
Seat 6: Rus29APX (big blind) mucked


PokerStars Hand #151850864983:  Hold'em Limit ($3/$6 USD) - 2016/04/13 7:32:45 ET
Table 'Gemma II' 10-max Seat #5 is the button
Seat 5: SmellyToes4u ($196.35 in chips)
Seat 6: Rus29APX ($185.19 in chips)
SmellyToes4u: posts small blind $1
Rus29APX: posts big blind $3
*** HOLE CARDS ***
SmellyToes4u: raises $3 to $6
Rus29APX: folds
Uncalled bet ($3) returned to SmellyToes4u
SmellyToes4u collected $6 from pot
SmellyToes4u: doesn't show hand
*** SUMMARY ***
Total pot $6 | Rake $0
Seat 5: SmellyToes4u (button) (small blind) collected ($6)
Seat 6: Rus29APX (big blind) folded before Flop


PokerStars Hand #151850859453:  Hold'em Limit ($3/$6 USD) - 2016/04/13 7:32:33 ET
Table 'Gemma II' 10-max Seat #6 is the button
Seat 5: SmellyToes4u ($195.35 in chips)
Seat 6: Rus29APX ($186.19 in chips)
Rus29APX: posts small blind $1
SmellyToes4u: posts big blind $3
*** HOLE CARDS ***
Rus29APX: folds
Uncalled bet ($2) returned to SmellyToes4u
SmellyToes4u collected $2 from pot
SmellyToes4u: doesn't show hand
*** SUMMARY ***
Total pot $2 | Rake $0
Seat 5: SmellyToes4u (big blind) collected ($2)
Seat 6: Rus29APX (button) (small blind) folded before Flop


PokerStars Hand #151850857012:  Hold'em Limit ($3/$6 USD) - 2016/04/13 7:32:28 ET
Table 'Gemma II' 10-max Seat #5 is the button
Seat 5: SmellyToes4u ($196.35 in chips)
Seat 6: Rus29APX ($185.19 in chips)
SmellyToes4u: posts small blind $1
Rus29APX: posts big blind $3
*** HOLE CARDS ***
SmellyToes4u: folds
Uncalled bet ($2) returned to Rus29APX
Rus29APX collected $2 from pot
Rus29APX: doesn't show hand
*** SUMMARY ***
Total pot $2 | Rake $0
Seat 5: SmellyToes4u (button) (small blind) folded before Flop
Seat 6: Rus29APX (big blind) collected ($2)


PokerStars Hand #151850847739:  Hold'em Limit ($3/$6 USD) - 2016/04/13 7:32:09 ET
Table 'Gemma II' 10-max Seat #6 is the button
Seat 5: SmellyToes4u ($172.85 in chips)
Seat 6: Rus29APX ($209.19 in chips)
Rus29APX: posts small blind $1
SmellyToes4u: posts big blind $3
*** HOLE CARDS ***
Rus29APX: raises $3 to $6
SmellyToes4u: raises $3 to $9
Rus29APX: calls $3
*** FLOP *** [4d 9d Kh]
SmellyToes4u: bets $3
Rus29APX: calls $3
*** TURN *** [4d 9d Kh] [2s]
SmellyToes4u: bets $6
Rus29APX: calls $6
*** RIVER *** [4d 9d Kh 2s] [Qd]
SmellyToes4u: bets $6
Rus29APX: calls $6
*** SHOW DOWN ***
SmellyToes4u: shows [9h 9c] (three of a kind, Nines)
Rus29APX: mucks hand
SmellyToes4u collected $47.50 from pot
*** SUMMARY ***
Total pot $48 | Rake $0.50
Board [4d 9d Kh 2s Qd]
Seat 5: SmellyToes4u (big blind) showed [9h 9c] and won ($47.50) with three of a kind, Nines
Seat 6: Rus29APX (button) (small blind) mucked


PokerStars Hand #151850845649:  Hold'em Limit ($3/$6 USD) - 2016/04/13 7:32:04 ET
Table 'Gemma II' 10-max Seat #5 is the button
Seat 5: SmellyToes4u ($173.85 in chips)
Seat 6: Rus29APX ($208.19 in chips)
SmellyToes4u: posts small blind $1
Rus29APX: posts big blind $3
*** HOLE CARDS ***
SmellyToes4u: folds
Uncalled bet ($2) returned to Rus29APX
Rus29APX collected $2 from pot
Rus29APX: doesn't show hand
*** SUMMARY ***
Total pot $2 | Rake $0
Seat 5: SmellyToes4u (button) (small blind) folded before Flop
Seat 6: Rus29APX (big blind) collected ($2)


PokerStars Hand #151850837065:  Hold'em Limit ($3/$6 USD) - 2016/04/13 7:31:46 ET
Table 'Gemma II' 10-max Seat #6 is the button
Seat 5: SmellyToes4u ($165.21 in chips)
Seat 6: Rus29APX ($217.19 in chips)
Rus29APX: posts small blind $1
SmellyToes4u: posts big blind $3
*** HOLE CARDS ***
Rus29APX: raises $3 to $6
SmellyToes4u: calls $3
*** FLOP *** [5d Js Kd]
SmellyToes4u: checks
Rus29APX: bets $3
SmellyToes4u: raises $3 to $6
Rus29APX: folds
Uncalled bet ($3) returned to SmellyToes4u
SmellyToes4u collected $17.64 from pot
SmellyToes4u: doesn't show hand
*** SUMMARY ***
Total pot $18 | Rake $0.36
Board [5d Js Kd]
Seat 5: SmellyToes4u (big blind) collected ($17.64)
Seat 6: Rus29APX (button) (small blind) folded on the Flop


PokerStars Hand #151850893835:  Hold'em Limit ($3/$6 USD) - 2016/04/13 7:33:45 ET
Table 'Gemma II' 10-max Seat #5 is the button
Seat 5: SmellyToes4u ($216.85 in chips)
Seat 6: Rus29APX ($163.69 in chips)
SmellyToes4u: posts small blind $1
Rus29APX: posts big blind $3
*** HOLE CARDS ***
SmellyToes4u: raises $3 to $6
Rus29APX: calls $3
*** FLOP *** [4h Ks Kc]
Rus29APX: checks
SmellyToes4u: bets $3
Rus29APX: raises $3 to $6
SmellyToes4u: calls $3
*** TURN *** [4h Ks Kc] [Qh]
Rus29APX: bets $6
SmellyToes4u: raises $6 to $12
Rus29APX: folds
Uncalled bet ($6) returned to SmellyToes4u
SmellyToes4u collected $35.50 from pot
SmellyToes4u: doesn't show hand
*** SUMMARY ***
Total pot $36 | Rake $0.50
Board [4h Ks Kc Qh]
Seat 5: SmellyToes4u (button) (small blind) collected ($35.50)
Seat 6: Rus29APX (big blind) folded on the Turn


PokerStars Hand #151850881922:  Hold'em Limit ($3/$6 USD) - 2016/04/13 7:33:20 ET
Table 'Gemma II' 10-max Seat #6 is the button
Seat 5: SmellyToes4u ($237.85 in chips)
Seat 6: Rus29APX ($143.19 in chips)
Rus29APX: posts small blind $1
SmellyToes4u: posts big blind $3
*** HOLE CARDS ***
Rus29APX: raises $3 to $6
SmellyToes4u: calls $3
*** FLOP *** [2c 7h Qd]
SmellyToes4u: checks
Rus29APX: bets $3
SmellyToes4u: calls $3
*** TURN *** [2c 7h Qd] [Jd]
SmellyToes4u: checks
Rus29APX: bets $6
SmellyToes4u: calls $6
*** RIVER *** [2c 7h Qd Jd] [8c]
SmellyToes4u: checks
Rus29APX: bets $6
SmellyToes4u: calls $6
*** SHOW DOWN ***
Rus29APX: shows [Kd Jh] (a pair of Jacks)
SmellyToes4u: mucks hand
Rus29APX collected $41.50 from pot
*** SUMMARY ***
Total pot $42 | Rake $0.50
Board [2c 7h Qd Jd 8c]
Seat 5: SmellyToes4u (big blind) mucked
Seat 6: Rus29APX (button) (small blind) showed [Kd Jh] and won ($41.50) with a pair of Jacks


PokerStars Hand #151850868080:  Hold'em Limit ($3/$6 USD) - 2016/04/13 7:32:51 ET
Table 'Gemma II' 10-max Seat #6 is the button
Seat 5: SmellyToes4u ($199.35 in chips)
Seat 6: Rus29APX ($182.19 in chips)
Rus29APX: posts small blind $1
SmellyToes4u: posts big blind $3
*** HOLE CARDS ***
Rus29APX: raises $3 to $6
SmellyToes4u: calls $3
*** FLOP *** [Kc 7c 3h]
SmellyToes4u: checks
Rus29APX: bets $3
SmellyToes4u: raises $3 to $6
Rus29APX: calls $3
*** TURN *** [Kc 7c 3h] [5h]
SmellyToes4u: bets $6
Rus29APX: raises $6 to $12
SmellyToes4u: raises $6 to $18
Rus29APX: calls $6
*** RIVER *** [Kc 7c 3h 5h] [7d]
SmellyToes4u: bets $6
Rus29APX: calls $6
*** SHOW DOWN ***
SmellyToes4u: shows [3d 3c] (a full house, Threes full of Sevens)
Rus29APX: mucks hand
SmellyToes4u collected $71.50 from pot
*** SUMMARY ***
Total pot $72 | Rake $0.50
Board [Kc 7c 3h 5h 7d]
Seat 5: SmellyToes4u (big blind) showed [3d 3c] and won ($71.50) with a full house, Threes full of Sevens
Seat 6: Rus29APX (button) (small blind) mucked


PokerStars Hand #151850878284:  Hold'em Limit ($3/$6 USD) - 2016/04/13 7:33:12 ET
Table 'Gemma II' 10-max Seat #5 is the button
Seat 5: SmellyToes4u ($234.85 in chips)
Seat 6: Rus29APX ($146.19 in chips)
SmellyToes4u: posts small blind $1
Rus29APX: posts big blind $3
*** HOLE CARDS ***
SmellyToes4u: raises $3 to $6
Rus29APX: folds
Uncalled bet ($3) returned to SmellyToes4u
SmellyToes4u collected $6 from pot
SmellyToes4u: doesn't show hand
*** SUMMARY ***
Total pot $6 | Rake $0
Seat 5: SmellyToes4u (button) (small blind) collected ($6)
Seat 6: Rus29APX (big blind) folded before Flop


PokerStars Hand #151850909948:  Hold'em Limit ($3/$6 USD) - 2016/04/13 7:34:18 ET
Table 'Gemma II' 10-max Seat #5 is the button
Seat 5: SmellyToes4u ($228.35 in chips)
Seat 6: Rus29APX ($151.45 in chips)
SmellyToes4u: posts small blind $1
Rus29APX: posts big blind $3
*** HOLE CARDS ***
SmellyToes4u: folds
Uncalled bet ($2) returned to Rus29APX
Rus29APX collected $2 from pot
Rus29APX: doesn't show hand
*** SUMMARY ***
Total pot $2 | Rake $0
Seat 5: SmellyToes4u (button) (small blind) folded before Flop
Seat 6: Rus29APX (big blind) collected ($2)


PokerStars Hand #151850902743:  Hold'em Limit ($3/$6 USD) - 2016/04/13 7:34:03 ET
Table 'Gemma II' 10-max Seat #6 is the button
Seat 5: SmellyToes4u ($234.35 in chips)
Seat 6: Rus29APX ($145.69 in chips)
Rus29APX: posts small blind $1
SmellyToes4u: posts big blind $3
*** HOLE CARDS ***
Rus29APX: raises $3 to $6
SmellyToes4u: calls $3
*** FLOP *** [9s 3s 6s]
SmellyToes4u: checks
Rus29APX: bets $3
SmellyToes4u: folds
Uncalled bet ($3) returned to Rus29APX
Rus29APX collected $11.76 from pot
Rus29APX: doesn't show hand
*** SUMMARY ***
Total pot $12 | Rake $0.24
Board [9s 3s 6s]
Seat 5: SmellyToes4u (big blind) folded on the Flop
Seat 6: Rus29APX (button) (small blind) collected ($11.76)


PokerStars Hand #151850911970:  Hold'em Limit ($3/$6 USD) - 2016/04/13 7:34:22 ET
Table 'Gemma II' 10-max Seat #6 is the button
Seat 5: SmellyToes4u ($227.35 in chips)
Seat 6: Rus29APX ($152.45 in chips)
Rus29APX: posts small blind $1
SmellyToes4u: posts big blind $3
*** HOLE CARDS ***
Rus29APX: raises $3 to $6
SmellyToes4u: calls $3
*** FLOP *** [8h 5h 8c]
SmellyToes4u: checks
Rus29APX: bets $3
SmellyToes4u: folds
Uncalled bet ($3) returned to Rus29APX
Rus29APX collected $11.76 from pot
*** SUMMARY ***
Total pot $12 | Rake $0.24
Board [8h 5h 8c]
Seat 5: SmellyToes4u (big blind) folded on the Flop
Seat 6: Rus29APX (button) (small blind) collected ($11.76)


PokerStars Hand #151850919378:  Hold'em Limit ($3/$6 USD) - 2016/04/13 7:34:38 ET
Table 'Gemma II' 10-max Seat #6 is the button
Seat 5: SmellyToes4u ($220.35 in chips)
Seat 6: Rus29APX ($159.21 in chips)
Rus29APX: posts small blind $1
SmellyToes4u: posts big blind $3
*** HOLE CARDS ***
Rus29APX: raises $3 to $6
SmellyToes4u: folds
Uncalled bet ($3) returned to Rus29APX
Rus29APX collected $6 from pot
Rus29APX: doesn't show hand
*** SUMMARY ***
Total pot $6 | Rake $0
Seat 5: SmellyToes4u (big blind) folded before Flop
Seat 6: Rus29APX (button) (small blind) collected ($6)


PokerStars Hand #151850916335:  Hold'em Limit ($3/$6 USD) - 2016/04/13 7:34:31 ET
Table 'Gemma II' 10-max Seat #5 is the button
Seat 5: SmellyToes4u ($221.35 in chips)
Seat 6: Rus29APX ($158.21 in chips)
SmellyToes4u: posts small blind $1
Rus29APX: posts big blind $3
*** HOLE CARDS ***
SmellyToes4u: folds
Uncalled bet ($2) returned to Rus29APX
Rus29APX collected $2 from pot
Rus29APX: doesn't show hand
*** SUMMARY ***
Total pot $2 | Rake $0
Seat 5: SmellyToes4u (button) (small blind) folded before Flop
Seat 6: Rus29APX (big blind) collected ($2)


PokerStars Hand #151850921885:  Hold'em Limit ($3/$6 USD) - 2016/04/13 7:34:43 ET
Table 'Gemma II' 10-max Seat #5 is the button
Seat 5: SmellyToes4u ($217.35 in chips)
Seat 6: Rus29APX ($162.21 in chips)
SmellyToes4u: posts small blind $1
Rus29APX: posts big blind $3
*** HOLE CARDS ***
SmellyToes4u: raises $3 to $6
Rus29APX: folds
Uncalled bet ($3) returned to SmellyToes4u
SmellyToes4u collected $6 from pot
SmellyToes4u: doesn't show hand
*** SUMMARY ***
Total pot $6 | Rake $0
Seat 5: SmellyToes4u (button) (small blind) collected ($6)
Seat 6: Rus29APX (big blind) folded before Flop


PokerStars Hand #151850924511:  Hold'em Limit ($3/$6 USD) - 2016/04/13 7:34:48 ET
Table 'Gemma II' 10-max Seat #6 is the button
Seat 5: SmellyToes4u ($220.35 in chips)
Seat 6: Rus29APX ($159.21 in chips)
Rus29APX: posts small blind $1
SmellyToes4u: posts big blind $3
*** HOLE CARDS ***
Rus29APX: raises $3 to $6
SmellyToes4u: calls $3
*** FLOP *** [Js 4d 2d]
SmellyToes4u: checks
Rus29APX: bets $3
SmellyToes4u: calls $3
*** TURN *** [Js 4d 2d] [Tc]
SmellyToes4u: checks
Rus29APX: checks
*** RIVER *** [Js 4d 2d Tc] [5h]
SmellyToes4u: bets $6
Rus29APX: calls $6
*** SHOW DOWN ***
SmellyToes4u: shows [Ks Th] (a pair of Tens)
Rus29APX: mucks hand
SmellyToes4u collected $29.50 from pot
*** SUMMARY ***
Total pot $30 | Rake $0.50
Board [Js 4d 2d Tc 5h]
Seat 5: SmellyToes4u (big blind) showed [Ks Th] and won ($29.50) with a pair of Tens
Seat 6: Rus29APX (button) (small blind) mucked


PokerStars Hand #151850930793:  Hold'em Limit ($3/$6 USD) - 2016/04/13 7:35:01 ET
Table 'Gemma II' 10-max Seat #5 is the button
Seat 5: SmellyToes4u ($234.85 in chips)
Seat 6: Rus29APX ($144.21 in chips)
SmellyToes4u: posts small blind $1
Rus29APX: posts big blind $3
*** HOLE CARDS ***
SmellyToes4u: raises $3 to $6
Rus29APX: folds
Uncalled bet ($3) returned to SmellyToes4u
SmellyToes4u collected $6 from pot
SmellyToes4u: doesn't show hand
*** SUMMARY ***
Total pot $6 | Rake $0
Seat 5: SmellyToes4u (button) (small blind) collected ($6)
Seat 6: Rus29APX (big blind) folded before Flop


PokerStars Hand #151850933965:  Hold'em Limit ($3/$6 USD) - 2016/04/13 7:35:08 ET
Table 'Gemma II' 10-max Seat #6 is the button
Seat 5: SmellyToes4u ($237.85 in chips)
Seat 6: Rus29APX ($141.21 in chips)
Rus29APX: posts small blind $1
SmellyToes4u: posts big blind $3
*** HOLE CARDS ***
Rus29APX: raises $3 to $6
SmellyToes4u: calls $3
*** FLOP *** [Ad 3h 8d]
SmellyToes4u: checks
Rus29APX: bets $3
SmellyToes4u: raises $3 to $6
Rus29APX: calls $3
*** TURN *** [Ad 3h 8d] [Kc]
SmellyToes4u: bets $6
Rus29APX: raises $6 to $12
SmellyToes4u: raises $6 to $18
Rus29APX: calls $6
*** RIVER *** [Ad 3h 8d Kc] [4h]
SmellyToes4u: bets $6
Rus29APX: calls $6
*** SHOW DOWN ***
SmellyToes4u: shows [3c 3d] (three of a kind, Threes)
Rus29APX: mucks hand
SmellyToes4u collected $71.50 from pot
*** SUMMARY ***
Total pot $72 | Rake $0.50
Board [Ad 3h 8d Kc 4h]
Seat 5: SmellyToes4u (big blind) showed [3c 3d] and won ($71.50) with three of a kind, Threes
Seat 6: Rus29APX (button) (small blind) mucked


PokerStars Hand #151850943985:  Hold'em Limit ($3/$6 USD) - 2016/04/13 7:35:28 ET
Table 'Gemma II' 10-max Seat #5 is the button
Seat 5: SmellyToes4u ($273.35 in chips)
Seat 6: Rus29APX ($105.21 in chips)
SmellyToes4u: posts small blind $1
Rus29APX: posts big blind $3
*** HOLE CARDS ***
SmellyToes4u: raises $3 to $6
Rus29APX: raises $3 to $9
SmellyToes4u: calls $3
*** FLOP *** [7s Jh 6c]
Rus29APX: bets $3
SmellyToes4u: raises $3 to $6
Rus29APX: calls $3
*** TURN *** [7s Jh 6c] [Th]
Rus29APX: checks
SmellyToes4u: bets $6
Rus29APX: calls $6
*** RIVER *** [7s Jh 6c Th] [5c]
Rus29APX: checks
SmellyToes4u: bets $6
Rus29APX: calls $6
*** SHOW DOWN ***
SmellyToes4u: shows [Qs Qc] (a pair of Queens)
Rus29APX: mucks hand
SmellyToes4u collected $53.50 from pot
*** SUMMARY ***
Total pot $54 | Rake $0.50
Board [7s Jh 6c Th 5c]
Seat 5: SmellyToes4u (button) (small blind) showed [Qs Qc] and won ($53.50) with a pair of Queens
Seat 6: Rus29APX (big blind) mucked


PokerStars Hand #151850959263:  Hold'em Limit ($3/$6 USD) - 2016/04/13 7:36:00 ET
Table 'Gemma II' 10-max Seat #6 is the button
Seat 5: SmellyToes4u ($299.85 in chips)
Seat 6: Rus29APX ($78.21 in chips)
Rus29APX: posts small blind $1
SmellyToes4u: posts big blind $3
*** HOLE CARDS ***
Rus29APX: raises $3 to $6
SmellyToes4u: calls $3
*** FLOP *** [9h Tc 6d]
SmellyToes4u: checks
Rus29APX: bets $3
SmellyToes4u: calls $3
*** TURN *** [9h Tc 6d] [Qh]
SmellyToes4u: checks
Rus29APX: bets $6
SmellyToes4u: calls $6
*** RIVER *** [9h Tc 6d Qh] [3h]
SmellyToes4u: checks
Rus29APX: bets $6
SmellyToes4u: folds
Uncalled bet ($6) returned to Rus29APX
Rus29APX collected $29.50 from pot
Rus29APX: doesn't show hand
*** SUMMARY ***
Total pot $30 | Rake $0.50
Board [9h Tc 6d Qh 3h]
Seat 5: SmellyToes4u (big blind) folded on the River
Seat 6: Rus29APX (button) (small blind) collected ($29.50)


PokerStars Hand #151850987307:  Hold'em Limit ($3/$6 USD) - 2016/04/13 7:36:57 ET
Table 'Gemma II' 10-max Seat #5 is the button
Seat 5: SmellyToes4u ($284.85 in chips)
Seat 6: Rus29APX ($92.71 in chips)
SmellyToes4u: posts small blind $1
Rus29APX: posts big blind $3
*** HOLE CARDS ***
SmellyToes4u: raises $3 to $6
Rus29APX: calls $3
*** FLOP *** [8c 5s 3s]
Rus29APX: checks
SmellyToes4u: bets $3
Rus29APX: folds
Uncalled bet ($3) returned to SmellyToes4u
SmellyToes4u collected $11.76 from pot
SmellyToes4u: doesn't show hand
*** SUMMARY ***
Total pot $12 | Rake $0.24
Board [8c 5s 3s]
Seat 5: SmellyToes4u (button) (small blind) collected ($11.76)
Seat 6: Rus29APX (big blind) folded on the Flop


PokerStars Hand #151850994923:  Hold'em Limit ($3/$6 USD) - 2016/04/13 7:37:13 ET
Table 'Gemma II' 10-max Seat #6 is the button
Seat 5: SmellyToes4u ($290.61 in chips)
Seat 6: Rus29APX ($86.71 in chips)
Rus29APX: posts small blind $1
SmellyToes4u: posts big blind $3
*** HOLE CARDS ***
Rus29APX: raises $3 to $6
SmellyToes4u: calls $3
*** FLOP *** [Td 4d Jc]
SmellyToes4u: checks
Rus29APX: bets $3
SmellyToes4u: folds
Uncalled bet ($3) returned to Rus29APX
Rus29APX collected $11.76 from pot
Rus29APX: doesn't show hand
*** SUMMARY ***
Total pot $12 | Rake $0.24
Board [Td 4d Jc]
Seat 5: SmellyToes4u (big blind) folded on the Flop
Seat 6: Rus29APX (button) (small blind) collected ($11.76)


PokerStars Hand #151851001491:  Hold'em Limit ($3/$6 USD) - 2016/04/13 7:37:27 ET
Table 'Gemma II' 10-max Seat #6 is the button
Seat 5: SmellyToes4u ($283.61 in chips)
Seat 6: Rus29APX ($93.47 in chips)
Rus29APX: posts small blind $1
SmellyToes4u: posts big blind $3
*** HOLE CARDS ***
Rus29APX: raises $3 to $6
SmellyToes4u: folds
Uncalled bet ($3) returned to Rus29APX
Rus29APX collected $6 from pot
Rus29APX: doesn't show hand
*** SUMMARY ***
Total pot $6 | Rake $0
Seat 5: SmellyToes4u (big blind) folded before Flop
Seat 6: Rus29APX (button) (small blind) collected ($6)


PokerStars Hand #151850999405:  Hold'em Limit ($3/$6 USD) - 2016/04/13 7:37:22 ET
Table 'Gemma II' 10-max Seat #5 is the button
Seat 5: SmellyToes4u ($284.61 in chips)
Seat 6: Rus29APX ($92.47 in chips)
SmellyToes4u: posts small blind $1
Rus29APX: posts big blind $3
*** HOLE CARDS ***
SmellyToes4u: folds
Uncalled bet ($2) returned to Rus29APX
Rus29APX collected $2 from pot
Rus29APX: doesn't show hand
*** SUMMARY ***
Total pot $2 | Rake $0
Seat 5: SmellyToes4u (button) (small blind) folded before Flop
Seat 6: Rus29APX (big blind) collected ($2)


PokerStars Hand #151851003771:  Hold'em Limit ($3/$6 USD) - 2016/04/13 7:37:31 ET
Table 'Gemma II' 10-max Seat #5 is the button
Seat 5: SmellyToes4u ($280.61 in chips)
Seat 6: Rus29APX ($96.47 in chips)
SmellyToes4u: posts small blind $1
Rus29APX: posts big blind $3
*** HOLE CARDS ***
SmellyToes4u: raises $3 to $6
Rus29APX: calls $3
*** FLOP *** [8d Ac 2c]
Rus29APX: checks
SmellyToes4u: bets $3
Rus29APX: raises $3 to $6
SmellyToes4u: folds
Uncalled bet ($3) returned to Rus29APX
Rus29APX collected $17.64 from pot
Rus29APX: doesn't show hand
*** SUMMARY ***
Total pot $18 | Rake $0.36
Board [8d Ac 2c]
Seat 5: SmellyToes4u (button) (small blind) folded on the Flop
Seat 6: Rus29APX (big blind) collected ($17.64)


PokerStars Hand #151851011571:  Hold'em Limit ($3/$6 USD) - 2016/04/13 7:37:47 ET
Table 'Gemma II' 10-max Seat #6 is the button
Seat 5: SmellyToes4u ($271.61 in chips)
Seat 6: Rus29APX ($105.11 in chips)
Rus29APX: posts small blind $1
SmellyToes4u: posts big blind $3
*** HOLE CARDS ***
Rus29APX: raises $3 to $6
SmellyToes4u: calls $3
*** FLOP *** [Ac Kd 3c]
SmellyToes4u: checks
Rus29APX: bets $3
SmellyToes4u: calls $3
*** TURN *** [Ac Kd 3c] [2h]
SmellyToes4u: checks
Rus29APX: checks
*** RIVER *** [Ac Kd 3c 2h] [Jh]
SmellyToes4u: checks
Rus29APX: checks
*** SHOW DOWN ***
SmellyToes4u: shows [9d Qs] (high card Ace)
Rus29APX: mucks hand
SmellyToes4u collected $17.64 from pot
*** SUMMARY ***
Total pot $18 | Rake $0.36
Board [Ac Kd 3c 2h Jh]
Seat 5: SmellyToes4u (big blind) showed [9d Qs] and won ($17.64) with high card Ace
Seat 6: Rus29APX (button) (small blind) mucked


PokerStars Hand #151851024336:  Hold'em Limit ($3/$6 USD) - 2016/04/13 7:38:14 ET
Table 'Gemma II' 10-max Seat #5 is the button
Seat 5: SmellyToes4u ($280.25 in chips)
Seat 6: Rus29APX ($96.11 in chips)
SmellyToes4u: posts small blind $1
Rus29APX: posts big blind $3
*** HOLE CARDS ***
SmellyToes4u: raises $3 to $6
Rus29APX: calls $3
*** FLOP *** [3d 8c Qd]
Rus29APX: checks
SmellyToes4u: bets $3
Rus29APX: raises $3 to $6
SmellyToes4u: calls $3
*** TURN *** [3d 8c Qd] [Ts]
Rus29APX: bets $6
SmellyToes4u: calls $6
*** RIVER *** [3d 8c Qd Ts] [Ac]
Rus29APX: bets $6
SmellyToes4u: raises $6 to $12
Rus29APX: calls $6
*** SHOW DOWN ***
SmellyToes4u: shows [7h 9s] (high card Ace)
Rus29APX: shows [6s Qs] (a pair of Queens)
Rus29APX collected $59.50 from pot
*** SUMMARY ***
Total pot $60 | Rake $0.50
Board [3d 8c Qd Ts Ac]
Seat 5: SmellyToes4u (button) (small blind) showed [7h 9s] and lost with high card Ace
Seat 6: Rus29APX (big blind) showed [6s Qs] and won ($59.50) with a pair of Queens


PokerStars Hand #151851033548:  Hold'em Limit ($3/$6 USD) - 2016/04/13 7:38:33 ET
Table 'Gemma II' 10-max Seat #6 is the button
Seat 5: SmellyToes4u ($250.25 in chips)
Seat 6: Rus29APX ($125.61 in chips)
Rus29APX: posts small blind $1
SmellyToes4u: posts big blind $3
*** HOLE CARDS ***
Rus29APX: folds
Uncalled bet ($2) returned to SmellyToes4u
SmellyToes4u collected $2 from pot
SmellyToes4u: doesn't show hand
*** SUMMARY ***
Total pot $2 | Rake $0
Seat 5: SmellyToes4u (big blind) collected ($2)
Seat 6: Rus29APX (button) (small blind) folded before Flop


