PokerStars Hand #150619818143:  Hold'em Limit ($3/$6 USD) - 2016/03/19 19:14:43 ET
Table 'Gemma II' 6-max Seat #1 is the button
Seat 1: poker111141 ($112.26 in chips)
Seat 2: GRAILKO ($206.04 in chips)
poker111141: posts small blind $1
GRAILKO: posts big blind $3
*** HOLE CARDS ***
poker111141: raises $3 to $6
GRAILKO: calls $3
*** FLOP *** [9c 6h 7s]
GRAILKO: checks
poker111141: bets $3
GRAILKO: folds
Uncalled bet ($3) returned to poker111141
poker111141 collected $11.76 from pot
poker111141: doesn't show hand
*** SUMMARY ***
Total pot $12 | Rake $0.24
Board [9c 6h 7s]
Seat 1: poker111141 (button) (small blind) collected ($11.76)
Seat 2: GRAILKO (big blind) folded on the Flop


PokerStars Hand #150619812543:  Hold'em Limit ($3/$6 USD) - 2016/03/19 19:14:36 ET
Table 'Gemma II' 6-max Seat #2 is the button
Seat 1: poker111141 ($115.26 in chips)
Seat 2: GRAILKO ($203.04 in chips)
GRAILKO: posts small blind $1
poker111141: posts big blind $3
*** HOLE CARDS ***
GRAILKO: raises $3 to $6
poker111141: folds
Uncalled bet ($3) returned to GRAILKO
GRAILKO collected $6 from pot
GRAILKO: doesn't show hand
*** SUMMARY ***
Total pot $6 | Rake $0
Seat 1: poker111141 (big blind) folded before Flop
Seat 2: GRAILKO (button) (small blind) collected ($6)


PokerStars Hand #150619797987:  Hold'em Limit ($3/$6 USD) - 2016/03/19 19:14:17 ET
Table 'Gemma II' 6-max Seat #1 is the button
Seat 1: poker111141 ($127.26 in chips)
Seat 2: GRAILKO ($191.52 in chips)
poker111141: posts small blind $1
GRAILKO: posts big blind $3
*** HOLE CARDS ***
poker111141: raises $3 to $6
GRAILKO: calls $3
*** FLOP *** [3d 5c 9s]
GRAILKO: checks
poker111141: checks
*** TURN *** [3d 5c 9s] [6c]
GRAILKO: bets $6
poker111141: calls $6
*** RIVER *** [3d 5c 9s 6c] [8c]
GRAILKO: bets $6
poker111141: folds
Uncalled bet ($6) returned to GRAILKO
GRAILKO collected $23.52 from pot
GRAILKO: doesn't show hand
*** SUMMARY ***
Total pot $24 | Rake $0.48
Board [3d 5c 9s 6c 8c]
Seat 1: poker111141 (button) (small blind) folded on the River
Seat 2: GRAILKO (big blind) collected ($23.52)


PokerStars Hand #150619788599:  Hold'em Limit ($3/$6 USD) - 2016/03/19 19:14:06 ET
Table 'Gemma II' 6-max Seat #2 is the button
Seat 1: poker111141 ($133.26 in chips)
Seat 2: GRAILKO ($185.76 in chips)
GRAILKO: posts small blind $1
poker111141: posts big blind $3
*** HOLE CARDS ***
GRAILKO: raises $3 to $6
poker111141: calls $3
*** FLOP *** [Kd Qd 8c]
poker111141: checks
GRAILKO: bets $3
poker111141: folds
Uncalled bet ($3) returned to GRAILKO
GRAILKO collected $11.76 from pot
GRAILKO: doesn't show hand
*** SUMMARY ***
Total pot $12 | Rake $0.24
Board [Kd Qd 8c]
Seat 1: poker111141 (big blind) folded on the Flop
Seat 2: GRAILKO (button) (small blind) collected ($11.76)


PokerStars Hand #150619784919:  Hold'em Limit ($3/$6 USD) - 2016/03/19 19:14:01 ET
Table 'Gemma II' 6-max Seat #1 is the button
Seat 1: poker111141 ($134.26 in chips)
Seat 2: GRAILKO ($184.76 in chips)
poker111141: posts small blind $1
GRAILKO: posts big blind $3
*** HOLE CARDS ***
poker111141: folds
Uncalled bet ($2) returned to GRAILKO
GRAILKO collected $2 from pot
GRAILKO: doesn't show hand
*** SUMMARY ***
Total pot $2 | Rake $0
Seat 1: poker111141 (button) (small blind) folded before Flop
Seat 2: GRAILKO (big blind) collected ($2)


PokerStars Hand #150619760686:  Hold'em Limit ($3/$6 USD) - 2016/03/19 19:13:31 ET
Table 'Gemma II' 6-max Seat #2 is the button
Seat 1: poker111141 ($119.76 in chips)
Seat 2: GRAILKO ($199.76 in chips)
GRAILKO: posts small blind $1
poker111141: posts big blind $3
*** HOLE CARDS ***
GRAILKO: raises $3 to $6
poker111141: calls $3
*** FLOP *** [Ts 9d 6h]
poker111141: checks
GRAILKO: bets $3
poker111141: calls $3
*** TURN *** [Ts 9d 6h] [2d]
poker111141: checks
GRAILKO: bets $6
poker111141: calls $6
*** RIVER *** [Ts 9d 6h 2d] [2c]
poker111141: checks
GRAILKO: checks
*** SHOW DOWN ***
poker111141: shows [5h Ad] (a pair of Deuces)
GRAILKO: mucks hand
poker111141 collected $29.50 from pot
*** SUMMARY ***
Total pot $30 | Rake $0.50
Board [Ts 9d 6h 2d 2c]
Seat 1: poker111141 (big blind) showed [5h Ad] and won ($29.50) with a pair of Deuces
Seat 2: GRAILKO (button) (small blind) mucked


PokerStars Hand #150619848687:  Hold'em Limit ($3/$6 USD) - 2016/03/19 19:15:20 ET
Table 'Gemma II' 6-max Seat #1 is the button
Seat 1: poker111141 ($88.02 in chips)
Seat 2: GRAILKO ($229.54 in chips)
poker111141: posts small blind $1
GRAILKO: posts big blind $3
*** HOLE CARDS ***
poker111141: raises $3 to $6
GRAILKO: calls $3
*** FLOP *** [5h 8c 7s]
GRAILKO: checks
poker111141: bets $3
GRAILKO: calls $3
*** TURN *** [5h 8c 7s] [Ad]
GRAILKO: checks
poker111141: bets $6
GRAILKO: calls $6
*** RIVER *** [5h 8c 7s Ad] [9s]
GRAILKO: checks
poker111141: checks
*** SHOW DOWN ***
GRAILKO: shows [5s 2s] (a pair of Fives)
poker111141: shows [Td Ts] (a pair of Tens)
poker111141 collected $29.50 from pot
*** SUMMARY ***
Total pot $30 | Rake $0.50
Board [5h 8c 7s Ad 9s]
Seat 1: poker111141 (button) (small blind) showed [Td Ts] and won ($29.50) with a pair of Tens
Seat 2: GRAILKO (big blind) showed [5s 2s] and lost with a pair of Fives


PokerStars Hand #150619826693:  Hold'em Limit ($3/$6 USD) - 2016/03/19 19:14:53 ET
Table 'Gemma II' 6-max Seat #2 is the button
Seat 1: poker111141 ($118.02 in chips)
Seat 2: GRAILKO ($200.04 in chips)
GRAILKO: posts small blind $1
poker111141: posts big blind $3
*** HOLE CARDS ***
GRAILKO: raises $3 to $6
poker111141: raises $3 to $9
GRAILKO: calls $3
*** FLOP *** [2c Tc Qd]
poker111141: bets $3
GRAILKO: calls $3
*** TURN *** [2c Tc Qd] [Jc]
poker111141: bets $6
GRAILKO: raises $6 to $12
poker111141: calls $6
*** RIVER *** [2c Tc Qd Jc] [6d]
poker111141: checks
GRAILKO: bets $6
poker111141: calls $6
*** SHOW DOWN ***
GRAILKO: shows [Kd As] (a straight, Ten to Ace)
poker111141: mucks hand
GRAILKO collected $59.50 from pot
*** SUMMARY ***
Total pot $60 | Rake $0.50
Board [2c Tc Qd Jc 6d]
Seat 1: poker111141 (big blind) mucked
Seat 2: GRAILKO (button) (small blind) showed [Kd As] and won ($59.50) with a straight, Ten to Ace


PokerStars Hand #150619910346:  Hold'em Limit ($3/$6 USD) - 2016/03/19 19:16:37 ET
Table 'Gemma II' 6-max Seat #1 is the button
Seat 1: poker111141 ($102.02 in chips)
Seat 2: GRAILKO ($214.06 in chips)
poker111141: posts small blind $1
GRAILKO: posts big blind $3
*** HOLE CARDS ***
poker111141: folds
Uncalled bet ($2) returned to GRAILKO
GRAILKO collected $2 from pot
GRAILKO: doesn't show hand
*** SUMMARY ***
Total pot $2 | Rake $0
Seat 1: poker111141 (button) (small blind) folded before Flop
Seat 2: GRAILKO (big blind) collected ($2)


PokerStars Hand #150619906512:  Hold'em Limit ($3/$6 USD) - 2016/03/19 19:16:32 ET
Table 'Gemma II' 6-max Seat #2 is the button
Seat 1: poker111141 ($101.02 in chips)
Seat 2: GRAILKO ($215.06 in chips)
GRAILKO: posts small blind $1
poker111141: posts big blind $3
*** HOLE CARDS ***
GRAILKO: folds
Uncalled bet ($2) returned to poker111141
poker111141 collected $2 from pot
poker111141: doesn't show hand
*** SUMMARY ***
Total pot $2 | Rake $0
Seat 1: poker111141 (big blind) collected ($2)
Seat 2: GRAILKO (button) (small blind) folded before Flop


PokerStars Hand #150619902447:  Hold'em Limit ($3/$6 USD) - 2016/03/19 19:16:27 ET
Table 'Gemma II' 6-max Seat #1 is the button
Seat 1: poker111141 ($102.02 in chips)
Seat 2: GRAILKO ($214.06 in chips)
poker111141: posts small blind $1
GRAILKO: posts big blind $3
*** HOLE CARDS ***
poker111141: folds
Uncalled bet ($2) returned to GRAILKO
GRAILKO collected $2 from pot
GRAILKO: doesn't show hand
*** SUMMARY ***
Total pot $2 | Rake $0
Seat 1: poker111141 (button) (small blind) folded before Flop
Seat 2: GRAILKO (big blind) collected ($2)


PokerStars Hand #150619897236:  Hold'em Limit ($3/$6 USD) - 2016/03/19 19:16:21 ET
Table 'Gemma II' 6-max Seat #2 is the button
Seat 1: poker111141 ($105.02 in chips)
Seat 2: GRAILKO ($211.06 in chips)
GRAILKO: posts small blind $1
poker111141: posts big blind $3
*** HOLE CARDS ***
GRAILKO: raises $3 to $6
poker111141: folds
Uncalled bet ($3) returned to GRAILKO
GRAILKO collected $6 from pot
GRAILKO: doesn't show hand
*** SUMMARY ***
Total pot $6 | Rake $0
Seat 1: poker111141 (big blind) folded before Flop
Seat 2: GRAILKO (button) (small blind) collected ($6)


PokerStars Hand #150619883205:  Hold'em Limit ($3/$6 USD) - 2016/03/19 19:16:03 ET
Table 'Gemma II' 6-max Seat #1 is the button
Seat 1: poker111141 ($117.02 in chips)
Seat 2: GRAILKO ($199.54 in chips)
poker111141: posts small blind $1
GRAILKO: posts big blind $3
*** HOLE CARDS ***
poker111141: raises $3 to $6
GRAILKO: calls $3
*** FLOP *** [4h 8h 9h]
GRAILKO: checks
poker111141: bets $3
GRAILKO: raises $3 to $6
poker111141: calls $3
*** TURN *** [4h 8h 9h] [Tc]
GRAILKO: bets $6
poker111141: folds
Uncalled bet ($6) returned to GRAILKO
GRAILKO collected $23.52 from pot
GRAILKO: doesn't show hand
*** SUMMARY ***
Total pot $24 | Rake $0.48
Board [4h 8h 9h Tc]
Seat 1: poker111141 (button) (small blind) folded on the Turn
Seat 2: GRAILKO (big blind) collected ($23.52)


PokerStars Hand #150619866227:  Hold'em Limit ($3/$6 USD) - 2016/03/19 19:15:42 ET
Table 'Gemma II' 6-max Seat #2 is the button
Seat 1: poker111141 ($102.52 in chips)
Seat 2: GRAILKO ($214.54 in chips)
GRAILKO: posts small blind $1
poker111141: posts big blind $3
*** HOLE CARDS ***
GRAILKO: raises $3 to $6
poker111141: raises $3 to $9
GRAILKO: calls $3
*** FLOP *** [5d Ac 9c]
poker111141: checks
GRAILKO: checks
*** TURN *** [5d Ac 9c] [Kd]
poker111141: checks
GRAILKO: checks
*** RIVER *** [5d Ac 9c Kd] [7d]
poker111141: bets $6
GRAILKO: calls $6
*** SHOW DOWN ***
poker111141: shows [Ad Jc] (a pair of Aces)
GRAILKO: mucks hand
poker111141 collected $29.50 from pot
*** SUMMARY ***
Total pot $30 | Rake $0.50
Board [5d Ac 9c Kd 7d]
Seat 1: poker111141 (big blind) showed [Ad Jc] and won ($29.50) with a pair of Aces
Seat 2: GRAILKO (button) (small blind) mucked


PokerStars Hand #150619937141:  Hold'em Limit ($3/$6 USD) - 2016/03/19 19:17:10 ET
Table 'Gemma II' 6-max Seat #1 is the button
Seat 1: poker111141 ($92.02 in chips)
Seat 2: GRAILKO ($223.70 in chips)
poker111141: posts small blind $1
GRAILKO: posts big blind $3
*** HOLE CARDS ***
poker111141: folds
Uncalled bet ($2) returned to GRAILKO
GRAILKO collected $2 from pot
GRAILKO: doesn't show hand
*** SUMMARY ***
Total pot $2 | Rake $0
Seat 1: poker111141 (button) (small blind) folded before Flop
Seat 2: GRAILKO (big blind) collected ($2)


PokerStars Hand #150619915618:  Hold'em Limit ($3/$6 USD) - 2016/03/19 19:16:44 ET
Table 'Gemma II' 6-max Seat #2 is the button
Seat 1: poker111141 ($101.02 in chips)
Seat 2: GRAILKO ($215.06 in chips)
GRAILKO: posts small blind $1
poker111141: posts big blind $3
*** HOLE CARDS ***
GRAILKO: raises $3 to $6
poker111141: calls $3
*** FLOP *** [Tc Qh 4s]
igmade joins the table at seat #6
poker111141: checks
GRAILKO: bets $3
poker111141: calls $3
*** TURN *** [Tc Qh 4s] [3s]
poker111141: checks
GRAILKO: checks
*** RIVER *** [Tc Qh 4s 3s] [Qc]
poker111141: checks
GRAILKO: checks
*** SHOW DOWN ***
poker111141: shows [5d 6c] (a pair of Queens)
GRAILKO: shows [Js 7d] (a pair of Queens - Jack kicker)
GRAILKO collected $17.64 from pot
*** SUMMARY ***
Total pot $18 | Rake $0.36
Board [Tc Qh 4s 3s Qc]
Seat 1: poker111141 (big blind) showed [5d 6c] and lost with a pair of Queens
Seat 2: GRAILKO (button) (small blind) showed [Js 7d] and won ($17.64) with a pair of Queens


