PokerStars Hand #159923967297:  Hold'em Limit ($3/$6 USD) - 2016/10/14 13:07:05 ET
Table 'Genevieve' 6-max Seat #4 is the button
Seat 4: AzureCaper ($72 in chips)
Seat 5: GoliafUa ($177.76 in chips)
AzureCaper: posts small blind $1
GoliafUa: posts big blind $3
*** HOLE CARDS ***
AzureCaper: raises $3 to $6
GoliafUa: folds
Uncalled bet ($3) returned to AzureCaper
AzureCaper collected $6 from pot
AzureCaper: doesn't show hand
*** SUMMARY ***
Total pot $6 | Rake $0
Seat 4: AzureCaper (button) (small blind) collected ($6)
Seat 5: GoliafUa (big blind) folded before Flop


PokerStars Hand #159924022162:  Hold'em Limit ($3/$6 USD) - 2016/10/14 13:08:16 ET
Table 'Genevieve' 6-max Seat #3 is the button
Seat 3: mailme1 ($85.50 in chips)
Seat 4: AzureCaper ($72 in chips)
mailme1: posts small blind $1
AzureCaper: posts big blind $3
*** HOLE CARDS ***
mailme1: raises $3 to $6
AzureCaper: calls $3
*** FLOP *** [6h 3d 9c]
AzureCaper: checks
mailme1: bets $3
AzureCaper: raises $3 to $6
mailme1: calls $3
*** TURN *** [6h 3d 9c] [4h]
AzureCaper: bets $6
mailme1: calls $6
*** RIVER *** [6h 3d 9c 4h] [7h]
AzureCaper: bets $6
mailme1: calls $6
*** SHOW DOWN ***
AzureCaper: shows [9s Ts] (a pair of Nines)
mailme1: mucks hand
AzureCaper collected $47.50 from pot
*** SUMMARY ***
Total pot $48 | Rake $0.50
Board [6h 3d 9c 4h 7h]
Seat 3: mailme1 (button) (small blind) mucked
Seat 4: AzureCaper (big blind) showed [9s Ts] and won ($47.50) with a pair of Nines


PokerStars Hand #159924008009:  Hold'em Limit ($3/$6 USD) - 2016/10/14 13:07:58 ET
Table 'Genevieve' 6-max Seat #4 is the button
Seat 3: mailme1 ($71 in chips)
Seat 4: AzureCaper ($72 in chips)
AzureCaper: posts small blind $1
GoliafUa: is sitting out
mailme1: posts big blind $3
*** HOLE CARDS ***
AzureCaper: raises $3 to $6
mailme1: calls $3
*** FLOP *** [Jd 8d 4d]
mailme1: checks
AzureCaper: bets $3
mailme1: calls $3
*** TURN *** [Jd 8d 4d] [5d]
mailme1: checks
AzureCaper: checks
*** RIVER *** [Jd 8d 4d 5d] [8c]
mailme1: bets $6
AzureCaper: calls $6
*** SHOW DOWN ***
mailme1: shows [Jh 8s] (a full house, Eights full of Jacks)
AzureCaper: mucks hand
mailme1 collected $29.50 from pot
*** SUMMARY ***
Total pot $30 | Rake $0.50
Board [Jd 8d 4d 5d 8c]
Seat 3: mailme1 (big blind) showed [Jh 8s] and won ($29.50) with a full house, Eights full of Jacks
Seat 4: AzureCaper (button) (small blind) mucked


PokerStars Hand #159924094584:  Hold'em Limit ($3/$6 USD) - 2016/10/14 13:09:51 ET
Table 'Genevieve' 6-max Seat #4 is the button
Seat 3: mailme1 ($43.14 in chips)
Seat 4: AzureCaper ($112.76 in chips)
AzureCaper: posts small blind $1
mailme1: posts big blind $3
*** HOLE CARDS ***
AzureCaper: folds
Uncalled bet ($2) returned to mailme1
mailme1 collected $2 from pot
*** SUMMARY ***
Total pot $2 | Rake $0
Seat 3: mailme1 (big blind) collected ($2)
Seat 4: AzureCaper (button) (small blind) folded before Flop


PokerStars Hand #159924090276:  Hold'em Limit ($3/$6 USD) - 2016/10/14 13:09:45 ET
Table 'Genevieve' 6-max Seat #3 is the button
Seat 3: mailme1 ($40.14 in chips)
Seat 4: AzureCaper ($115.76 in chips)
mailme1: posts small blind $1
AzureCaper: posts big blind $3
*** HOLE CARDS ***
mailme1: raises $3 to $6
AzureCaper: folds
Uncalled bet ($3) returned to mailme1
mailme1 collected $6 from pot
*** SUMMARY ***
Total pot $6 | Rake $0
Seat 3: mailme1 (button) (small blind) collected ($6)
Seat 4: AzureCaper (big blind) folded before Flop


PokerStars Hand #159924079722:  Hold'em Limit ($3/$6 USD) - 2016/10/14 13:09:31 ET
Table 'Genevieve' 6-max Seat #4 is the button
Seat 3: mailme1 ($31.50 in chips)
Seat 4: AzureCaper ($124.76 in chips)
AzureCaper: posts small blind $1
mailme1: posts big blind $3
*** HOLE CARDS ***
AzureCaper: raises $3 to $6
mailme1: raises $3 to $9
AzureCaper: calls $3
*** FLOP *** [Qd 6d Qh]
mailme1: bets $3
AzureCaper: folds
Uncalled bet ($3) returned to mailme1
mailme1 collected $17.64 from pot
mailme1: doesn't show hand
*** SUMMARY ***
Total pot $18 | Rake $0.36
Board [Qd 6d Qh]
Seat 3: mailme1 (big blind) collected ($17.64)
Seat 4: AzureCaper (button) (small blind) folded on the Flop


PokerStars Hand #159924075167:  Hold'em Limit ($3/$6 USD) - 2016/10/14 13:09:25 ET
Table 'Genevieve' 6-max Seat #3 is the button
Seat 3: mailme1 ($32.50 in chips)
Seat 4: AzureCaper ($123.76 in chips)
mailme1: posts small blind $1
AzureCaper: posts big blind $3
*** HOLE CARDS ***
mailme1: folds
Uncalled bet ($2) returned to AzureCaper
AzureCaper collected $2 from pot
AzureCaper: doesn't show hand
*** SUMMARY ***
Total pot $2 | Rake $0
Seat 3: mailme1 (button) (small blind) folded before Flop
Seat 4: AzureCaper (big blind) collected ($2)


PokerStars Hand #159924071407:  Hold'em Limit ($3/$6 USD) - 2016/10/14 13:09:20 ET
Table 'Genevieve' 6-max Seat #4 is the button
Seat 3: mailme1 ($31.50 in chips)
Seat 4: AzureCaper ($124.76 in chips)
AzureCaper: posts small blind $1
mailme1: posts big blind $3
*** HOLE CARDS ***
AzureCaper: folds
Uncalled bet ($2) returned to mailme1
mailme1 collected $2 from pot
*** SUMMARY ***
Total pot $2 | Rake $0
Seat 3: mailme1 (big blind) collected ($2)
Seat 4: AzureCaper (button) (small blind) folded before Flop


PokerStars Hand #159924061674:  Hold'em Limit ($3/$6 USD) - 2016/10/14 13:09:08 ET
Table 'Genevieve' 6-max Seat #3 is the button
Seat 3: mailme1 ($37.50 in chips)
Seat 4: AzureCaper ($119 in chips)
mailme1: posts small blind $1
AzureCaper: posts big blind $3
*** HOLE CARDS ***
mailme1: calls $2
AzureCaper: raises $3 to $6
mailme1: calls $3
*** FLOP *** [Ad 6c 8c]
AzureCaper: bets $3
mailme1: folds
Uncalled bet ($3) returned to AzureCaper
AzureCaper collected $11.76 from pot
AzureCaper: doesn't show hand
*** SUMMARY ***
Total pot $12 | Rake $0.24
Board [Ad 6c 8c]
Seat 3: mailme1 (button) (small blind) folded on the Flop
Seat 4: AzureCaper (big blind) collected ($11.76)


PokerStars Hand #159924043842:  Hold'em Limit ($3/$6 USD) - 2016/10/14 13:08:44 ET
Table 'Genevieve' 6-max Seat #4 is the button
Seat 3: mailme1 ($61.50 in chips)
Seat 4: AzureCaper ($95.50 in chips)
AzureCaper: posts small blind $1
mailme1: posts big blind $3
*** HOLE CARDS ***
AzureCaper: raises $3 to $6
mailme1: raises $3 to $9
AzureCaper: calls $3
*** FLOP *** [Kc Qs Qd]
mailme1: bets $3
AzureCaper: calls $3
*** TURN *** [Kc Qs Qd] [4s]
mailme1: checks
AzureCaper: bets $6
mailme1: calls $6
*** RIVER *** [Kc Qs Qd 4s] [8c]
mailme1: bets $6
AzureCaper: raises $6 to $12
mailme1: folds
Uncalled bet ($6) returned to AzureCaper
AzureCaper collected $47.50 from pot
AzureCaper: doesn't show hand
*** SUMMARY ***
Total pot $48 | Rake $0.50
Board [Kc Qs Qd 4s 8c]
Seat 3: mailme1 (big blind) folded on the River
Seat 4: AzureCaper (button) (small blind) collected ($47.50)


PokerStars Hand #159924147910:  Hold'em Limit ($3/$6 USD) - 2016/10/14 13:10:58 ET
Table 'Genevieve' 6-max Seat #3 is the button
Seat 3: mailme1 ($65.28 in chips)
Seat 4: AzureCaper ($89.28 in chips)
mailme1: posts small blind $1
AzureCaper: posts big blind $3
*** HOLE CARDS ***
mailme1: folds
Uncalled bet ($2) returned to AzureCaper
AzureCaper collected $2 from pot
AzureCaper: doesn't show hand
*** SUMMARY ***
Total pot $2 | Rake $0
Seat 3: mailme1 (button) (small blind) folded before Flop
Seat 4: AzureCaper (big blind) collected ($2)


PokerStars Hand #159924143940:  Hold'em Limit ($3/$6 USD) - 2016/10/14 13:10:52 ET
Table 'Genevieve' 6-max Seat #4 is the button
Seat 3: mailme1 ($64.28 in chips)
Seat 4: AzureCaper ($90.28 in chips)
AzureCaper: posts small blind $1
mailme1: posts big blind $3
*** HOLE CARDS ***
AzureCaper: folds
Uncalled bet ($2) returned to mailme1
mailme1 collected $2 from pot
mailme1: doesn't show hand
*** SUMMARY ***
Total pot $2 | Rake $0
Seat 3: mailme1 (big blind) collected ($2)
Seat 4: AzureCaper (button) (small blind) folded before Flop


PokerStars Hand #159924133907:  Hold'em Limit ($3/$6 USD) - 2016/10/14 13:10:39 ET
Table 'Genevieve' 6-max Seat #3 is the button
Seat 3: mailme1 ($76.28 in chips)
Seat 4: AzureCaper ($78.76 in chips)
mailme1: posts small blind $1
AzureCaper: posts big blind $3
*** HOLE CARDS ***
mailme1: raises $3 to $6
AzureCaper: calls $3
*** FLOP *** [2c 3d Th]
AzureCaper: checks
mailme1: bets $3
AzureCaper: raises $3 to $6
mailme1: calls $3
*** TURN *** [2c 3d Th] [Ah]
AzureCaper: bets $6
mailme1: folds
Uncalled bet ($6) returned to AzureCaper
AzureCaper collected $23.52 from pot
AzureCaper: doesn't show hand
*** SUMMARY ***
Total pot $24 | Rake $0.48
Board [2c 3d Th Ah]
Seat 3: mailme1 (button) (small blind) folded on the Turn
Seat 4: AzureCaper (big blind) collected ($23.52)


PokerStars Hand #159924122991:  Hold'em Limit ($3/$6 USD) - 2016/10/14 13:10:25 ET
Table 'Genevieve' 6-max Seat #4 is the button
Seat 3: mailme1 ($52.78 in chips)
Seat 4: AzureCaper ($102.76 in chips)
AzureCaper: posts small blind $1
mailme1: posts big blind $3
*** HOLE CARDS ***
AzureCaper: raises $3 to $6
mailme1: raises $3 to $9
AzureCaper: calls $3
*** FLOP *** [Qh 7s 8d]
mailme1: bets $3
AzureCaper: calls $3
*** TURN *** [Qh 7s 8d] [4c]
mailme1: bets $6
AzureCaper: calls $6
*** RIVER *** [Qh 7s 8d 4c] [5d]
mailme1: bets $6
AzureCaper: calls $6
*** SHOW DOWN ***
mailme1: shows [Jh Js] (a pair of Jacks)
AzureCaper: mucks hand
mailme1 collected $47.50 from pot
*** SUMMARY ***
Total pot $48 | Rake $0.50
Board [Qh 7s 8d 4c 5d]
Seat 3: mailme1 (big blind) showed [Jh Js] and won ($47.50) with a pair of Jacks
Seat 4: AzureCaper (button) (small blind) mucked


PokerStars Hand #159924119478:  Hold'em Limit ($3/$6 USD) - 2016/10/14 13:10:21 ET
Table 'Genevieve' 6-max Seat #3 is the button
Seat 3: mailme1 ($53.78 in chips)
Seat 4: AzureCaper ($101.76 in chips)
mailme1: posts small blind $1
AzureCaper: posts big blind $3
*** HOLE CARDS ***
mailme1: folds
Uncalled bet ($2) returned to AzureCaper
AzureCaper collected $2 from pot
AzureCaper: doesn't show hand
*** SUMMARY ***
Total pot $2 | Rake $0
Seat 3: mailme1 (button) (small blind) folded before Flop
Seat 4: AzureCaper (big blind) collected ($2)


PokerStars Hand #159924114503:  Hold'em Limit ($3/$6 USD) - 2016/10/14 13:10:14 ET
Table 'Genevieve' 6-max Seat #4 is the button
Seat 3: mailme1 ($52.78 in chips)
Seat 4: AzureCaper ($102.76 in chips)
AzureCaper: posts small blind $1
mailme1: posts big blind $3
*** HOLE CARDS ***
AzureCaper: folds
Uncalled bet ($2) returned to mailme1
mailme1 collected $2 from pot
mailme1: doesn't show hand
*** SUMMARY ***
Total pot $2 | Rake $0
Seat 3: mailme1 (big blind) collected ($2)
Seat 4: AzureCaper (button) (small blind) folded before Flop


PokerStars Hand #159924098490:  Hold'em Limit ($3/$6 USD) - 2016/10/14 13:09:56 ET
Table 'Genevieve' 6-max Seat #3 is the button
Seat 3: mailme1 ($44.14 in chips)
Seat 4: AzureCaper ($111.76 in chips)
mailme1: posts small blind $1
AzureCaper: posts big blind $3
*** HOLE CARDS ***
mailme1: raises $3 to $6
AzureCaper: calls $3
*** FLOP *** [3h Ac 8c]
AzureCaper: bets $3
mailme1: calls $3
*** TURN *** [3h Ac 8c] [3d]
AzureCaper: checks
mailme1: bets $6
AzureCaper: folds
Uncalled bet ($6) returned to mailme1
mailme1 collected $17.64 from pot
mailme1: doesn't show hand
*** SUMMARY ***
Total pot $18 | Rake $0.36
Board [3h Ac 8c 3d]
Seat 3: mailme1 (button) (small blind) collected ($17.64)
Seat 4: AzureCaper (big blind) folded on the Turn


PokerStars Hand #159924179705:  Hold'em Limit ($3/$6 USD) - 2016/10/14 13:11:39 ET
Table 'Genevieve' 6-max Seat #3 is the button
Seat 3: mailme1 ($44.16 in chips)
Seat 4: AzureCaper ($109.78 in chips)
mailme1: posts small blind $1
AzureCaper: posts big blind $3
*** HOLE CARDS ***
mailme1: raises $3 to $6
AzureCaper: raises $3 to $9
mailme1: calls $3
*** FLOP *** [Tc Kd 9c]
AzureCaper: bets $3
mailme1: raises $3 to $6
AzureCaper: calls $3
*** TURN *** [Tc Kd 9c] [2d]
AzureCaper: checks
mailme1: bets $6
AzureCaper: calls $6
*** RIVER *** [Tc Kd 9c 2d] [Jh]
AzureCaper: checks
mailme1: bets $6
AzureCaper: calls $6
*** SHOW DOWN ***
mailme1: shows [Kc 2h] (two pair, Kings and Deuces)
AzureCaper: mucks hand
mailme1 collected $53.50 from pot
*** SUMMARY ***
Total pot $54 | Rake $0.50
Board [Tc Kd 9c 2d Jh]
Seat 3: mailme1 (button) (small blind) showed [Kc 2h] and won ($53.50) with two pair, Kings and Deuces
Seat 4: AzureCaper (big blind) mucked


PokerStars Hand #159924174074:  Hold'em Limit ($3/$6 USD) - 2016/10/14 13:11:32 ET
Table 'Genevieve' 6-max Seat #4 is the button
Seat 3: mailme1 ($43.16 in chips)
Seat 4: AzureCaper ($110.78 in chips)
AzureCaper: posts small blind $1
mailme1: posts big blind $3
*** HOLE CARDS ***
AzureCaper: folds
Uncalled bet ($2) returned to mailme1
mailme1 collected $2 from pot
mailme1: doesn't show hand
*** SUMMARY ***
Total pot $2 | Rake $0
Seat 3: mailme1 (big blind) collected ($2)
Seat 4: AzureCaper (button) (small blind) folded before Flop


PokerStars Hand #159924165916:  Hold'em Limit ($3/$6 USD) - 2016/10/14 13:11:21 ET
Table 'Genevieve' 6-max Seat #3 is the button
Seat 3: mailme1 ($40.28 in chips)
Seat 4: AzureCaper ($113.78 in chips)
mailme1: posts small blind $1
AzureCaper: posts big blind $3
*** HOLE CARDS ***
mailme1: calls $2
AzureCaper: checks
*** FLOP *** [5d Ah Ks]
AzureCaper: checks
mailme1: bets $3
AzureCaper: folds
Uncalled bet ($3) returned to mailme1
mailme1 collected $5.88 from pot
mailme1: doesn't show hand
*** SUMMARY ***
Total pot $6 | Rake $0.12
Board [5d Ah Ks]
Seat 3: mailme1 (button) (small blind) collected ($5.88)
Seat 4: AzureCaper (big blind) folded on the Flop


PokerStars Hand #159924151770:  Hold'em Limit ($3/$6 USD) - 2016/10/14 13:11:03 ET
Table 'Genevieve' 6-max Seat #4 is the button
Seat 3: mailme1 ($64.28 in chips)
Seat 4: AzureCaper ($90.28 in chips)
AzureCaper: posts small blind $1
mailme1: posts big blind $3
*** HOLE CARDS ***
AzureCaper: raises $3 to $6
mailme1: calls $3
*** FLOP *** [6c Ks 4d]
mailme1: checks
AzureCaper: bets $3
mailme1: raises $3 to $6
AzureCaper: calls $3
*** TURN *** [6c Ks 4d] [9s]
mailme1: bets $6
AzureCaper: raises $6 to $12
mailme1: calls $6
*** RIVER *** [6c Ks 4d 9s] [4h]
mailme1: checks
AzureCaper: bets $6
mailme1: folds
Uncalled bet ($6) returned to AzureCaper
AzureCaper collected $47.50 from pot
AzureCaper: doesn't show hand
*** SUMMARY ***
Total pot $48 | Rake $0.50
Board [6c Ks 4d 9s 4h]
Seat 3: mailme1 (big blind) folded on the River
Seat 4: AzureCaper (button) (small blind) collected ($47.50)


PokerStars Hand #159924228684:  Hold'em Limit ($3/$6 USD) - 2016/10/14 13:12:43 ET
Table 'Genevieve' 6-max Seat #4 is the button
Seat 3: mailme1 ($64.54 in chips)
Seat 4: AzureCaper ($88.42 in chips)
AzureCaper: posts small blind $1
mailme1: posts big blind $3
*** HOLE CARDS ***
AzureCaper: raises $3 to $6
mailme1: calls $3
*** FLOP *** [9c 3c Ts]
mailme1: checks
AzureCaper: bets $3
mailme1: raises $3 to $6
AzureCaper: folds
Uncalled bet ($3) returned to mailme1
mailme1 collected $17.64 from pot
*** SUMMARY ***
Total pot $18 | Rake $0.36
Board [9c 3c Ts]
Seat 3: mailme1 (big blind) collected ($17.64)
Seat 4: AzureCaper (button) (small blind) folded on the Flop


PokerStars Hand #159924224498:  Hold'em Limit ($3/$6 USD) - 2016/10/14 13:12:37 ET
Table 'Genevieve' 6-max Seat #3 is the button
Seat 3: mailme1 ($65.54 in chips)
Seat 4: AzureCaper ($87.42 in chips)
mailme1: posts small blind $1
AzureCaper: posts big blind $3
*** HOLE CARDS ***
mailme1: folds
Uncalled bet ($2) returned to AzureCaper
AzureCaper collected $2 from pot
AzureCaper: doesn't show hand
*** SUMMARY ***
Total pot $2 | Rake $0
Seat 3: mailme1 (button) (small blind) folded before Flop
Seat 4: AzureCaper (big blind) collected ($2)


PokerStars Hand #159924215057:  Hold'em Limit ($3/$6 USD) - 2016/10/14 13:12:25 ET
Table 'Genevieve' 6-max Seat #4 is the button
Seat 3: mailme1 ($74.54 in chips)
Seat 4: AzureCaper ($78.78 in chips)
AzureCaper: posts small blind $1
mailme1: posts big blind $3
*** HOLE CARDS ***
AzureCaper: raises $3 to $6
mailme1: calls $3
*** FLOP *** [Jc 7c 2d]
mailme1: checks
AzureCaper: bets $3
mailme1: calls $3
*** TURN *** [Jc 7c 2d] [Kd]
mailme1: checks
AzureCaper: bets $6
mailme1: folds
Uncalled bet ($6) returned to AzureCaper
AzureCaper collected $17.64 from pot
AzureCaper: doesn't show hand
*** SUMMARY ***
Total pot $18 | Rake $0.36
Board [Jc 7c 2d Kd]
Seat 3: mailme1 (big blind) folded on the Turn
Seat 4: AzureCaper (button) (small blind) collected ($17.64)


PokerStars Hand #159924202814:  Hold'em Limit ($3/$6 USD) - 2016/10/14 13:12:09 ET
Table 'Genevieve' 6-max Seat #3 is the button
Seat 3: mailme1 ($71.66 in chips)
Seat 4: AzureCaper ($81.78 in chips)
mailme1: posts small blind $1
AzureCaper: posts big blind $3
*** HOLE CARDS ***
mailme1: calls $2
AzureCaper: checks
*** FLOP *** [6c 6h Kh]
AzureCaper: checks
mailme1: checks
*** TURN *** [6c 6h Kh] [Jc]
AzureCaper: checks
mailme1: checks
*** RIVER *** [6c 6h Kh Jc] [4h]
AzureCaper: checks
mailme1: checks
*** SHOW DOWN ***
AzureCaper: shows [Tc 3s] (a pair of Sixes)
mailme1: shows [Qs 9d] (a pair of Sixes - King+Queen kicker)
mailme1 collected $5.88 from pot
*** SUMMARY ***
Total pot $6 | Rake $0.12
Board [6c 6h Kh Jc 4h]
Seat 3: mailme1 (button) (small blind) showed [Qs 9d] and won ($5.88) with a pair of Sixes
Seat 4: AzureCaper (big blind) showed [Tc 3s] and lost with a pair of Sixes


PokerStars Hand #159924199320:  Hold'em Limit ($3/$6 USD) - 2016/10/14 13:12:04 ET
Table 'Genevieve' 6-max Seat #4 is the button
Seat 3: mailme1 ($70.66 in chips)
Seat 4: AzureCaper ($82.78 in chips)
AzureCaper: posts small blind $1
mailme1: posts big blind $3
*** HOLE CARDS ***
AzureCaper: folds
Uncalled bet ($2) returned to mailme1
mailme1 collected $2 from pot
mailme1: doesn't show hand
*** SUMMARY ***
Total pot $2 | Rake $0
Seat 3: mailme1 (big blind) collected ($2)
Seat 4: AzureCaper (button) (small blind) folded before Flop


PokerStars Hand #159924256947:  Hold'em Limit ($3/$6 USD) - 2016/10/14 13:13:20 ET
Table 'Genevieve' 6-max Seat #4 is the button
Seat 3: mailme1 ($69.94 in chips)
Seat 4: AzureCaper ($82.18 in chips)
AzureCaper: posts small blind $1
mailme1: posts big blind $3
*** HOLE CARDS ***
AzureCaper: raises $3 to $6
mailme1: calls $3
*** FLOP *** [2c 6d 8s]
mailme1: checks
AzureCaper: bets $3
mailme1: raises $3 to $6
AzureCaper: calls $3
*** TURN *** [2c 6d 8s] [6c]
mailme1: bets $6
AzureCaper: calls $6
*** RIVER *** [2c 6d 8s 6c] [7h]
mailme1: checks
AzureCaper: bets $6
mailme1: folds
Uncalled bet ($6) returned to AzureCaper
AzureCaper collected $35.50 from pot
AzureCaper: doesn't show hand
*** SUMMARY ***
Total pot $36 | Rake $0.50
Board [2c 6d 8s 6c 7h]
Seat 3: mailme1 (big blind) folded on the River
Seat 4: AzureCaper (button) (small blind) collected ($35.50)


PokerStars Hand #159924250633:  Hold'em Limit ($3/$6 USD) - 2016/10/14 13:13:11 ET
Table 'Genevieve' 6-max Seat #3 is the button
Seat 3: mailme1 ($64.18 in chips)
Seat 4: AzureCaper ($88.18 in chips)
mailme1: posts small blind $1
AzureCaper: posts big blind $3
*** HOLE CARDS ***
mailme1: raises $3 to $6
AzureCaper: calls $3
*** FLOP *** [Kh 4s 8c]
AzureCaper: checks
mailme1: bets $3
AzureCaper: folds
Uncalled bet ($3) returned to mailme1
mailme1 collected $11.76 from pot
*** SUMMARY ***
Total pot $12 | Rake $0.24
Board [Kh 4s 8c]
Seat 3: mailme1 (button) (small blind) collected ($11.76)
Seat 4: AzureCaper (big blind) folded on the Flop


PokerStars Hand #159924246016:  Hold'em Limit ($3/$6 USD) - 2016/10/14 13:13:05 ET
Table 'Genevieve' 6-max Seat #4 is the button
Seat 3: mailme1 ($67.18 in chips)
Seat 4: AzureCaper ($85.18 in chips)
AzureCaper: posts small blind $1
mailme1: posts big blind $3
*** HOLE CARDS ***
AzureCaper: raises $3 to $6
mailme1: folds
Uncalled bet ($3) returned to AzureCaper
AzureCaper collected $6 from pot
AzureCaper: doesn't show hand
*** SUMMARY ***
Total pot $6 | Rake $0
Seat 3: mailme1 (big blind) folded before Flop
Seat 4: AzureCaper (button) (small blind) collected ($6)


PokerStars Hand #159924236219:  Hold'em Limit ($3/$6 USD) - 2016/10/14 13:12:53 ET
Table 'Genevieve' 6-max Seat #3 is the button
Seat 3: mailme1 ($73.18 in chips)
Seat 4: AzureCaper ($79.42 in chips)
mailme1: posts small blind $1
AzureCaper: posts big blind $3
*** HOLE CARDS ***
mailme1: raises $3 to $6
AzureCaper: calls $3
*** FLOP *** [Qd 8s 9s]
AzureCaper: checks
mailme1: checks
*** TURN *** [Qd 8s 9s] [3h]
AzureCaper: bets $6
mailme1: folds
Uncalled bet ($6) returned to AzureCaper
AzureCaper collected $11.76 from pot
AzureCaper: doesn't show hand
*** SUMMARY ***
Total pot $12 | Rake $0.24
Board [Qd 8s 9s 3h]
Seat 3: mailme1 (button) (small blind) folded on the Turn
Seat 4: AzureCaper (big blind) collected ($11.76)


PokerStars Hand #159924318956:  Hold'em Limit ($3/$6 USD) - 2016/10/14 13:14:42 ET
Table 'Genevieve' 6-max Seat #4 is the button
Seat 3: mailme1 ($123 in chips)
Seat 4: AzureCaper ($147.62 in chips)
AzureCaper: posts small blind $1
mailme1: posts big blind $3
*** HOLE CARDS ***
AzureCaper: folds
Uncalled bet ($2) returned to mailme1
mailme1 collected $2 from pot
mailme1: doesn't show hand
*** SUMMARY ***
Total pot $2 | Rake $0
Seat 3: mailme1 (big blind) collected ($2)
Seat 4: AzureCaper (button) (small blind) folded before Flop


PokerStars Hand #159924313473:  Hold'em Limit ($3/$6 USD) - 2016/10/14 13:14:34 ET
Table 'Genevieve' 6-max Seat #3 is the button
Seat 3: mailme1 ($120 in chips)
Seat 4: AzureCaper ($150.62 in chips)
mailme1: posts small blind $1
AzureCaper: posts big blind $3
*** HOLE CARDS ***
mailme1: raises $3 to $6
AzureCaper: folds
Uncalled bet ($3) returned to mailme1
mailme1 collected $6 from pot
*** SUMMARY ***
Total pot $6 | Rake $0
Seat 3: mailme1 (button) (small blind) collected ($6)
Seat 4: AzureCaper (big blind) folded before Flop


PokerStars Hand #159924286946:  Hold'em Limit ($3/$6 USD) - 2016/10/14 13:13:59 ET
Table 'Genevieve' 6-max Seat #4 is the button
Seat 3: mailme1 ($15.94 in chips)
Seat 4: AzureCaper ($135.18 in chips)
AzureCaper: posts small blind $1
mailme1: posts big blind $3
*** HOLE CARDS ***
AzureCaper: raises $3 to $6
mailme1: raises $3 to $9
AzureCaper: calls $3
*** FLOP *** [4d 3d Jc]
mailme1: bets $3
AzureCaper: raises $3 to $6
mailme1: raises $0.94 to $6.94 and is all-in
AzureCaper: calls $0.94
*** TURN *** [4d 3d Jc] [2s]
*** RIVER *** [4d 3d Jc 2s] [7d]
*** SHOW DOWN ***
mailme1: shows [2d Kc] (a pair of Deuces)
AzureCaper: shows [5d Ad] (a flush, Ace high)
AzureCaper collected $31.38 from pot
*** SUMMARY ***
Total pot $31.88 | Rake $0.50
Board [4d 3d Jc 2s 7d]
Seat 3: mailme1 (big blind) showed [2d Kc] and lost with a pair of Deuces
Seat 4: AzureCaper (button) (small blind) showed [5d Ad] and won ($31.38) with a flush, Ace high


PokerStars Hand #159924369126:  Hold'em Limit ($3/$6 USD) - 2016/10/14 13:15:47 ET
Table 'Genevieve' 6-max Seat #3 is the button
Seat 3: mailme1 ($91.50 in chips)
Seat 4: AzureCaper ($177.62 in chips)
mailme1: posts small blind $1
AzureCaper: posts big blind $3
*** HOLE CARDS ***
mailme1: raises $3 to $6
AzureCaper: calls $3
*** FLOP *** [Ad Qh 5s]
AzureCaper: checks
mailme1: bets $3
AzureCaper: calls $3
*** TURN *** [Ad Qh 5s] [7h]
AzureCaper: checks
mailme1: checks
*** RIVER *** [Ad Qh 5s 7h] [5c]
AzureCaper: bets $6
mailme1: raises $6 to $12
AzureCaper: raises $6 to $18
mailme1: calls $6
*** SHOW DOWN ***
AzureCaper: shows [Kh 5h] (three of a kind, Fives)
mailme1: mucks hand
AzureCaper collected $53.50 from pot
*** SUMMARY ***
Total pot $54 | Rake $0.50
Board [Ad Qh 5s 7h 5c]
Seat 3: mailme1 (button) (small blind) mucked
Seat 4: AzureCaper (big blind) showed [Kh 5h] and won ($53.50) with three of a kind, Fives


PokerStars Hand #159924358717:  Hold'em Limit ($3/$6 USD) - 2016/10/14 13:15:33 ET
Table 'Genevieve' 6-max Seat #4 is the button
Seat 3: mailme1 ($62 in chips)
Seat 4: AzureCaper ($207.62 in chips)
AzureCaper: posts small blind $1
mailme1: posts big blind $3
*** HOLE CARDS ***
AzureCaper: raises $3 to $6
mailme1: raises $3 to $9
AzureCaper: calls $3
*** FLOP *** [6d Ks 7d]
mailme1: bets $3
AzureCaper: calls $3
*** TURN *** [6d Ks 7d] [4h]
mailme1: bets $6
AzureCaper: calls $6
*** RIVER *** [6d Ks 7d 4h] [Tc]
mailme1: bets $6
AzureCaper: raises $6 to $12
mailme1: calls $6
*** SHOW DOWN ***
AzureCaper: shows [Kh 8h] (a pair of Kings)
mailme1: shows [Jc Kc] (a pair of Kings - Jack kicker)
mailme1 collected $59.50 from pot
*** SUMMARY ***
Total pot $60 | Rake $0.50
Board [6d Ks 7d 4h Tc]
Seat 3: mailme1 (big blind) showed [Jc Kc] and won ($59.50) with a pair of Kings
Seat 4: AzureCaper (button) (small blind) showed [Kh 8h] and lost with a pair of Kings


PokerStars Hand #159924345862:  Hold'em Limit ($3/$6 USD) - 2016/10/14 13:15:17 ET
Table 'Genevieve' 6-max Seat #3 is the button
Seat 3: mailme1 ($89 in chips)
Seat 4: AzureCaper ($181.12 in chips)
mailme1: posts small blind $1
AzureCaper: posts big blind $3
*** HOLE CARDS ***
mailme1: calls $2
AzureCaper: raises $3 to $6
mailme1: calls $3
*** FLOP *** [Jh 9h 6c]
AzureCaper: bets $3
mailme1: raises $3 to $6
AzureCaper: raises $3 to $9
mailme1: calls $3
*** TURN *** [Jh 9h 6c] [As]
AzureCaper: bets $6
mailme1: calls $6
*** RIVER *** [Jh 9h 6c As] [Qc]
AzureCaper: bets $6
mailme1: calls $6
*** SHOW DOWN ***
AzureCaper: shows [Th Ah] (a pair of Aces)
mailme1: mucks hand
AzureCaper collected $53.50 from pot
*** SUMMARY ***
Total pot $54 | Rake $0.50
Board [Jh 9h 6c As Qc]
Seat 3: mailme1 (button) (small blind) mucked
Seat 4: AzureCaper (big blind) showed [Th Ah] and won ($53.50) with a pair of Aces


PokerStars Hand #159924342489:  Hold'em Limit ($3/$6 USD) - 2016/10/14 13:15:12 ET
Table 'Genevieve' 6-max Seat #4 is the button
Seat 3: mailme1 ($88 in chips)
Seat 4: AzureCaper ($182.12 in chips)
AzureCaper: posts small blind $1
mailme1: posts big blind $3
*** HOLE CARDS ***
AzureCaper: folds
Uncalled bet ($2) returned to mailme1
mailme1 collected $2 from pot
mailme1: doesn't show hand
*** SUMMARY ***
Total pot $2 | Rake $0
Seat 3: mailme1 (big blind) collected ($2)
Seat 4: AzureCaper (button) (small blind) folded before Flop


PokerStars Hand #159924322597:  Hold'em Limit ($3/$6 USD) - 2016/10/14 13:14:46 ET
Table 'Genevieve' 6-max Seat #3 is the button
Seat 3: mailme1 ($124 in chips)
Seat 4: AzureCaper ($146.62 in chips)
mailme1: posts small blind $1
AzureCaper: posts big blind $3
*** HOLE CARDS ***
mailme1: raises $3 to $6
AzureCaper: calls $3
*** FLOP *** [3d 8s 2h]
AzureCaper: checks
mailme1: checks
*** TURN *** [3d 8s 2h] [5c]
AzureCaper: checks
mailme1: bets $6
AzureCaper: raises $6 to $12
mailme1: raises $6 to $18
AzureCaper: calls $6
*** RIVER *** [3d 8s 2h 5c] [6d]
AzureCaper: checks
mailme1: bets $6
AzureCaper: raises $6 to $12
mailme1: calls $6
*** SHOW DOWN ***
AzureCaper: shows [4h 9h] (a straight, Deuce to Six)
mailme1: mucks hand
AzureCaper collected $71.50 from pot
*** SUMMARY ***
Total pot $72 | Rake $0.50
Board [3d 8s 2h 5c 6d]
Seat 3: mailme1 (button) (small blind) mucked
Seat 4: AzureCaper (big blind) showed [4h 9h] and won ($71.50) with a straight, Deuce to Six


PokerStars Hand #159924416048:  Hold'em Limit ($3/$6 USD) - 2016/10/14 13:16:49 ET
Table 'Genevieve' 6-max Seat #3 is the button
Seat 3: mailme1 ($73.66 in chips)
Seat 4: AzureCaper ($193.76 in chips)
mailme1: posts small blind $1
AzureCaper: posts big blind $3
*** HOLE CARDS ***
mailme1: raises $3 to $6
AzureCaper: calls $3
*** FLOP *** [2d Tc 9h]
AzureCaper: checks
mailme1: bets $3
AzureCaper: folds
Uncalled bet ($3) returned to mailme1
mailme1 collected $11.76 from pot
mailme1: doesn't show hand
*** SUMMARY ***
Total pot $12 | Rake $0.24
Board [2d Tc 9h]
Seat 3: mailme1 (button) (small blind) collected ($11.76)
Seat 4: AzureCaper (big blind) folded on the Flop


PokerStars Hand #159924409155:  Hold'em Limit ($3/$6 USD) - 2016/10/14 13:16:40 ET
Table 'Genevieve' 6-max Seat #4 is the button
Seat 3: mailme1 ($65.02 in chips)
Seat 4: AzureCaper ($202.76 in chips)
AzureCaper: posts small blind $1
mailme1: posts big blind $3
*** HOLE CARDS ***
AzureCaper: raises $3 to $6
mailme1: raises $3 to $9
AzureCaper: calls $3
*** FLOP *** [Tc Ah 5c]
mailme1: bets $3
AzureCaper: folds
Uncalled bet ($3) returned to mailme1
mailme1 collected $17.64 from pot
mailme1: doesn't show hand
*** SUMMARY ***
Total pot $18 | Rake $0.36
Board [Tc Ah 5c]
Seat 3: mailme1 (big blind) collected ($17.64)
Seat 4: AzureCaper (button) (small blind) folded on the Flop


PokerStars Hand #159924405457:  Hold'em Limit ($3/$6 USD) - 2016/10/14 13:16:35 ET
Table 'Genevieve' 6-max Seat #3 is the button
Seat 3: mailme1 ($66.02 in chips)
Seat 4: AzureCaper ($201.76 in chips)
mailme1: posts small blind $1
AzureCaper: posts big blind $3
*** HOLE CARDS ***
mailme1: folds
Uncalled bet ($2) returned to AzureCaper
AzureCaper collected $2 from pot
AzureCaper: doesn't show hand
*** SUMMARY ***
Total pot $2 | Rake $0
Seat 3: mailme1 (button) (small blind) folded before Flop
Seat 4: AzureCaper (big blind) collected ($2)


PokerStars Hand #159924395745:  Hold'em Limit ($3/$6 USD) - 2016/10/14 13:16:22 ET
Table 'Genevieve' 6-max Seat #4 is the button
Seat 3: mailme1 ($54.50 in chips)
Seat 4: AzureCaper ($213.76 in chips)
AzureCaper: posts small blind $1
mailme1: posts big blind $3
*** HOLE CARDS ***
AzureCaper: raises $3 to $6
mailme1: calls $3
*** FLOP *** [6c 4c 2s]
mailme1: checks
AzureCaper: checks
*** TURN *** [6c 4c 2s] [Jh]
mailme1: bets $6
AzureCaper: calls $6
*** RIVER *** [6c 4c 2s Jh] [Ts]
mailme1: checks
AzureCaper: checks
*** SHOW DOWN ***
mailme1: shows [7d 2d] (a pair of Deuces)
AzureCaper: mucks hand
mailme1 collected $23.52 from pot
*** SUMMARY ***
Total pot $24 | Rake $0.48
Board [6c 4c 2s Jh Ts]
Seat 3: mailme1 (big blind) showed [7d 2d] and won ($23.52) with a pair of Deuces
Seat 4: AzureCaper (button) (small blind) mucked


PokerStars Hand #159924391819:  Hold'em Limit ($3/$6 USD) - 2016/10/14 13:16:17 ET
Table 'Genevieve' 6-max Seat #3 is the button
Seat 3: mailme1 ($55.50 in chips)
Seat 4: AzureCaper ($212.76 in chips)
mailme1: posts small blind $1
AzureCaper: posts big blind $3
*** HOLE CARDS ***
mailme1: folds
Uncalled bet ($2) returned to AzureCaper
AzureCaper collected $2 from pot
AzureCaper: doesn't show hand
*** SUMMARY ***
Total pot $2 | Rake $0
Seat 3: mailme1 (button) (small blind) folded before Flop
Seat 4: AzureCaper (big blind) collected ($2)


PokerStars Hand #159924381078:  Hold'em Limit ($3/$6 USD) - 2016/10/14 13:16:03 ET
Table 'Genevieve' 6-max Seat #4 is the button
Seat 3: mailme1 ($64.50 in chips)
Seat 4: AzureCaper ($204.12 in chips)
AzureCaper: posts small blind $1
mailme1: posts big blind $3
*** HOLE CARDS ***
AzureCaper: raises $3 to $6
mailme1: calls $3
*** FLOP *** [7s 7h 2h]
mailme1: checks
AzureCaper: bets $3
mailme1: calls $3
*** TURN *** [7s 7h 2h] [Kc]
mailme1: checks
AzureCaper: bets $6
mailme1: folds
Uncalled bet ($6) returned to AzureCaper
AzureCaper collected $17.64 from pot
AzureCaper: doesn't show hand
*** SUMMARY ***
Total pot $18 | Rake $0.36
Board [7s 7h 2h Kc]
Seat 3: mailme1 (big blind) folded on the Turn
Seat 4: AzureCaper (button) (small blind) collected ($17.64)


PokerStars Hand #159924460423:  Hold'em Limit ($3/$6 USD) - 2016/10/14 13:17:47 ET
Table 'Genevieve' 6-max Seat #3 is the button
Seat 3: mailme1 ($75.92 in chips)
Seat 4: AzureCaper ($189.76 in chips)
mailme1: posts small blind $1
AzureCaper: posts big blind $3
*** HOLE CARDS ***
mailme1: raises $3 to $6
AzureCaper: calls $3
*** FLOP *** [6c Ah 9d]
AzureCaper: checks
mailme1: bets $3
AzureCaper: raises $3 to $6
mailme1: calls $3
*** TURN *** [6c Ah 9d] [9s]
AzureCaper: bets $6
mailme1: raises $6 to $12
AzureCaper: folds
Uncalled bet ($6) returned to mailme1
mailme1 collected $35.50 from pot
*** SUMMARY ***
Total pot $36 | Rake $0.50
Board [6c Ah 9d 9s]
Seat 3: mailme1 (button) (small blind) collected ($35.50)
Seat 4: AzureCaper (big blind) folded on the Turn


PokerStars Hand #159924447176:  Hold'em Limit ($3/$6 USD) - 2016/10/14 13:17:30 ET
Table 'Genevieve' 6-max Seat #4 is the button
Seat 3: mailme1 ($96.92 in chips)
Seat 4: AzureCaper ($169.26 in chips)
AzureCaper: posts small blind $1
mailme1: posts big blind $3
*** HOLE CARDS ***
AzureCaper: raises $3 to $6
mailme1: calls $3
*** FLOP *** [6c Qh Td]
mailme1: checks
AzureCaper: bets $3
mailme1: calls $3
*** TURN *** [6c Qh Td] [5h]
mailme1: checks
AzureCaper: bets $6
mailme1: calls $6
*** RIVER *** [6c Qh Td 5h] [8s]
carmello774 joins the table at seat #6
mailme1: checks
AzureCaper: bets $6
mailme1: calls $6
*** SHOW DOWN ***
AzureCaper: shows [2c Th] (a pair of Tens)
mailme1: mucks hand
AzureCaper collected $41.50 from pot
*** SUMMARY ***
Total pot $42 | Rake $0.50
Board [6c Qh Td 5h 8s]
Seat 3: mailme1 (big blind) mucked
Seat 4: AzureCaper (button) (small blind) showed [2c Th] and won ($41.50) with a pair of Tens


PokerStars Hand #159924433935:  Hold'em Limit ($3/$6 USD) - 2016/10/14 13:17:12 ET
Table 'Genevieve' 6-max Seat #3 is the button
Seat 3: mailme1 ($64.42 in chips)
Seat 4: AzureCaper ($202.26 in chips)
mailme1: posts small blind $1
AzureCaper: posts big blind $3
*** HOLE CARDS ***
mailme1: calls $2
AzureCaper: raises $3 to $6
mailme1: calls $3
*** FLOP *** [Qd 6d 4d]
AzureCaper: bets $3
mailme1: raises $3 to $6
AzureCaper: raises $3 to $9
mailme1: calls $3
*** TURN *** [Qd 6d 4d] [8s]
AzureCaper: bets $6
mailme1: raises $6 to $12
AzureCaper: calls $6
*** RIVER *** [Qd 6d 4d 8s] [Jc]
AzureCaper: checks
mailme1: bets $6
AzureCaper: calls $6
*** SHOW DOWN ***
mailme1: shows [5d 9d] (a flush, Queen high)
AzureCaper: mucks hand
mailme1 collected $65.50 from pot
*** SUMMARY ***
Total pot $66 | Rake $0.50
Board [Qd 6d 4d 8s Jc]
Seat 3: mailme1 (button) (small blind) showed [5d 9d] and won ($65.50) with a flush, Queen high
Seat 4: AzureCaper (big blind) mucked


PokerStars Hand #159924422512:  Hold'em Limit ($3/$6 USD) - 2016/10/14 13:16:57 ET
Table 'Genevieve' 6-max Seat #4 is the button
Seat 3: mailme1 ($79.42 in chips)
Seat 4: AzureCaper ($187.76 in chips)
AzureCaper: posts small blind $1
mailme1: posts big blind $3
*** HOLE CARDS ***
AzureCaper: raises $3 to $6
mailme1: calls $3
*** FLOP *** [Ah 2h Ad]
mailme1: checks
AzureCaper: bets $3
mailme1: calls $3
*** TURN *** [Ah 2h Ad] [Jd]
mailme1: checks
AzureCaper: checks
*** RIVER *** [Ah 2h Ad Jd] [7d]
mailme1: bets $6
AzureCaper: calls $6
*** SHOW DOWN ***
mailme1: shows [7h Kc] (two pair, Aces and Sevens)
AzureCaper: shows [Jc 9c] (two pair, Aces and Jacks)
AzureCaper collected $29.50 from pot
*** SUMMARY ***
Total pot $30 | Rake $0.50
Board [Ah 2h Ad Jd 7d]
Seat 3: mailme1 (big blind) showed [7h Kc] and lost with two pair, Aces and Sevens
Seat 4: AzureCaper (button) (small blind) showed [Jc 9c] and won ($29.50) with two pair, Aces and Jacks


PokerStars Hand #159926181617:  Hold'em Limit ($3/$6 USD) - 2016/10/14 13:55:15 ET
Table 'Genevieve' 6-max Seat #2 is the button
Seat 2: fsreibnitz ($267.03 in chips)
Seat 3: byrgyi ($128.33 in chips)
fsreibnitz: posts small blind $1
byrgyi: posts big blind $3
*** HOLE CARDS ***
fsreibnitz: folds
Uncalled bet ($2) returned to byrgyi
byrgyi collected $2 from pot
*** SUMMARY ***
Total pot $2 | Rake $0
Seat 2: fsreibnitz (button) (small blind) folded before Flop
Seat 3: byrgyi (big blind) collected ($2)


