PokerStars Hand #146676558484:  Hold'em Limit ($3/$6 USD) - 2016/01/08 8:48:32 ET
Table 'Genevieve' 6-max Seat #4 is the button
Seat 2: zeelogic666 ($15 in chips)
Seat 4: Agrotait ($86.50 in chips)
Agrotait: posts small blind $1
zeelogic666: posts big blind $3
*** HOLE CARDS ***
Agrotait: folds
Uncalled bet ($2) returned to zeelogic666
zeelogic666 collected $2 from pot
zeelogic666: doesn't show hand
*** SUMMARY ***
Total pot $2 | Rake $0
Seat 2: zeelogic666 (big blind) collected ($2)
Seat 4: Agrotait (button) (small blind) folded before Flop


PokerStars Hand #146676512302:  Hold'em Limit ($3/$6 USD) - 2016/01/08 8:47:34 ET
Table 'Genevieve' 6-max Seat #2 is the button
Seat 2: zeelogic666 ($30 in chips)
Seat 4: Agrotait ($72 in chips)
zeelogic666: posts small blind $1
Agrotait: posts big blind $3
*** HOLE CARDS ***
zeelogic666: raises $3 to $6
Agrotait: calls $3
*** FLOP *** [9d Kh Jh]
Agrotait: checks
zeelogic666: bets $3
Agrotait: calls $3
*** TURN *** [9d Kh Jh] [3s]
Agrotait: checks
zeelogic666: bets $6
Agrotait: calls $6
*** RIVER *** [9d Kh Jh 3s] [Qh]
Agrotait: checks
zeelogic666: checks
*** SHOW DOWN ***
Agrotait: shows [Ts 8d] (a straight, Nine to King)
zeelogic666: mucks hand
Agrotait collected $29.50 from pot
boony444 joins the table at seat #3
*** SUMMARY ***
Total pot $30 | Rake $0.50
Board [9d Kh Jh 3s Qh]
Seat 2: zeelogic666 (button) (small blind) mucked
Seat 4: Agrotait (big blind) showed [Ts 8d] and won ($29.50) with a straight, Nine to King


PokerStars Hand #146676713776:  Hold'em Limit ($3/$6 USD) - 2016/01/08 8:52:00 ET
Table 'Genevieve' 6-max Seat #2 is the button
Seat 2: zeelogic666 ($49.93 in chips)
Seat 3: boony444 ($195.64 in chips)
zeelogic666: posts small blind $1
boony444: posts big blind $3
*** HOLE CARDS ***
zeelogic666: folds
Uncalled bet ($2) returned to boony444
Agrotait leaves the table
boony444 collected $2 from pot
boony444: doesn't show hand
*** SUMMARY ***
Total pot $2 | Rake $0
Seat 2: zeelogic666 (button) (small blind) folded before Flop
Seat 3: boony444 (big blind) collected ($2)


PokerStars Hand #146676708765:  Hold'em Limit ($3/$6 USD) - 2016/01/08 8:51:53 ET
Table 'Genevieve' 6-max Seat #3 is the button
Seat 2: zeelogic666 ($48.93 in chips)
Seat 3: boony444 ($196.64 in chips)
boony444: posts small blind $1
Agrotait: is sitting out
zeelogic666: posts big blind $3
*** HOLE CARDS ***
boony444: folds
Uncalled bet ($2) returned to zeelogic666
zeelogic666 collected $2 from pot
zeelogic666: doesn't show hand
*** SUMMARY ***
Total pot $2 | Rake $0
Seat 2: zeelogic666 (big blind) collected ($2)
Seat 3: boony444 (button) (small blind) folded before Flop


PokerStars Hand #146676756736:  Hold'em Limit ($3/$6 USD) - 2016/01/08 8:52:58 ET
Table 'Genevieve' 6-max Seat #2 is the button
Seat 2: zeelogic666 ($33.93 in chips)
Seat 3: boony444 ($211.14 in chips)
zeelogic666: posts small blind $1
boony444: posts big blind $3
*** HOLE CARDS ***
zeelogic666: folds
Uncalled bet ($2) returned to boony444
boony444 collected $2 from pot
boony444: doesn't show hand
*** SUMMARY ***
Total pot $2 | Rake $0
Seat 2: zeelogic666 (button) (small blind) folded before Flop
Seat 3: boony444 (big blind) collected ($2)


PokerStars Hand #146676745765:  Hold'em Limit ($3/$6 USD) - 2016/01/08 8:52:43 ET
Table 'Genevieve' 6-max Seat #3 is the button
Seat 2: zeelogic666 ($36.93 in chips)
Seat 3: boony444 ($208.14 in chips)
boony444: posts small blind $1
zeelogic666: posts big blind $3
*** HOLE CARDS ***
boony444: raises $3 to $6
zeelogic666: folds
Uncalled bet ($3) returned to boony444
boony444 collected $6 from pot
*** SUMMARY ***
Total pot $6 | Rake $0
Seat 2: zeelogic666 (big blind) folded before Flop
Seat 3: boony444 (button) (small blind) collected ($6)


PokerStars Hand #146676737670:  Hold'em Limit ($3/$6 USD) - 2016/01/08 8:52:32 ET
Table 'Genevieve' 6-max Seat #2 is the button
Seat 2: zeelogic666 ($33.93 in chips)
Seat 3: boony444 ($211.14 in chips)
zeelogic666: posts small blind $1
boony444: posts big blind $3
*** HOLE CARDS ***
zeelogic666: raises $3 to $6
boony444: folds
Uncalled bet ($3) returned to zeelogic666
zeelogic666 collected $6 from pot
zeelogic666: doesn't show hand
*** SUMMARY ***
Total pot $6 | Rake $0
Seat 2: zeelogic666 (button) (small blind) collected ($6)
Seat 3: boony444 (big blind) folded before Flop


PokerStars Hand #146676717275:  Hold'em Limit ($3/$6 USD) - 2016/01/08 8:52:05 ET
Table 'Genevieve' 6-max Seat #3 is the button
Seat 2: zeelogic666 ($48.93 in chips)
Seat 3: boony444 ($196.64 in chips)
boony444: posts small blind $1
zeelogic666: posts big blind $3
*** HOLE CARDS ***
boony444: raises $3 to $6
zeelogic666: calls $3
*** FLOP *** [7h Qd 9d]
zeelogic666: checks
boony444: bets $3
zeelogic666: calls $3
*** TURN *** [7h Qd 9d] [6d]
zeelogic666: checks
boony444: bets $6
zeelogic666: calls $6
*** RIVER *** [7h Qd 9d 6d] [Ad]
zeelogic666: checks
boony444: checks
*** SHOW DOWN ***
zeelogic666: shows [9h Ts] (a pair of Nines)
boony444: shows [Th 8c] (a straight, Six to Ten)
boony444 collected $29.50 from pot
*** SUMMARY ***
Total pot $30 | Rake $0.50
Board [7h Qd 9d 6d Ad]
Seat 2: zeelogic666 (big blind) showed [9h Ts] and lost with a pair of Nines
Seat 3: boony444 (button) (small blind) showed [Th 8c] and won ($29.50) with a straight, Six to Ten


PokerStars Hand #146676760286:  Hold'em Limit ($3/$6 USD) - 2016/01/08 8:53:03 ET
Table 'Genevieve' 6-max Seat #3 is the button
Seat 2: zeelogic666 ($32.93 in chips)
Seat 3: boony444 ($212.14 in chips)
boony444: posts small blind $1
zeelogic666: posts big blind $3
*** HOLE CARDS ***
boony444: raises $3 to $6
zeelogic666: raises $3 to $9
boony444: calls $3
*** FLOP *** [4h Ks 4d]
zeelogic666: bets $3
boony444: calls $3
*** TURN *** [4h Ks 4d] [8d]
zeelogic666: checks
boony444: bets $6
zeelogic666: raises $6 to $12
boony444: raises $6 to $18
zeelogic666: raises $2.93 to $20.93 and is all-in
Betting is capped
boony444: calls $2.93
*** RIVER *** [4h Ks 4d 8d] [7c]
*** SHOW DOWN ***
zeelogic666: shows [Qs Kh] (two pair, Kings and Fours)
boony444: shows [8h 4s] (a full house, Fours full of Eights)
boony444 collected $65.36 from pot
*** SUMMARY ***
Total pot $65.86 | Rake $0.50
Board [4h Ks 4d 8d 7c]
Seat 2: zeelogic666 (big blind) showed [Qs Kh] and lost with two pair, Kings and Fours
Seat 3: boony444 (button) (small blind) showed [8h 4s] and won ($65.36) with a full house, Fours full of Eights


PokerStars Hand #146676841585:  Hold'em Limit ($3/$6 USD) - 2016/01/08 8:54:51 ET
Table 'Genevieve' 6-max Seat #2 is the button
Seat 2: zeelogic666 ($60.07 in chips)
Seat 3: boony444 ($225.32 in chips)
zeelogic666: posts small blind $1
boony444: posts big blind $3
*** HOLE CARDS ***
zeelogic666: raises $3 to $6
boony444: calls $3
*** FLOP *** [9h 3d 8h]
boony444: checks
zeelogic666: bets $3
boony444: folds
Uncalled bet ($3) returned to zeelogic666
zeelogic666 collected $11.76 from pot
zeelogic666: doesn't show hand
*** SUMMARY ***
Total pot $12 | Rake $0.24
Board [9h 3d 8h]
Seat 2: zeelogic666 (button) (small blind) collected ($11.76)
Seat 3: boony444 (big blind) folded on the Flop


PokerStars Hand #146676837028:  Hold'em Limit ($3/$6 USD) - 2016/01/08 8:54:45 ET
Table 'Genevieve' 6-max Seat #3 is the button
Seat 2: zeelogic666 ($63.07 in chips)
Seat 3: boony444 ($222.32 in chips)
boony444: posts small blind $1
zeelogic666: posts big blind $3
*** HOLE CARDS ***
boony444: raises $3 to $6
zeelogic666: folds
Uncalled bet ($3) returned to boony444
boony444 collected $6 from pot
boony444: doesn't show hand
*** SUMMARY ***
Total pot $6 | Rake $0
Seat 2: zeelogic666 (big blind) folded before Flop
Seat 3: boony444 (button) (small blind) collected ($6)


PokerStars Hand #146676817753:  Hold'em Limit ($3/$6 USD) - 2016/01/08 8:54:19 ET
Table 'Genevieve' 6-max Seat #2 is the button
Seat 2: zeelogic666 ($42.57 in chips)
Seat 3: boony444 ($243.32 in chips)
zeelogic666: posts small blind $1
boony444: posts big blind $3
*** HOLE CARDS ***
zeelogic666: raises $3 to $6
boony444: raises $3 to $9
zeelogic666: raises $3 to $12
Betting is capped
boony444: calls $3
*** FLOP *** [Ts 2s 3d]
boony444: checks
zeelogic666: bets $3
boony444: calls $3
*** TURN *** [Ts 2s 3d] [5c]
boony444: checks
zeelogic666: bets $6
boony444: calls $6
*** RIVER *** [Ts 2s 3d 5c] [8h]
boony444: checks
zeelogic666: checks
*** SHOW DOWN ***
boony444: shows [Qd Ks] (high card King)
zeelogic666: shows [6c Ac] (high card Ace)
zeelogic666 collected $41.50 from pot
*** SUMMARY ***
Total pot $42 | Rake $0.50
Board [Ts 2s 3d 5c 8h]
Seat 2: zeelogic666 (button) (small blind) showed [6c Ac] and won ($41.50) with high card Ace
Seat 3: boony444 (big blind) showed [Qd Ks] and lost with high card King


PokerStars Hand #146676798538:  Hold'em Limit ($3/$6 USD) - 2016/01/08 8:53:53 ET
Table 'Genevieve' 6-max Seat #2 is the button
Seat 2: zeelogic666 ($41.82 in chips)
Seat 3: boony444 ($244.57 in chips)
zeelogic666: posts small blind $1
boony444: posts big blind $3
*** HOLE CARDS ***
zeelogic666: raises $3 to $6
boony444: calls $3
*** FLOP *** [Qd 7d 3s]
boony444: checks
zeelogic666: checks
*** TURN *** [Qd 7d 3s] [8s]
boony444: bets $6
zeelogic666: raises $6 to $12
boony444: calls $6
*** RIVER *** [Qd 7d 3s 8s] [Kh]
boony444: checks
zeelogic666: bets $6
boony444: calls $6
*** SHOW DOWN ***
zeelogic666: shows [2s Qc] (a pair of Queens)
boony444: shows [4h Qs] (a pair of Queens)
boony444 collected $23.75 from pot
zeelogic666 collected $23.75 from pot
*** SUMMARY ***
Total pot $48 | Rake $0.50
Board [Qd 7d 3s 8s Kh]
Seat 2: zeelogic666 (button) (small blind) showed [2s Qc] and won ($23.75) with a pair of Queens
Seat 3: boony444 (big blind) showed [4h Qs] and won ($23.75) with a pair of Queens


PokerStars Hand #146676880253:  Hold'em Limit ($3/$6 USD) - 2016/01/08 8:55:52 ET
Table 'Genevieve' 6-max Seat #3 is the button
Seat 2: zeelogic666 ($50.83 in chips)
Seat 3: boony444 ($233.72 in chips)
boony444: posts small blind $1
zeelogic666: posts big blind $3
*** HOLE CARDS ***
boony444: raises $3 to $6
zeelogic666: calls $3
*** FLOP *** [Ah Ks As]
zeelogic666: checks
boony444: bets $3
zeelogic666: folds
Uncalled bet ($3) returned to boony444
boony444 collected $11.76 from pot
boony444: doesn't show hand
*** SUMMARY ***
Total pot $12 | Rake $0.24
Board [Ah Ks As]
Seat 2: zeelogic666 (big blind) folded on the Flop
Seat 3: boony444 (button) (small blind) collected ($11.76)


PokerStars Hand #146676864506:  Hold'em Limit ($3/$6 USD) - 2016/01/08 8:55:26 ET
Table 'Genevieve' 6-max Seat #2 is the button
Seat 2: zeelogic666 ($59.83 in chips)
Seat 3: boony444 ($225.08 in chips)
zeelogic666: posts small blind $1
boony444: posts big blind $3
*** HOLE CARDS ***
zeelogic666: raises $3 to $6
boony444: calls $3
*** FLOP *** [4h 7h Ks]
boony444: checks
zeelogic666: bets $3
boony444: calls $3
*** TURN *** [4h 7h Ks] [Qc]
boony444: checks
zeelogic666: checks
*** RIVER *** [4h 7h Ks Qc] [6c]
boony444: bets $6
zeelogic666: folds
Uncalled bet ($6) returned to boony444
boony444 collected $17.64 from pot
boony444: doesn't show hand
*** SUMMARY ***
Total pot $18 | Rake $0.36
Board [4h 7h Ks Qc 6c]
Seat 2: zeelogic666 (button) (small blind) folded on the River
Seat 3: boony444 (big blind) collected ($17.64)


PokerStars Hand #146676857439:  Hold'em Limit ($3/$6 USD) - 2016/01/08 8:55:14 ET
Table 'Genevieve' 6-max Seat #3 is the button
Seat 2: zeelogic666 ($65.83 in chips)
Seat 3: boony444 ($219.32 in chips)
boony444: posts small blind $1
zeelogic666: posts big blind $3
*** HOLE CARDS ***
boony444: raises $3 to $6
zeelogic666: calls $3
*** FLOP *** [7c Ad 8h]
zeelogic666: checks
boony444: bets $3
zeelogic666: folds
Uncalled bet ($3) returned to boony444
boony444 collected $11.76 from pot
boony444: doesn't show hand
*** SUMMARY ***
Total pot $12 | Rake $0.24
Board [7c Ad 8h]
Seat 2: zeelogic666 (big blind) folded on the Flop
Seat 3: boony444 (button) (small blind) collected ($11.76)


PokerStars Hand #146676853847:  Hold'em Limit ($3/$6 USD) - 2016/01/08 8:55:08 ET
Table 'Genevieve' 6-max Seat #2 is the button
Seat 2: zeelogic666 ($62.83 in chips)
Seat 3: boony444 ($222.32 in chips)
zeelogic666: posts small blind $1
boony444: posts big blind $3
*** HOLE CARDS ***
zeelogic666: raises $3 to $6
boony444: folds
Uncalled bet ($3) returned to zeelogic666
zeelogic666 collected $6 from pot
zeelogic666: doesn't show hand
*** SUMMARY ***
Total pot $6 | Rake $0
Seat 2: zeelogic666 (button) (small blind) collected ($6)
Seat 3: boony444 (big blind) folded before Flop


PokerStars Hand #146676849526:  Hold'em Limit ($3/$6 USD) - 2016/01/08 8:55:02 ET
Table 'Genevieve' 6-max Seat #3 is the button
Seat 2: zeelogic666 ($65.83 in chips)
Seat 3: boony444 ($219.32 in chips)
boony444: posts small blind $1
zeelogic666: posts big blind $3
*** HOLE CARDS ***
boony444: raises $3 to $6
zeelogic666: folds
Uncalled bet ($3) returned to boony444
boony444 collected $6 from pot
boony444: doesn't show hand
*** SUMMARY ***
Total pot $6 | Rake $0
Seat 2: zeelogic666 (big blind) folded before Flop
Seat 3: boony444 (button) (small blind) collected ($6)


PokerStars Hand #146676907868:  Hold'em Limit ($3/$6 USD) - 2016/01/08 8:56:37 ET
Table 'Genevieve' 6-max Seat #3 is the button
Seat 2: zeelogic666 ($32.47 in chips)
Seat 3: boony444 ($250.98 in chips)
boony444: posts small blind $1
zeelogic666: posts big blind $3
*** HOLE CARDS ***
boony444: raises $3 to $6
zeelogic666: raises $3 to $9
boony444: calls $3
*** FLOP *** [7h 9h 8s]
zeelogic666: bets $3
boony444: raises $3 to $6
zeelogic666: calls $3
*** TURN *** [7h 9h 8s] [3d]
zeelogic666: checks
boony444: bets $6
zeelogic666: calls $6
*** RIVER *** [7h 9h 8s 3d] [Qs]
zeelogic666: checks
boony444: checks
*** SHOW DOWN ***
zeelogic666: shows [Ts Ks] (high card King)
boony444: shows [4c 8h] (a pair of Eights)
boony444 collected $41.50 from pot
*** SUMMARY ***
Total pot $42 | Rake $0.50
Board [7h 9h 8s 3d Qs]
Seat 2: zeelogic666 (big blind) showed [Ts Ks] and lost with high card King
Seat 3: boony444 (button) (small blind) showed [4c 8h] and won ($41.50) with a pair of Eights


PokerStars Hand #146676897937:  Hold'em Limit ($3/$6 USD) - 2016/01/08 8:56:21 ET
Table 'Genevieve' 6-max Seat #2 is the button
Seat 2: zeelogic666 ($56.47 in chips)
Seat 3: boony444 ($227.48 in chips)
zeelogic666: posts small blind $1
boony444: posts big blind $3
*** HOLE CARDS ***
zeelogic666: raises $3 to $6
boony444: calls $3
*** FLOP *** [6c 4c Qc]
boony444: checks
zeelogic666: bets $3
boony444: raises $3 to $6
zeelogic666: calls $3
*** TURN *** [6c 4c Qc] [9d]
boony444: bets $6
zeelogic666: calls $6
*** RIVER *** [6c 4c Qc 9d] [4s]
boony444: bets $6
zeelogic666: calls $6
*** SHOW DOWN ***
boony444: shows [4h 6s] (a full house, Fours full of Sixes)
zeelogic666: mucks hand
boony444 collected $47.50 from pot
*** SUMMARY ***
Total pot $48 | Rake $0.50
Board [6c 4c Qc 9d 4s]
Seat 2: zeelogic666 (button) (small blind) mucked
Seat 3: boony444 (big blind) showed [4h 6s] and won ($47.50) with a full house, Fours full of Sixes


PokerStars Hand #146676890927:  Hold'em Limit ($3/$6 USD) - 2016/01/08 8:56:09 ET
Table 'Genevieve' 6-max Seat #3 is the button
Seat 2: zeelogic666 ($47.83 in chips)
Seat 3: boony444 ($236.48 in chips)
boony444: posts small blind $1
zeelogic666: posts big blind $3
*** HOLE CARDS ***
boony444: raises $3 to $6
zeelogic666: raises $3 to $9
boony444: calls $3
*** FLOP *** [Jd Qd 5c]
zeelogic666: bets $3
boony444: folds
Uncalled bet ($3) returned to zeelogic666
zeelogic666 collected $17.64 from pot
zeelogic666: doesn't show hand
*** SUMMARY ***
Total pot $18 | Rake $0.36
Board [Jd Qd 5c]
Seat 2: zeelogic666 (big blind) collected ($17.64)
Seat 3: boony444 (button) (small blind) folded on the Flop


PokerStars Hand #146676887501:  Hold'em Limit ($3/$6 USD) - 2016/01/08 8:56:04 ET
Table 'Genevieve' 6-max Seat #2 is the button
Seat 2: zeelogic666 ($44.83 in chips)
Seat 3: boony444 ($239.48 in chips)
zeelogic666: posts small blind $1
boony444: posts big blind $3
*** HOLE CARDS ***
zeelogic666: raises $3 to $6
boony444: folds
Uncalled bet ($3) returned to zeelogic666
zeelogic666 collected $6 from pot
zeelogic666: doesn't show hand
*** SUMMARY ***
Total pot $6 | Rake $0
Seat 2: zeelogic666 (button) (small blind) collected ($6)
Seat 3: boony444 (big blind) folded before Flop


PokerStars Hand #146676923125:  Hold'em Limit ($3/$6 USD) - 2016/01/08 8:57:02 ET
Table 'Genevieve' 6-max Seat #2 is the button
Seat 2: zeelogic666 ($11.47 in chips)
Seat 3: boony444 ($271.48 in chips)
zeelogic666: posts small blind $1
boony444: posts big blind $3
*** HOLE CARDS ***
Tema897 joins the table at seat #1
zeelogic666: folds
Uncalled bet ($2) returned to boony444
boony444 collected $2 from pot
boony444: doesn't show hand
*** SUMMARY ***
Total pot $2 | Rake $0
Seat 2: zeelogic666 (button) (small blind) folded before Flop
Seat 3: boony444 (big blind) collected ($2)


PokerStars Hand #146676974254:  Hold'em Limit ($3/$6 USD) - 2016/01/08 8:58:25 ET
Table 'Genevieve' 6-max Seat #1 is the button
Seat 1: Tema897 ($53.34 in chips)
Seat 3: boony444 ($257.62 in chips)
Tema897: posts small blind $1
boony444: posts big blind $3
*** HOLE CARDS ***
Tema897: folds
Uncalled bet ($2) returned to boony444
Tema897 leaves the table
boony444 collected $2 from pot
boony444: doesn't show hand
*** SUMMARY ***
Total pot $2 | Rake $0
Seat 1: Tema897 (button) (small blind) folded before Flop
Seat 3: boony444 (big blind) collected ($2)


