PokerStars Hand #148183975761:  Hold'em Limit ($3/$6 USD) - 2016/02/03 15:34:34 ET
Table 'Genevieve' 2-max Seat #2 is the button
Seat 1: lukkyl0ser ($156.08 in chips)
Seat 2: Fiskin1 ($106.34 in chips)
Fiskin1: posts small blind $1
lukkyl0ser: posts big blind $3
*** HOLE CARDS ***
Fiskin1: raises $3 to $6
lukkyl0ser: folds
Uncalled bet ($3) returned to Fiskin1
Fiskin1 collected $6 from pot
Fiskin1: doesn't show hand
*** SUMMARY ***
Total pot $6 | Rake $0
Seat 1: lukkyl0ser (big blind) folded before Flop
Seat 2: Fiskin1 (button) (small blind) collected ($6)


PokerStars Hand #148183964393:  Hold'em Limit ($3/$6 USD) - 2016/02/03 15:34:24 ET
Table 'Genevieve' 2-max Seat #1 is the button
Seat 1: lukkyl0ser ($150.32 in chips)
Seat 2: Fiskin1 ($112.34 in chips)
lukkyl0ser: posts small blind $1
Fiskin1: posts big blind $3
*** HOLE CARDS ***
lukkyl0ser: raises $3 to $6
Fiskin1: calls $3
*** FLOP *** [Ts Th 4h]
Fiskin1: checks
lukkyl0ser: bets $3
Fiskin1: folds
Uncalled bet ($3) returned to lukkyl0ser
lukkyl0ser collected $11.76 from pot
lukkyl0ser: doesn't show hand
*** SUMMARY ***
Total pot $12 | Rake $0.24
Board [Ts Th 4h]
Seat 1: lukkyl0ser (button) (small blind) collected ($11.76)
Seat 2: Fiskin1 (big blind) folded on the Flop


PokerStars Hand #148183924355:  Hold'em Limit ($3/$6 USD) - 2016/02/03 15:33:46 ET
Table 'Genevieve' 2-max Seat #2 is the button
Seat 1: lukkyl0ser ($165.32 in chips)
Seat 2: Fiskin1 ($97.84 in chips)
Fiskin1: posts small blind $1
lukkyl0ser: posts big blind $3
*** HOLE CARDS ***
Fiskin1: raises $3 to $6
lukkyl0ser: calls $3
*** FLOP *** [3d 6s Jc]
lukkyl0ser: checks
Fiskin1: bets $3
lukkyl0ser: calls $3
*** TURN *** [3d 6s Jc] [4s]
lukkyl0ser: checks
Fiskin1: bets $6
lukkyl0ser: calls $6
*** RIVER *** [3d 6s Jc 4s] [9h]
lukkyl0ser: checks
Fiskin1: bets $6
lukkyl0ser: folds
Uncalled bet ($6) returned to Fiskin1
Fiskin1 collected $29.50 from pot
Fiskin1: doesn't show hand
*** SUMMARY ***
Total pot $30 | Rake $0.50
Board [3d 6s Jc 4s 9h]
Seat 1: lukkyl0ser (big blind) folded on the River
Seat 2: Fiskin1 (button) (small blind) collected ($29.50)


PokerStars Hand #148183907669:  Hold'em Limit ($3/$6 USD) - 2016/02/03 15:33:31 ET
Table 'Genevieve' 2-max Seat #1 is the button
Seat 1: lukkyl0ser ($153.80 in chips)
Seat 2: Fiskin1 ($109.84 in chips)
lukkyl0ser: posts small blind $1
Fiskin1: posts big blind $3
*** HOLE CARDS ***
lukkyl0ser: raises $3 to $6
Fiskin1: calls $3
*** FLOP *** [5h Jd 6s]
Fiskin1: checks
lukkyl0ser: checks
*** TURN *** [5h Jd 6s] [3d]
Fiskin1: checks
lukkyl0ser: bets $6
Fiskin1: calls $6
*** RIVER *** [5h Jd 6s 3d] [Kd]
Fiskin1: checks
lukkyl0ser: checks
*** SHOW DOWN ***
Fiskin1: shows [9d Ac] (high card Ace)
lukkyl0ser: shows [9c 5c] (a pair of Fives)
lukkyl0ser collected $23.52 from pot
*** SUMMARY ***
Total pot $24 | Rake $0.48
Board [5h Jd 6s 3d Kd]
Seat 1: lukkyl0ser (button) (small blind) showed [9c 5c] and won ($23.52) with a pair of Fives
Seat 2: Fiskin1 (big blind) showed [9d Ac] and lost with high card Ace


PokerStars Hand #148184043894:  Hold'em Limit ($3/$6 USD) - 2016/02/03 15:35:38 ET
Table 'Genevieve' 2-max Seat #1 is the button
Seat 1: lukkyl0ser ($160.22 in chips)
Seat 2: Fiskin1 ($100.84 in chips)
lukkyl0ser: posts small blind $1
Fiskin1: posts big blind $3
*** HOLE CARDS ***
lukkyl0ser: raises $3 to $6
Fiskin1: raises $3 to $9
lukkyl0ser: calls $3
*** FLOP *** [4s 8h Jc]
Fiskin1: bets $3
lukkyl0ser: folds
Uncalled bet ($3) returned to Fiskin1
Fiskin1 collected $17.64 from pot
Fiskin1: doesn't show hand
*** SUMMARY ***
Total pot $18 | Rake $0.36
Board [4s 8h Jc]
Seat 1: lukkyl0ser (button) (small blind) folded on the Flop
Seat 2: Fiskin1 (big blind) collected ($17.64)


PokerStars Hand #148184039157:  Hold'em Limit ($3/$6 USD) - 2016/02/03 15:35:33 ET
Table 'Genevieve' 2-max Seat #2 is the button
Seat 1: lukkyl0ser ($159.22 in chips)
Seat 2: Fiskin1 ($101.84 in chips)
Fiskin1: posts small blind $1
lukkyl0ser: posts big blind $3
*** HOLE CARDS ***
Fiskin1: folds
Uncalled bet ($2) returned to lukkyl0ser
lukkyl0ser collected $2 from pot
lukkyl0ser: doesn't show hand
*** SUMMARY ***
Total pot $2 | Rake $0
Seat 1: lukkyl0ser (big blind) collected ($2)
Seat 2: Fiskin1 (button) (small blind) folded before Flop


PokerStars Hand #148184026461:  Hold'em Limit ($3/$6 USD) - 2016/02/03 15:35:22 ET
Table 'Genevieve' 2-max Seat #1 is the button
Seat 1: lukkyl0ser ($150.58 in chips)
Seat 2: Fiskin1 ($110.84 in chips)
lukkyl0ser: posts small blind $1
Fiskin1: posts big blind $3
*** HOLE CARDS ***
lukkyl0ser: raises $3 to $6
Fiskin1: calls $3
*** FLOP *** [Qh Ad 7h]
Fiskin1: checks
lukkyl0ser: bets $3
Fiskin1: calls $3
*** TURN *** [Qh Ad 7h] [Qs]
Fiskin1: checks
lukkyl0ser: checks
*** RIVER *** [Qh Ad 7h Qs] [7d]
Fiskin1: checks
lukkyl0ser: checks
*** SHOW DOWN ***
Fiskin1: shows [Ks 2d] (two pair, Queens and Sevens)
lukkyl0ser: shows [Kd Kh] (two pair, Kings and Queens)
lukkyl0ser collected $17.64 from pot
*** SUMMARY ***
Total pot $18 | Rake $0.36
Board [Qh Ad 7h Qs 7d]
Seat 1: lukkyl0ser (button) (small blind) showed [Kd Kh] and won ($17.64) with two pair, Kings and Queens
Seat 2: Fiskin1 (big blind) showed [Ks 2d] and lost with two pair, Queens and Sevens


PokerStars Hand #148184021699:  Hold'em Limit ($3/$6 USD) - 2016/02/03 15:35:17 ET
Table 'Genevieve' 2-max Seat #2 is the button
Seat 1: lukkyl0ser ($149.58 in chips)
Seat 2: Fiskin1 ($111.84 in chips)
Fiskin1: posts small blind $1
lukkyl0ser: posts big blind $3
*** HOLE CARDS ***
Fiskin1: folds
Uncalled bet ($2) returned to lukkyl0ser
lukkyl0ser collected $2 from pot
lukkyl0ser: doesn't show hand
*** SUMMARY ***
Total pot $2 | Rake $0
Seat 1: lukkyl0ser (big blind) collected ($2)
Seat 2: Fiskin1 (button) (small blind) folded before Flop


PokerStars Hand #148184006657:  Hold'em Limit ($3/$6 USD) - 2016/02/03 15:35:03 ET
Table 'Genevieve' 2-max Seat #1 is the button
Seat 1: lukkyl0ser ($173.58 in chips)
Seat 2: Fiskin1 ($88.34 in chips)
lukkyl0ser: posts small blind $1
Fiskin1: posts big blind $3
*** HOLE CARDS ***
lukkyl0ser: raises $3 to $6
Fiskin1: calls $3
*** FLOP *** [4d 2s Kc]
Fiskin1: checks
lukkyl0ser: bets $3
Fiskin1: raises $3 to $6
lukkyl0ser: calls $3
*** TURN *** [4d 2s Kc] [6d]
Fiskin1: bets $6
lukkyl0ser: calls $6
*** RIVER *** [4d 2s Kc 6d] [7d]
Fiskin1: bets $6
lukkyl0ser: calls $6
*** SHOW DOWN ***
Fiskin1: shows [9d 2d] (a flush, Nine high)
lukkyl0ser: mucks hand
Fiskin1 collected $47.50 from pot
*** SUMMARY ***
Total pot $48 | Rake $0.50
Board [4d 2s Kc 6d 7d]
Seat 1: lukkyl0ser (button) (small blind) mucked
Seat 2: Fiskin1 (big blind) showed [9d 2d] and won ($47.50) with a flush, Nine high


PokerStars Hand #148184000669:  Hold'em Limit ($3/$6 USD) - 2016/02/03 15:34:58 ET
Table 'Genevieve' 2-max Seat #2 is the button
Seat 1: lukkyl0ser ($176.58 in chips)
Seat 2: Fiskin1 ($85.34 in chips)
Fiskin1: posts small blind $1
lukkyl0ser: posts big blind $3
*** HOLE CARDS ***
Fiskin1: raises $3 to $6
lukkyl0ser: folds
Uncalled bet ($3) returned to Fiskin1
Fiskin1 collected $6 from pot
Fiskin1: doesn't show hand
*** SUMMARY ***
Total pot $6 | Rake $0
Seat 1: lukkyl0ser (big blind) folded before Flop
Seat 2: Fiskin1 (button) (small blind) collected ($6)


PokerStars Hand #148183981335:  Hold'em Limit ($3/$6 USD) - 2016/02/03 15:34:39 ET
Table 'Genevieve' 2-max Seat #1 is the button
Seat 1: lukkyl0ser ($153.08 in chips)
Seat 2: Fiskin1 ($109.34 in chips)
lukkyl0ser: posts small blind $1
Fiskin1: posts big blind $3
*** HOLE CARDS ***
lukkyl0ser: raises $3 to $6
Fiskin1: calls $3
*** FLOP *** [6s 9c 2h]
Fiskin1: checks
lukkyl0ser: bets $3
Fiskin1: raises $3 to $6
lukkyl0ser: calls $3
*** TURN *** [6s 9c 2h] [4h]
Fiskin1: bets $6
lukkyl0ser: raises $6 to $12
Fiskin1: calls $6
*** RIVER *** [6s 9c 2h 4h] [Ac]
Fiskin1: checks
lukkyl0ser: bets $6
Fiskin1: folds
Uncalled bet ($6) returned to lukkyl0ser
lukkyl0ser collected $47.50 from pot
lukkyl0ser: doesn't show hand
*** SUMMARY ***
Total pot $48 | Rake $0.50
Board [6s 9c 2h 4h Ac]
Seat 1: lukkyl0ser (button) (small blind) collected ($47.50)
Seat 2: Fiskin1 (big blind) folded on the River


PokerStars Hand #148184099321:  Hold'em Limit ($3/$6 USD) - 2016/02/03 15:36:30 ET
Table 'Genevieve' 2-max Seat #2 is the button
Seat 1: lukkyl0ser ($111.98 in chips)
Seat 2: Fiskin1 ($147.48 in chips)
Fiskin1: posts small blind $1
lukkyl0ser: posts big blind $3
*** HOLE CARDS ***
Fiskin1: raises $3 to $6
lukkyl0ser: calls $3
*** FLOP *** [Jc Tc Qs]
lukkyl0ser: checks
Fiskin1: bets $3
lukkyl0ser: calls $3
*** TURN *** [Jc Tc Qs] [Ac]
lukkyl0ser: bets $6
Fiskin1: raises $6 to $12
lukkyl0ser: calls $6
*** RIVER *** [Jc Tc Qs Ac] [6c]
lukkyl0ser: checks
Fiskin1: bets $6
lukkyl0ser: calls $6
*** SHOW DOWN ***
Fiskin1: shows [Kc Qd] (a flush, Ace high)
lukkyl0ser: mucks hand
Fiskin1 collected $53.50 from pot
*** SUMMARY ***
Total pot $54 | Rake $0.50
Board [Jc Tc Qs Ac 6c]
Seat 1: lukkyl0ser (big blind) mucked
Seat 2: Fiskin1 (button) (small blind) showed [Kc Qd] and won ($53.50) with a flush, Ace high


PokerStars Hand #148184084608:  Hold'em Limit ($3/$6 USD) - 2016/02/03 15:36:16 ET
Table 'Genevieve' 2-max Seat #1 is the button
Seat 1: lukkyl0ser ($126.98 in chips)
Seat 2: Fiskin1 ($132.98 in chips)
lukkyl0ser: posts small blind $1
Fiskin1: posts big blind $3
*** HOLE CARDS ***
lukkyl0ser: raises $3 to $6
Fiskin1: raises $3 to $9
lukkyl0ser: calls $3
*** FLOP *** [Tc 4h As]
Fiskin1: bets $3
lukkyl0ser: raises $3 to $6
Fiskin1: calls $3
*** TURN *** [Tc 4h As] [Qd]
Fiskin1: checks
lukkyl0ser: checks
*** RIVER *** [Tc 4h As Qd] [Td]
Fiskin1: bets $6
lukkyl0ser: folds
Uncalled bet ($6) returned to Fiskin1
Fiskin1 collected $29.50 from pot
Fiskin1: doesn't show hand
*** SUMMARY ***
Total pot $30 | Rake $0.50
Board [Tc 4h As Qd Td]
Seat 1: lukkyl0ser (button) (small blind) folded on the River
Seat 2: Fiskin1 (big blind) collected ($29.50)


PokerStars Hand #148184078606:  Hold'em Limit ($3/$6 USD) - 2016/02/03 15:36:10 ET
Table 'Genevieve' 2-max Seat #2 is the button
Seat 1: lukkyl0ser ($129.98 in chips)
Seat 2: Fiskin1 ($129.98 in chips)
Fiskin1: posts small blind $1
lukkyl0ser: posts big blind $3
*** HOLE CARDS ***
Fiskin1: raises $3 to $6
lukkyl0ser: folds
Uncalled bet ($3) returned to Fiskin1
Fiskin1 collected $6 from pot
Fiskin1: doesn't show hand
*** SUMMARY ***
Total pot $6 | Rake $0
Seat 1: lukkyl0ser (big blind) folded before Flop
Seat 2: Fiskin1 (button) (small blind) collected ($6)


PokerStars Hand #148184062754:  Hold'em Limit ($3/$6 USD) - 2016/02/03 15:35:56 ET
Table 'Genevieve' 2-max Seat #1 is the button
Seat 1: lukkyl0ser ($156.98 in chips)
Seat 2: Fiskin1 ($103.48 in chips)
lukkyl0ser: posts small blind $1
Fiskin1: posts big blind $3
*** HOLE CARDS ***
lukkyl0ser: raises $3 to $6
Fiskin1: calls $3
*** FLOP *** [3c 6c Kd]
Fiskin1: checks
lukkyl0ser: bets $3
Fiskin1: calls $3
*** TURN *** [3c 6c Kd] [5s]
Fiskin1: checks
lukkyl0ser: bets $6
Fiskin1: raises $6 to $12
lukkyl0ser: calls $6
*** RIVER *** [3c 6c Kd 5s] [4c]
Fiskin1: bets $6
lukkyl0ser: calls $6
*** SHOW DOWN ***
Fiskin1: shows [7h 8c] (a straight, Four to Eight)
lukkyl0ser: mucks hand
Fiskin1 collected $53.50 from pot
*** SUMMARY ***
Total pot $54 | Rake $0.50
Board [3c 6c Kd 5s 4c]
Seat 1: lukkyl0ser (button) (small blind) mucked
Seat 2: Fiskin1 (big blind) showed [7h 8c] and won ($53.50) with a straight, Four to Eight


PokerStars Hand #148184052221:  Hold'em Limit ($3/$6 USD) - 2016/02/03 15:35:46 ET
Table 'Genevieve' 2-max Seat #2 is the button
Seat 1: lukkyl0ser ($151.22 in chips)
Seat 2: Fiskin1 ($109.48 in chips)
Fiskin1: posts small blind $1
lukkyl0ser: posts big blind $3
*** HOLE CARDS ***
Fiskin1: raises $3 to $6
lukkyl0ser: calls $3
*** FLOP *** [Jh Tc 4s]
lukkyl0ser: checks
Fiskin1: checks
*** TURN *** [Jh Tc 4s] [2s]
lukkyl0ser: bets $6
Fiskin1: folds
Uncalled bet ($6) returned to lukkyl0ser
lukkyl0ser collected $11.76 from pot
lukkyl0ser: doesn't show hand
*** SUMMARY ***
Total pot $12 | Rake $0.24
Board [Jh Tc 4s 2s]
Seat 1: lukkyl0ser (big blind) collected ($11.76)
Seat 2: Fiskin1 (button) (small blind) folded on the Turn


PokerStars Hand #148184168459:  Hold'em Limit ($3/$6 USD) - 2016/02/03 15:37:34 ET
Table 'Genevieve' 2-max Seat #2 is the button
Seat 1: lukkyl0ser ($296.98 in chips)
Seat 2: Fiskin1 ($146.48 in chips)
Fiskin1: posts small blind $1
lukkyl0ser: posts big blind $3
*** HOLE CARDS ***
Fiskin1: folds
Uncalled bet ($2) returned to lukkyl0ser
lukkyl0ser collected $2 from pot
lukkyl0ser: doesn't show hand
*** SUMMARY ***
Total pot $2 | Rake $0
Seat 1: lukkyl0ser (big blind) collected ($2)
Seat 2: Fiskin1 (button) (small blind) folded before Flop


PokerStars Hand #148184151087:  Hold'em Limit ($3/$6 USD) - 2016/02/03 15:37:18 ET
Table 'Genevieve' 2-max Seat #1 is the button
Seat 1: lukkyl0ser ($264.48 in chips)
Seat 2: Fiskin1 ($179.48 in chips)
lukkyl0ser: posts small blind $1
Fiskin1: posts big blind $3
*** HOLE CARDS ***
lukkyl0ser: raises $3 to $6
Fiskin1: calls $3
*** FLOP *** [Ac 6h Ah]
Fiskin1: checks
lukkyl0ser: bets $3
Fiskin1: calls $3
*** TURN *** [Ac 6h Ah] [8d]
Fiskin1: checks
lukkyl0ser: bets $6
Fiskin1: raises $6 to $12
lukkyl0ser: calls $6
*** RIVER *** [Ac 6h Ah 8d] [Th]
Fiskin1: bets $6
lukkyl0ser: raises $6 to $12
Fiskin1: calls $6
*** SHOW DOWN ***
lukkyl0ser: shows [4h 8h] (a flush, Ace high)
Fiskin1: mucks hand
lukkyl0ser collected $65.50 from pot
*** SUMMARY ***
Total pot $66 | Rake $0.50
Board [Ac 6h Ah 8d Th]
Seat 1: lukkyl0ser (button) (small blind) showed [4h 8h] and won ($65.50) with a flush, Ace high
Seat 2: Fiskin1 (big blind) mucked


PokerStars Hand #148184130688:  Hold'em Limit ($3/$6 USD) - 2016/02/03 15:36:59 ET
Table 'Genevieve' 2-max Seat #2 is the button
Seat 1: lukkyl0ser ($60.98 in chips)
Seat 2: Fiskin1 ($197.48 in chips)
Fiskin1: posts small blind $1
lukkyl0ser: posts big blind $3
*** HOLE CARDS ***
Fiskin1: raises $3 to $6
lukkyl0ser: calls $3
*** FLOP *** [5d 6s 9s]
lukkyl0ser: bets $3
Fiskin1: raises $3 to $6
lukkyl0ser: calls $3
*** TURN *** [5d 6s 9s] [7s]
lukkyl0ser: checks
Fiskin1: checks
*** RIVER *** [5d 6s 9s 7s] [Kd]
lukkyl0ser: checks
Fiskin1: bets $6
lukkyl0ser: calls $6
*** SHOW DOWN ***
Fiskin1: shows [6h Jc] (a pair of Sixes)
lukkyl0ser: shows [Ts 7d] (a pair of Sevens)
lukkyl0ser collected $35.50 from pot
*** SUMMARY ***
Total pot $36 | Rake $0.50
Board [5d 6s 9s 7s Kd]
Seat 1: lukkyl0ser (big blind) showed [Ts 7d] and won ($35.50) with a pair of Sevens
Seat 2: Fiskin1 (button) (small blind) showed [6h Jc] and lost with a pair of Sixes


PokerStars Hand #148184114821:  Hold'em Limit ($3/$6 USD) - 2016/02/03 15:36:44 ET
Table 'Genevieve' 2-max Seat #1 is the button
Seat 1: lukkyl0ser ($84.98 in chips)
Seat 2: Fiskin1 ($173.98 in chips)
lukkyl0ser: posts small blind $1
Fiskin1: posts big blind $3
*** HOLE CARDS ***
lukkyl0ser: raises $3 to $6
Fiskin1: raises $3 to $9
lukkyl0ser: calls $3
*** FLOP *** [Td Ad 2s]
Fiskin1: bets $3
lukkyl0ser: calls $3
*** TURN *** [Td Ad 2s] [2c]
Fiskin1: bets $6
lukkyl0ser: calls $6
*** RIVER *** [Td Ad 2s 2c] [8c]
Fiskin1: bets $6
lukkyl0ser: calls $6
*** SHOW DOWN ***
Fiskin1: shows [2d Ks] (three of a kind, Deuces)
lukkyl0ser: mucks hand
Fiskin1 collected $47.50 from pot
*** SUMMARY ***
Total pot $48 | Rake $0.50
Board [Td Ad 2s 2c 8c]
Seat 1: lukkyl0ser (button) (small blind) mucked
Seat 2: Fiskin1 (big blind) showed [2d Ks] and won ($47.50) with three of a kind, Deuces


PokerStars Hand #148184231667:  Hold'em Limit ($3/$6 USD) - 2016/02/03 15:38:33 ET
Table 'Genevieve' 2-max Seat #2 is the button
Seat 1: lukkyl0ser ($312 in chips)
Seat 2: Fiskin1 ($129.76 in chips)
Fiskin1: posts small blind $1
lukkyl0ser: posts big blind $3
*** HOLE CARDS ***
Fiskin1: raises $3 to $6
lukkyl0ser: calls $3
*** FLOP *** [9c 6d Qc]
lukkyl0ser: checks
Fiskin1: checks
*** TURN *** [9c 6d Qc] [3h]
lukkyl0ser: checks
Fiskin1: checks
*** RIVER *** [9c 6d Qc 3h] [2s]
lukkyl0ser: bets $6
Fiskin1: folds
Uncalled bet ($6) returned to lukkyl0ser
lukkyl0ser collected $11.76 from pot
lukkyl0ser: doesn't show hand
*** SUMMARY ***
Total pot $12 | Rake $0.24
Board [9c 6d Qc 3h 2s]
Seat 1: lukkyl0ser (big blind) collected ($11.76)
Seat 2: Fiskin1 (button) (small blind) folded on the River


PokerStars Hand #148184217130:  Hold'em Limit ($3/$6 USD) - 2016/02/03 15:38:19 ET
Table 'Genevieve' 2-max Seat #1 is the button
Seat 1: lukkyl0ser ($288.50 in chips)
Seat 2: Fiskin1 ($153.76 in chips)
lukkyl0ser: posts small blind $1
Fiskin1: posts big blind $3
*** HOLE CARDS ***
lukkyl0ser: raises $3 to $6
Fiskin1: calls $3
*** FLOP *** [2d 3h 5d]
Fiskin1: checks
lukkyl0ser: checks
*** TURN *** [2d 3h 5d] [7h]
Fiskin1: bets $6
lukkyl0ser: raises $6 to $12
Fiskin1: calls $6
*** RIVER *** [2d 3h 5d 7h] [8s]
Fiskin1: checks
lukkyl0ser: bets $6
Fiskin1: calls $6
*** SHOW DOWN ***
lukkyl0ser: shows [7c Jd] (a pair of Sevens)
Fiskin1: mucks hand
lukkyl0ser collected $47.50 from pot
*** SUMMARY ***
Total pot $48 | Rake $0.50
Board [2d 3h 5d 7h 8s]
Seat 1: lukkyl0ser (button) (small blind) showed [7c Jd] and won ($47.50) with a pair of Sevens
Seat 2: Fiskin1 (big blind) mucked


PokerStars Hand #148184202539:  Hold'em Limit ($3/$6 USD) - 2016/02/03 15:38:06 ET
Table 'Genevieve' 2-max Seat #2 is the button
Seat 1: lukkyl0ser ($300.50 in chips)
Seat 2: Fiskin1 ($142.24 in chips)
Fiskin1: posts small blind $1
lukkyl0ser: posts big blind $3
*** HOLE CARDS ***
Fiskin1: raises $3 to $6
lukkyl0ser: calls $3
*** FLOP *** [Tc Td 9h]
lukkyl0ser: checks
Fiskin1: checks
*** TURN *** [Tc Td 9h] [9s]
lukkyl0ser: checks
Fiskin1: checks
*** RIVER *** [Tc Td 9h 9s] [Qs]
lukkyl0ser: bets $6
Fiskin1: calls $6
*** SHOW DOWN ***
lukkyl0ser: shows [Ad 4c] (two pair, Tens and Nines)
Fiskin1: shows [Qh 6d] (two pair, Queens and Tens)
Fiskin1 collected $23.52 from pot
*** SUMMARY ***
Total pot $24 | Rake $0.48
Board [Tc Td 9h 9s Qs]
Seat 1: lukkyl0ser (big blind) showed [Ad 4c] and lost with two pair, Tens and Nines
Seat 2: Fiskin1 (button) (small blind) showed [Qh 6d] and won ($23.52) with two pair, Queens and Tens


PokerStars Hand #148184192556:  Hold'em Limit ($3/$6 USD) - 2016/02/03 15:37:56 ET
Table 'Genevieve' 2-max Seat #1 is the button
Seat 1: lukkyl0ser ($306.50 in chips)
Seat 2: Fiskin1 ($136.48 in chips)
lukkyl0ser: posts small blind $1
Fiskin1: posts big blind $3
*** HOLE CARDS ***
lukkyl0ser: raises $3 to $6
Fiskin1: calls $3
*** FLOP *** [7c Js Tc]
Fiskin1: checks
lukkyl0ser: checks
*** TURN *** [7c Js Tc] [As]
Fiskin1: bets $6
lukkyl0ser: folds
Uncalled bet ($6) returned to Fiskin1
Fiskin1 collected $11.76 from pot
Fiskin1: doesn't show hand
*** SUMMARY ***
Total pot $12 | Rake $0.24
Board [7c Js Tc As]
Seat 1: lukkyl0ser (button) (small blind) folded on the Turn
Seat 2: Fiskin1 (big blind) collected ($11.76)


PokerStars Hand #148184186560:  Hold'em Limit ($3/$6 USD) - 2016/02/03 15:37:51 ET
Table 'Genevieve' 2-max Seat #2 is the button
Seat 1: lukkyl0ser ($309.50 in chips)
Seat 2: Fiskin1 ($133.48 in chips)
Fiskin1: posts small blind $1
lukkyl0ser: posts big blind $3
*** HOLE CARDS ***
Fiskin1: raises $3 to $6
lukkyl0ser: folds
Uncalled bet ($3) returned to Fiskin1
Fiskin1 collected $6 from pot
Fiskin1: doesn't show hand
*** SUMMARY ***
Total pot $6 | Rake $0
Seat 1: lukkyl0ser (big blind) folded before Flop
Seat 2: Fiskin1 (button) (small blind) collected ($6)


PokerStars Hand #148184173404:  Hold'em Limit ($3/$6 USD) - 2016/02/03 15:37:38 ET
Table 'Genevieve' 2-max Seat #1 is the button
Seat 1: lukkyl0ser ($297.98 in chips)
Seat 2: Fiskin1 ($145.48 in chips)
lukkyl0ser: posts small blind $1
Fiskin1: posts big blind $3
*** HOLE CARDS ***
lukkyl0ser: raises $3 to $6
Fiskin1: raises $3 to $9
lukkyl0ser: calls $3
*** FLOP *** [Kc 2s Jh]
Fiskin1: bets $3
lukkyl0ser: calls $3
*** TURN *** [Kc 2s Jh] [3c]
Fiskin1: checks
lukkyl0ser: bets $6
Fiskin1: folds
Uncalled bet ($6) returned to lukkyl0ser
lukkyl0ser collected $23.52 from pot
lukkyl0ser: doesn't show hand
*** SUMMARY ***
Total pot $24 | Rake $0.48
Board [Kc 2s Jh 3c]
Seat 1: lukkyl0ser (button) (small blind) collected ($23.52)
Seat 2: Fiskin1 (big blind) folded on the Turn


PokerStars Hand #148184290545:  Hold'em Limit ($3/$6 USD) - 2016/02/03 15:39:27 ET
Table 'Genevieve' 2-max Seat #2 is the button
Seat 1: lukkyl0ser ($269.76 in chips)
Seat 2: Fiskin1 ($170.52 in chips)
Fiskin1: posts small blind $1
lukkyl0ser: posts big blind $3
*** HOLE CARDS ***
Fiskin1: raises $3 to $6
lukkyl0ser: calls $3
*** FLOP *** [Th 7s 2d]
lukkyl0ser: bets $3
Fiskin1: folds
Uncalled bet ($3) returned to lukkyl0ser
lukkyl0ser collected $11.76 from pot
lukkyl0ser: doesn't show hand
*** SUMMARY ***
Total pot $12 | Rake $0.24
Board [Th 7s 2d]
Seat 1: lukkyl0ser (big blind) collected ($11.76)
Seat 2: Fiskin1 (button) (small blind) folded on the Flop


PokerStars Hand #148184271021:  Hold'em Limit ($3/$6 USD) - 2016/02/03 15:39:09 ET
Table 'Genevieve' 2-max Seat #1 is the button
Seat 1: lukkyl0ser ($293.76 in chips)
Seat 2: Fiskin1 ($147.02 in chips)
lukkyl0ser: posts small blind $1
Fiskin1: posts big blind $3
*** HOLE CARDS ***
lukkyl0ser: raises $3 to $6
Fiskin1: raises $3 to $9
lukkyl0ser: calls $3
*** FLOP *** [6c Qd 8c]
Fiskin1: bets $3
lukkyl0ser: calls $3
*** TURN *** [6c Qd 8c] [4h]
Fiskin1: bets $6
lukkyl0ser: calls $6
*** RIVER *** [6c Qd 8c 4h] [5h]
Fiskin1: bets $6
lukkyl0ser: calls $6
*** SHOW DOWN ***
Fiskin1: shows [6h 6d] (three of a kind, Sixes)
lukkyl0ser: mucks hand
Fiskin1 collected $47.50 from pot
*** SUMMARY ***
Total pot $48 | Rake $0.50
Board [6c Qd 8c 4h 5h]
Seat 1: lukkyl0ser (button) (small blind) mucked
Seat 2: Fiskin1 (big blind) showed [6h 6d] and won ($47.50) with three of a kind, Sixes


PokerStars Hand #148184261103:  Hold'em Limit ($3/$6 USD) - 2016/02/03 15:39:00 ET
Table 'Genevieve' 2-max Seat #2 is the button
Seat 1: lukkyl0ser ($299.76 in chips)
Seat 2: Fiskin1 ($141.26 in chips)
Fiskin1: posts small blind $1
lukkyl0ser: posts big blind $3
*** HOLE CARDS ***
Fiskin1: raises $3 to $6
lukkyl0ser: calls $3
*** FLOP *** [Th Qc 5c]
lukkyl0ser: checks
Fiskin1: bets $3
lukkyl0ser: folds
Uncalled bet ($3) returned to Fiskin1
Fiskin1 collected $11.76 from pot
Fiskin1: doesn't show hand
*** SUMMARY ***
Total pot $12 | Rake $0.24
Board [Th Qc 5c]
Seat 1: lukkyl0ser (big blind) folded on the Flop
Seat 2: Fiskin1 (button) (small blind) collected ($11.76)


PokerStars Hand #148184246272:  Hold'em Limit ($3/$6 USD) - 2016/02/03 15:38:46 ET
Table 'Genevieve' 2-max Seat #1 is the button
Seat 1: lukkyl0ser ($317.76 in chips)
Seat 2: Fiskin1 ($123.76 in chips)
lukkyl0ser: posts small blind $1
Fiskin1: posts big blind $3
*** HOLE CARDS ***
lukkyl0ser: raises $3 to $6
Fiskin1: raises $3 to $9
lukkyl0ser: calls $3
*** FLOP *** [2s 7d 6s]
Fiskin1: bets $3
lukkyl0ser: calls $3
*** TURN *** [2s 7d 6s] [2c]
Fiskin1: bets $6
lukkyl0ser: calls $6
*** RIVER *** [2s 7d 6s 2c] [Ac]
Fiskin1: bets $6
lukkyl0ser: folds
Uncalled bet ($6) returned to Fiskin1
Fiskin1 collected $35.50 from pot
Fiskin1: doesn't show hand
*** SUMMARY ***
Total pot $36 | Rake $0.50
Board [2s 7d 6s 2c Ac]
Seat 1: lukkyl0ser (button) (small blind) folded on the River
Seat 2: Fiskin1 (big blind) collected ($35.50)


PokerStars Hand #148184345022:  Hold'em Limit ($3/$6 USD) - 2016/02/03 15:40:18 ET
Table 'Genevieve' 2-max Seat #2 is the button
Seat 1: lukkyl0ser ($322.06 in chips)
Seat 2: Fiskin1 ($116.52 in chips)
Fiskin1: posts small blind $1
lukkyl0ser: posts big blind $3
*** HOLE CARDS ***
Fiskin1: raises $3 to $6
lukkyl0ser: raises $3 to $9
Fiskin1: calls $3
*** FLOP *** [8d Qs 9h]
lukkyl0ser: bets $3
Fiskin1: raises $3 to $6
lukkyl0ser: calls $3
*** TURN *** [8d Qs 9h] [Kc]
lukkyl0ser: bets $6
Fiskin1: calls $6
*** RIVER *** [8d Qs 9h Kc] [6h]
lukkyl0ser: bets $6
Fiskin1: calls $6
*** SHOW DOWN ***
lukkyl0ser: shows [Ts Ks] (a pair of Kings)
Fiskin1: mucks hand
lukkyl0ser collected $53.50 from pot
*** SUMMARY ***
Total pot $54 | Rake $0.50
Board [8d Qs 9h Kc 6h]
Seat 1: lukkyl0ser (big blind) showed [Ts Ks] and won ($53.50) with a pair of Kings
Seat 2: Fiskin1 (button) (small blind) mucked


PokerStars Hand #148184328322:  Hold'em Limit ($3/$6 USD) - 2016/02/03 15:40:02 ET
Table 'Genevieve' 2-max Seat #1 is the button
Seat 1: lukkyl0ser ($310.54 in chips)
Seat 2: Fiskin1 ($128.52 in chips)
lukkyl0ser: posts small blind $1
Fiskin1: posts big blind $3
*** HOLE CARDS ***
lukkyl0ser: raises $3 to $6
Fiskin1: raises $3 to $9
lukkyl0ser: calls $3
*** FLOP *** [Qd 7s 9c]
Fiskin1: bets $3
lukkyl0ser: calls $3
*** TURN *** [Qd 7s 9c] [4d]
Fiskin1: checks
lukkyl0ser: checks
*** RIVER *** [Qd 7s 9c 4d] [2d]
Fiskin1: checks
lukkyl0ser: bets $6
Fiskin1: folds
Uncalled bet ($6) returned to lukkyl0ser
lukkyl0ser collected $23.52 from pot
lukkyl0ser: doesn't show hand
*** SUMMARY ***
Total pot $24 | Rake $0.48
Board [Qd 7s 9c 4d 2d]
Seat 1: lukkyl0ser (button) (small blind) collected ($23.52)
Seat 2: Fiskin1 (big blind) folded on the River


PokerStars Hand #148184315880:  Hold'em Limit ($3/$6 USD) - 2016/02/03 15:39:51 ET
Table 'Genevieve' 2-max Seat #2 is the button
Seat 1: lukkyl0ser ($299.02 in chips)
Seat 2: Fiskin1 ($140.52 in chips)
Fiskin1: posts small blind $1
lukkyl0ser: posts big blind $3
*** HOLE CARDS ***
Fiskin1: raises $3 to $6
lukkyl0ser: calls $3
*** FLOP *** [6s Qd As]
lukkyl0ser: checks
Fiskin1: checks
*** TURN *** [6s Qd As] [Jd]
lukkyl0ser: checks
Fiskin1: bets $6
lukkyl0ser: calls $6
*** RIVER *** [6s Qd As Jd] [Tc]
lukkyl0ser: checks
Fiskin1: checks
*** SHOW DOWN ***
lukkyl0ser: shows [Th 6c] (two pair, Tens and Sixes)
Fiskin1: mucks hand
lukkyl0ser collected $23.52 from pot
*** SUMMARY ***
Total pot $24 | Rake $0.48
Board [6s Qd As Jd Tc]
Seat 1: lukkyl0ser (big blind) showed [Th 6c] and won ($23.52) with two pair, Tens and Sixes
Seat 2: Fiskin1 (button) (small blind) mucked


PokerStars Hand #148184299153:  Hold'em Limit ($3/$6 USD) - 2016/02/03 15:39:35 ET
Table 'Genevieve' 2-max Seat #1 is the button
Seat 1: lukkyl0ser ($275.52 in chips)
Seat 2: Fiskin1 ($164.52 in chips)
lukkyl0ser: posts small blind $1
Fiskin1: posts big blind $3
*** HOLE CARDS ***
lukkyl0ser: raises $3 to $6
Fiskin1: raises $3 to $9
lukkyl0ser: calls $3
*** FLOP *** [8d Jd 3s]
Fiskin1: bets $3
lukkyl0ser: calls $3
*** TURN *** [8d Jd 3s] [Js]
Fiskin1: bets $6
lukkyl0ser: raises $6 to $12
Fiskin1: calls $6
*** RIVER *** [8d Jd 3s Js] [7h]
Fiskin1: checks
lukkyl0ser: bets $6
Fiskin1: folds
Uncalled bet ($6) returned to lukkyl0ser
lukkyl0ser collected $47.50 from pot
lukkyl0ser: doesn't show hand
*** SUMMARY ***
Total pot $48 | Rake $0.50
Board [8d Jd 3s Js 7h]
Seat 1: lukkyl0ser (button) (small blind) collected ($47.50)
Seat 2: Fiskin1 (big blind) folded on the River


PokerStars Hand #148184417191:  Hold'em Limit ($3/$6 USD) - 2016/02/03 15:41:25 ET
Table 'Genevieve' 2-max Seat #1 is the button
Seat 1: lukkyl0ser ($404.06 in chips)
Seat 2: Fiskin1 ($32.28 in chips)
lukkyl0ser: posts small blind $1
Fiskin1: posts big blind $3
*** HOLE CARDS ***
lukkyl0ser: raises $3 to $6
Fiskin1: raises $3 to $9
lukkyl0ser: calls $3
*** FLOP *** [As 4h 8h]
Fiskin1: bets $3
lukkyl0ser: calls $3
*** TURN *** [As 4h 8h] [3s]
Fiskin1: bets $6
lukkyl0ser: calls $6
*** RIVER *** [As 4h 8h 3s] [2d]
Fiskin1: bets $6
lukkyl0ser: calls $6
*** SHOW DOWN ***
Fiskin1: shows [6s 9c] (high card Ace)
lukkyl0ser: shows [4s Kd] (a pair of Fours)
lukkyl0ser collected $47.50 from pot
*** SUMMARY ***
Total pot $48 | Rake $0.50
Board [As 4h 8h 3s 2d]
Seat 1: lukkyl0ser (button) (small blind) showed [4s Kd] and won ($47.50) with a pair of Fours
Seat 2: Fiskin1 (big blind) showed [6s 9c] and lost with high card Ace


PokerStars Hand #148184398078:  Hold'em Limit ($3/$6 USD) - 2016/02/03 15:41:07 ET
Table 'Genevieve' 2-max Seat #2 is the button
Seat 1: lukkyl0ser ($389.56 in chips)
Seat 2: Fiskin1 ($47.28 in chips)
Fiskin1: posts small blind $1
lukkyl0ser: posts big blind $3
*** HOLE CARDS ***
Fiskin1: raises $3 to $6
lukkyl0ser: calls $3
*** FLOP *** [Ac Qh 9h]
lukkyl0ser: checks
Fiskin1: bets $3
lukkyl0ser: calls $3
*** TURN *** [Ac Qh 9h] [Js]
lukkyl0ser: checks
Fiskin1: bets $6
lukkyl0ser: calls $6
*** RIVER *** [Ac Qh 9h Js] [7h]
lukkyl0ser: bets $6
Fiskin1: folds
Uncalled bet ($6) returned to lukkyl0ser
lukkyl0ser collected $29.50 from pot
lukkyl0ser: doesn't show hand
*** SUMMARY ***
Total pot $30 | Rake $0.50
Board [Ac Qh 9h Js 7h]
Seat 1: lukkyl0ser (big blind) collected ($29.50)
Seat 2: Fiskin1 (button) (small blind) folded on the River


PokerStars Hand #148184386259:  Hold'em Limit ($3/$6 USD) - 2016/02/03 15:40:56 ET
Table 'Genevieve' 2-max Seat #1 is the button
Seat 1: lukkyl0ser ($366.06 in chips)
Seat 2: Fiskin1 ($71.28 in chips)
lukkyl0ser: posts small blind $1
Fiskin1: posts big blind $3
*** HOLE CARDS ***
lukkyl0ser: raises $3 to $6
Fiskin1: raises $3 to $9
lukkyl0ser: calls $3
*** FLOP *** [6s 6d 9c]
Fiskin1: bets $3
lukkyl0ser: calls $3
*** TURN *** [6s 6d 9c] [9s]
Fiskin1: bets $6
lukkyl0ser: calls $6
*** RIVER *** [6s 6d 9c 9s] [7h]
Fiskin1: bets $6
lukkyl0ser: calls $6
*** SHOW DOWN ***
Fiskin1: shows [5c 4c] (two pair, Nines and Sixes)
lukkyl0ser: shows [Kd 3s] (two pair, Nines and Sixes - King kicker)
lukkyl0ser collected $47.50 from pot
*** SUMMARY ***
Total pot $48 | Rake $0.50
Board [6s 6d 9c 9s 7h]
Seat 1: lukkyl0ser (button) (small blind) showed [Kd 3s] and won ($47.50) with two pair, Nines and Sixes
Seat 2: Fiskin1 (big blind) showed [5c 4c] and lost with two pair, Nines and Sixes


PokerStars Hand #148184376717:  Hold'em Limit ($3/$6 USD) - 2016/02/03 15:40:47 ET
Table 'Genevieve' 2-max Seat #2 is the button
Seat 1: lukkyl0ser ($372.06 in chips)
Seat 2: Fiskin1 ($65.52 in chips)
Fiskin1: posts small blind $1
lukkyl0ser: posts big blind $3
*** HOLE CARDS ***
Fiskin1: raises $3 to $6
lukkyl0ser: calls $3
*** FLOP *** [3s 2c Kh]
lukkyl0ser: checks
Fiskin1: bets $3
lukkyl0ser: folds
Uncalled bet ($3) returned to Fiskin1
Fiskin1 collected $11.76 from pot
Fiskin1: doesn't show hand
*** SUMMARY ***
Total pot $12 | Rake $0.24
Board [3s 2c Kh]
Seat 1: lukkyl0ser (big blind) folded on the Flop
Seat 2: Fiskin1 (button) (small blind) collected ($11.76)


PokerStars Hand #148184361589:  Hold'em Limit ($3/$6 USD) - 2016/02/03 15:40:33 ET
Table 'Genevieve' 2-max Seat #1 is the button
Seat 1: lukkyl0ser ($348.56 in chips)
Seat 2: Fiskin1 ($89.52 in chips)
lukkyl0ser: posts small blind $1
Fiskin1: posts big blind $3
*** HOLE CARDS ***
lukkyl0ser: raises $3 to $6
Fiskin1: calls $3
*** FLOP *** [Jd Ts 5c]
Fiskin1: checks
lukkyl0ser: bets $3
Fiskin1: raises $3 to $6
lukkyl0ser: calls $3
*** TURN *** [Jd Ts 5c] [4c]
Fiskin1: bets $6
lukkyl0ser: raises $6 to $12
Fiskin1: calls $6
*** RIVER *** [Jd Ts 5c 4c] [6c]
Fiskin1: checks
lukkyl0ser: bets $6
Fiskin1: folds
Uncalled bet ($6) returned to lukkyl0ser
lukkyl0ser collected $47.50 from pot
lukkyl0ser: doesn't show hand
*** SUMMARY ***
Total pot $48 | Rake $0.50
Board [Jd Ts 5c 4c 6c]
Seat 1: lukkyl0ser (button) (small blind) collected ($47.50)
Seat 2: Fiskin1 (big blind) folded on the River


PokerStars Hand #148184501581:  Hold'em Limit ($3/$6 USD) - 2016/02/03 15:42:42 ET
Table 'Genevieve' 2-max Seat #2 is the button
Seat 1: lukkyl0ser ($435.19 in chips)
Seat 2: Fiskin1 ($71.21 in chips)
Fiskin1: posts small blind $1
lukkyl0ser: posts big blind $3
*** HOLE CARDS ***
Fiskin1: folds
Uncalled bet ($2) returned to lukkyl0ser
lukkyl0ser collected $2 from pot
lukkyl0ser: doesn't show hand
*** SUMMARY ***
Total pot $2 | Rake $0
Seat 1: lukkyl0ser (big blind) collected ($2)
Seat 2: Fiskin1 (button) (small blind) folded before Flop


PokerStars Hand #148184477854:  Hold'em Limit ($3/$6 USD) - 2016/02/03 15:42:20 ET
Table 'Genevieve' 2-max Seat #1 is the button
Seat 1: lukkyl0ser ($427.40 in chips)
Seat 2: Fiskin1 ($8.11 in chips)
lukkyl0ser: posts small blind $1
Fiskin1: posts big blind $3
*** HOLE CARDS ***
lukkyl0ser: raises $3 to $6
Fiskin1: raises $2.11 to $8.11 and is all-in
lukkyl0ser: calls $2.11
*** FLOP *** [7d 8c 5d]
*** TURN *** [7d 8c 5d] [Tc]
*** RIVER *** [7d 8c 5d Tc] [3d]
*** SHOW DOWN ***
Fiskin1: shows [Kd 6h] (high card King)
lukkyl0ser: shows [8d 5s] (two pair, Eights and Fives)
lukkyl0ser collected $15.90 from pot
*** SUMMARY ***
Total pot $16.22 | Rake $0.32
Board [7d 8c 5d Tc 3d]
Seat 1: lukkyl0ser (button) (small blind) showed [8d 5s] and won ($15.90) with two pair, Eights and Fives
Seat 2: Fiskin1 (big blind) showed [Kd 6h] and lost with high card King


PokerStars Hand #148184428699:  Hold'em Limit ($3/$6 USD) - 2016/02/03 15:41:36 ET
Table 'Genevieve' 2-max Seat #2 is the button
Seat 1: lukkyl0ser ($427.56 in chips)
Seat 2: Fiskin1 ($8.28 in chips)
Fiskin1: posts small blind $1
lukkyl0ser: posts big blind $3
*** HOLE CARDS ***
Fiskin1: raises $3 to $6
lukkyl0ser: raises $3 to $9
Fiskin1: calls $2.28 and is all-in
Uncalled bet ($0.72) returned to lukkyl0ser
*** FLOP *** [Jc 7c Ac]
*** TURN *** [Jc 7c Ac] [5c]
*** RIVER *** [Jc 7c Ac 5c] [9c]
*** SHOW DOWN ***
lukkyl0ser: shows [8h 8d] (a flush, Ace high)
Fiskin1: shows [Td 4c] (a flush, Ace high)
lukkyl0ser collected $8.12 from pot
Fiskin1 collected $8.11 from pot
*** SUMMARY ***
Total pot $16.56 | Rake $0.33
Board [Jc 7c Ac 5c 9c]
Seat 1: lukkyl0ser (big blind) showed [8h 8d] and won ($8.12) with a flush, Ace high
Seat 2: Fiskin1 (button) (small blind) showed [Td 4c] and won ($8.11) with a flush, Ace high


PokerStars Hand #148184561397:  Hold'em Limit ($3/$6 USD) - 2016/02/03 15:43:37 ET
Table 'Genevieve' 2-max Seat #1 is the button
Seat 1: lukkyl0ser ($449.69 in chips)
Seat 2: Fiskin1 ($55.97 in chips)
lukkyl0ser: posts small blind $1
Fiskin1: posts big blind $3
*** HOLE CARDS ***
lukkyl0ser: folds
Uncalled bet ($2) returned to Fiskin1
Fiskin1 collected $2 from pot
Fiskin1: doesn't show hand
*** SUMMARY ***
Total pot $2 | Rake $0
Seat 1: lukkyl0ser (button) (small blind) folded before Flop
Seat 2: Fiskin1 (big blind) collected ($2)


PokerStars Hand #148184556244:  Hold'em Limit ($3/$6 USD) - 2016/02/03 15:43:32 ET
Table 'Genevieve' 2-max Seat #2 is the button
Seat 1: lukkyl0ser ($452.69 in chips)
Seat 2: Fiskin1 ($52.97 in chips)
Fiskin1: posts small blind $1
lukkyl0ser: posts big blind $3
*** HOLE CARDS ***
Fiskin1: raises $3 to $6
lukkyl0ser: folds
Uncalled bet ($3) returned to Fiskin1
Fiskin1 collected $6 from pot
Fiskin1: doesn't show hand
*** SUMMARY ***
Total pot $6 | Rake $0
Seat 1: lukkyl0ser (big blind) folded before Flop
Seat 2: Fiskin1 (button) (small blind) collected ($6)


PokerStars Hand #148184543960:  Hold'em Limit ($3/$6 USD) - 2016/02/03 15:43:21 ET
Table 'Genevieve' 2-max Seat #1 is the button
Seat 1: lukkyl0ser ($458.69 in chips)
Seat 2: Fiskin1 ($47.21 in chips)
lukkyl0ser: posts small blind $1
Fiskin1: posts big blind $3
*** HOLE CARDS ***
lukkyl0ser: raises $3 to $6
Fiskin1: calls $3
*** FLOP *** [3d Kh 5h]
Fiskin1: checks
lukkyl0ser: checks
*** TURN *** [3d Kh 5h] [7s]
Fiskin1: bets $6
lukkyl0ser: folds
Uncalled bet ($6) returned to Fiskin1
Fiskin1 collected $11.76 from pot
Fiskin1: doesn't show hand
*** SUMMARY ***
Total pot $12 | Rake $0.24
Board [3d Kh 5h 7s]
Seat 1: lukkyl0ser (button) (small blind) folded on the Turn
Seat 2: Fiskin1 (big blind) collected ($11.76)


PokerStars Hand #148184538872:  Hold'em Limit ($3/$6 USD) - 2016/02/03 15:43:16 ET
Table 'Genevieve' 2-max Seat #2 is the button
Seat 1: lukkyl0ser ($461.69 in chips)
Seat 2: Fiskin1 ($44.21 in chips)
Fiskin1: posts small blind $1
lukkyl0ser: posts big blind $3
*** HOLE CARDS ***
Fiskin1: raises $3 to $6
lukkyl0ser: folds
Uncalled bet ($3) returned to Fiskin1
Fiskin1 collected $6 from pot
Fiskin1: doesn't show hand
*** SUMMARY ***
Total pot $6 | Rake $0
Seat 1: lukkyl0ser (big blind) folded before Flop
Seat 2: Fiskin1 (button) (small blind) collected ($6)


PokerStars Hand #148184532361:  Hold'em Limit ($3/$6 USD) - 2016/02/03 15:43:10 ET
Table 'Genevieve' 2-max Seat #1 is the button
Seat 1: lukkyl0ser ($458.69 in chips)
Seat 2: Fiskin1 ($47.21 in chips)
lukkyl0ser: posts small blind $1
Fiskin1: posts big blind $3
*** HOLE CARDS ***
lukkyl0ser: raises $3 to $6
Fiskin1: folds
Uncalled bet ($3) returned to lukkyl0ser
lukkyl0ser collected $6 from pot
lukkyl0ser: doesn't show hand
*** SUMMARY ***
Total pot $6 | Rake $0
Seat 1: lukkyl0ser (button) (small blind) collected ($6)
Seat 2: Fiskin1 (big blind) folded before Flop


PokerStars Hand #148184513465:  Hold'em Limit ($3/$6 USD) - 2016/02/03 15:42:53 ET
Table 'Genevieve' 2-max Seat #2 is the button
Seat 1: lukkyl0ser ($435.19 in chips)
Seat 2: Fiskin1 ($71.21 in chips)
Fiskin1: posts small blind $1
lukkyl0ser: posts big blind $3
*** HOLE CARDS ***
Fiskin1: raises $3 to $6
lukkyl0ser: calls $3
*** FLOP *** [2d 9c 2c]
lukkyl0ser: checks
Fiskin1: bets $3
lukkyl0ser: raises $3 to $6
Fiskin1: calls $3
*** TURN *** [2d 9c 2c] [9s]
lukkyl0ser: bets $6
Fiskin1: calls $6
*** RIVER *** [2d 9c 2c 9s] [8d]
lukkyl0ser: bets $6
Fiskin1: calls $6
*** SHOW DOWN ***
lukkyl0ser: shows [9h Kd] (a full house, Nines full of Deuces)
Fiskin1: mucks hand
lukkyl0ser collected $47.50 from pot
*** SUMMARY ***
Total pot $48 | Rake $0.50
Board [2d 9c 2c 9s 8d]
Seat 1: lukkyl0ser (big blind) showed [9h Kd] and won ($47.50) with a full house, Nines full of Deuces
Seat 2: Fiskin1 (button) (small blind) mucked


PokerStars Hand #148184506512:  Hold'em Limit ($3/$6 USD) - 2016/02/03 15:42:46 ET
Table 'Genevieve' 2-max Seat #1 is the button
Seat 1: lukkyl0ser ($436.19 in chips)
Seat 2: Fiskin1 ($70.21 in chips)
lukkyl0ser: posts small blind $1
Fiskin1: posts big blind $3
*** HOLE CARDS ***
lukkyl0ser: folds
Uncalled bet ($2) returned to Fiskin1
Fiskin1 collected $2 from pot
Fiskin1: doesn't show hand
*** SUMMARY ***
Total pot $2 | Rake $0
Seat 1: lukkyl0ser (button) (small blind) folded before Flop
Seat 2: Fiskin1 (big blind) collected ($2)


PokerStars Hand #148184614834:  Hold'em Limit ($3/$6 USD) - 2016/02/03 15:44:26 ET
Table 'Genevieve' 2-max Seat #1 is the button
Seat 1: lukkyl0ser ($418.45 in chips)
Seat 2: Fiskin1 ($85.99 in chips)
lukkyl0ser: posts small blind $1
Fiskin1: posts big blind $3
*** HOLE CARDS ***
lukkyl0ser: folds
Uncalled bet ($2) returned to Fiskin1
Fiskin1 collected $2 from pot
Fiskin1: doesn't show hand
*** SUMMARY ***
Total pot $2 | Rake $0
Seat 1: lukkyl0ser (button) (small blind) folded before Flop
Seat 2: Fiskin1 (big blind) collected ($2)


PokerStars Hand #148184600445:  Hold'em Limit ($3/$6 USD) - 2016/02/03 15:44:12 ET
Table 'Genevieve' 2-max Seat #2 is the button
Seat 1: lukkyl0ser ($412.69 in chips)
Seat 2: Fiskin1 ($91.99 in chips)
Fiskin1: posts small blind $1
lukkyl0ser: posts big blind $3
*** HOLE CARDS ***
Fiskin1: raises $3 to $6
lukkyl0ser: calls $3
*** FLOP *** [Kd 9d Qd]
lukkyl0ser: checks
Fiskin1: checks
*** TURN *** [Kd 9d Qd] [2c]
lukkyl0ser: checks
Fiskin1: checks
*** RIVER *** [Kd 9d Qd 2c] [4h]
lukkyl0ser: bets $6
Fiskin1: folds
Uncalled bet ($6) returned to lukkyl0ser
lukkyl0ser collected $11.76 from pot
lukkyl0ser: doesn't show hand
*** SUMMARY ***
Total pot $12 | Rake $0.24
Board [Kd 9d Qd 2c 4h]
Seat 1: lukkyl0ser (big blind) collected ($11.76)
Seat 2: Fiskin1 (button) (small blind) folded on the River


PokerStars Hand #148184587882:  Hold'em Limit ($3/$6 USD) - 2016/02/03 15:44:01 ET
Table 'Genevieve' 2-max Seat #1 is the button
Seat 1: lukkyl0ser ($424.69 in chips)
Seat 2: Fiskin1 ($80.47 in chips)
lukkyl0ser: posts small blind $1
Fiskin1: posts big blind $3
*** HOLE CARDS ***
lukkyl0ser: raises $3 to $6
Fiskin1: calls $3
*** FLOP *** [4d 8s Qc]
Fiskin1: checks
lukkyl0ser: checks
*** TURN *** [4d 8s Qc] [7h]
Fiskin1: checks
lukkyl0ser: checks
*** RIVER *** [4d 8s Qc 7h] [5s]
Fiskin1: bets $6
lukkyl0ser: calls $6
*** SHOW DOWN ***
Fiskin1: shows [7c 2c] (a pair of Sevens)
lukkyl0ser: mucks hand
Fiskin1 collected $23.52 from pot
*** SUMMARY ***
Total pot $24 | Rake $0.48
Board [4d 8s Qc 7h 5s]
Seat 1: lukkyl0ser (button) (small blind) mucked
Seat 2: Fiskin1 (big blind) showed [7c 2c] and won ($23.52) with a pair of Sevens


PokerStars Hand #148184568039:  Hold'em Limit ($3/$6 USD) - 2016/02/03 15:43:43 ET
Table 'Genevieve' 2-max Seat #2 is the button
Seat 1: lukkyl0ser ($448.69 in chips)
Seat 2: Fiskin1 ($56.97 in chips)
Fiskin1: posts small blind $1
lukkyl0ser: posts big blind $3
*** HOLE CARDS ***
Fiskin1: raises $3 to $6
lukkyl0ser: calls $3
*** FLOP *** [Ad 2c Th]
lukkyl0ser: checks
Fiskin1: bets $3
lukkyl0ser: raises $3 to $6
Fiskin1: calls $3
*** TURN *** [Ad 2c Th] [4d]
lukkyl0ser: bets $6
Fiskin1: calls $6
*** RIVER *** [Ad 2c Th 4d] [Jh]
lukkyl0ser: bets $6
Fiskin1: calls $6
*** SHOW DOWN ***
lukkyl0ser: shows [7s 5d] (high card Ace)
Fiskin1: shows [Kd 2d] (a pair of Deuces)
Fiskin1 collected $47.50 from pot
*** SUMMARY ***
Total pot $48 | Rake $0.50
Board [Ad 2c Th 4d Jh]
Seat 1: lukkyl0ser (big blind) showed [7s 5d] and lost with high card Ace
Seat 2: Fiskin1 (button) (small blind) showed [Kd 2d] and won ($47.50) with a pair of Deuces


PokerStars Hand #148184670074:  Hold'em Limit ($3/$6 USD) - 2016/02/03 15:45:16 ET
Table 'Genevieve' 2-max Seat #1 is the button
Seat 1: lukkyl0ser ($410.95 in chips)
Seat 2: Fiskin1 ($92.25 in chips)
lukkyl0ser: posts small blind $1
Fiskin1: posts big blind $3
*** HOLE CARDS ***
lukkyl0ser: raises $3 to $6
Fiskin1: folds
Uncalled bet ($3) returned to lukkyl0ser
lukkyl0ser collected $6 from pot
lukkyl0ser: doesn't show hand
*** SUMMARY ***
Total pot $6 | Rake $0
Seat 1: lukkyl0ser (button) (small blind) collected ($6)
Seat 2: Fiskin1 (big blind) folded before Flop


PokerStars Hand #148184650722:  Hold'em Limit ($3/$6 USD) - 2016/02/03 15:44:58 ET
Table 'Genevieve' 2-max Seat #2 is the button
Seat 1: lukkyl0ser ($396.45 in chips)
Seat 2: Fiskin1 ($107.25 in chips)
Fiskin1: posts small blind $1
lukkyl0ser: posts big blind $3
*** HOLE CARDS ***
Fiskin1: raises $3 to $6
lukkyl0ser: calls $3
*** FLOP *** [4h 2s 9d]
lukkyl0ser: checks
Fiskin1: bets $3
lukkyl0ser: calls $3
*** TURN *** [4h 2s 9d] [Kd]
lukkyl0ser: checks
Fiskin1: checks
*** RIVER *** [4h 2s 9d Kd] [5s]
lukkyl0ser: bets $6
Fiskin1: calls $6
*** SHOW DOWN ***
lukkyl0ser: shows [Qh 5c] (a pair of Fives)
Fiskin1: mucks hand
lukkyl0ser collected $29.50 from pot
*** SUMMARY ***
Total pot $30 | Rake $0.50
Board [4h 2s 9d Kd 5s]
Seat 1: lukkyl0ser (big blind) showed [Qh 5c] and won ($29.50) with a pair of Fives
Seat 2: Fiskin1 (button) (small blind) mucked


PokerStars Hand #148184641412:  Hold'em Limit ($3/$6 USD) - 2016/02/03 15:44:50 ET
Table 'Genevieve' 2-max Seat #1 is the button
Seat 1: lukkyl0ser ($402.45 in chips)
Seat 2: Fiskin1 ($101.49 in chips)
lukkyl0ser: posts small blind $1
Fiskin1: posts big blind $3
*** HOLE CARDS ***
lukkyl0ser: raises $3 to $6
Fiskin1: calls $3
*** FLOP *** [9c 6c 5s]
Fiskin1: checks
lukkyl0ser: checks
*** TURN *** [9c 6c 5s] [Jc]
Fiskin1: bets $6
lukkyl0ser: folds
Uncalled bet ($6) returned to Fiskin1
Fiskin1 collected $11.76 from pot
Fiskin1: doesn't show hand
*** SUMMARY ***
Total pot $12 | Rake $0.24
Board [9c 6c 5s Jc]
Seat 1: lukkyl0ser (button) (small blind) folded on the Turn
Seat 2: Fiskin1 (big blind) collected ($11.76)


PokerStars Hand #148184621604:  Hold'em Limit ($3/$6 USD) - 2016/02/03 15:44:32 ET
Table 'Genevieve' 2-max Seat #2 is the button
Seat 1: lukkyl0ser ($417.45 in chips)
Seat 2: Fiskin1 ($86.99 in chips)
Fiskin1: posts small blind $1
lukkyl0ser: posts big blind $3
*** HOLE CARDS ***
Fiskin1: raises $3 to $6
lukkyl0ser: calls $3
*** FLOP *** [Tc Td 8d]
lukkyl0ser: checks
Fiskin1: bets $3
lukkyl0ser: calls $3
*** TURN *** [Tc Td 8d] [3s]
lukkyl0ser: checks
Fiskin1: bets $6
lukkyl0ser: calls $6
*** RIVER *** [Tc Td 8d 3s] [5h]
lukkyl0ser: checks
Fiskin1: bets $6
lukkyl0ser: folds
Uncalled bet ($6) returned to Fiskin1
Fiskin1 collected $29.50 from pot
Fiskin1: doesn't show hand
*** SUMMARY ***
Total pot $30 | Rake $0.50
Board [Tc Td 8d 3s 5h]
Seat 1: lukkyl0ser (big blind) folded on the River
Seat 2: Fiskin1 (button) (small blind) collected ($29.50)


PokerStars Hand #148184750770:  Hold'em Limit ($3/$6 USD) - 2016/02/03 15:46:30 ET
Table 'Genevieve' 2-max Seat #1 is the button
Seat 1: lukkyl0ser ($415.95 in chips)
Seat 2: Fiskin1 ($85.05 in chips)
lukkyl0ser: posts small blind $1
Fiskin1: posts big blind $3
*** HOLE CARDS ***
lukkyl0ser: raises $3 to $6
Fiskin1: folds
Uncalled bet ($3) returned to lukkyl0ser
lukkyl0ser collected $6 from pot
lukkyl0ser: doesn't show hand
*** SUMMARY ***
Total pot $6 | Rake $0
Seat 1: lukkyl0ser (button) (small blind) collected ($6)
Seat 2: Fiskin1 (big blind) folded before Flop


PokerStars Hand #148184739968:  Hold'em Limit ($3/$6 USD) - 2016/02/03 15:46:20 ET
Table 'Genevieve' 2-max Seat #2 is the button
Seat 1: lukkyl0ser ($427.95 in chips)
Seat 2: Fiskin1 ($73.53 in chips)
Fiskin1: posts small blind $1
lukkyl0ser: posts big blind $3
*** HOLE CARDS ***
Fiskin1: raises $3 to $6
lukkyl0ser: raises $3 to $9
Fiskin1: calls $3
*** FLOP *** [Td Jd 9d]
lukkyl0ser: bets $3
Fiskin1: raises $3 to $6
lukkyl0ser: folds
Uncalled bet ($3) returned to Fiskin1
Fiskin1 collected $23.52 from pot
Fiskin1: doesn't show hand
*** SUMMARY ***
Total pot $24 | Rake $0.48
Board [Td Jd 9d]
Seat 1: lukkyl0ser (big blind) folded on the Flop
Seat 2: Fiskin1 (button) (small blind) collected ($23.52)


PokerStars Hand #148184726915:  Hold'em Limit ($3/$6 USD) - 2016/02/03 15:46:08 ET
Table 'Genevieve' 2-max Seat #1 is the button
Seat 1: lukkyl0ser ($439.95 in chips)
Seat 2: Fiskin1 ($62.01 in chips)
lukkyl0ser: posts small blind $1
Fiskin1: posts big blind $3
*** HOLE CARDS ***
lukkyl0ser: raises $3 to $6
Fiskin1: calls $3
*** FLOP *** [Ks 5c Kh]
Fiskin1: checks
lukkyl0ser: bets $3
Fiskin1: raises $3 to $6
lukkyl0ser: calls $3
*** TURN *** [Ks 5c Kh] [4s]
Fiskin1: bets $6
lukkyl0ser: folds
Uncalled bet ($6) returned to Fiskin1
Fiskin1 collected $23.52 from pot
Fiskin1: doesn't show hand
*** SUMMARY ***
Total pot $24 | Rake $0.48
Board [Ks 5c Kh 4s]
Seat 1: lukkyl0ser (button) (small blind) folded on the Turn
Seat 2: Fiskin1 (big blind) collected ($23.52)


PokerStars Hand #148184714634:  Hold'em Limit ($3/$6 USD) - 2016/02/03 15:45:57 ET
Table 'Genevieve' 2-max Seat #2 is the button
Seat 1: lukkyl0ser ($445.95 in chips)
Seat 2: Fiskin1 ($56.25 in chips)
Fiskin1: posts small blind $1
lukkyl0ser: posts big blind $3
*** HOLE CARDS ***
Fiskin1: raises $3 to $6
lukkyl0ser: calls $3
*** FLOP *** [2d 2s 8s]
lukkyl0ser: checks
Fiskin1: checks
*** TURN *** [2d 2s 8s] [2c]
lukkyl0ser: checks
Fiskin1: bets $6
lukkyl0ser: folds
Uncalled bet ($6) returned to Fiskin1
Fiskin1 collected $11.76 from pot
Fiskin1: doesn't show hand
*** SUMMARY ***
Total pot $12 | Rake $0.24
Board [2d 2s 8s 2c]
Seat 1: lukkyl0ser (big blind) folded on the Turn
Seat 2: Fiskin1 (button) (small blind) collected ($11.76)


PokerStars Hand #148184697654:  Hold'em Limit ($3/$6 USD) - 2016/02/03 15:45:41 ET
Table 'Genevieve' 2-max Seat #1 is the button
Seat 1: lukkyl0ser ($428.45 in chips)
Seat 2: Fiskin1 ($74.25 in chips)
lukkyl0ser: posts small blind $1
Fiskin1: posts big blind $3
*** HOLE CARDS ***
lukkyl0ser: raises $3 to $6
Fiskin1: raises $3 to $9
lukkyl0ser: calls $3
*** FLOP *** [Th Tc 3h]
Fiskin1: bets $3
lukkyl0ser: calls $3
*** TURN *** [Th Tc 3h] [Ad]
Fiskin1: checks
lukkyl0ser: checks
*** RIVER *** [Th Tc 3h Ad] [4s]
Fiskin1: checks
lukkyl0ser: bets $6
Fiskin1: calls $6
*** SHOW DOWN ***
lukkyl0ser: shows [2h 4h] (two pair, Tens and Fours)
Fiskin1: mucks hand
lukkyl0ser collected $35.50 from pot
*** SUMMARY ***
Total pot $36 | Rake $0.50
Board [Th Tc 3h Ad 4s]
Seat 1: lukkyl0ser (button) (small blind) showed [2h 4h] and won ($35.50) with two pair, Tens and Fours
Seat 2: Fiskin1 (big blind) mucked


PokerStars Hand #148184675541:  Hold'em Limit ($3/$6 USD) - 2016/02/03 15:45:21 ET
Table 'Genevieve' 2-max Seat #2 is the button
Seat 1: lukkyl0ser ($413.95 in chips)
Seat 2: Fiskin1 ($89.25 in chips)
Fiskin1: posts small blind $1
lukkyl0ser: posts big blind $3
*** HOLE CARDS ***
Fiskin1: raises $3 to $6
lukkyl0ser: calls $3
*** FLOP *** [2c 2s Jd]
lukkyl0ser: checks
Fiskin1: bets $3
lukkyl0ser: calls $3
*** TURN *** [2c 2s Jd] [4c]
lukkyl0ser: checks
Fiskin1: bets $6
lukkyl0ser: raises $6 to $12
Fiskin1: folds
Uncalled bet ($6) returned to lukkyl0ser
lukkyl0ser collected $29.50 from pot
lukkyl0ser: doesn't show hand
*** SUMMARY ***
Total pot $30 | Rake $0.50
Board [2c 2s Jd 4c]
Seat 1: lukkyl0ser (big blind) collected ($29.50)
Seat 2: Fiskin1 (button) (small blind) folded on the Turn


PokerStars Hand #148184819239:  Hold'em Limit ($3/$6 USD) - 2016/02/03 15:47:32 ET
Table 'Genevieve' 2-max Seat #1 is the button
Seat 1: lukkyl0ser ($407.45 in chips)
Seat 2: Fiskin1 ($92.07 in chips)
lukkyl0ser: posts small blind $1
Fiskin1: posts big blind $3
*** HOLE CARDS ***
lukkyl0ser: raises $3 to $6
Fiskin1: folds
Uncalled bet ($3) returned to lukkyl0ser
lukkyl0ser collected $6 from pot
lukkyl0ser: doesn't show hand
*** SUMMARY ***
Total pot $6 | Rake $0
Seat 1: lukkyl0ser (button) (small blind) collected ($6)
Seat 2: Fiskin1 (big blind) folded before Flop


PokerStars Hand #148184811731:  Hold'em Limit ($3/$6 USD) - 2016/02/03 15:47:25 ET
Table 'Genevieve' 2-max Seat #2 is the button
Seat 1: lukkyl0ser ($406.45 in chips)
Seat 2: Fiskin1 ($93.07 in chips)
Fiskin1: posts small blind $1
lukkyl0ser: posts big blind $3
*** HOLE CARDS ***
Fiskin1: folds
Uncalled bet ($2) returned to lukkyl0ser
lukkyl0ser collected $2 from pot
lukkyl0ser: doesn't show hand
*** SUMMARY ***
Total pot $2 | Rake $0
Seat 1: lukkyl0ser (big blind) collected ($2)
Seat 2: Fiskin1 (button) (small blind) folded before Flop


PokerStars Hand #148184756658:  Hold'em Limit ($3/$6 USD) - 2016/02/03 15:46:35 ET
Table 'Genevieve' 2-max Seat #2 is the button
Seat 1: lukkyl0ser ($418.95 in chips)
Seat 2: Fiskin1 ($82.05 in chips)
Fiskin1: posts small blind $1
lukkyl0ser: posts big blind $3
*** HOLE CARDS ***
Fiskin1: raises $3 to $6
lukkyl0ser: calls $3
*** FLOP *** [Jh Ts Tc]
lukkyl0ser: checks
Fiskin1: checks
*** TURN *** [Jh Ts Tc] [Kc]
lukkyl0ser: checks
Fiskin1: bets $6
lukkyl0ser: calls $6
*** RIVER *** [Jh Ts Tc Kc] [6h]
lukkyl0ser: bets $6
Fiskin1: calls $6
*** SHOW DOWN ***
lukkyl0ser: shows [9c Jc] (two pair, Jacks and Tens)
Fiskin1: mucks hand
lukkyl0ser collected $35.50 from pot
*** SUMMARY ***
Total pot $36 | Rake $0.50
Board [Jh Ts Tc Kc 6h]
Seat 1: lukkyl0ser (big blind) showed [9c Jc] and won ($35.50) with two pair, Jacks and Tens
Seat 2: Fiskin1 (button) (small blind) mucked


PokerStars Hand #148184774448:  Hold'em Limit ($3/$6 USD) - 2016/02/03 15:46:51 ET
Table 'Genevieve' 2-max Seat #1 is the button
Seat 1: lukkyl0ser ($436.45 in chips)
Seat 2: Fiskin1 ($64.05 in chips)
lukkyl0ser: posts small blind $1
Fiskin1: posts big blind $3
*** HOLE CARDS ***
lukkyl0ser: raises $3 to $6
Fiskin1: raises $3 to $9
lukkyl0ser: calls $3
*** FLOP *** [8c 5d 9d]
Fiskin1: bets $3
lukkyl0ser: calls $3
*** TURN *** [8c 5d 9d] [4s]
Fiskin1: bets $6
lukkyl0ser: folds
Uncalled bet ($6) returned to Fiskin1
Fiskin1 collected $23.52 from pot
Fiskin1: doesn't show hand
*** SUMMARY ***
Total pot $24 | Rake $0.48
Board [8c 5d 9d 4s]
Seat 1: lukkyl0ser (button) (small blind) folded on the Turn
Seat 2: Fiskin1 (big blind) collected ($23.52)


PokerStars Hand #148184805522:  Hold'em Limit ($3/$6 USD) - 2016/02/03 15:47:20 ET
Table 'Genevieve' 2-max Seat #1 is the button
Seat 1: lukkyl0ser ($403.45 in chips)
Seat 2: Fiskin1 ($96.07 in chips)
lukkyl0ser: posts small blind $1
Fiskin1: posts big blind $3
*** HOLE CARDS ***
lukkyl0ser: raises $3 to $6
Fiskin1: folds
Uncalled bet ($3) returned to lukkyl0ser
lukkyl0ser collected $6 from pot
lukkyl0ser: doesn't show hand
*** SUMMARY ***
Total pot $6 | Rake $0
Seat 1: lukkyl0ser (button) (small blind) collected ($6)
Seat 2: Fiskin1 (big blind) folded before Flop


PokerStars Hand #148184787165:  Hold'em Limit ($3/$6 USD) - 2016/02/03 15:47:03 ET
Table 'Genevieve' 2-max Seat #2 is the button
Seat 1: lukkyl0ser ($424.45 in chips)
Seat 2: Fiskin1 ($75.57 in chips)
Fiskin1: posts small blind $1
lukkyl0ser: posts big blind $3
*** HOLE CARDS ***
Fiskin1: raises $3 to $6
lukkyl0ser: raises $3 to $9
Fiskin1: raises $3 to $12
Betting is capped
lukkyl0ser: calls $3
*** FLOP *** [Ks 4d Qh]
lukkyl0ser: checks
Fiskin1: bets $3
lukkyl0ser: calls $3
*** TURN *** [Ks 4d Qh] [6c]
lukkyl0ser: checks
Fiskin1: bets $6
lukkyl0ser: calls $6
*** RIVER *** [Ks 4d Qh 6c] [5h]
lukkyl0ser: checks
Fiskin1: bets $6
lukkyl0ser: folds
Uncalled bet ($6) returned to Fiskin1
Fiskin1 collected $41.50 from pot
Fiskin1: doesn't show hand
*** SUMMARY ***
Total pot $42 | Rake $0.50
Board [Ks 4d Qh 6c 5h]
Seat 1: lukkyl0ser (big blind) folded on the River
Seat 2: Fiskin1 (button) (small blind) collected ($41.50)


PokerStars Hand #148184882812:  Hold'em Limit ($3/$6 USD) - 2016/02/03 15:48:30 ET
Table 'Genevieve' 2-max Seat #1 is the button
Seat 1: lukkyl0ser ($379.97 in chips)
Seat 2: Fiskin1 ($117.73 in chips)
lukkyl0ser: posts small blind $1
Fiskin1: posts big blind $3
*** HOLE CARDS ***
lukkyl0ser: raises $3 to $6
Fiskin1: folds
Uncalled bet ($3) returned to lukkyl0ser
lukkyl0ser collected $6 from pot
lukkyl0ser: doesn't show hand
*** SUMMARY ***
Total pot $6 | Rake $0
Seat 1: lukkyl0ser (button) (small blind) collected ($6)
Seat 2: Fiskin1 (big blind) folded before Flop


PokerStars Hand #148184869745:  Hold'em Limit ($3/$6 USD) - 2016/02/03 15:48:19 ET
Table 'Genevieve' 2-max Seat #2 is the button
Seat 1: lukkyl0ser ($368.45 in chips)
Seat 2: Fiskin1 ($129.73 in chips)
Fiskin1: posts small blind $1
lukkyl0ser: posts big blind $3
*** HOLE CARDS ***
Fiskin1: raises $3 to $6
lukkyl0ser: calls $3
*** FLOP *** [8h 5s Kd]
lukkyl0ser: checks
Fiskin1: checks
*** TURN *** [8h 5s Kd] [6d]
lukkyl0ser: bets $6
Fiskin1: calls $6
*** RIVER *** [8h 5s Kd 6d] [9c]
lukkyl0ser: bets $6
Fiskin1: folds
Uncalled bet ($6) returned to lukkyl0ser
lukkyl0ser collected $23.52 from pot
lukkyl0ser: doesn't show hand
*** SUMMARY ***
Total pot $24 | Rake $0.48
Board [8h 5s Kd 6d 9c]
Seat 1: lukkyl0ser (big blind) collected ($23.52)
Seat 2: Fiskin1 (button) (small blind) folded on the River


PokerStars Hand #148184856063:  Hold'em Limit ($3/$6 USD) - 2016/02/03 15:48:06 ET
Table 'Genevieve' 2-max Seat #1 is the button
Seat 1: lukkyl0ser ($380.45 in chips)
Seat 2: Fiskin1 ($118.21 in chips)
lukkyl0ser: posts small blind $1
Fiskin1: posts big blind $3
*** HOLE CARDS ***
lukkyl0ser: raises $3 to $6
Fiskin1: calls $3
*** FLOP *** [9s 2d Qd]
Fiskin1: checks
lukkyl0ser: checks
*** TURN *** [9s 2d Qd] [6s]
Fiskin1: checks
lukkyl0ser: bets $6
Fiskin1: calls $6
*** RIVER *** [9s 2d Qd 6s] [3c]
Fiskin1: checks
lukkyl0ser: checks
*** SHOW DOWN ***
Fiskin1: shows [Ad 4c] (high card Ace)
lukkyl0ser: mucks hand
Fiskin1 collected $23.52 from pot
*** SUMMARY ***
Total pot $24 | Rake $0.48
Board [9s 2d Qd 6s 3c]
Seat 1: lukkyl0ser (button) (small blind) mucked
Seat 2: Fiskin1 (big blind) showed [Ad 4c] and won ($23.52) with high card Ace


PokerStars Hand #148184825027:  Hold'em Limit ($3/$6 USD) - 2016/02/03 15:47:38 ET
Table 'Genevieve' 2-max Seat #2 is the button
Seat 1: lukkyl0ser ($410.45 in chips)
Seat 2: Fiskin1 ($89.07 in chips)
Fiskin1: posts small blind $1
lukkyl0ser: posts big blind $3
*** HOLE CARDS ***
Fiskin1: raises $3 to $6
lukkyl0ser: folds
Uncalled bet ($3) returned to Fiskin1
Fiskin1 collected $6 from pot
Fiskin1: doesn't show hand
*** SUMMARY ***
Total pot $6 | Rake $0
Seat 1: lukkyl0ser (big blind) folded before Flop
Seat 2: Fiskin1 (button) (small blind) collected ($6)


PokerStars Hand #148184831000:  Hold'em Limit ($3/$6 USD) - 2016/02/03 15:47:43 ET
Table 'Genevieve' 2-max Seat #1 is the button
Seat 1: lukkyl0ser ($407.45 in chips)
Seat 2: Fiskin1 ($92.07 in chips)
lukkyl0ser: posts small blind $1
Fiskin1: posts big blind $3
*** HOLE CARDS ***
lukkyl0ser: raises $3 to $6
Fiskin1: raises $3 to $9
lukkyl0ser: calls $3
*** FLOP *** [7h 6d 9c]
Fiskin1: bets $3
lukkyl0ser: folds
Uncalled bet ($3) returned to Fiskin1
Fiskin1 collected $17.64 from pot
Fiskin1: doesn't show hand
*** SUMMARY ***
Total pot $18 | Rake $0.36
Board [7h 6d 9c]
Seat 1: lukkyl0ser (button) (small blind) folded on the Flop
Seat 2: Fiskin1 (big blind) collected ($17.64)


PokerStars Hand #148184841113:  Hold'em Limit ($3/$6 USD) - 2016/02/03 15:47:52 ET
Table 'Genevieve' 2-max Seat #2 is the button
Seat 1: lukkyl0ser ($398.45 in chips)
Seat 2: Fiskin1 ($100.71 in chips)
Fiskin1: posts small blind $1
lukkyl0ser: posts big blind $3
*** HOLE CARDS ***
Fiskin1: raises $3 to $6
lukkyl0ser: calls $3
*** FLOP *** [2h 3s Jc]
lukkyl0ser: checks
Fiskin1: checks
*** TURN *** [2h 3s Jc] [Tc]
lukkyl0ser: bets $6
Fiskin1: calls $6
*** RIVER *** [2h 3s Jc Tc] [Jh]
lukkyl0ser: bets $6
Fiskin1: raises $6 to $12
lukkyl0ser: folds
Uncalled bet ($6) returned to Fiskin1
Fiskin1 collected $35.50 from pot
Fiskin1: doesn't show hand
*** SUMMARY ***
Total pot $36 | Rake $0.50
Board [2h 3s Jc Tc Jh]
Seat 1: lukkyl0ser (big blind) folded on the River
Seat 2: Fiskin1 (button) (small blind) collected ($35.50)


PokerStars Hand #148184888044:  Hold'em Limit ($3/$6 USD) - 2016/02/03 15:48:35 ET
Table 'Genevieve' 2-max Seat #2 is the button
Seat 1: lukkyl0ser ($382.97 in chips)
Seat 2: Fiskin1 ($114.73 in chips)
Fiskin1: posts small blind $1
lukkyl0ser: posts big blind $3
*** HOLE CARDS ***
Fiskin1: raises $3 to $6
lukkyl0ser: folds
Uncalled bet ($3) returned to Fiskin1
Fiskin1 collected $6 from pot
Fiskin1: doesn't show hand
*** SUMMARY ***
Total pot $6 | Rake $0
Seat 1: lukkyl0ser (big blind) folded before Flop
Seat 2: Fiskin1 (button) (small blind) collected ($6)


PokerStars Hand #148184894149:  Hold'em Limit ($3/$6 USD) - 2016/02/03 15:48:41 ET
Table 'Genevieve' 2-max Seat #1 is the button
Seat 1: lukkyl0ser ($379.97 in chips)
Seat 2: Fiskin1 ($117.73 in chips)
lukkyl0ser: posts small blind $1
Fiskin1: posts big blind $3
*** HOLE CARDS ***
lukkyl0ser: raises $3 to $6
Fiskin1: calls $3
*** FLOP *** [8d As Kh]
Fiskin1: checks
lukkyl0ser: bets $3
Fiskin1: calls $3
*** TURN *** [8d As Kh] [5s]
Fiskin1: checks
lukkyl0ser: checks
*** RIVER *** [8d As Kh 5s] [3c]
Fiskin1: bets $6
lukkyl0ser: calls $6
*** SHOW DOWN ***
Fiskin1: shows [3d Ac] (two pair, Aces and Threes)
lukkyl0ser: mucks hand
Fiskin1 collected $29.50 from pot
*** SUMMARY ***
Total pot $30 | Rake $0.50
Board [8d As Kh 5s 3c]
Seat 1: lukkyl0ser (button) (small blind) mucked
Seat 2: Fiskin1 (big blind) showed [3d Ac] and won ($29.50) with two pair, Aces and Threes


PokerStars Hand #148184908675:  Hold'em Limit ($3/$6 USD) - 2016/02/03 15:48:54 ET
Table 'Genevieve' 2-max Seat #2 is the button
Seat 1: lukkyl0ser ($364.97 in chips)
Seat 2: Fiskin1 ($132.23 in chips)
Fiskin1: posts small blind $1
lukkyl0ser: posts big blind $3
*** HOLE CARDS ***
Fiskin1: raises $3 to $6
lukkyl0ser: calls $3
*** FLOP *** [3c 6d Qc]
lukkyl0ser: checks
Fiskin1: bets $3
lukkyl0ser: raises $3 to $6
Fiskin1: folds
Uncalled bet ($3) returned to lukkyl0ser
lukkyl0ser collected $17.64 from pot
lukkyl0ser: doesn't show hand
*** SUMMARY ***
Total pot $18 | Rake $0.36
Board [3c 6d Qc]
Seat 1: lukkyl0ser (big blind) collected ($17.64)
Seat 2: Fiskin1 (button) (small blind) folded on the Flop


PokerStars Hand #148184924959:  Hold'em Limit ($3/$6 USD) - 2016/02/03 15:49:09 ET
Table 'Genevieve' 2-max Seat #1 is the button
Seat 1: lukkyl0ser ($373.61 in chips)
Seat 2: Fiskin1 ($123.23 in chips)
lukkyl0ser: posts small blind $1
Fiskin1: posts big blind $3
*** HOLE CARDS ***
lukkyl0ser: raises $3 to $6
Fiskin1: raises $3 to $9
lukkyl0ser: calls $3
*** FLOP *** [5c Js 4s]
Fiskin1: bets $3
lukkyl0ser: calls $3
*** TURN *** [5c Js 4s] [Ah]
Fiskin1: bets $6
lukkyl0ser: raises $6 to $12
Fiskin1: raises $6 to $18
lukkyl0ser: calls $6
*** RIVER *** [5c Js 4s Ah] [3d]
Fiskin1: bets $6
lukkyl0ser: raises $6 to $12
Fiskin1 said, "run any better"
Fiskin1: calls $6
*** SHOW DOWN ***
lukkyl0ser: shows [Ac 2d] (a straight, Ace to Five)
Fiskin1: mucks hand
lukkyl0ser collected $83.50 from pot
*** SUMMARY ***
Total pot $84 | Rake $0.50
Board [5c Js 4s Ah 3d]
Seat 1: lukkyl0ser (button) (small blind) showed [Ac 2d] and won ($83.50) with a straight, Ace to Five
Seat 2: Fiskin1 (big blind) mucked


PokerStars Hand #148185026865:  Hold'em Limit ($3/$6 USD) - 2016/02/03 15:50:43 ET
Table 'Genevieve' 2-max Seat #1 is the button
Seat 1: lukkyl0ser ($471.99 in chips)
Seat 2: Fiskin1 ($23.11 in chips)
lukkyl0ser: posts small blind $1
Fiskin1: posts big blind $3
*** HOLE CARDS ***
lukkyl0ser: folds
Uncalled bet ($2) returned to Fiskin1
Fiskin1 collected $2 from pot
Fiskin1: doesn't show hand
*** SUMMARY ***
Total pot $2 | Rake $0
Seat 1: lukkyl0ser (button) (small blind) folded before Flop
Seat 2: Fiskin1 (big blind) collected ($2)


PokerStars Hand #148185012762:  Hold'em Limit ($3/$6 USD) - 2016/02/03 15:50:30 ET
Table 'Genevieve' 2-max Seat #2 is the button
Seat 1: lukkyl0ser ($472.11 in chips)
Seat 2: Fiskin1 ($23.23 in chips)
Fiskin1: posts small blind $1
lukkyl0ser: posts big blind $3
*** HOLE CARDS ***
Fiskin1: raises $3 to $6
lukkyl0ser: calls $3
*** FLOP *** [Tc Js 9h]
lukkyl0ser: checks
Fiskin1: checks
*** TURN *** [Tc Js 9h] [8d]
lukkyl0ser: checks
Fiskin1: checks
*** RIVER *** [Tc Js 9h 8d] [Qc]
lukkyl0ser: checks
Fiskin1: checks
*** SHOW DOWN ***
lukkyl0ser: shows [7s 9c] (a straight, Eight to Queen)
Fiskin1: shows [2h Ac] (a straight, Eight to Queen)
lukkyl0ser collected $5.88 from pot
Fiskin1 collected $5.88 from pot
*** SUMMARY ***
Total pot $12 | Rake $0.24
Board [Tc Js 9h 8d Qc]
Seat 1: lukkyl0ser (big blind) showed [7s 9c] and won ($5.88) with a straight, Eight to Queen
Seat 2: Fiskin1 (button) (small blind) showed [2h Ac] and won ($5.88) with a straight, Eight to Queen


PokerStars Hand #148184969804:  Hold'em Limit ($3/$6 USD) - 2016/02/03 15:49:50 ET
Table 'Genevieve' 2-max Seat #1 is the button
Seat 1: lukkyl0ser ($444.61 in chips)
Seat 2: Fiskin1 ($51.23 in chips)
lukkyl0ser: posts small blind $1
Fiskin1: posts big blind $3
*** HOLE CARDS ***
lukkyl0ser: raises $3 to $6
Fiskin1: folds
Uncalled bet ($3) returned to lukkyl0ser
lukkyl0ser collected $6 from pot
lukkyl0ser: doesn't show hand
*** SUMMARY ***
Total pot $6 | Rake $0
Seat 1: lukkyl0ser (button) (small blind) collected ($6)
Seat 2: Fiskin1 (big blind) folded before Flop


PokerStars Hand #148184953861:  Hold'em Limit ($3/$6 USD) - 2016/02/03 15:49:36 ET
Table 'Genevieve' 2-max Seat #2 is the button
Seat 1: lukkyl0ser ($415.11 in chips)
Seat 2: Fiskin1 ($81.23 in chips)
Fiskin1: posts small blind $1
lukkyl0ser: posts big blind $3
*** HOLE CARDS ***
Fiskin1: raises $3 to $6
lukkyl0ser: raises $3 to $9
Fiskin1: calls $3
*** FLOP *** [6h 5d 5h]
lukkyl0ser: bets $3
Fiskin1: raises $3 to $6
lukkyl0ser: raises $3 to $9
Fiskin1: calls $3
*** TURN *** [6h 5d 5h] [As]
lukkyl0ser: bets $6
Fiskin1: calls $6
*** RIVER *** [6h 5d 5h As] [4d]
lukkyl0ser: bets $6
Fiskin1: calls $6
*** SHOW DOWN ***
lukkyl0ser: shows [9d 9c] (two pair, Nines and Fives)
Fiskin1: mucks hand
lukkyl0ser collected $59.50 from pot
*** SUMMARY ***
Total pot $60 | Rake $0.50
Board [6h 5d 5h As 4d]
Seat 1: lukkyl0ser (big blind) showed [9d 9c] and won ($59.50) with two pair, Nines and Fives
Seat 2: Fiskin1 (button) (small blind) mucked


PokerStars Hand #148184975843:  Hold'em Limit ($3/$6 USD) - 2016/02/03 15:49:56 ET
Table 'Genevieve' 2-max Seat #2 is the button
Seat 1: lukkyl0ser ($447.61 in chips)
Seat 2: Fiskin1 ($48.23 in chips)
Fiskin1: posts small blind $1
lukkyl0ser: posts big blind $3
*** HOLE CARDS ***
Fiskin1: raises $3 to $6
lukkyl0ser: folds
Uncalled bet ($3) returned to Fiskin1
Fiskin1 collected $6 from pot
Fiskin1: doesn't show hand
*** SUMMARY ***
Total pot $6 | Rake $0
Seat 1: lukkyl0ser (big blind) folded before Flop
Seat 2: Fiskin1 (button) (small blind) collected ($6)


PokerStars Hand #148184982495:  Hold'em Limit ($3/$6 USD) - 2016/02/03 15:50:02 ET
Table 'Genevieve' 2-max Seat #1 is the button
Seat 1: lukkyl0ser ($444.61 in chips)
Seat 2: Fiskin1 ($51.23 in chips)
lukkyl0ser: posts small blind $1
Fiskin1: posts big blind $3
*** HOLE CARDS ***
lukkyl0ser: folds
Uncalled bet ($2) returned to Fiskin1
Fiskin1 collected $2 from pot
Fiskin1: doesn't show hand
*** SUMMARY ***
Total pot $2 | Rake $0
Seat 1: lukkyl0ser (button) (small blind) folded before Flop
Seat 2: Fiskin1 (big blind) collected ($2)


PokerStars Hand #148184990556:  Hold'em Limit ($3/$6 USD) - 2016/02/03 15:50:09 ET
Table 'Genevieve' 2-max Seat #2 is the button
Seat 1: lukkyl0ser ($443.61 in chips)
Seat 2: Fiskin1 ($52.23 in chips)
Fiskin1: posts small blind $1
lukkyl0ser: posts big blind $3
*** HOLE CARDS ***
Fiskin1: raises $3 to $6
lukkyl0ser: raises $3 to $9
Fiskin1: calls $3
*** FLOP *** [Tc Kd 7c]
lukkyl0ser: bets $3
Fiskin1: raises $3 to $6
lukkyl0ser: raises $3 to $9
Fiskin1: calls $3
*** TURN *** [Tc Kd 7c] [2h]
lukkyl0ser: bets $6
Fiskin1: calls $6
*** RIVER *** [Tc Kd 7c 2h] [6d]
lukkyl0ser: bets $6
Fiskin1: calls $6
*** SHOW DOWN ***
lukkyl0ser: shows [Qc Kc] (a pair of Kings)
Fiskin1: mucks hand
lukkyl0ser collected $59.50 from pot
*** SUMMARY ***
Total pot $60 | Rake $0.50
Board [Tc Kd 7c 2h 6d]
Seat 1: lukkyl0ser (big blind) showed [Qc Kc] and won ($59.50) with a pair of Kings
Seat 2: Fiskin1 (button) (small blind) mucked


PokerStars Hand #148185007070:  Hold'em Limit ($3/$6 USD) - 2016/02/03 15:50:24 ET
Table 'Genevieve' 2-max Seat #1 is the button
Seat 1: lukkyl0ser ($473.11 in chips)
Seat 2: Fiskin1 ($22.23 in chips)
lukkyl0ser: posts small blind $1
Fiskin1: posts big blind $3
*** HOLE CARDS ***
lukkyl0ser: folds
Uncalled bet ($2) returned to Fiskin1
Fiskin1 collected $2 from pot
Fiskin1: doesn't show hand
*** SUMMARY ***
Total pot $2 | Rake $0
Seat 1: lukkyl0ser (button) (small blind) folded before Flop
Seat 2: Fiskin1 (big blind) collected ($2)


PokerStars Hand #148185037170:  Hold'em Limit ($3/$6 USD) - 2016/02/03 15:50:52 ET
Table 'Genevieve' 2-max Seat #1 is the button
Seat 1: lukkyl0ser ($471.99 in chips)
Seat 2: Fiskin1 ($23.11 in chips)
lukkyl0ser: posts small blind $1
Fiskin1: posts big blind $3
*** HOLE CARDS ***
lukkyl0ser: folds
Uncalled bet ($2) returned to Fiskin1
Fiskin1 collected $2 from pot
Fiskin1: doesn't show hand
*** SUMMARY ***
Total pot $2 | Rake $0
Seat 1: lukkyl0ser (button) (small blind) folded before Flop
Seat 2: Fiskin1 (big blind) collected ($2)


PokerStars Hand #148185031849:  Hold'em Limit ($3/$6 USD) - 2016/02/03 15:50:47 ET
Table 'Genevieve' 2-max Seat #2 is the button
Seat 1: lukkyl0ser ($470.99 in chips)
Seat 2: Fiskin1 ($24.11 in chips)
Fiskin1: posts small blind $1
lukkyl0ser: posts big blind $3
*** HOLE CARDS ***
Fiskin1: folds
Uncalled bet ($2) returned to lukkyl0ser
lukkyl0ser collected $2 from pot
lukkyl0ser: doesn't show hand
*** SUMMARY ***
Total pot $2 | Rake $0
Seat 1: lukkyl0ser (big blind) collected ($2)
Seat 2: Fiskin1 (button) (small blind) folded before Flop


PokerStars Hand #148185042001:  Hold'em Limit ($3/$6 USD) - 2016/02/03 15:50:57 ET
Table 'Genevieve' 2-max Seat #2 is the button
Seat 1: lukkyl0ser ($470.99 in chips)
Seat 2: Fiskin1 ($24.11 in chips)
Fiskin1: posts small blind $1
lukkyl0ser: posts big blind $3
*** HOLE CARDS ***
Fiskin1: raises $3 to $6
lukkyl0ser: folds
Uncalled bet ($3) returned to Fiskin1
Fiskin1 collected $6 from pot
Fiskin1: doesn't show hand
*** SUMMARY ***
Total pot $6 | Rake $0
Seat 1: lukkyl0ser (big blind) folded before Flop
Seat 2: Fiskin1 (button) (small blind) collected ($6)


PokerStars Hand #148185047358:  Hold'em Limit ($3/$6 USD) - 2016/02/03 15:51:01 ET
Table 'Genevieve' 2-max Seat #1 is the button
Seat 1: lukkyl0ser ($467.99 in chips)
Seat 2: Fiskin1 ($27.11 in chips)
lukkyl0ser: posts small blind $1
Fiskin1: posts big blind $3
*** HOLE CARDS ***
lukkyl0ser: raises $3 to $6
Fiskin1: raises $3 to $9
lukkyl0ser: calls $3
*** FLOP *** [2s Qc 2h]
Fiskin1: bets $3
lukkyl0ser: folds
Uncalled bet ($3) returned to Fiskin1
Fiskin1 collected $17.64 from pot
Fiskin1: doesn't show hand
*** SUMMARY ***
Total pot $18 | Rake $0.36
Board [2s Qc 2h]
Seat 1: lukkyl0ser (button) (small blind) folded on the Flop
Seat 2: Fiskin1 (big blind) collected ($17.64)


PokerStars Hand #148185057729:  Hold'em Limit ($3/$6 USD) - 2016/02/03 15:51:11 ET
Table 'Genevieve' 2-max Seat #2 is the button
Seat 1: lukkyl0ser ($458.99 in chips)
Seat 2: Fiskin1 ($35.75 in chips)
Fiskin1: posts small blind $1
lukkyl0ser: posts big blind $3
*** HOLE CARDS ***
Fiskin1: raises $3 to $6
lukkyl0ser: calls $3
*** FLOP *** [3c 6h 4h]
lukkyl0ser: checks
Fiskin1: bets $3
lukkyl0ser: raises $3 to $6
Fiskin1: raises $3 to $9
lukkyl0ser: raises $3 to $12
Betting is capped
Fiskin1: calls $3
*** TURN *** [3c 6h 4h] [2d]
lukkyl0ser: bets $6
Fiskin1: raises $6 to $12
lukkyl0ser: raises $6 to $18
Fiskin1: calls $5.75 and is all-in
Uncalled bet ($0.25) returned to lukkyl0ser
*** RIVER *** [3c 6h 4h 2d] [Js]
*** SHOW DOWN ***
lukkyl0ser: shows [Qh 5h] (a straight, Deuce to Six)
Fiskin1: shows [Th 2h] (a pair of Deuces)
lukkyl0ser collected $71 from pot
*** SUMMARY ***
Total pot $71.50 | Rake $0.50
Board [3c 6h 4h 2d Js]
Seat 1: lukkyl0ser (big blind) showed [Qh 5h] and won ($71) with a straight, Deuce to Six
Seat 2: Fiskin1 (button) (small blind) showed [Th 2h] and lost with a pair of Deuces


PokerStars Hand #148185124852:  Hold'em Limit ($3/$6 USD) - 2016/02/03 15:52:13 ET
Table 'Genevieve' 2-max Seat #2 is the button
Seat 1: lukkyl0ser ($485.24 in chips)
Seat 2: Fiskin1 ($151.04 in chips)
Fiskin1: posts small blind $1
lukkyl0ser: posts big blind $3
*** HOLE CARDS ***
Fiskin1: raises $3 to $6
lukkyl0ser: folds
Uncalled bet ($3) returned to Fiskin1
Fiskin1 collected $6 from pot
Fiskin1: doesn't show hand
*** SUMMARY ***
Total pot $6 | Rake $0
Seat 1: lukkyl0ser (big blind) folded before Flop
Seat 2: Fiskin1 (button) (small blind) collected ($6)


PokerStars Hand #148185111974:  Hold'em Limit ($3/$6 USD) - 2016/02/03 15:52:01 ET
Table 'Genevieve' 2-max Seat #1 is the button
Seat 1: lukkyl0ser ($494.24 in chips)
Seat 2: Fiskin1 ($142.40 in chips)
lukkyl0ser: posts small blind $1
Fiskin1: posts big blind $3
*** HOLE CARDS ***
lukkyl0ser: raises $3 to $6
Fiskin1: raises $3 to $9
lukkyl0ser: calls $3
*** FLOP *** [6s 5h 9d]
Fiskin1: bets $3
lukkyl0ser: folds
Uncalled bet ($3) returned to Fiskin1
Fiskin1 collected $17.64 from pot
Fiskin1: doesn't show hand
*** SUMMARY ***
Total pot $18 | Rake $0.36
Board [6s 5h 9d]
Seat 1: lukkyl0ser (button) (small blind) folded on the Flop
Seat 2: Fiskin1 (big blind) collected ($17.64)


PokerStars Hand #148185144825:  Hold'em Limit ($3/$6 USD) - 2016/02/03 15:52:32 ET
Table 'Genevieve' 2-max Seat #2 is the button
Seat 1: lukkyl0ser ($473.24 in chips)
Seat 2: Fiskin1 ($162.68 in chips)
Fiskin1: posts small blind $1
lukkyl0ser: posts big blind $3
*** HOLE CARDS ***
Fiskin1: raises $3 to $6
lukkyl0ser: folds
Uncalled bet ($3) returned to Fiskin1
Fiskin1 collected $6 from pot
Fiskin1: doesn't show hand
*** SUMMARY ***
Total pot $6 | Rake $0
Seat 1: lukkyl0ser (big blind) folded before Flop
Seat 2: Fiskin1 (button) (small blind) collected ($6)


PokerStars Hand #148185130793:  Hold'em Limit ($3/$6 USD) - 2016/02/03 15:52:19 ET
Table 'Genevieve' 2-max Seat #1 is the button
Seat 1: lukkyl0ser ($482.24 in chips)
Seat 2: Fiskin1 ($154.04 in chips)
lukkyl0ser: posts small blind $1
Fiskin1: posts big blind $3
*** HOLE CARDS ***
lukkyl0ser: raises $3 to $6
Fiskin1: calls $3
*** FLOP *** [Kc 2s As]
Fiskin1: checks
lukkyl0ser: bets $3
Fiskin1: raises $3 to $6
lukkyl0ser: folds
Uncalled bet ($3) returned to Fiskin1
Fiskin1 collected $17.64 from pot
Fiskin1: doesn't show hand
*** SUMMARY ***
Total pot $18 | Rake $0.36
Board [Kc 2s As]
Seat 1: lukkyl0ser (button) (small blind) folded on the Flop
Seat 2: Fiskin1 (big blind) collected ($17.64)


PokerStars Hand #148185151703:  Hold'em Limit ($3/$6 USD) - 2016/02/03 15:52:38 ET
Table 'Genevieve' 2-max Seat #1 is the button
Seat 1: lukkyl0ser ($470.24 in chips)
Seat 2: Fiskin1 ($165.68 in chips)
lukkyl0ser: posts small blind $1
Fiskin1: posts big blind $3
*** HOLE CARDS ***
lukkyl0ser: folds
Uncalled bet ($2) returned to Fiskin1
Fiskin1 collected $2 from pot
Fiskin1: doesn't show hand
*** SUMMARY ***
Total pot $2 | Rake $0
Seat 1: lukkyl0ser (button) (small blind) folded before Flop
Seat 2: Fiskin1 (big blind) collected ($2)


PokerStars Hand #148185157034:  Hold'em Limit ($3/$6 USD) - 2016/02/03 15:52:43 ET
Table 'Genevieve' 2-max Seat #2 is the button
Seat 1: lukkyl0ser ($469.24 in chips)
Seat 2: Fiskin1 ($166.68 in chips)
Fiskin1: posts small blind $1
lukkyl0ser: posts big blind $3
*** HOLE CARDS ***
Fiskin1: raises $3 to $6
lukkyl0ser: calls $3
*** FLOP *** [Th 6h As]
lukkyl0ser: checks
Fiskin1: checks
*** TURN *** [Th 6h As] [7h]
lukkyl0ser: checks
Fiskin1: checks
*** RIVER *** [Th 6h As 7h] [2d]
lukkyl0ser: checks
Fiskin1: bets $6
lukkyl0ser: calls $6
*** SHOW DOWN ***
Fiskin1: shows [4d 4c] (a pair of Fours)
lukkyl0ser: shows [6d Jd] (a pair of Sixes)
lukkyl0ser collected $23.52 from pot
*** SUMMARY ***
Total pot $24 | Rake $0.48
Board [Th 6h As 7h 2d]
Seat 1: lukkyl0ser (big blind) showed [6d Jd] and won ($23.52) with a pair of Sixes
Seat 2: Fiskin1 (button) (small blind) showed [4d 4c] and lost with a pair of Fours


PokerStars Hand #148185173679:  Hold'em Limit ($3/$6 USD) - 2016/02/03 15:52:59 ET
Table 'Genevieve' 2-max Seat #1 is the button
Seat 1: lukkyl0ser ($480.76 in chips)
Seat 2: Fiskin1 ($154.68 in chips)
lukkyl0ser: posts small blind $1
Fiskin1: posts big blind $3
*** HOLE CARDS ***
lukkyl0ser: raises $3 to $6
Fiskin1: calls $3
*** FLOP *** [Qd Ac Qc]
Fiskin1: checks
lukkyl0ser: bets $3
Fiskin1: raises $3 to $6
lukkyl0ser: calls $3
*** TURN *** [Qd Ac Qc] [6s]
Fiskin1: bets $6
lukkyl0ser: raises $6 to $12
Fiskin1: calls $6
*** RIVER *** [Qd Ac Qc 6s] [Js]
Fiskin1: checks
lukkyl0ser: bets $6
Fiskin1: calls $6
*** SHOW DOWN ***
lukkyl0ser: shows [7h Qh] (three of a kind, Queens)
Fiskin1: mucks hand
lukkyl0ser collected $59.50 from pot
*** SUMMARY ***
Total pot $60 | Rake $0.50
Board [Qd Ac Qc 6s Js]
Seat 1: lukkyl0ser (button) (small blind) showed [7h Qh] and won ($59.50) with three of a kind, Queens
Seat 2: Fiskin1 (big blind) mucked


PokerStars Hand #148185191787:  Hold'em Limit ($3/$6 USD) - 2016/02/03 15:53:15 ET
Table 'Genevieve' 2-max Seat #2 is the button
Seat 1: lukkyl0ser ($510.26 in chips)
Seat 2: Fiskin1 ($124.68 in chips)
Fiskin1: posts small blind $1
lukkyl0ser: posts big blind $3
*** HOLE CARDS ***
Fiskin1: raises $3 to $6
lukkyl0ser: calls $3
*** FLOP *** [6d 7h 2c]
lukkyl0ser: checks
Fiskin1: bets $3
lukkyl0ser: calls $3
*** TURN *** [6d 7h 2c] [Kc]
lukkyl0ser: checks
Fiskin1: bets $6
lukkyl0ser: calls $6
*** RIVER *** [6d 7h 2c Kc] [2h]
lukkyl0ser: checks
Fiskin1: bets $6
lukkyl0ser: calls $6
*** SHOW DOWN ***
Fiskin1: shows [6h Qc] (two pair, Sixes and Deuces)
lukkyl0ser: mucks hand
Fiskin1 collected $41.50 from pot
*** SUMMARY ***
Total pot $42 | Rake $0.50
Board [6d 7h 2c Kc 2h]
Seat 1: lukkyl0ser (big blind) mucked
Seat 2: Fiskin1 (button) (small blind) showed [6h Qc] and won ($41.50) with two pair, Sixes and Deuces


PokerStars Hand #148185213094:  Hold'em Limit ($3/$6 USD) - 2016/02/03 15:53:35 ET
Table 'Genevieve' 2-max Seat #1 is the button
Seat 1: lukkyl0ser ($489.26 in chips)
Seat 2: Fiskin1 ($145.18 in chips)
lukkyl0ser: posts small blind $1
Fiskin1: posts big blind $3
*** HOLE CARDS ***
lukkyl0ser: raises $3 to $6
Fiskin1: calls $3
*** FLOP *** [6c Ts Kh]
Fiskin1: checks
lukkyl0ser: bets $3
Fiskin1: raises $3 to $6
lukkyl0ser: calls $3
*** TURN *** [6c Ts Kh] [5h]
Fiskin1: bets $6
lukkyl0ser: raises $6 to $12
Fiskin1: folds
Uncalled bet ($6) returned to lukkyl0ser
lukkyl0ser collected $35.50 from pot
lukkyl0ser: doesn't show hand
*** SUMMARY ***
Total pot $36 | Rake $0.50
Board [6c Ts Kh 5h]
Seat 1: lukkyl0ser (button) (small blind) collected ($35.50)
Seat 2: Fiskin1 (big blind) folded on the Turn


PokerStars Hand #148185231245:  Hold'em Limit ($3/$6 USD) - 2016/02/03 15:53:52 ET
Table 'Genevieve' 2-max Seat #2 is the button
Seat 1: lukkyl0ser ($506.76 in chips)
Seat 2: Fiskin1 ($127.18 in chips)
Fiskin1: posts small blind $1
lukkyl0ser: posts big blind $3
*** HOLE CARDS ***
Fiskin1: raises $3 to $6
lukkyl0ser: calls $3
*** FLOP *** [Qh Ad Jh]
lukkyl0ser: checks
Fiskin1: checks
*** TURN *** [Qh Ad Jh] [Js]
lukkyl0ser: checks
Fiskin1: checks
*** RIVER *** [Qh Ad Jh Js] [Ac]
lukkyl0ser: checks
Fiskin1: bets $6
lukkyl0ser: folds
Uncalled bet ($6) returned to Fiskin1
Fiskin1 collected $11.76 from pot
Fiskin1: doesn't show hand
*** SUMMARY ***
Total pot $12 | Rake $0.24
Board [Qh Ad Jh Js Ac]
Seat 1: lukkyl0ser (big blind) folded on the River
Seat 2: Fiskin1 (button) (small blind) collected ($11.76)


PokerStars Hand #148185248203:  Hold'em Limit ($3/$6 USD) - 2016/02/03 15:54:07 ET
Table 'Genevieve' 2-max Seat #1 is the button
Seat 1: lukkyl0ser ($500.76 in chips)
Seat 2: Fiskin1 ($132.94 in chips)
lukkyl0ser: posts small blind $1
Fiskin1: posts big blind $3
*** HOLE CARDS ***
lukkyl0ser: raises $3 to $6
Fiskin1: raises $3 to $9
lukkyl0ser: raises $3 to $12
Betting is capped
Fiskin1: calls $3
*** FLOP *** [6d Kh 2d]
Fiskin1: checks
lukkyl0ser: bets $3
Fiskin1: calls $3
*** TURN *** [6d Kh 2d] [7s]
Fiskin1: checks
lukkyl0ser: bets $6
Fiskin1: calls $6
*** RIVER *** [6d Kh 2d 7s] [8s]
Fiskin1: checks
lukkyl0ser: bets $6
Fiskin1: calls $6
*** SHOW DOWN ***
lukkyl0ser: shows [Qd Kd] (a pair of Kings)
Fiskin1: mucks hand
lukkyl0ser collected $53.50 from pot
*** SUMMARY ***
Total pot $54 | Rake $0.50
Board [6d Kh 2d 7s 8s]
Seat 1: lukkyl0ser (button) (small blind) showed [Qd Kd] and won ($53.50) with a pair of Kings
Seat 2: Fiskin1 (big blind) mucked


PokerStars Hand #148185265814:  Hold'em Limit ($3/$6 USD) - 2016/02/03 15:54:23 ET
Table 'Genevieve' 2-max Seat #2 is the button
Seat 1: lukkyl0ser ($527.26 in chips)
Seat 2: Fiskin1 ($105.94 in chips)
Fiskin1: posts small blind $1
lukkyl0ser: posts big blind $3
*** HOLE CARDS ***
Fiskin1: raises $3 to $6
lukkyl0ser: calls $3
*** FLOP *** [Jd 9s 6h]
lukkyl0ser: checks
Fiskin1: checks
*** TURN *** [Jd 9s 6h] [3c]
lukkyl0ser: bets $6
Fiskin1: raises $6 to $12
lukkyl0ser: calls $6
*** RIVER *** [Jd 9s 6h 3c] [Td]
lukkyl0ser: checks
Fiskin1: bets $6
lukkyl0ser: calls $6
*** SHOW DOWN ***
Fiskin1: shows [6s 2h] (a pair of Sixes)
lukkyl0ser: mucks hand
Fiskin1 collected $47.50 from pot
*** SUMMARY ***
Total pot $48 | Rake $0.50
Board [Jd 9s 6h 3c Td]
Seat 1: lukkyl0ser (big blind) mucked
Seat 2: Fiskin1 (button) (small blind) showed [6s 2h] and won ($47.50) with a pair of Sixes


PokerStars Hand #148185279189:  Hold'em Limit ($3/$6 USD) - 2016/02/03 15:54:36 ET
Table 'Genevieve' 2-max Seat #1 is the button
Seat 1: lukkyl0ser ($503.26 in chips)
Seat 2: Fiskin1 ($129.44 in chips)
lukkyl0ser: posts small blind $1
Fiskin1: posts big blind $3
*** HOLE CARDS ***
lukkyl0ser: raises $3 to $6
Fiskin1: raises $3 to $9
lukkyl0ser: raises $3 to $12
Betting is capped
Fiskin1: calls $3
*** FLOP *** [7d 3s 6s]
Fiskin1: checks
lukkyl0ser: checks
*** TURN *** [7d 3s 6s] [Kc]
Fiskin1: checks
lukkyl0ser: checks
*** RIVER *** [7d 3s 6s Kc] [6h]
Fiskin1: bets $6
lukkyl0ser: calls $6
*** SHOW DOWN ***
Fiskin1: shows [8s Kd] (two pair, Kings and Sixes)
lukkyl0ser: mucks hand
Fiskin1 collected $35.50 from pot
*** SUMMARY ***
Total pot $36 | Rake $0.50
Board [7d 3s 6s Kc 6h]
Seat 1: lukkyl0ser (button) (small blind) mucked
Seat 2: Fiskin1 (big blind) showed [8s Kd] and won ($35.50) with two pair, Kings and Sixes


PokerStars Hand #148185292488:  Hold'em Limit ($3/$6 USD) - 2016/02/03 15:54:48 ET
Table 'Genevieve' 2-max Seat #2 is the button
Seat 1: lukkyl0ser ($485.26 in chips)
Seat 2: Fiskin1 ($146.94 in chips)
Fiskin1: posts small blind $1
lukkyl0ser: posts big blind $3
*** HOLE CARDS ***
Fiskin1: raises $3 to $6
lukkyl0ser: folds
Uncalled bet ($3) returned to Fiskin1
Fiskin1 collected $6 from pot
Fiskin1: doesn't show hand
*** SUMMARY ***
Total pot $6 | Rake $0
Seat 1: lukkyl0ser (big blind) folded before Flop
Seat 2: Fiskin1 (button) (small blind) collected ($6)


PokerStars Hand #148185317767:  Hold'em Limit ($3/$6 USD) - 2016/02/03 15:55:13 ET
Table 'Genevieve' 2-max Seat #2 is the button
Seat 1: lukkyl0ser ($505.76 in chips)
Seat 2: Fiskin1 ($125.94 in chips)
Fiskin1: posts small blind $1
lukkyl0ser: posts big blind $3
*** HOLE CARDS ***
Fiskin1: raises $3 to $6
lukkyl0ser: folds
Uncalled bet ($3) returned to Fiskin1
Fiskin1 collected $6 from pot
Fiskin1: doesn't show hand
*** SUMMARY ***
Total pot $6 | Rake $0
Seat 1: lukkyl0ser (big blind) folded before Flop
Seat 2: Fiskin1 (button) (small blind) collected ($6)


PokerStars Hand #148185298745:  Hold'em Limit ($3/$6 USD) - 2016/02/03 15:54:54 ET
Table 'Genevieve' 2-max Seat #1 is the button
Seat 1: lukkyl0ser ($482.26 in chips)
Seat 2: Fiskin1 ($149.94 in chips)
lukkyl0ser: posts small blind $1
Fiskin1: posts big blind $3
*** HOLE CARDS ***
lukkyl0ser: raises $3 to $6
Fiskin1: raises $3 to $9
lukkyl0ser: raises $3 to $12
Betting is capped
Fiskin1: calls $3
*** FLOP *** [3c 2c Jh]
Fiskin1: checks
lukkyl0ser: checks
*** TURN *** [3c 2c Jh] [8c]
Fiskin1: bets $6
lukkyl0ser: calls $6
*** RIVER *** [3c 2c Jh 8c] [4c]
Fiskin1: bets $6
lukkyl0ser: raises $6 to $12
Fiskin1: folds
Uncalled bet ($6) returned to lukkyl0ser
lukkyl0ser collected $47.50 from pot
lukkyl0ser: doesn't show hand
*** SUMMARY ***
Total pot $48 | Rake $0.50
Board [3c 2c Jh 8c 4c]
Seat 1: lukkyl0ser (button) (small blind) collected ($47.50)
Seat 2: Fiskin1 (big blind) folded on the River


PokerStars Hand #148185321901:  Hold'em Limit ($3/$6 USD) - 2016/02/03 15:55:18 ET
Table 'Genevieve' 2-max Seat #1 is the button
Seat 1: lukkyl0ser ($502.76 in chips)
Seat 2: Fiskin1 ($128.94 in chips)
lukkyl0ser: posts small blind $1
Fiskin1: posts big blind $3
*** HOLE CARDS ***
lukkyl0ser: raises $3 to $6
Fiskin1: raises $3 to $9
lukkyl0ser: calls $3
*** FLOP *** [Ts 6c 9h]
Fiskin1: bets $3
lukkyl0ser: raises $3 to $6
Fiskin1: calls $3
*** TURN *** [Ts 6c 9h] [Qh]
Fiskin1: checks
lukkyl0ser: bets $6
Fiskin1: folds
Uncalled bet ($6) returned to lukkyl0ser
lukkyl0ser collected $29.50 from pot
lukkyl0ser: doesn't show hand
*** SUMMARY ***
Total pot $30 | Rake $0.50
Board [Ts 6c 9h Qh]
Seat 1: lukkyl0ser (button) (small blind) collected ($29.50)
Seat 2: Fiskin1 (big blind) folded on the Turn


PokerStars Hand #148185346057:  Hold'em Limit ($3/$6 USD) - 2016/02/03 15:55:47 ET
Table 'Genevieve' 2-max Seat #2 is the button
Seat 1: lukkyl0ser ($517.26 in chips)
Seat 2: Fiskin1 ($113.94 in chips)
Fiskin1: posts small blind $1
lukkyl0ser: posts big blind $3
*** HOLE CARDS ***
Fiskin1: folds
Uncalled bet ($2) returned to lukkyl0ser
lukkyl0ser collected $2 from pot
lukkyl0ser: doesn't show hand
*** SUMMARY ***
Total pot $2 | Rake $0
Seat 1: lukkyl0ser (big blind) collected ($2)
Seat 2: Fiskin1 (button) (small blind) folded before Flop


PokerStars Hand #148185361994:  Hold'em Limit ($3/$6 USD) - 2016/02/03 15:56:06 ET
Table 'Genevieve' 2-max Seat #2 is the button
Seat 1: lukkyl0ser ($491.26 in chips)
Seat 2: Fiskin1 ($139.44 in chips)
Fiskin1: posts small blind $1
lukkyl0ser: posts big blind $3
*** HOLE CARDS ***
Fiskin1: raises $3 to $6
lukkyl0ser: folds
Uncalled bet ($3) returned to Fiskin1
Fiskin1 collected $6 from pot
Fiskin1: doesn't show hand
*** SUMMARY ***
Total pot $6 | Rake $0
Seat 1: lukkyl0ser (big blind) folded before Flop
Seat 2: Fiskin1 (button) (small blind) collected ($6)


PokerStars Hand #148185349989:  Hold'em Limit ($3/$6 USD) - 2016/02/03 15:55:52 ET
Table 'Genevieve' 2-max Seat #1 is the button
Seat 1: lukkyl0ser ($518.26 in chips)
Seat 2: Fiskin1 ($112.94 in chips)
lukkyl0ser: posts small blind $1
Fiskin1: posts big blind $3
*** HOLE CARDS ***
lukkyl0ser: raises $3 to $6
Fiskin1: calls $3
*** FLOP *** [4s Qh 3d]
Fiskin1: checks
lukkyl0ser: bets $3
Fiskin1: calls $3
*** TURN *** [4s Qh 3d] [Ad]
Fiskin1: checks
lukkyl0ser: bets $6
Fiskin1: raises $6 to $12
lukkyl0ser: calls $6
*** RIVER *** [4s Qh 3d Ad] [5s]
Fiskin1: bets $6
lukkyl0ser: calls $6
*** SHOW DOWN ***
Fiskin1: shows [As 8h] (a pair of Aces)
lukkyl0ser: mucks hand
Fiskin1 collected $53.50 from pot
*** SUMMARY ***
Total pot $54 | Rake $0.50
Board [4s Qh 3d Ad 5s]
Seat 1: lukkyl0ser (button) (small blind) mucked
Seat 2: Fiskin1 (big blind) showed [As 8h] and won ($53.50) with a pair of Aces


PokerStars Hand #148185365931:  Hold'em Limit ($3/$6 USD) - 2016/02/03 15:56:11 ET
Table 'Genevieve' 2-max Seat #1 is the button
Seat 1: lukkyl0ser ($488.26 in chips)
Seat 2: Fiskin1 ($142.44 in chips)
lukkyl0ser: posts small blind $1
Fiskin1: posts big blind $3
*** HOLE CARDS ***
lukkyl0ser: raises $3 to $6
Fiskin1: folds
Uncalled bet ($3) returned to lukkyl0ser
lukkyl0ser collected $6 from pot
lukkyl0ser: doesn't show hand
*** SUMMARY ***
Total pot $6 | Rake $0
Seat 1: lukkyl0ser (button) (small blind) collected ($6)
Seat 2: Fiskin1 (big blind) folded before Flop


PokerStars Hand #148185376256:  Hold'em Limit ($3/$6 USD) - 2016/02/03 15:56:23 ET
Table 'Genevieve' 2-max Seat #1 is the button
Seat 1: lukkyl0ser ($488.26 in chips)
Seat 2: Fiskin1 ($142.44 in chips)
lukkyl0ser: posts small blind $1
Fiskin1: posts big blind $3
*** HOLE CARDS ***
lukkyl0ser: folds
Uncalled bet ($2) returned to Fiskin1
Fiskin1 collected $2 from pot
Fiskin1: doesn't show hand
*** SUMMARY ***
Total pot $2 | Rake $0
Seat 1: lukkyl0ser (button) (small blind) folded before Flop
Seat 2: Fiskin1 (big blind) collected ($2)


PokerStars Hand #148185370597:  Hold'em Limit ($3/$6 USD) - 2016/02/03 15:56:16 ET
Table 'Genevieve' 2-max Seat #2 is the button
Seat 1: lukkyl0ser ($491.26 in chips)
Seat 2: Fiskin1 ($139.44 in chips)
Fiskin1: posts small blind $1
lukkyl0ser: posts big blind $3
*** HOLE CARDS ***
Fiskin1: raises $3 to $6
lukkyl0ser: folds
Uncalled bet ($3) returned to Fiskin1
Fiskin1 collected $6 from pot
Fiskin1: doesn't show hand
*** SUMMARY ***
Total pot $6 | Rake $0
Seat 1: lukkyl0ser (big blind) folded before Flop
Seat 2: Fiskin1 (button) (small blind) collected ($6)


PokerStars Hand #148185380681:  Hold'em Limit ($3/$6 USD) - 2016/02/03 15:56:28 ET
Table 'Genevieve' 2-max Seat #2 is the button
Seat 1: lukkyl0ser ($487.26 in chips)
Seat 2: Fiskin1 ($143.44 in chips)
Fiskin1: posts small blind $1
lukkyl0ser: posts big blind $3
*** HOLE CARDS ***
Fiskin1: raises $3 to $6
lukkyl0ser: raises $3 to $9
Fiskin1: calls $3
*** FLOP *** [9d Kh 7h]
lukkyl0ser: bets $3
Fiskin1: calls $3
*** TURN *** [9d Kh 7h] [Ks]
lukkyl0ser: bets $6
Fiskin1: calls $6
*** RIVER *** [9d Kh 7h Ks] [8s]
lukkyl0ser: bets $6
Fiskin1: calls $6
*** SHOW DOWN ***
lukkyl0ser: shows [Ah Qs] (a pair of Kings)
Fiskin1: mucks hand
lukkyl0ser collected $47.50 from pot
*** SUMMARY ***
Total pot $48 | Rake $0.50
Board [9d Kh 7h Ks 8s]
Seat 1: lukkyl0ser (big blind) showed [Ah Qs] and won ($47.50) with a pair of Kings
Seat 2: Fiskin1 (button) (small blind) mucked


PokerStars Hand #148185403534:  Hold'em Limit ($3/$6 USD) - 2016/02/03 15:56:55 ET
Table 'Genevieve' 2-max Seat #2 is the button
Seat 1: lukkyl0ser ($486.76 in chips)
Seat 2: Fiskin1 ($142.94 in chips)
Fiskin1: posts small blind $1
lukkyl0ser: posts big blind $3
*** HOLE CARDS ***
Fiskin1: raises $3 to $6
lukkyl0ser: folds
Uncalled bet ($3) returned to Fiskin1
Fiskin1 collected $6 from pot
Fiskin1: doesn't show hand
*** SUMMARY ***
Total pot $6 | Rake $0
Seat 1: lukkyl0ser (big blind) folded before Flop
Seat 2: Fiskin1 (button) (small blind) collected ($6)


PokerStars Hand #148185393073:  Hold'em Limit ($3/$6 USD) - 2016/02/03 15:56:43 ET
Table 'Genevieve' 2-max Seat #1 is the button
Seat 1: lukkyl0ser ($510.76 in chips)
Seat 2: Fiskin1 ($119.44 in chips)
lukkyl0ser: posts small blind $1
Fiskin1: posts big blind $3
*** HOLE CARDS ***
lukkyl0ser: raises $3 to $6
Fiskin1: calls $3
*** FLOP *** [Kd 6s Jd]
Fiskin1: checks
lukkyl0ser: bets $3
Fiskin1: raises $3 to $6
lukkyl0ser: calls $3
*** TURN *** [Kd 6s Jd] [5c]
Fiskin1: bets $6
lukkyl0ser: calls $6
*** RIVER *** [Kd 6s Jd 5c] [Ad]
Fiskin1: bets $6
lukkyl0ser: calls $6
*** SHOW DOWN ***
Fiskin1: shows [Qh Td] (a straight, Ten to Ace)
lukkyl0ser: mucks hand
Fiskin1 collected $47.50 from pot
*** SUMMARY ***
Total pot $48 | Rake $0.50
Board [Kd 6s Jd 5c Ad]
Seat 1: lukkyl0ser (button) (small blind) mucked
Seat 2: Fiskin1 (big blind) showed [Qh Td] and won ($47.50) with a straight, Ten to Ace


PokerStars Hand #148185407812:  Hold'em Limit ($3/$6 USD) - 2016/02/03 15:57:00 ET
Table 'Genevieve' 2-max Seat #1 is the button
Seat 1: lukkyl0ser ($483.76 in chips)
Seat 2: Fiskin1 ($145.94 in chips)
lukkyl0ser: posts small blind $1
Fiskin1: posts big blind $3
*** HOLE CARDS ***
lukkyl0ser: raises $3 to $6
Fiskin1: raises $3 to $9
lukkyl0ser: calls $3
*** FLOP *** [Ah 9h Kh]
Fiskin1: bets $3
lukkyl0ser: folds
Uncalled bet ($3) returned to Fiskin1
Fiskin1 collected $17.64 from pot
Fiskin1: doesn't show hand
*** SUMMARY ***
Total pot $18 | Rake $0.36
Board [Ah 9h Kh]
Seat 1: lukkyl0ser (button) (small blind) folded on the Flop
Seat 2: Fiskin1 (big blind) collected ($17.64)


PokerStars Hand #148185413817:  Hold'em Limit ($3/$6 USD) - 2016/02/03 15:57:07 ET
Table 'Genevieve' 2-max Seat #2 is the button
Seat 1: lukkyl0ser ($474.76 in chips)
Seat 2: Fiskin1 ($154.58 in chips)
Fiskin1: posts small blind $1
lukkyl0ser: posts big blind $3
*** HOLE CARDS ***
Fiskin1: raises $3 to $6
lukkyl0ser: folds
Uncalled bet ($3) returned to Fiskin1
Fiskin1 collected $6 from pot
Fiskin1: doesn't show hand
*** SUMMARY ***
Total pot $6 | Rake $0
Seat 1: lukkyl0ser (big blind) folded before Flop
Seat 2: Fiskin1 (button) (small blind) collected ($6)


PokerStars Hand #148185418067:  Hold'em Limit ($3/$6 USD) - 2016/02/03 15:57:12 ET
Table 'Genevieve' 2-max Seat #1 is the button
Seat 1: lukkyl0ser ($471.76 in chips)
Seat 2: Fiskin1 ($157.58 in chips)
lukkyl0ser: posts small blind $1
Fiskin1: posts big blind $3
*** HOLE CARDS ***
lukkyl0ser: raises $3 to $6
Fiskin1: calls $3
*** FLOP *** [5c Ks Js]
Fiskin1: checks
lukkyl0ser: bets $3
Fiskin1: calls $3
*** TURN *** [5c Ks Js] [Kh]
Fiskin1: checks
lukkyl0ser: checks
*** RIVER *** [5c Ks Js Kh] [6d]
Fiskin1: bets $6
lukkyl0ser: folds
Uncalled bet ($6) returned to Fiskin1
Fiskin1 collected $17.64 from pot
Fiskin1: doesn't show hand
*** SUMMARY ***
Total pot $18 | Rake $0.36
Board [5c Ks Js Kh 6d]
Seat 1: lukkyl0ser (button) (small blind) folded on the River
Seat 2: Fiskin1 (big blind) collected ($17.64)


PokerStars Hand #148185444708:  Hold'em Limit ($3/$6 USD) - 2016/02/03 15:57:44 ET
Table 'Genevieve' 2-max Seat #1 is the button
Seat 1: lukkyl0ser ($435.76 in chips)
Seat 2: Fiskin1 ($192.72 in chips)
lukkyl0ser: posts small blind $1
Fiskin1: posts big blind $3
*** HOLE CARDS ***
lukkyl0ser: raises $3 to $6
Fiskin1: folds
Uncalled bet ($3) returned to lukkyl0ser
lukkyl0ser collected $6 from pot
lukkyl0ser: doesn't show hand
*** SUMMARY ***
Total pot $6 | Rake $0
Seat 1: lukkyl0ser (button) (small blind) collected ($6)
Seat 2: Fiskin1 (big blind) folded before Flop


PokerStars Hand #148185430970:  Hold'em Limit ($3/$6 USD) - 2016/02/03 15:57:27 ET
Table 'Genevieve' 2-max Seat #2 is the button
Seat 1: lukkyl0ser ($462.76 in chips)
Seat 2: Fiskin1 ($166.22 in chips)
Fiskin1: posts small blind $1
lukkyl0ser: posts big blind $3
*** HOLE CARDS ***
Fiskin1: raises $3 to $6
lukkyl0ser: calls $3
*** FLOP *** [5c 4h 4s]
lukkyl0ser: checks
Fiskin1: bets $3
lukkyl0ser: calls $3
*** TURN *** [5c 4h 4s] [7c]
lukkyl0ser: bets $6
Fiskin1: raises $6 to $12
lukkyl0ser: calls $6
*** RIVER *** [5c 4h 4s 7c] [2c]
lukkyl0ser: checks
Fiskin1: bets $6
lukkyl0ser: calls $6
*** SHOW DOWN ***
Fiskin1: shows [4c Jh] (three of a kind, Fours)
lukkyl0ser: mucks hand
Fiskin1 collected $53.50 from pot
*** SUMMARY ***
Total pot $54 | Rake $0.50
Board [5c 4h 4s 7c 2c]
Seat 1: lukkyl0ser (big blind) mucked
Seat 2: Fiskin1 (button) (small blind) showed [4c Jh] and won ($53.50) with three of a kind, Fours


PokerStars Hand #148185448718:  Hold'em Limit ($3/$6 USD) - 2016/02/03 15:57:48 ET
Table 'Genevieve' 2-max Seat #2 is the button
Seat 1: lukkyl0ser ($438.76 in chips)
Seat 2: Fiskin1 ($189.72 in chips)
Fiskin1: posts small blind $1
lukkyl0ser: posts big blind $3
*** HOLE CARDS ***
Fiskin1: raises $3 to $6
lukkyl0ser: folds
Uncalled bet ($3) returned to Fiskin1
Fiskin1 collected $6 from pot
Fiskin1: doesn't show hand
*** SUMMARY ***
Total pot $6 | Rake $0
Seat 1: lukkyl0ser (big blind) folded before Flop
Seat 2: Fiskin1 (button) (small blind) collected ($6)


PokerStars Hand #148185453323:  Hold'em Limit ($3/$6 USD) - 2016/02/03 15:57:54 ET
Table 'Genevieve' 2-max Seat #1 is the button
Seat 1: lukkyl0ser ($435.76 in chips)
Seat 2: Fiskin1 ($192.72 in chips)
lukkyl0ser: posts small blind $1
Fiskin1: posts big blind $3
*** HOLE CARDS ***
lukkyl0ser: raises $3 to $6
Fiskin1: calls $3
*** FLOP *** [7c Qh Qs]
Fiskin1: checks
lukkyl0ser: bets $3
Fiskin1: raises $3 to $6
lukkyl0ser: calls $3
*** TURN *** [7c Qh Qs] [3c]
Fiskin1: bets $6
lukkyl0ser: raises $6 to $12
Fiskin1: calls $6
*** RIVER *** [7c Qh Qs 3c] [As]
Fiskin1: checks
lukkyl0ser: bets $6
Fiskin1: calls $6
*** SHOW DOWN ***
lukkyl0ser: shows [6c 9c] (a pair of Queens)
Fiskin1: shows [4s 3s] (two pair, Queens and Threes)
Fiskin1 collected $59.50 from pot
*** SUMMARY ***
Total pot $60 | Rake $0.50
Board [7c Qh Qs 3c As]
Seat 1: lukkyl0ser (button) (small blind) showed [6c 9c] and lost with a pair of Queens
Seat 2: Fiskin1 (big blind) showed [4s 3s] and won ($59.50) with two pair, Queens and Threes


PokerStars Hand #148185470797:  Hold'em Limit ($3/$6 USD) - 2016/02/03 15:58:09 ET
Table 'Genevieve' 2-max Seat #2 is the button
Seat 1: lukkyl0ser ($405.76 in chips)
Seat 2: Fiskin1 ($222.22 in chips)
Fiskin1: posts small blind $1
lukkyl0ser: posts big blind $3
*** HOLE CARDS ***
Fiskin1: raises $3 to $6
lukkyl0ser: calls $3
*** FLOP *** [7s 9h 5d]
lukkyl0ser: checks
Fiskin1: bets $3
lukkyl0ser: calls $3
*** TURN *** [7s 9h 5d] [Th]
lukkyl0ser: checks
Fiskin1: bets $6
lukkyl0ser: calls $6
*** RIVER *** [7s 9h 5d Th] [Js]
lukkyl0ser: checks
Fiskin1: checks
*** SHOW DOWN ***
lukkyl0ser: shows [As Qh] (high card Ace)
Fiskin1: shows [Qs 5c] (a pair of Fives)
Fiskin1 collected $29.50 from pot
*** SUMMARY ***
Total pot $30 | Rake $0.50
Board [7s 9h 5d Th Js]
Seat 1: lukkyl0ser (big blind) showed [As Qh] and lost with high card Ace
Seat 2: Fiskin1 (button) (small blind) showed [Qs 5c] and won ($29.50) with a pair of Fives


PokerStars Hand #148185486542:  Hold'em Limit ($3/$6 USD) - 2016/02/03 15:58:24 ET
Table 'Genevieve' 2-max Seat #1 is the button
Seat 1: lukkyl0ser ($390.76 in chips)
Seat 2: Fiskin1 ($236.72 in chips)
lukkyl0ser: posts small blind $1
Fiskin1: posts big blind $3
*** HOLE CARDS ***
lukkyl0ser: raises $3 to $6
Fiskin1: raises $3 to $9
lukkyl0ser: calls $3
*** FLOP *** [3d 3s 6d]
Fiskin1: bets $3
lukkyl0ser: calls $3
*** TURN *** [3d 3s 6d] [Ad]
Fiskin1: bets $6
lukkyl0ser: calls $6
*** RIVER *** [3d 3s 6d Ad] [9c]
Fiskin1: bets $6
lukkyl0ser: calls $6
*** SHOW DOWN ***
Fiskin1: shows [6c 7c] (two pair, Sixes and Threes)
lukkyl0ser: mucks hand
Fiskin1 collected $47.50 from pot
*** SUMMARY ***
Total pot $48 | Rake $0.50
Board [3d 3s 6d Ad 9c]
Seat 1: lukkyl0ser (button) (small blind) mucked
Seat 2: Fiskin1 (big blind) showed [6c 7c] and won ($47.50) with two pair, Sixes and Threes


PokerStars Hand #148185503045:  Hold'em Limit ($3/$6 USD) - 2016/02/03 15:58:39 ET
Table 'Genevieve' 2-max Seat #2 is the button
Seat 1: lukkyl0ser ($366.76 in chips)
Seat 2: Fiskin1 ($260.22 in chips)
Fiskin1: posts small blind $1
lukkyl0ser: posts big blind $3
*** HOLE CARDS ***
Fiskin1: raises $3 to $6
lukkyl0ser: raises $3 to $9
Fiskin1: calls $3
*** FLOP *** [Qc Ac 2s]
lukkyl0ser: bets $3
Fiskin1: calls $3
*** TURN *** [Qc Ac 2s] [6d]
lukkyl0ser: checks
Fiskin1: bets $6
lukkyl0ser: calls $6
*** RIVER *** [Qc Ac 2s 6d] [Ts]
lukkyl0ser: checks
Fiskin1: bets $6
lukkyl0ser: folds
Uncalled bet ($6) returned to Fiskin1
Fiskin1 collected $35.50 from pot
Fiskin1: doesn't show hand
*** SUMMARY ***
Total pot $36 | Rake $0.50
Board [Qc Ac 2s 6d Ts]
Seat 1: lukkyl0ser (big blind) folded on the River
Seat 2: Fiskin1 (button) (small blind) collected ($35.50)


PokerStars Hand #148185534751:  Hold'em Limit ($3/$6 USD) - 2016/02/03 15:59:13 ET
Table 'Genevieve' 2-max Seat #2 is the button
Seat 1: lukkyl0ser ($378.26 in chips)
Seat 2: Fiskin1 ($247.72 in chips)
Fiskin1: posts small blind $1
lukkyl0ser: posts big blind $3
*** HOLE CARDS ***
Fiskin1: raises $3 to $6
lukkyl0ser: folds
Uncalled bet ($3) returned to Fiskin1
Fiskin1 collected $6 from pot
Fiskin1: doesn't show hand
*** SUMMARY ***
Total pot $6 | Rake $0
Seat 1: lukkyl0ser (big blind) folded before Flop
Seat 2: Fiskin1 (button) (small blind) collected ($6)


PokerStars Hand #148185518608:  Hold'em Limit ($3/$6 USD) - 2016/02/03 15:58:55 ET
Table 'Genevieve' 2-max Seat #1 is the button
Seat 1: lukkyl0ser ($348.76 in chips)
Seat 2: Fiskin1 ($277.72 in chips)
lukkyl0ser: posts small blind $1
Fiskin1: posts big blind $3
*** HOLE CARDS ***
lukkyl0ser: raises $3 to $6
Fiskin1: calls $3
*** FLOP *** [5c 5h 7c]
Fiskin1: checks
lukkyl0ser: bets $3
Fiskin1: raises $3 to $6
lukkyl0ser: raises $3 to $9
Fiskin1: raises $3 to $12
Betting is capped
lukkyl0ser: calls $3
*** TURN *** [5c 5h 7c] [6d]
Fiskin1: bets $6
lukkyl0ser: raises $6 to $12
Fiskin1: calls $6
*** RIVER *** [5c 5h 7c 6d] [Js]
Fiskin1: checks
lukkyl0ser: bets $6
Fiskin1: folds
Uncalled bet ($6) returned to lukkyl0ser
lukkyl0ser collected $59.50 from pot
lukkyl0ser: doesn't show hand
*** SUMMARY ***
Total pot $60 | Rake $0.50
Board [5c 5h 7c 6d Js]
Seat 1: lukkyl0ser (button) (small blind) collected ($59.50)
Seat 2: Fiskin1 (big blind) folded on the River


PokerStars Hand #148185540452:  Hold'em Limit ($3/$6 USD) - 2016/02/03 15:59:20 ET
Table 'Genevieve' 2-max Seat #1 is the button
Seat 1: lukkyl0ser ($375.26 in chips)
Seat 2: Fiskin1 ($250.72 in chips)
lukkyl0ser: posts small blind $1
Fiskin1: posts big blind $3
*** HOLE CARDS ***
lukkyl0ser: raises $3 to $6
Fiskin1: raises $3 to $9
lukkyl0ser: raises $3 to $12
Betting is capped
Fiskin1: calls $3
*** FLOP *** [Qd 9d 4h]
Fiskin1: checks
lukkyl0ser: checks
*** TURN *** [Qd 9d 4h] [8s]
Fiskin1: bets $6
lukkyl0ser: calls $6
*** RIVER *** [Qd 9d 4h 8s] [7s]
Fiskin1: bets $6
lukkyl0ser: folds
Uncalled bet ($6) returned to Fiskin1
Fiskin1 collected $35.50 from pot
Fiskin1: doesn't show hand
*** SUMMARY ***
Total pot $36 | Rake $0.50
Board [Qd 9d 4h 8s 7s]
Seat 1: lukkyl0ser (button) (small blind) folded on the River
Seat 2: Fiskin1 (big blind) collected ($35.50)


PokerStars Hand #148185554157:  Hold'em Limit ($3/$6 USD) - 2016/02/03 15:59:35 ET
Table 'Genevieve' 2-max Seat #2 is the button
Seat 1: lukkyl0ser ($357.26 in chips)
Seat 2: Fiskin1 ($268.22 in chips)
Fiskin1: posts small blind $1
lukkyl0ser: posts big blind $3
*** HOLE CARDS ***
Fiskin1: raises $3 to $6
lukkyl0ser: raises $3 to $9
Fiskin1: calls $3
*** FLOP *** [6s Tc 3s]
lukkyl0ser: checks
Fiskin1: checks
*** TURN *** [6s Tc 3s] [Jd]
lukkyl0ser: checks
Fiskin1: checks
*** RIVER *** [6s Tc 3s Jd] [Kd]
lukkyl0ser: bets $6
Fiskin1: folds
Uncalled bet ($6) returned to lukkyl0ser
lukkyl0ser collected $17.64 from pot
lukkyl0ser: doesn't show hand
*** SUMMARY ***
Total pot $18 | Rake $0.36
Board [6s Tc 3s Jd Kd]
Seat 1: lukkyl0ser (big blind) collected ($17.64)
Seat 2: Fiskin1 (button) (small blind) folded on the River


PokerStars Hand #148185564292:  Hold'em Limit ($3/$6 USD) - 2016/02/03 15:59:47 ET
Table 'Genevieve' 2-max Seat #1 is the button
Seat 1: lukkyl0ser ($365.90 in chips)
Seat 2: Fiskin1 ($259.22 in chips)
lukkyl0ser: posts small blind $1
Fiskin1: posts big blind $3
*** HOLE CARDS ***
lukkyl0ser: raises $3 to $6
Fiskin1: calls $3
*** FLOP *** [8c 7c Jc]
Fiskin1: checks
lukkyl0ser: checks
*** TURN *** [8c 7c Jc] [Ks]
Fiskin1: checks
lukkyl0ser: checks
*** RIVER *** [8c 7c Jc Ks] [Ac]
Fiskin1: checks
lukkyl0ser: checks
*** SHOW DOWN ***
Fiskin1: shows [4d 5h] (high card Ace)
lukkyl0ser: shows [7d 9s] (a pair of Sevens)
lukkyl0ser collected $11.76 from pot
*** SUMMARY ***
Total pot $12 | Rake $0.24
Board [8c 7c Jc Ks Ac]
Seat 1: lukkyl0ser (button) (small blind) showed [7d 9s] and won ($11.76) with a pair of Sevens
Seat 2: Fiskin1 (big blind) showed [4d 5h] and lost with high card Ace


PokerStars Hand #148185573818:  Hold'em Limit ($3/$6 USD) - 2016/02/03 15:59:59 ET
Table 'Genevieve' 2-max Seat #2 is the button
Seat 1: lukkyl0ser ($371.66 in chips)
Seat 2: Fiskin1 ($253.22 in chips)
Fiskin1: posts small blind $1
lukkyl0ser: posts big blind $3
*** HOLE CARDS ***
Fiskin1: raises $3 to $6
lukkyl0ser: folds
Uncalled bet ($3) returned to Fiskin1
Fiskin1 collected $6 from pot
Fiskin1: doesn't show hand
*** SUMMARY ***
Total pot $6 | Rake $0
Seat 1: lukkyl0ser (big blind) folded before Flop
Seat 2: Fiskin1 (button) (small blind) collected ($6)


PokerStars Hand #148185578940:  Hold'em Limit ($3/$6 USD) - 2016/02/03 16:00:05 ET
Table 'Genevieve' 2-max Seat #1 is the button
Seat 1: lukkyl0ser ($368.66 in chips)
Seat 2: Fiskin1 ($256.22 in chips)
lukkyl0ser: posts small blind $1
Fiskin1: posts big blind $3
*** HOLE CARDS ***
lukkyl0ser: raises $3 to $6
Fiskin1: calls $3
*** FLOP *** [Tc Qh 7h]
Fiskin1: checks
lukkyl0ser: bets $3
Fiskin1: raises $3 to $6
lukkyl0ser: calls $3
*** TURN *** [Tc Qh 7h] [5d]
Fiskin1: bets $6
lukkyl0ser: calls $6
*** RIVER *** [Tc Qh 7h 5d] [Ks]
Fiskin1: bets $6
lukkyl0ser: raises $6 to $12
Fiskin1: folds
Uncalled bet ($6) returned to lukkyl0ser
lukkyl0ser collected $47.50 from pot
lukkyl0ser: doesn't show hand
*** SUMMARY ***
Total pot $48 | Rake $0.50
Board [Tc Qh 7h 5d Ks]
Seat 1: lukkyl0ser (button) (small blind) collected ($47.50)
Seat 2: Fiskin1 (big blind) folded on the River


PokerStars Hand #148185592026:  Hold'em Limit ($3/$6 USD) - 2016/02/03 16:00:19 ET
Table 'Genevieve' 2-max Seat #2 is the button
Seat 1: lukkyl0ser ($392.16 in chips)
Seat 2: Fiskin1 ($232.22 in chips)
Fiskin1: posts small blind $1
lukkyl0ser: posts big blind $3
*** HOLE CARDS ***
Fiskin1: raises $3 to $6
lukkyl0ser: calls $3
*** FLOP *** [Jc 9c Ts]
lukkyl0ser: bets $3
Fiskin1: raises $3 to $6
lukkyl0ser: calls $3
*** TURN *** [Jc 9c Ts] [4s]
lukkyl0ser: checks
Fiskin1: bets $6
lukkyl0ser: folds
Uncalled bet ($6) returned to Fiskin1
Fiskin1 collected $23.52 from pot
Fiskin1: doesn't show hand
*** SUMMARY ***
Total pot $24 | Rake $0.48
Board [Jc 9c Ts 4s]
Seat 1: lukkyl0ser (big blind) folded on the Turn
Seat 2: Fiskin1 (button) (small blind) collected ($23.52)


PokerStars Hand #148185617076:  Hold'em Limit ($3/$6 USD) - 2016/02/03 16:00:47 ET
Table 'Genevieve' 2-max Seat #2 is the button
Seat 1: lukkyl0ser ($391.68 in chips)
Seat 2: Fiskin1 ($231.74 in chips)
Fiskin1: posts small blind $1
lukkyl0ser: posts big blind $3
*** HOLE CARDS ***
Fiskin1: raises $3 to $6
lukkyl0ser: calls $3
*** FLOP *** [Js 7d 9h]
lukkyl0ser: checks
Fiskin1: checks
*** TURN *** [Js 7d 9h] [Kh]
lukkyl0ser: bets $6
Fiskin1: raises $6 to $12
lukkyl0ser: raises $6 to $18
Fiskin1: folds
Uncalled bet ($6) returned to lukkyl0ser
lukkyl0ser collected $35.50 from pot
lukkyl0ser: doesn't show hand
*** SUMMARY ***
Total pot $36 | Rake $0.50
Board [Js 7d 9h Kh]
Seat 1: lukkyl0ser (big blind) collected ($35.50)
Seat 2: Fiskin1 (button) (small blind) folded on the Turn


PokerStars Hand #148185644531:  Hold'em Limit ($3/$6 USD) - 2016/02/03 16:01:16 ET
Table 'Genevieve' 2-max Seat #2 is the button
Seat 1: lukkyl0ser ($391.18 in chips)
Seat 2: Fiskin1 ($231.24 in chips)
Fiskin1: posts small blind $1
lukkyl0ser: posts big blind $3
*** HOLE CARDS ***
Fiskin1: folds
Uncalled bet ($2) returned to lukkyl0ser
lukkyl0ser collected $2 from pot
lukkyl0ser: doesn't show hand
*** SUMMARY ***
Total pot $2 | Rake $0
Seat 1: lukkyl0ser (big blind) collected ($2)
Seat 2: Fiskin1 (button) (small blind) folded before Flop


PokerStars Hand #148185630241:  Hold'em Limit ($3/$6 USD) - 2016/02/03 16:01:01 ET
Table 'Genevieve' 2-max Seat #1 is the button
Seat 1: lukkyl0ser ($409.18 in chips)
Seat 2: Fiskin1 ($213.74 in chips)
lukkyl0ser: posts small blind $1
Fiskin1: posts big blind $3
*** HOLE CARDS ***
lukkyl0ser: raises $3 to $6
Fiskin1: calls $3
*** FLOP *** [8c 6c Qs]
Fiskin1: checks
lukkyl0ser: checks
*** TURN *** [8c 6c Qs] [8s]
Fiskin1: bets $6
lukkyl0ser: calls $6
*** RIVER *** [8c 6c Qs 8s] [2d]
Fiskin1: bets $6
lukkyl0ser: calls $6
*** SHOW DOWN ***
Fiskin1: shows [2c Tc] (two pair, Eights and Deuces)
lukkyl0ser: mucks hand
Fiskin1 collected $35.50 from pot
*** SUMMARY ***
Total pot $36 | Rake $0.50
Board [8c 6c Qs 8s 2d]
Seat 1: lukkyl0ser (button) (small blind) mucked
Seat 2: Fiskin1 (big blind) showed [2c Tc] and won ($35.50) with two pair, Eights and Deuces


PokerStars Hand #148185649607:  Hold'em Limit ($3/$6 USD) - 2016/02/03 16:01:21 ET
Table 'Genevieve' 2-max Seat #1 is the button
Seat 1: lukkyl0ser ($392.18 in chips)
Seat 2: Fiskin1 ($230.24 in chips)
lukkyl0ser: posts small blind $1
Fiskin1: posts big blind $3
*** HOLE CARDS ***
lukkyl0ser: raises $3 to $6
Fiskin1: folds
Uncalled bet ($3) returned to lukkyl0ser
lukkyl0ser collected $6 from pot
lukkyl0ser: doesn't show hand
*** SUMMARY ***
Total pot $6 | Rake $0
Seat 1: lukkyl0ser (button) (small blind) collected ($6)
Seat 2: Fiskin1 (big blind) folded before Flop


PokerStars Hand #148185655454:  Hold'em Limit ($3/$6 USD) - 2016/02/03 16:01:27 ET
Table 'Genevieve' 2-max Seat #2 is the button
Seat 1: lukkyl0ser ($395.18 in chips)
Seat 2: Fiskin1 ($227.24 in chips)
Fiskin1: posts small blind $1
lukkyl0ser: posts big blind $3
*** HOLE CARDS ***
Fiskin1: raises $3 to $6
lukkyl0ser: folds
Uncalled bet ($3) returned to Fiskin1
Fiskin1 collected $6 from pot
Fiskin1: doesn't show hand
*** SUMMARY ***
Total pot $6 | Rake $0
Seat 1: lukkyl0ser (big blind) folded before Flop
Seat 2: Fiskin1 (button) (small blind) collected ($6)


PokerStars Hand #148185604413:  Hold'em Limit ($3/$6 USD) - 2016/02/03 16:00:33 ET
Table 'Genevieve' 2-max Seat #1 is the button
Seat 1: lukkyl0ser ($380.16 in chips)
Seat 2: Fiskin1 ($243.74 in chips)
lukkyl0ser: posts small blind $1
Fiskin1: posts big blind $3
*** HOLE CARDS ***
lukkyl0ser: raises $3 to $6
Fiskin1: raises $3 to $9
lukkyl0ser: calls $3
*** FLOP *** [4h 2h 6s]
Fiskin1: bets $3
lukkyl0ser: calls $3
*** TURN *** [4h 2h 6s] [4s]
Fiskin1: checks
lukkyl0ser: bets $6
Fiskin1: folds
Uncalled bet ($6) returned to lukkyl0ser
lukkyl0ser collected $23.52 from pot
lukkyl0ser: doesn't show hand
*** SUMMARY ***
Total pot $24 | Rake $0.48
Board [4h 2h 6s 4s]
Seat 1: lukkyl0ser (button) (small blind) collected ($23.52)
Seat 2: Fiskin1 (big blind) folded on the Turn


PokerStars Hand #148185711050:  Hold'em Limit ($3/$6 USD) - 2016/02/03 16:02:20 ET
Table 'Genevieve' 2-max Seat #1 is the button
Seat 1: lukkyl0ser ($364.68 in chips)
Seat 2: Fiskin1 ($256.24 in chips)
lukkyl0ser: posts small blind $1
Fiskin1: posts big blind $3
*** HOLE CARDS ***
lukkyl0ser: raises $3 to $6
Fiskin1: calls $3
*** FLOP *** [9s Qh 8h]
Fiskin1: checks
lukkyl0ser: checks
*** TURN *** [9s Qh 8h] [Ts]
Fiskin1: bets $6
lukkyl0ser: calls $6
*** RIVER *** [9s Qh 8h Ts] [3d]
Fiskin1: bets $6
lukkyl0ser: calls $6
*** SHOW DOWN ***
Fiskin1: shows [Jc 4h] (a straight, Eight to Queen)
lukkyl0ser: mucks hand
Fiskin1 collected $35.50 from pot
*** SUMMARY ***
Total pot $36 | Rake $0.50
Board [9s Qh 8h Ts 3d]
Seat 1: lukkyl0ser (button) (small blind) mucked
Seat 2: Fiskin1 (big blind) showed [Jc 4h] and won ($35.50) with a straight, Eight to Queen


PokerStars Hand #148185696297:  Hold'em Limit ($3/$6 USD) - 2016/02/03 16:02:06 ET
Table 'Genevieve' 2-max Seat #2 is the button
Seat 1: lukkyl0ser ($382.68 in chips)
Seat 2: Fiskin1 ($238.74 in chips)
Fiskin1: posts small blind $1
lukkyl0ser: posts big blind $3
*** HOLE CARDS ***
Fiskin1: raises $3 to $6
lukkyl0ser: raises $3 to $9
Fiskin1: calls $3
*** FLOP *** [Qd 4h 4d]
lukkyl0ser: bets $3
Fiskin1: calls $3
*** TURN *** [Qd 4h 4d] [Kc]
lukkyl0ser: checks
Fiskin1: bets $6
lukkyl0ser: calls $6
*** RIVER *** [Qd 4h 4d Kc] [Td]
lukkyl0ser: checks
Fiskin1: bets $6
lukkyl0ser: folds
Uncalled bet ($6) returned to Fiskin1
Fiskin1 collected $35.50 from pot
Fiskin1: doesn't show hand
*** SUMMARY ***
Total pot $36 | Rake $0.50
Board [Qd 4h 4d Kc Td]
Seat 1: lukkyl0ser (big blind) folded on the River
Seat 2: Fiskin1 (button) (small blind) collected ($35.50)


PokerStars Hand #148185680328:  Hold'em Limit ($3/$6 USD) - 2016/02/03 16:01:51 ET
Table 'Genevieve' 2-max Seat #1 is the button
Seat 1: lukkyl0ser ($365.18 in chips)
Seat 2: Fiskin1 ($256.74 in chips)
lukkyl0ser: posts small blind $1
Fiskin1: posts big blind $3
*** HOLE CARDS ***
lukkyl0ser: calls $2
Fiskin1: raises $3 to $6
lukkyl0ser: calls $3
*** FLOP *** [Qd 8c 6s]
Fiskin1: bets $3
lukkyl0ser: raises $3 to $6
Fiskin1: calls $3
*** TURN *** [Qd 8c 6s] [2d]
Fiskin1: checks
lukkyl0ser: checks
*** RIVER *** [Qd 8c 6s 2d] [6d]
Fiskin1: checks
lukkyl0ser: bets $6
Fiskin1: calls $6
*** SHOW DOWN ***
lukkyl0ser: shows [6h Tc] (three of a kind, Sixes)
Fiskin1: mucks hand
lukkyl0ser collected $35.50 from pot
*** SUMMARY ***
Total pot $36 | Rake $0.50
Board [Qd 8c 6s 2d 6d]
Seat 1: lukkyl0ser (button) (small blind) showed [6h Tc] and won ($35.50) with three of a kind, Sixes
Seat 2: Fiskin1 (big blind) mucked


PokerStars Hand #148185674945:  Hold'em Limit ($3/$6 USD) - 2016/02/03 16:01:46 ET
Table 'Genevieve' 2-max Seat #2 is the button
Seat 1: lukkyl0ser ($368.18 in chips)
Seat 2: Fiskin1 ($253.74 in chips)
Fiskin1: posts small blind $1
lukkyl0ser: posts big blind $3
*** HOLE CARDS ***
Fiskin1: raises $3 to $6
lukkyl0ser: folds
Uncalled bet ($3) returned to Fiskin1
Fiskin1 collected $6 from pot
Fiskin1: doesn't show hand
*** SUMMARY ***
Total pot $6 | Rake $0
Seat 1: lukkyl0ser (big blind) folded before Flop
Seat 2: Fiskin1 (button) (small blind) collected ($6)


PokerStars Hand #148185661527:  Hold'em Limit ($3/$6 USD) - 2016/02/03 16:01:33 ET
Table 'Genevieve' 2-max Seat #1 is the button
Seat 1: lukkyl0ser ($392.18 in chips)
Seat 2: Fiskin1 ($230.24 in chips)
lukkyl0ser: posts small blind $1
Fiskin1: posts big blind $3
*** HOLE CARDS ***
lukkyl0ser: raises $3 to $6
Fiskin1: raises $3 to $9
lukkyl0ser: calls $3
*** FLOP *** [8h 9h 7c]
Fiskin1: bets $3
lukkyl0ser: calls $3
*** TURN *** [8h 9h 7c] [Js]
Fiskin1: bets $6
lukkyl0ser: calls $6
*** RIVER *** [8h 9h 7c Js] [Ah]
Fiskin1: bets $6
lukkyl0ser: calls $6
*** SHOW DOWN ***
Fiskin1: shows [Kh 7h] (a flush, Ace high)
lukkyl0ser: mucks hand
Fiskin1 collected $47.50 from pot
*** SUMMARY ***
Total pot $48 | Rake $0.50
Board [8h 9h 7c Js Ah]
Seat 1: lukkyl0ser (button) (small blind) mucked
Seat 2: Fiskin1 (big blind) showed [Kh 7h] and won ($47.50) with a flush, Ace high


PokerStars Hand #148185742156:  Hold'em Limit ($3/$6 USD) - 2016/02/03 16:02:48 ET
Table 'Genevieve' 2-max Seat #2 is the button
Seat 1: lukkyl0ser ($369.18 in chips)
Seat 2: Fiskin1 ($250.74 in chips)
Fiskin1: posts small blind $1
lukkyl0ser: posts big blind $3
*** HOLE CARDS ***
Fiskin1: raises $3 to $6
lukkyl0ser: calls $3
*** FLOP *** [2s 5s Tc]
lukkyl0ser: checks
Fiskin1: bets $3
lukkyl0ser: calls $3
*** TURN *** [2s 5s Tc] [8h]
lukkyl0ser: checks
Fiskin1: bets $6
lukkyl0ser: folds
Uncalled bet ($6) returned to Fiskin1
Fiskin1 collected $17.64 from pot
Fiskin1: doesn't show hand
*** SUMMARY ***
Total pot $18 | Rake $0.36
Board [2s 5s Tc 8h]
Seat 1: lukkyl0ser (big blind) folded on the Turn
Seat 2: Fiskin1 (button) (small blind) collected ($17.64)


PokerStars Hand #148185754808:  Hold'em Limit ($3/$6 USD) - 2016/02/03 16:03:00 ET
Table 'Genevieve' 2-max Seat #1 is the button
Seat 1: lukkyl0ser ($360.18 in chips)
Seat 2: Fiskin1 ($259.38 in chips)
lukkyl0ser: posts small blind $1
Fiskin1: posts big blind $3
*** HOLE CARDS ***
lukkyl0ser: raises $3 to $6
Fiskin1: calls $3
*** FLOP *** [Qs Kd 2d]
Fiskin1: checks
lukkyl0ser: checks
*** TURN *** [Qs Kd 2d] [5c]
Fiskin1: bets $6
lukkyl0ser: calls $6
*** RIVER *** [Qs Kd 2d 5c] [4c]
Fiskin1: bets $6
lukkyl0ser: calls $6
*** SHOW DOWN ***
Fiskin1: shows [5s 6c] (a pair of Fives)
lukkyl0ser: mucks hand
Fiskin1 collected $35.50 from pot
*** SUMMARY ***
Total pot $36 | Rake $0.50
Board [Qs Kd 2d 5c 4c]
Seat 1: lukkyl0ser (button) (small blind) mucked
Seat 2: Fiskin1 (big blind) showed [5s 6c] and won ($35.50) with a pair of Fives


PokerStars Hand #148185772459:  Hold'em Limit ($3/$6 USD) - 2016/02/03 16:03:17 ET
Table 'Genevieve' 2-max Seat #1 is the button
Seat 1: lukkyl0ser ($339.18 in chips)
Seat 2: Fiskin1 ($279.88 in chips)
lukkyl0ser: posts small blind $1
Fiskin1: posts big blind $3
*** HOLE CARDS ***
lukkyl0ser: folds
Uncalled bet ($2) returned to Fiskin1
Fiskin1 collected $2 from pot
Fiskin1: doesn't show hand
*** SUMMARY ***
Total pot $2 | Rake $0
Seat 1: lukkyl0ser (button) (small blind) folded before Flop
Seat 2: Fiskin1 (big blind) collected ($2)


PokerStars Hand #148185766514:  Hold'em Limit ($3/$6 USD) - 2016/02/03 16:03:12 ET
Table 'Genevieve' 2-max Seat #2 is the button
Seat 1: lukkyl0ser ($342.18 in chips)
Seat 2: Fiskin1 ($276.88 in chips)
Fiskin1: posts small blind $1
lukkyl0ser: posts big blind $3
*** HOLE CARDS ***
Fiskin1: raises $3 to $6
lukkyl0ser: folds
Uncalled bet ($3) returned to Fiskin1
Fiskin1 collected $6 from pot
Fiskin1: doesn't show hand
*** SUMMARY ***
Total pot $6 | Rake $0
Seat 1: lukkyl0ser (big blind) folded before Flop
Seat 2: Fiskin1 (button) (small blind) collected ($6)


PokerStars Hand #148185777004:  Hold'em Limit ($3/$6 USD) - 2016/02/03 16:03:21 ET
Table 'Genevieve' 2-max Seat #2 is the button
Seat 1: lukkyl0ser ($338.18 in chips)
Seat 2: Fiskin1 ($280.88 in chips)
Fiskin1: posts small blind $1
lukkyl0ser: posts big blind $3
*** HOLE CARDS ***
Fiskin1: raises $3 to $6
lukkyl0ser: calls $3
*** FLOP *** [Qs Ah 7d]
lukkyl0ser: checks
Fiskin1: checks
*** TURN *** [Qs Ah 7d] [Th]
lukkyl0ser: checks
Fiskin1: bets $6
lukkyl0ser: calls $6
*** RIVER *** [Qs Ah 7d Th] [5s]
lukkyl0ser: checks
Fiskin1: bets $6
lukkyl0ser: calls $6
*** SHOW DOWN ***
Fiskin1: shows [8c 6h] (high card Ace)
lukkyl0ser: shows [Kc Tc] (a pair of Tens)
lukkyl0ser collected $35.50 from pot
*** SUMMARY ***
Total pot $36 | Rake $0.50
Board [Qs Ah 7d Th 5s]
Seat 1: lukkyl0ser (big blind) showed [Kc Tc] and won ($35.50) with a pair of Tens
Seat 2: Fiskin1 (button) (small blind) showed [8c 6h] and lost with high card Ace


PokerStars Hand #148185736687:  Hold'em Limit ($3/$6 USD) - 2016/02/03 16:02:44 ET
Table 'Genevieve' 2-max Seat #1 is the button
Seat 1: lukkyl0ser ($370.18 in chips)
Seat 2: Fiskin1 ($249.74 in chips)
lukkyl0ser: posts small blind $1
Fiskin1: posts big blind $3
*** HOLE CARDS ***
lukkyl0ser: folds
Uncalled bet ($2) returned to Fiskin1
Fiskin1 collected $2 from pot
Fiskin1: doesn't show hand
*** SUMMARY ***
Total pot $2 | Rake $0
Seat 1: lukkyl0ser (button) (small blind) folded before Flop
Seat 2: Fiskin1 (big blind) collected ($2)


PokerStars Hand #148185722656:  Hold'em Limit ($3/$6 USD) - 2016/02/03 16:02:31 ET
Table 'Genevieve' 2-max Seat #2 is the button
Seat 1: lukkyl0ser ($346.68 in chips)
Seat 2: Fiskin1 ($273.74 in chips)
Fiskin1: posts small blind $1
lukkyl0ser: posts big blind $3
*** HOLE CARDS ***
Fiskin1: raises $3 to $6
lukkyl0ser: calls $3
*** FLOP *** [Kd 3h 4s]
lukkyl0ser: checks
Fiskin1: checks
*** TURN *** [Kd 3h 4s] [Kc]
lukkyl0ser: bets $6
Fiskin1: raises $6 to $12
lukkyl0ser: calls $6
*** RIVER *** [Kd 3h 4s Kc] [8h]
lukkyl0ser: checks
Fiskin1: bets $6
lukkyl0ser: calls $6
*** SHOW DOWN ***
Fiskin1: shows [2h Jh] (a pair of Kings)
lukkyl0ser: shows [Ac 3d] (two pair, Kings and Threes)
lukkyl0ser collected $47.50 from pot
*** SUMMARY ***
Total pot $48 | Rake $0.50
Board [Kd 3h 4s Kc 8h]
Seat 1: lukkyl0ser (big blind) showed [Ac 3d] and won ($47.50) with two pair, Kings and Threes
Seat 2: Fiskin1 (button) (small blind) showed [2h Jh] and lost with a pair of Kings


PokerStars Hand #148185848564:  Hold'em Limit ($3/$6 USD) - 2016/02/03 16:04:27 ET
Table 'Genevieve' 2-max Seat #1 is the button
Seat 1: lukkyl0ser ($336.93 in chips)
Seat 2: Fiskin1 ($279.77 in chips)
lukkyl0ser: posts small blind $1
Fiskin1: posts big blind $3
*** HOLE CARDS ***
lukkyl0ser: folds
Uncalled bet ($2) returned to Fiskin1
Fiskin1 collected $2 from pot
Fiskin1: doesn't show hand
*** SUMMARY ***
Total pot $2 | Rake $0
Seat 1: lukkyl0ser (button) (small blind) folded before Flop
Seat 2: Fiskin1 (big blind) collected ($2)


PokerStars Hand #148185832808:  Hold'em Limit ($3/$6 USD) - 2016/02/03 16:04:13 ET
Table 'Genevieve' 2-max Seat #2 is the button
Seat 1: lukkyl0ser ($366.93 in chips)
Seat 2: Fiskin1 ($250.27 in chips)
Fiskin1: posts small blind $1
lukkyl0ser: posts big blind $3
*** HOLE CARDS ***
Fiskin1: raises $3 to $6
lukkyl0ser: raises $3 to $9
Fiskin1: raises $3 to $12
Betting is capped
lukkyl0ser: calls $3
*** FLOP *** [5s 4c 5d]
lukkyl0ser: checks
Fiskin1: bets $3
lukkyl0ser: raises $3 to $6
Fiskin1: calls $3
*** TURN *** [5s 4c 5d] [3s]
lukkyl0ser: bets $6
Fiskin1: calls $6
*** RIVER *** [5s 4c 5d 3s] [6c]
lukkyl0ser: bets $6
Fiskin1: calls $6
*** SHOW DOWN ***
lukkyl0ser: shows [4s Ts] (two pair, Fives and Fours)
Fiskin1: shows [8s 8h] (two pair, Eights and Fives)
Fiskin1 collected $59.50 from pot
*** SUMMARY ***
Total pot $60 | Rake $0.50
Board [5s 4c 5d 3s 6c]
Seat 1: lukkyl0ser (big blind) showed [4s Ts] and lost with two pair, Fives and Fours
Seat 2: Fiskin1 (button) (small blind) showed [8s 8h] and won ($59.50) with two pair, Eights and Fives


PokerStars Hand #148185816590:  Hold'em Limit ($3/$6 USD) - 2016/02/03 16:03:58 ET
Table 'Genevieve' 2-max Seat #1 is the button
Seat 1: lukkyl0ser ($346.43 in chips)
Seat 2: Fiskin1 ($271.27 in chips)
lukkyl0ser: posts small blind $1
Fiskin1: posts big blind $3
*** HOLE CARDS ***
lukkyl0ser: raises $3 to $6
Fiskin1: raises $3 to $9
lukkyl0ser: calls $3
*** FLOP *** [8c 4s Ac]
Fiskin1: bets $3
lukkyl0ser: raises $3 to $6
Fiskin1: calls $3
*** TURN *** [8c 4s Ac] [5c]
Fiskin1: checks
lukkyl0ser: bets $6
Fiskin1: calls $6
*** RIVER *** [8c 4s Ac 5c] [2d]
Fiskin1: checks
lukkyl0ser: bets $6
Fiskin1: folds
Uncalled bet ($6) returned to lukkyl0ser
lukkyl0ser collected $41.50 from pot
lukkyl0ser: doesn't show hand
*** SUMMARY ***
Total pot $42 | Rake $0.50
Board [8c 4s Ac 5c 2d]
Seat 1: lukkyl0ser (button) (small blind) collected ($41.50)
Seat 2: Fiskin1 (big blind) folded on the River


PokerStars Hand #148185804041:  Hold'em Limit ($3/$6 USD) - 2016/02/03 16:03:46 ET
Table 'Genevieve' 2-max Seat #2 is the button
Seat 1: lukkyl0ser ($355.43 in chips)
Seat 2: Fiskin1 ($262.63 in chips)
Fiskin1: posts small blind $1
lukkyl0ser: posts big blind $3
*** HOLE CARDS ***
Fiskin1: raises $3 to $6
lukkyl0ser: calls $3
*** FLOP *** [5d 2c 9s]
lukkyl0ser: bets $3
Fiskin1: calls $3
*** TURN *** [5d 2c 9s] [9d]
lukkyl0ser: checks
Fiskin1: bets $6
lukkyl0ser: folds
Uncalled bet ($6) returned to Fiskin1
Fiskin1 collected $17.64 from pot
Fiskin1: doesn't show hand
*** SUMMARY ***
Total pot $18 | Rake $0.36
Board [5d 2c 9s 9d]
Seat 1: lukkyl0ser (big blind) folded on the Turn
Seat 2: Fiskin1 (button) (small blind) collected ($17.64)


PokerStars Hand #148185789566:  Hold'em Limit ($3/$6 USD) - 2016/02/03 16:03:33 ET
Table 'Genevieve' 2-max Seat #1 is the button
Seat 1: lukkyl0ser ($355.68 in chips)
Seat 2: Fiskin1 ($262.88 in chips)
lukkyl0ser: posts small blind $1
Fiskin1: posts big blind $3
*** HOLE CARDS ***
lukkyl0ser: raises $3 to $6
Fiskin1: raises $3 to $9
lukkyl0ser: raises $3 to $12
Betting is capped
Fiskin1: calls $3
*** FLOP *** [2s Th 2h]
Fiskin1: checks
lukkyl0ser: checks
*** TURN *** [2s Th 2h] [3s]
Fiskin1: bets $6
lukkyl0ser: calls $6
*** RIVER *** [2s Th 2h 3s] [Js]
Fiskin1: checks
lukkyl0ser: checks
*** SHOW DOWN ***
Fiskin1: shows [Qs 9c] (a pair of Deuces)
lukkyl0ser: shows [Qd 9h] (a pair of Deuces)
Fiskin1 collected $17.75 from pot
lukkyl0ser collected $17.75 from pot
*** SUMMARY ***
Total pot $36 | Rake $0.50
Board [2s Th 2h 3s Js]
Seat 1: lukkyl0ser (button) (small blind) showed [Qd 9h] and won ($17.75) with a pair of Deuces
Seat 2: Fiskin1 (big blind) showed [Qs 9c] and won ($17.75) with a pair of Deuces


PokerStars Hand #148185853186:  Hold'em Limit ($3/$6 USD) - 2016/02/03 16:04:31 ET
Table 'Genevieve' 2-max Seat #2 is the button
Seat 1: lukkyl0ser ($335.93 in chips)
Seat 2: Fiskin1 ($280.77 in chips)
Fiskin1: posts small blind $1
lukkyl0ser: posts big blind $3
*** HOLE CARDS ***
Fiskin1: raises $3 to $6
lukkyl0ser: raises $3 to $9
Fiskin1: calls $3
*** FLOP *** [8s 8d 6h]
lukkyl0ser: bets $3
Fiskin1: calls $3
*** TURN *** [8s 8d 6h] [4c]
lukkyl0ser: bets $6
Fiskin1: raises $6 to $12
lukkyl0ser: raises $6 to $18
Fiskin1: calls $6
*** RIVER *** [8s 8d 6h 4c] [7d]
lukkyl0ser: bets $6
Fiskin1: calls $6
*** SHOW DOWN ***
lukkyl0ser: shows [8c Qc] (three of a kind, Eights)
Fiskin1: mucks hand
lukkyl0ser collected $71.50 from pot
*** SUMMARY ***
Total pot $72 | Rake $0.50
Board [8s 8d 6h 4c 7d]
Seat 1: lukkyl0ser (big blind) showed [8c Qc] and won ($71.50) with three of a kind, Eights
Seat 2: Fiskin1 (button) (small blind) mucked


PokerStars Hand #148185920982:  Hold'em Limit ($3/$6 USD) - 2016/02/03 16:05:34 ET
Table 'Genevieve' 2-max Seat #1 is the button
Seat 1: lukkyl0ser ($410.43 in chips)
Seat 2: Fiskin1 ($204.29 in chips)
lukkyl0ser: posts small blind $1
Fiskin1: posts big blind $3
*** HOLE CARDS ***
lukkyl0ser: folds
Uncalled bet ($2) returned to Fiskin1
Fiskin1 collected $2 from pot
Fiskin1: doesn't show hand
*** SUMMARY ***
Total pot $2 | Rake $0
Seat 1: lukkyl0ser (button) (small blind) folded before Flop
Seat 2: Fiskin1 (big blind) collected ($2)


PokerStars Hand #148185916165:  Hold'em Limit ($3/$6 USD) - 2016/02/03 16:05:29 ET
Table 'Genevieve' 2-max Seat #2 is the button
Seat 1: lukkyl0ser ($409.43 in chips)
Seat 2: Fiskin1 ($205.29 in chips)
Fiskin1: posts small blind $1
lukkyl0ser: posts big blind $3
*** HOLE CARDS ***
Fiskin1: folds
Uncalled bet ($2) returned to lukkyl0ser
lukkyl0ser collected $2 from pot
lukkyl0ser: doesn't show hand
*** SUMMARY ***
Total pot $2 | Rake $0
Seat 1: lukkyl0ser (big blind) collected ($2)
Seat 2: Fiskin1 (button) (small blind) folded before Flop


PokerStars Hand #148185903610:  Hold'em Limit ($3/$6 USD) - 2016/02/03 16:05:18 ET
Table 'Genevieve' 2-max Seat #1 is the button
Seat 1: lukkyl0ser ($391.93 in chips)
Seat 2: Fiskin1 ($223.29 in chips)
lukkyl0ser: posts small blind $1
Fiskin1: posts big blind $3
*** HOLE CARDS ***
lukkyl0ser: raises $3 to $6
Fiskin1: raises $3 to $9
lukkyl0ser: raises $3 to $12
Betting is capped
Fiskin1: calls $3
*** FLOP *** [5h Qs 5d]
Fiskin1: checks
lukkyl0ser: checks
*** TURN *** [5h Qs 5d] [8s]
Fiskin1: checks
lukkyl0ser: checks
*** RIVER *** [5h Qs 5d 8s] [3h]
Fiskin1: bets $6
lukkyl0ser: calls $6
*** SHOW DOWN ***
Fiskin1: shows [Ah 7d] (a pair of Fives)
lukkyl0ser: shows [Tc Ad] (a pair of Fives - Ace+Queen+Ten kicker)
lukkyl0ser collected $35.50 from pot
*** SUMMARY ***
Total pot $36 | Rake $0.50
Board [5h Qs 5d 8s 3h]
Seat 1: lukkyl0ser (button) (small blind) showed [Tc Ad] and won ($35.50) with a pair of Fives
Seat 2: Fiskin1 (big blind) showed [Ah 7d] and lost with a pair of Fives


PokerStars Hand #148185886352:  Hold'em Limit ($3/$6 USD) - 2016/02/03 16:05:02 ET
Table 'Genevieve' 2-max Seat #2 is the button
Seat 1: lukkyl0ser ($359.43 in chips)
Seat 2: Fiskin1 ($256.29 in chips)
Fiskin1: posts small blind $1
lukkyl0ser: posts big blind $3
*** HOLE CARDS ***
Fiskin1: raises $3 to $6
lukkyl0ser: calls $3
*** FLOP *** [4d 6s 5s]
lukkyl0ser: checks
Fiskin1: bets $3
lukkyl0ser: calls $3
*** TURN *** [4d 6s 5s] [Kd]
lukkyl0ser: checks
Fiskin1: bets $6
lukkyl0ser: raises $6 to $12
Fiskin1: calls $6
*** RIVER *** [4d 6s 5s Kd] [Ah]
lukkyl0ser: bets $6
Fiskin1: raises $6 to $12
lukkyl0ser: calls $6
*** SHOW DOWN ***
Fiskin1: shows [3h Tc] (high card Ace)
lukkyl0ser: shows [8d Kh] (a pair of Kings)
lukkyl0ser collected $65.50 from pot
*** SUMMARY ***
Total pot $66 | Rake $0.50
Board [4d 6s 5s Kd Ah]
Seat 1: lukkyl0ser (big blind) showed [8d Kh] and won ($65.50) with a pair of Kings
Seat 2: Fiskin1 (button) (small blind) showed [3h Tc] and lost with high card Ace


PokerStars Hand #148185872663:  Hold'em Limit ($3/$6 USD) - 2016/02/03 16:04:49 ET
Table 'Genevieve' 2-max Seat #1 is the button
Seat 1: lukkyl0ser ($371.43 in chips)
Seat 2: Fiskin1 ($244.77 in chips)
lukkyl0ser: posts small blind $1
Fiskin1: posts big blind $3
*** HOLE CARDS ***
lukkyl0ser: raises $3 to $6
Fiskin1: raises $3 to $9
lukkyl0ser: calls $3
*** FLOP *** [2c 5s 5d]
Fiskin1: bets $3
lukkyl0ser: calls $3
*** TURN *** [2c 5s 5d] [Qd]
Fiskin1: checks
lukkyl0ser: checks
*** RIVER *** [2c 5s 5d Qd] [9s]
Fiskin1: checks
lukkyl0ser: checks
*** SHOW DOWN ***
Fiskin1: shows [4h Kh] (a pair of Fives)
lukkyl0ser: mucks hand
Fiskin1 collected $23.52 from pot
*** SUMMARY ***
Total pot $24 | Rake $0.48
Board [2c 5s 5d Qd 9s]
Seat 1: lukkyl0ser (button) (small blind) mucked
Seat 2: Fiskin1 (big blind) showed [4h Kh] and won ($23.52) with a pair of Fives


PokerStars Hand #148185979214:  Hold'em Limit ($3/$6 USD) - 2016/02/03 16:06:27 ET
Table 'Genevieve' 2-max Seat #2 is the button
Seat 1: lukkyl0ser ($377.19 in chips)
Seat 2: Fiskin1 ($235.95 in chips)
Fiskin1: posts small blind $1
lukkyl0ser: posts big blind $3
*** HOLE CARDS ***
Fiskin1: raises $3 to $6
lukkyl0ser: calls $3
*** FLOP *** [7c 6d Qh]
lukkyl0ser: checks
Fiskin1: checks
*** TURN *** [7c 6d Qh] [Ah]
lukkyl0ser: checks
Fiskin1: bets $6
lukkyl0ser: calls $6
*** RIVER *** [7c 6d Qh Ah] [9c]
lukkyl0ser: checks
Fiskin1: bets $6
lukkyl0ser: raises $6 to $12
Fiskin1: calls $6
*** SHOW DOWN ***
lukkyl0ser: shows [6c 3d] (a pair of Sixes)
Fiskin1: shows [4h 9h] (a pair of Nines)
Fiskin1 collected $47.50 from pot
*** SUMMARY ***
Total pot $48 | Rake $0.50
Board [7c 6d Qh Ah 9c]
Seat 1: lukkyl0ser (big blind) showed [6c 3d] and lost with a pair of Sixes
Seat 2: Fiskin1 (button) (small blind) showed [4h 9h] and won ($47.50) with a pair of Nines


PokerStars Hand #148185970255:  Hold'em Limit ($3/$6 USD) - 2016/02/03 16:06:19 ET
Table 'Genevieve' 2-max Seat #1 is the button
Seat 1: lukkyl0ser ($371.43 in chips)
Seat 2: Fiskin1 ($241.95 in chips)
lukkyl0ser: posts small blind $1
Fiskin1: posts big blind $3
*** HOLE CARDS ***
lukkyl0ser: raises $3 to $6
Fiskin1: calls $3
*** FLOP *** [2h Th Kc]
Fiskin1: checks
lukkyl0ser: bets $3
Fiskin1: folds
Uncalled bet ($3) returned to lukkyl0ser
lukkyl0ser collected $11.76 from pot
lukkyl0ser: doesn't show hand
*** SUMMARY ***
Total pot $12 | Rake $0.24
Board [2h Th Kc]
Seat 1: lukkyl0ser (button) (small blind) collected ($11.76)
Seat 2: Fiskin1 (big blind) folded on the Flop


PokerStars Hand #148185957164:  Hold'em Limit ($3/$6 USD) - 2016/02/03 16:06:07 ET
Table 'Genevieve' 2-max Seat #2 is the button
Seat 1: lukkyl0ser ($392.43 in chips)
Seat 2: Fiskin1 ($221.45 in chips)
Fiskin1: posts small blind $1
lukkyl0ser: posts big blind $3
*** HOLE CARDS ***
Fiskin1: raises $3 to $6
lukkyl0ser: calls $3
*** FLOP *** [2h 5h Td]
lukkyl0ser: checks
Fiskin1: bets $3
lukkyl0ser: calls $3
*** TURN *** [2h 5h Td] [Qc]
lukkyl0ser: bets $6
Fiskin1: calls $6
*** RIVER *** [2h 5h Td Qc] [Th]
lukkyl0ser: bets $6
Fiskin1: calls $6
*** SHOW DOWN ***
lukkyl0ser: shows [6c 7c] (a pair of Tens)
Fiskin1: shows [4s 2d] (two pair, Tens and Deuces)
Fiskin1 collected $41.50 from pot
*** SUMMARY ***
Total pot $42 | Rake $0.50
Board [2h 5h Td Qc Th]
Seat 1: lukkyl0ser (big blind) showed [6c 7c] and lost with a pair of Tens
Seat 2: Fiskin1 (button) (small blind) showed [4s 2d] and won ($41.50) with two pair, Tens and Deuces


PokerStars Hand #148185947241:  Hold'em Limit ($3/$6 USD) - 2016/02/03 16:05:58 ET
Table 'Genevieve' 2-max Seat #1 is the button
Seat 1: lukkyl0ser ($404.43 in chips)
Seat 2: Fiskin1 ($209.93 in chips)
lukkyl0ser: posts small blind $1
Fiskin1: posts big blind $3
*** HOLE CARDS ***
lukkyl0ser: raises $3 to $6
Fiskin1: raises $3 to $9
lukkyl0ser: calls $3
*** FLOP *** [2s 4c 7c]
Fiskin1: bets $3
lukkyl0ser: calls $3
*** TURN *** [2s 4c 7c] [Jh]
Fiskin1: bets $6
lukkyl0ser: folds
Uncalled bet ($6) returned to Fiskin1
Fiskin1 collected $23.52 from pot
Fiskin1: doesn't show hand
*** SUMMARY ***
Total pot $24 | Rake $0.48
Board [2s 4c 7c Jh]
Seat 1: lukkyl0ser (button) (small blind) folded on the Turn
Seat 2: Fiskin1 (big blind) collected ($23.52)


PokerStars Hand #148185942134:  Hold'em Limit ($3/$6 USD) - 2016/02/03 16:05:53 ET
Table 'Genevieve' 2-max Seat #2 is the button
Seat 1: lukkyl0ser ($403.43 in chips)
Seat 2: Fiskin1 ($210.93 in chips)
Fiskin1: posts small blind $1
lukkyl0ser: posts big blind $3
*** HOLE CARDS ***
Fiskin1: folds
Uncalled bet ($2) returned to lukkyl0ser
lukkyl0ser collected $2 from pot
lukkyl0ser: doesn't show hand
*** SUMMARY ***
Total pot $2 | Rake $0
Seat 1: lukkyl0ser (big blind) collected ($2)
Seat 2: Fiskin1 (button) (small blind) folded before Flop


PokerStars Hand #148185937339:  Hold'em Limit ($3/$6 USD) - 2016/02/03 16:05:49 ET
Table 'Genevieve' 2-max Seat #1 is the button
Seat 1: lukkyl0ser ($400.43 in chips)
Seat 2: Fiskin1 ($213.93 in chips)
lukkyl0ser: posts small blind $1
Fiskin1: posts big blind $3
*** HOLE CARDS ***
lukkyl0ser: raises $3 to $6
Fiskin1: folds
Uncalled bet ($3) returned to lukkyl0ser
lukkyl0ser collected $6 from pot
lukkyl0ser: doesn't show hand
*** SUMMARY ***
Total pot $6 | Rake $0
Seat 1: lukkyl0ser (button) (small blind) collected ($6)
Seat 2: Fiskin1 (big blind) folded before Flop


PokerStars Hand #148185925510:  Hold'em Limit ($3/$6 USD) - 2016/02/03 16:05:38 ET
Table 'Genevieve' 2-max Seat #2 is the button
Seat 1: lukkyl0ser ($409.43 in chips)
Seat 2: Fiskin1 ($205.29 in chips)
Fiskin1: posts small blind $1
lukkyl0ser: posts big blind $3
*** HOLE CARDS ***
Fiskin1: raises $3 to $6
lukkyl0ser: calls $3
*** FLOP *** [Jh Jd Kh]
lukkyl0ser: checks
Fiskin1: bets $3
lukkyl0ser: calls $3
*** TURN *** [Jh Jd Kh] [9c]
lukkyl0ser: checks
Fiskin1: bets $6
lukkyl0ser: folds
Uncalled bet ($6) returned to Fiskin1
Fiskin1 collected $17.64 from pot
Fiskin1: doesn't show hand
*** SUMMARY ***
Total pot $18 | Rake $0.36
Board [Jh Jd Kh 9c]
Seat 1: lukkyl0ser (big blind) folded on the Turn
Seat 2: Fiskin1 (button) (small blind) collected ($17.64)


PokerStars Hand #148186042660:  Hold'em Limit ($3/$6 USD) - 2016/02/03 16:07:26 ET
Table 'Genevieve' 2-max Seat #2 is the button
Seat 1: lukkyl0ser ($325.69 in chips)
Seat 2: Fiskin1 ($285.45 in chips)
Fiskin1: posts small blind $1
lukkyl0ser: posts big blind $3
*** HOLE CARDS ***
Fiskin1: raises $3 to $6
lukkyl0ser: calls $3
*** FLOP *** [6d Ac Td]
lukkyl0ser: bets $3
Fiskin1: raises $3 to $6
lukkyl0ser: calls $3
*** TURN *** [6d Ac Td] [9s]
lukkyl0ser: checks
Fiskin1: checks
*** RIVER *** [6d Ac Td 9s] [3h]
lukkyl0ser: checks
Fiskin1: checks
*** SHOW DOWN ***
lukkyl0ser: shows [2h Kd] (high card Ace)
Fiskin1: shows [Js Ks] (high card Ace - King+Jack kicker)
Fiskin1 collected $23.52 from pot
*** SUMMARY ***
Total pot $24 | Rake $0.48
Board [6d Ac Td 9s 3h]
Seat 1: lukkyl0ser (big blind) showed [2h Kd] and lost with high card Ace
Seat 2: Fiskin1 (button) (small blind) showed [Js Ks] and won ($23.52) with high card Ace


PokerStars Hand #148186026121:  Hold'em Limit ($3/$6 USD) - 2016/02/03 16:07:11 ET
Table 'Genevieve' 2-max Seat #1 is the button
Seat 1: lukkyl0ser ($305.19 in chips)
Seat 2: Fiskin1 ($306.45 in chips)
lukkyl0ser: posts small blind $1
Fiskin1: posts big blind $3
*** HOLE CARDS ***
lukkyl0ser: raises $3 to $6
Fiskin1: calls $3
*** FLOP *** [9c Js 6c]
Fiskin1: checks
lukkyl0ser: bets $3
Fiskin1: calls $3
*** TURN *** [9c Js 6c] [4c]
Fiskin1: checks
lukkyl0ser: bets $6
Fiskin1: calls $6
*** RIVER *** [9c Js 6c 4c] [5h]
Fiskin1: checks
lukkyl0ser: bets $6
Fiskin1: calls $6
*** SHOW DOWN ***
lukkyl0ser: shows [Jc 4d] (two pair, Jacks and Fours)
Fiskin1: mucks hand
lukkyl0ser collected $41.50 from pot
*** SUMMARY ***
Total pot $42 | Rake $0.50
Board [9c Js 6c 4c 5h]
Seat 1: lukkyl0ser (button) (small blind) showed [Jc 4d] and won ($41.50) with two pair, Jacks and Fours
Seat 2: Fiskin1 (big blind) mucked


PokerStars Hand #148186011014:  Hold'em Limit ($3/$6 USD) - 2016/02/03 16:06:57 ET
Table 'Genevieve' 2-max Seat #2 is the button
Seat 1: lukkyl0ser ($326.19 in chips)
Seat 2: Fiskin1 ($285.95 in chips)
Fiskin1: posts small blind $1
lukkyl0ser: posts big blind $3
*** HOLE CARDS ***
Fiskin1: raises $3 to $6
lukkyl0ser: calls $3
*** FLOP *** [2s 8c Tc]
lukkyl0ser: bets $3
Fiskin1: calls $3
*** TURN *** [2s 8c Tc] [Th]
lukkyl0ser: checks
Fiskin1: bets $6
lukkyl0ser: calls $6
*** RIVER *** [2s 8c Tc Th] [6d]
lukkyl0ser: checks
Fiskin1: bets $6
lukkyl0ser: calls $6
*** SHOW DOWN ***
Fiskin1: shows [8h Td] (a full house, Tens full of Eights)
lukkyl0ser: mucks hand
Fiskin1 collected $41.50 from pot
*** SUMMARY ***
Total pot $42 | Rake $0.50
Board [2s 8c Tc Th 6d]
Seat 1: lukkyl0ser (big blind) mucked
Seat 2: Fiskin1 (button) (small blind) showed [8h Td] and won ($41.50) with a full house, Tens full of Eights


PokerStars Hand #148185994175:  Hold'em Limit ($3/$6 USD) - 2016/02/03 16:06:41 ET
Table 'Genevieve' 2-max Seat #1 is the button
Seat 1: lukkyl0ser ($353.19 in chips)
Seat 2: Fiskin1 ($259.45 in chips)
lukkyl0ser: posts small blind $1
Fiskin1: posts big blind $3
*** HOLE CARDS ***
lukkyl0ser: raises $3 to $6
Fiskin1: calls $3
*** FLOP *** [Ad 7d 8s]
Fiskin1: checks
lukkyl0ser: bets $3
Fiskin1: calls $3
*** TURN *** [Ad 7d 8s] [5s]
Fiskin1: checks
lukkyl0ser: bets $6
Fiskin1: calls $6
*** RIVER *** [Ad 7d 8s 5s] [Kd]
Fiskin1: checks
lukkyl0ser: bets $6
Fiskin1: raises $6 to $12
lukkyl0ser: calls $6
*** SHOW DOWN ***
Fiskin1: shows [5c Ks] (two pair, Kings and Fives)
lukkyl0ser: mucks hand
Fiskin1 collected $53.50 from pot
*** SUMMARY ***
Total pot $54 | Rake $0.50
Board [Ad 7d 8s 5s Kd]
Seat 1: lukkyl0ser (button) (small blind) mucked
Seat 2: Fiskin1 (big blind) showed [5c Ks] and won ($53.50) with two pair, Kings and Fives


PokerStars Hand #148186104445:  Hold'em Limit ($3/$6 USD) - 2016/02/03 16:08:23 ET
Table 'Genevieve' 2-max Seat #1 is the button
Seat 1: lukkyl0ser ($253.69 in chips)
Seat 2: Fiskin1 ($355.25 in chips)
lukkyl0ser: posts small blind $1
Fiskin1: posts big blind $3
*** HOLE CARDS ***
lukkyl0ser: raises $3 to $6
Fiskin1: calls $3
*** FLOP *** [Qs 3d 9c]
Fiskin1: checks
lukkyl0ser: checks
*** TURN *** [Qs 3d 9c] [5s]
Fiskin1: bets $6
lukkyl0ser: calls $6
*** RIVER *** [Qs 3d 9c 5s] [Qc]
Fiskin1: checks
lukkyl0ser: bets $6
Fiskin1: folds
Uncalled bet ($6) returned to lukkyl0ser
lukkyl0ser collected $23.52 from pot
lukkyl0ser: doesn't show hand
*** SUMMARY ***
Total pot $24 | Rake $0.48
Board [Qs 3d 9c 5s Qc]
Seat 1: lukkyl0ser (button) (small blind) collected ($23.52)
Seat 2: Fiskin1 (big blind) folded on the River


PokerStars Hand #148186090027:  Hold'em Limit ($3/$6 USD) - 2016/02/03 16:08:10 ET
Table 'Genevieve' 2-max Seat #2 is the button
Seat 1: lukkyl0ser ($277.69 in chips)
Seat 2: Fiskin1 ($331.75 in chips)
Fiskin1: posts small blind $1
lukkyl0ser: posts big blind $3
*** HOLE CARDS ***
Fiskin1: raises $3 to $6
lukkyl0ser: calls $3
*** FLOP *** [6h 6s 7c]
lukkyl0ser: checks
Fiskin1: bets $3
lukkyl0ser: raises $3 to $6
Fiskin1: calls $3
*** TURN *** [6h 6s 7c] [2h]
lukkyl0ser: bets $6
Fiskin1: calls $6
*** RIVER *** [6h 6s 7c 2h] [8h]
lukkyl0ser: bets $6
Fiskin1: calls $6
*** SHOW DOWN ***
lukkyl0ser: shows [7s Ac] (two pair, Sevens and Sixes)
Fiskin1: shows [8s 9h] (two pair, Eights and Sixes)
Fiskin1 collected $47.50 from pot
*** SUMMARY ***
Total pot $48 | Rake $0.50
Board [6h 6s 7c 2h 8h]
Seat 1: lukkyl0ser (big blind) showed [7s Ac] and lost with two pair, Sevens and Sixes
Seat 2: Fiskin1 (button) (small blind) showed [8s 9h] and won ($47.50) with two pair, Eights and Sixes


PokerStars Hand #148186078429:  Hold'em Limit ($3/$6 USD) - 2016/02/03 16:07:59 ET
Table 'Genevieve' 2-max Seat #1 is the button
Seat 1: lukkyl0ser ($289.69 in chips)
Seat 2: Fiskin1 ($320.23 in chips)
lukkyl0ser: posts small blind $1
Fiskin1: posts big blind $3
*** HOLE CARDS ***
lukkyl0ser: raises $3 to $6
Fiskin1: calls $3
*** FLOP *** [5d Jh Qc]
Fiskin1: checks
lukkyl0ser: checks
*** TURN *** [5d Jh Qc] [3d]
Fiskin1: checks
lukkyl0ser: bets $6
Fiskin1: calls $6
*** RIVER *** [5d Jh Qc 3d] [7d]
Fiskin1: checks
lukkyl0ser: checks
*** SHOW DOWN ***
Fiskin1: shows [Ad Th] (high card Ace)
lukkyl0ser: mucks hand
Fiskin1 collected $23.52 from pot
*** SUMMARY ***
Total pot $24 | Rake $0.48
Board [5d Jh Qc 3d 7d]
Seat 1: lukkyl0ser (button) (small blind) mucked
Seat 2: Fiskin1 (big blind) showed [Ad Th] and won ($23.52) with high card Ace


PokerStars Hand #148186070244:  Hold'em Limit ($3/$6 USD) - 2016/02/03 16:07:51 ET
Table 'Genevieve' 2-max Seat #2 is the button
Seat 1: lukkyl0ser ($295.69 in chips)
Seat 2: Fiskin1 ($314.47 in chips)
Fiskin1: posts small blind $1
lukkyl0ser: posts big blind $3
*** HOLE CARDS ***
Fiskin1: raises $3 to $6
lukkyl0ser: calls $3
*** FLOP *** [Qd 9h 9d]
lukkyl0ser: checks
Fiskin1: bets $3
lukkyl0ser: folds
Uncalled bet ($3) returned to Fiskin1
Fiskin1 collected $11.76 from pot
Fiskin1: doesn't show hand
*** SUMMARY ***
Total pot $12 | Rake $0.24
Board [Qd 9h 9d]
Seat 1: lukkyl0ser (big blind) folded on the Flop
Seat 2: Fiskin1 (button) (small blind) collected ($11.76)


PokerStars Hand #148186056991:  Hold'em Limit ($3/$6 USD) - 2016/02/03 16:07:39 ET
Table 'Genevieve' 2-max Seat #1 is the button
Seat 1: lukkyl0ser ($313.69 in chips)
Seat 2: Fiskin1 ($296.97 in chips)
lukkyl0ser: posts small blind $1
Fiskin1: posts big blind $3
*** HOLE CARDS ***
lukkyl0ser: raises $3 to $6
Fiskin1: calls $3
*** FLOP *** [4s 3c Th]
Fiskin1: checks
lukkyl0ser: checks
*** TURN *** [4s 3c Th] [5h]
Fiskin1: checks
lukkyl0ser: bets $6
Fiskin1: calls $6
*** RIVER *** [4s 3c Th 5h] [2d]
Fiskin1: bets $6
lukkyl0ser: calls $6
*** SHOW DOWN ***
Fiskin1: shows [7c Ac] (a straight, Ace to Five)
lukkyl0ser: mucks hand
Fiskin1 collected $35.50 from pot
*** SUMMARY ***
Total pot $36 | Rake $0.50
Board [4s 3c Th 5h 2d]
Seat 1: lukkyl0ser (button) (small blind) mucked
Seat 2: Fiskin1 (big blind) showed [7c Ac] and won ($35.50) with a straight, Ace to Five


PokerStars Hand #148186183300:  Hold'em Limit ($3/$6 USD) - 2016/02/03 16:09:37 ET
Table 'Genevieve' 2-max Seat #1 is the button
Seat 1: lukkyl0ser ($300.71 in chips)
Seat 2: Fiskin1 ($305.75 in chips)
lukkyl0ser: posts small blind $1
Fiskin1: posts big blind $3
*** HOLE CARDS ***
lukkyl0ser: folds
Uncalled bet ($2) returned to Fiskin1
Fiskin1 collected $2 from pot
Fiskin1: doesn't show hand
*** SUMMARY ***
Total pot $2 | Rake $0
Seat 1: lukkyl0ser (button) (small blind) folded before Flop
Seat 2: Fiskin1 (big blind) collected ($2)


PokerStars Hand #148186177326:  Hold'em Limit ($3/$6 USD) - 2016/02/03 16:09:31 ET
Table 'Genevieve' 2-max Seat #2 is the button
Seat 1: lukkyl0ser ($299.71 in chips)
Seat 2: Fiskin1 ($306.75 in chips)
Fiskin1: posts small blind $1
lukkyl0ser: posts big blind $3
*** HOLE CARDS ***
Fiskin1: folds
Uncalled bet ($2) returned to lukkyl0ser
lukkyl0ser collected $2 from pot
lukkyl0ser: doesn't show hand
*** SUMMARY ***
Total pot $2 | Rake $0
Seat 1: lukkyl0ser (big blind) collected ($2)
Seat 2: Fiskin1 (button) (small blind) folded before Flop


PokerStars Hand #148186161637:  Hold'em Limit ($3/$6 USD) - 2016/02/03 16:09:16 ET
Table 'Genevieve' 2-max Seat #1 is the button
Seat 1: lukkyl0ser ($282.21 in chips)
Seat 2: Fiskin1 ($324.75 in chips)
lukkyl0ser: posts small blind $1
Fiskin1: posts big blind $3
*** HOLE CARDS ***
lukkyl0ser: calls $2
Fiskin1: checks
*** FLOP *** [3c Ac 5d]
Fiskin1: checks
lukkyl0ser: bets $3
Fiskin1: calls $3
*** TURN *** [3c Ac 5d] [2h]
Fiskin1: checks
lukkyl0ser: bets $6
Fiskin1: calls $6
*** RIVER *** [3c Ac 5d 2h] [7c]
Fiskin1: checks
lukkyl0ser: bets $6
Fiskin1: calls $6
*** SHOW DOWN ***
lukkyl0ser: shows [Qh As] (a pair of Aces)
Fiskin1: mucks hand
lukkyl0ser collected $35.50 from pot
*** SUMMARY ***
Total pot $36 | Rake $0.50
Board [3c Ac 5d 2h 7c]
Seat 1: lukkyl0ser (button) (small blind) showed [Qh As] and won ($35.50) with a pair of Aces
Seat 2: Fiskin1 (big blind) mucked


PokerStars Hand #148186146649:  Hold'em Limit ($3/$6 USD) - 2016/02/03 16:09:03 ET
Table 'Genevieve' 2-max Seat #2 is the button
Seat 1: lukkyl0ser ($258.71 in chips)
Seat 2: Fiskin1 ($348.75 in chips)
Fiskin1: posts small blind $1
lukkyl0ser: posts big blind $3
*** HOLE CARDS ***
Fiskin1: raises $3 to $6
lukkyl0ser: raises $3 to $9
Fiskin1: calls $3
*** FLOP *** [6c Qc Js]
lukkyl0ser: bets $3
Fiskin1: raises $3 to $6
lukkyl0ser: raises $3 to $9
Fiskin1: calls $3
*** TURN *** [6c Qc Js] [Tc]
lukkyl0ser: checks
Fiskin1: checks
*** RIVER *** [6c Qc Js Tc] [Ad]
lukkyl0ser: bets $6
Fiskin1: calls $6
*** SHOW DOWN ***
lukkyl0ser: shows [9s Ah] (a pair of Aces)
Fiskin1: mucks hand
lukkyl0ser collected $47.50 from pot
*** SUMMARY ***
Total pot $48 | Rake $0.50
Board [6c Qc Js Tc Ad]
Seat 1: lukkyl0ser (big blind) showed [9s Ah] and won ($47.50) with a pair of Aces
Seat 2: Fiskin1 (button) (small blind) mucked


PokerStars Hand #148186132782:  Hold'em Limit ($3/$6 USD) - 2016/02/03 16:08:50 ET
Table 'Genevieve' 2-max Seat #1 is the button
Seat 1: lukkyl0ser ($282.71 in chips)
Seat 2: Fiskin1 ($325.25 in chips)
lukkyl0ser: posts small blind $1
Fiskin1: posts big blind $3
*** HOLE CARDS ***
lukkyl0ser: raises $3 to $6
Fiskin1: calls $3
*** FLOP *** [5s 9c 2d]
Fiskin1: checks
lukkyl0ser: checks
*** TURN *** [5s 9c 2d] [Qc]
Fiskin1: bets $6
lukkyl0ser: calls $6
*** RIVER *** [5s 9c 2d Qc] [Ah]
Fiskin1: bets $6
lukkyl0ser: raises $6 to $12
Fiskin1: calls $6
*** SHOW DOWN ***
lukkyl0ser: shows [Tc 7h] (high card Ace)
Fiskin1: shows [Kc 5c] (a pair of Fives)
Fiskin1 collected $47.50 from pot
*** SUMMARY ***
Total pot $48 | Rake $0.50
Board [5s 9c 2d Qc Ah]
Seat 1: lukkyl0ser (button) (small blind) showed [Tc 7h] and lost with high card Ace
Seat 2: Fiskin1 (big blind) showed [Kc 5c] and won ($47.50) with a pair of Fives


PokerStars Hand #148186117516:  Hold'em Limit ($3/$6 USD) - 2016/02/03 16:08:36 ET
Table 'Genevieve' 2-max Seat #2 is the button
Seat 1: lukkyl0ser ($265.21 in chips)
Seat 2: Fiskin1 ($343.25 in chips)
Fiskin1: posts small blind $1
lukkyl0ser: posts big blind $3
*** HOLE CARDS ***
Fiskin1: raises $3 to $6
lukkyl0ser: calls $3
*** FLOP *** [2h Ad Jc]
lukkyl0ser: checks
Fiskin1: bets $3
lukkyl0ser: raises $3 to $6
Fiskin1: calls $3
*** TURN *** [2h Ad Jc] [Qs]
lukkyl0ser: bets $6
Fiskin1: calls $6
*** RIVER *** [2h Ad Jc Qs] [7h]
lukkyl0ser: bets $6
Fiskin1: folds
Uncalled bet ($6) returned to lukkyl0ser
lukkyl0ser collected $35.50 from pot
lukkyl0ser: doesn't show hand
*** SUMMARY ***
Total pot $36 | Rake $0.50
Board [2h Ad Jc Qs 7h]
Seat 1: lukkyl0ser (big blind) collected ($35.50)
Seat 2: Fiskin1 (button) (small blind) folded on the River


PokerStars Hand #148186230259:  Hold'em Limit ($3/$6 USD) - 2016/02/03 16:10:21 ET
Table 'Genevieve' 2-max Seat #2 is the button
Seat 1: lukkyl0ser ($327.73 in chips)
Seat 2: Fiskin1 ($277.75 in chips)
Fiskin1: posts small blind $1
lukkyl0ser: posts big blind $3
*** HOLE CARDS ***
Fiskin1: raises $3 to $6
lukkyl0ser: calls $3
*** FLOP *** [Qd 3s Qh]
lukkyl0ser: checks
Fiskin1: checks
*** TURN *** [Qd 3s Qh] [Jd]
lukkyl0ser: checks
Fiskin1: checks
*** RIVER *** [Qd 3s Qh Jd] [7h]
lukkyl0ser: bets $6
Fiskin1: raises $6 to $12
lukkyl0ser: calls $6
*** SHOW DOWN ***
Fiskin1: shows [2c Jc] (two pair, Queens and Jacks)
lukkyl0ser: mucks hand
Fiskin1 collected $35.50 from pot
*** SUMMARY ***
Total pot $36 | Rake $0.50
Board [Qd 3s Qh Jd 7h]
Seat 1: lukkyl0ser (big blind) mucked
Seat 2: Fiskin1 (button) (small blind) showed [2c Jc] and won ($35.50) with two pair, Queens and Jacks


PokerStars Hand #148186224668:  Hold'em Limit ($3/$6 USD) - 2016/02/03 16:10:16 ET
Table 'Genevieve' 2-max Seat #1 is the button
Seat 1: lukkyl0ser ($328.73 in chips)
Seat 2: Fiskin1 ($276.75 in chips)
lukkyl0ser: posts small blind $1
Fiskin1: posts big blind $3
*** HOLE CARDS ***
lukkyl0ser: folds
Uncalled bet ($2) returned to Fiskin1
Fiskin1 collected $2 from pot
Fiskin1: doesn't show hand
*** SUMMARY ***
Total pot $2 | Rake $0
Seat 1: lukkyl0ser (button) (small blind) folded before Flop
Seat 2: Fiskin1 (big blind) collected ($2)


PokerStars Hand #148186211483:  Hold'em Limit ($3/$6 USD) - 2016/02/03 16:10:03 ET
Table 'Genevieve' 2-max Seat #2 is the button
Seat 1: lukkyl0ser ($311.23 in chips)
Seat 2: Fiskin1 ($294.75 in chips)
Fiskin1: posts small blind $1
lukkyl0ser: posts big blind $3
*** HOLE CARDS ***
Fiskin1: raises $3 to $6
lukkyl0ser: calls $3
*** FLOP *** [Qh 9s Kh]
lukkyl0ser: checks
Fiskin1: checks
*** TURN *** [Qh 9s Kh] [4d]
lukkyl0ser: bets $6
Fiskin1: calls $6
*** RIVER *** [Qh 9s Kh 4d] [2s]
lukkyl0ser: bets $6
Fiskin1: calls $6
*** SHOW DOWN ***
lukkyl0ser: shows [Ks 3c] (a pair of Kings)
Fiskin1: mucks hand
lukkyl0ser collected $35.50 from pot
*** SUMMARY ***
Total pot $36 | Rake $0.50
Board [Qh 9s Kh 4d 2s]
Seat 1: lukkyl0ser (big blind) showed [Ks 3c] and won ($35.50) with a pair of Kings
Seat 2: Fiskin1 (button) (small blind) mucked


PokerStars Hand #148186198148:  Hold'em Limit ($3/$6 USD) - 2016/02/03 16:09:51 ET
Table 'Genevieve' 2-max Seat #1 is the button
Seat 1: lukkyl0ser ($308.35 in chips)
Seat 2: Fiskin1 ($297.75 in chips)
lukkyl0ser: posts small blind $1
Fiskin1: posts big blind $3
*** HOLE CARDS ***
lukkyl0ser: calls $2
Fiskin1: checks
*** FLOP *** [5h Qc 7c]
Fiskin1: checks
lukkyl0ser: checks
*** TURN *** [5h Qc 7c] [Jh]
Fiskin1: checks
lukkyl0ser: checks
*** RIVER *** [5h Qc 7c Jh] [Qh]
Fiskin1: checks
lukkyl0ser: checks
*** SHOW DOWN ***
Fiskin1: shows [Ts 8s] (a pair of Queens)
lukkyl0ser: shows [Ks 3d] (a pair of Queens - King kicker)
lukkyl0ser collected $5.88 from pot
*** SUMMARY ***
Total pot $6 | Rake $0.12
Board [5h Qc 7c Jh Qh]
Seat 1: lukkyl0ser (button) (small blind) showed [Ks 3d] and won ($5.88) with a pair of Queens
Seat 2: Fiskin1 (big blind) showed [Ts 8s] and lost with a pair of Queens


PokerStars Hand #148186188581:  Hold'em Limit ($3/$6 USD) - 2016/02/03 16:09:42 ET
Table 'Genevieve' 2-max Seat #2 is the button
Seat 1: lukkyl0ser ($299.71 in chips)
Seat 2: Fiskin1 ($306.75 in chips)
Fiskin1: posts small blind $1
lukkyl0ser: posts big blind $3
*** HOLE CARDS ***
Fiskin1: raises $3 to $6
lukkyl0ser: raises $3 to $9
Fiskin1: calls $3
*** FLOP *** [Jh 5h 9h]
lukkyl0ser: bets $3
Fiskin1: folds
Uncalled bet ($3) returned to lukkyl0ser
lukkyl0ser collected $17.64 from pot
lukkyl0ser: doesn't show hand
*** SUMMARY ***
Total pot $18 | Rake $0.36
Board [Jh 5h 9h]
Seat 1: lukkyl0ser (big blind) collected ($17.64)
Seat 2: Fiskin1 (button) (small blind) folded on the Flop


PokerStars Hand #148186306703:  Hold'em Limit ($3/$6 USD) - 2016/02/03 16:11:32 ET
Table 'Genevieve' 2-max Seat #1 is the button
Seat 1: lukkyl0ser ($216.73 in chips)
Seat 2: Fiskin1 ($386.27 in chips)
lukkyl0ser: posts small blind $1
Fiskin1: posts big blind $3
*** HOLE CARDS ***
lukkyl0ser: raises $3 to $6
Fiskin1: calls $3
*** FLOP *** [7c Th As]
Fiskin1: checks
lukkyl0ser: bets $3
Fiskin1: calls $3
*** TURN *** [7c Th As] [Qh]
Fiskin1: checks
lukkyl0ser: checks
*** RIVER *** [7c Th As Qh] [3d]
Fiskin1: bets $6
lukkyl0ser: folds
Uncalled bet ($6) returned to Fiskin1
Fiskin1 collected $17.64 from pot
Fiskin1: doesn't show hand
*** SUMMARY ***
Total pot $18 | Rake $0.36
Board [7c Th As Qh 3d]
Seat 1: lukkyl0ser (button) (small blind) folded on the River
Seat 2: Fiskin1 (big blind) collected ($17.64)


PokerStars Hand #148186290563:  Hold'em Limit ($3/$6 USD) - 2016/02/03 16:11:17 ET
Table 'Genevieve' 2-max Seat #2 is the button
Seat 1: lukkyl0ser ($243.73 in chips)
Seat 2: Fiskin1 ($359.77 in chips)
Fiskin1: posts small blind $1
lukkyl0ser: posts big blind $3
*** HOLE CARDS ***
Fiskin1: raises $3 to $6
lukkyl0ser: raises $3 to $9
Fiskin1: raises $3 to $12
Betting is capped
lukkyl0ser: calls $3
*** FLOP *** [Jd 3h As]
lukkyl0ser: checks
Fiskin1: bets $3
lukkyl0ser: calls $3
*** TURN *** [Jd 3h As] [6c]
lukkyl0ser: checks
Fiskin1: bets $6
lukkyl0ser: calls $6
*** RIVER *** [Jd 3h As 6c] [8d]
lukkyl0ser: checks
Fiskin1: bets $6
lukkyl0ser: calls $6
*** SHOW DOWN ***
Fiskin1: shows [Ad 7s] (a pair of Aces)
lukkyl0ser: mucks hand
Fiskin1 collected $53.50 from pot
*** SUMMARY ***
Total pot $54 | Rake $0.50
Board [Jd 3h As 6c 8d]
Seat 1: lukkyl0ser (big blind) mucked
Seat 2: Fiskin1 (button) (small blind) showed [Ad 7s] and won ($53.50) with a pair of Aces


PokerStars Hand #148186277888:  Hold'em Limit ($3/$6 USD) - 2016/02/03 16:11:05 ET
Table 'Genevieve' 2-max Seat #1 is the button
Seat 1: lukkyl0ser ($270.73 in chips)
Seat 2: Fiskin1 ($333.27 in chips)
lukkyl0ser: posts small blind $1
Fiskin1: posts big blind $3
*** HOLE CARDS ***
lukkyl0ser: raises $3 to $6
Fiskin1: calls $3
*** FLOP *** [2h 7h Qd]
Fiskin1: checks
lukkyl0ser: bets $3
Fiskin1: calls $3
*** TURN *** [2h 7h Qd] [Td]
Fiskin1: checks
lukkyl0ser: bets $6
Fiskin1: raises $6 to $12
lukkyl0ser: calls $6
*** RIVER *** [2h 7h Qd Td] [5c]
Fiskin1: bets $6
lukkyl0ser: calls $6
*** SHOW DOWN ***
Fiskin1: shows [Th Kc] (a pair of Tens)
lukkyl0ser: mucks hand
Fiskin1 collected $53.50 from pot
*** SUMMARY ***
Total pot $54 | Rake $0.50
Board [2h 7h Qd Td 5c]
Seat 1: lukkyl0ser (button) (small blind) mucked
Seat 2: Fiskin1 (big blind) showed [Th Kc] and won ($53.50) with a pair of Tens


PokerStars Hand #148186261122:  Hold'em Limit ($3/$6 USD) - 2016/02/03 16:10:49 ET
Table 'Genevieve' 2-max Seat #2 is the button
Seat 1: lukkyl0ser ($297.73 in chips)
Seat 2: Fiskin1 ($306.77 in chips)
Fiskin1: posts small blind $1
lukkyl0ser: posts big blind $3
*** HOLE CARDS ***
Fiskin1: raises $3 to $6
lukkyl0ser: raises $3 to $9
Fiskin1: raises $3 to $12
Betting is capped
lukkyl0ser: calls $3
*** FLOP *** [6d 2s Td]
lukkyl0ser: bets $3
Fiskin1: calls $3
*** TURN *** [6d 2s Td] [3h]
lukkyl0ser: bets $6
Fiskin1: calls $6
*** RIVER *** [6d 2s Td 3h] [8d]
lukkyl0ser: bets $6
Fiskin1: calls $6
*** SHOW DOWN ***
lukkyl0ser: shows [9h Jd] (high card Jack)
Fiskin1: shows [Ks Jh] (high card King)
Fiskin1 collected $53.50 from pot
*** SUMMARY ***
Total pot $54 | Rake $0.50
Board [6d 2s Td 3h 8d]
Seat 1: lukkyl0ser (big blind) showed [9h Jd] and lost with high card Jack
Seat 2: Fiskin1 (button) (small blind) showed [Ks Jh] and won ($53.50) with high card King


PokerStars Hand #148186245702:  Hold'em Limit ($3/$6 USD) - 2016/02/03 16:10:35 ET
Table 'Genevieve' 2-max Seat #1 is the button
Seat 1: lukkyl0ser ($309.73 in chips)
Seat 2: Fiskin1 ($295.25 in chips)
lukkyl0ser: posts small blind $1
Fiskin1: posts big blind $3
*** HOLE CARDS ***
lukkyl0ser: calls $2
Fiskin1: raises $3 to $6
lukkyl0ser: calls $3
*** FLOP *** [Kc Kh 8h]
Fiskin1: bets $3
lukkyl0ser: raises $3 to $6
Fiskin1: calls $3
*** TURN *** [Kc Kh 8h] [Jd]
Fiskin1: checks
lukkyl0ser: checks
*** RIVER *** [Kc Kh 8h Jd] [Ac]
Fiskin1: bets $6
lukkyl0ser: folds
Uncalled bet ($6) returned to Fiskin1
Fiskin1 collected $23.52 from pot
Fiskin1: doesn't show hand
*** SUMMARY ***
Total pot $24 | Rake $0.48
Board [Kc Kh 8h Jd Ac]
Seat 1: lukkyl0ser (button) (small blind) folded on the River
Seat 2: Fiskin1 (big blind) collected ($23.52)


PokerStars Hand #148186321352:  Hold'em Limit ($3/$6 USD) - 2016/02/03 16:11:46 ET
Table 'Genevieve' 2-max Seat #2 is the button
Seat 1: lukkyl0ser ($207.73 in chips)
Seat 2: Fiskin1 ($394.91 in chips)
Fiskin1: posts small blind $1
lukkyl0ser: posts big blind $3
*** HOLE CARDS ***
Fiskin1: raises $3 to $6
lukkyl0ser: folds
Uncalled bet ($3) returned to Fiskin1
Fiskin1 collected $6 from pot
Fiskin1: doesn't show hand
*** SUMMARY ***
Total pot $6 | Rake $0
Seat 1: lukkyl0ser (big blind) folded before Flop
Seat 2: Fiskin1 (button) (small blind) collected ($6)


PokerStars Hand #148186368838:  Hold'em Limit ($3/$6 USD) - 2016/02/03 16:12:30 ET
Table 'Genevieve' 2-max Seat #2 is the button
Seat 1: lukkyl0ser ($755.73 in chips)
Seat 2: Fiskin1 ($451.91 in chips)
Fiskin1: posts small blind $1
lukkyl0ser: posts big blind $3
*** HOLE CARDS ***
Fiskin1: raises $3 to $6
lukkyl0ser: calls $3
*** FLOP *** [Tc 6h Js]
lukkyl0ser: checks
Fiskin1: bets $3
lukkyl0ser: folds
Uncalled bet ($3) returned to Fiskin1
Fiskin1 collected $11.76 from pot
Fiskin1: doesn't show hand
*** SUMMARY ***
Total pot $12 | Rake $0.24
Board [Tc 6h Js]
Seat 1: lukkyl0ser (big blind) folded on the Flop
Seat 2: Fiskin1 (button) (small blind) collected ($11.76)


PokerStars Hand #148186362909:  Hold'em Limit ($3/$6 USD) - 2016/02/03 16:12:24 ET
Table 'Genevieve' 2-max Seat #1 is the button
Seat 1: lukkyl0ser ($756.73 in chips)
Seat 2: Fiskin1 ($450.91 in chips)
lukkyl0ser: posts small blind $1
Fiskin1: posts big blind $3
*** HOLE CARDS ***
lukkyl0ser: folds
Uncalled bet ($2) returned to Fiskin1
Fiskin1 collected $2 from pot
Fiskin1: doesn't show hand
*** SUMMARY ***
Total pot $2 | Rake $0
Seat 1: lukkyl0ser (button) (small blind) folded before Flop
Seat 2: Fiskin1 (big blind) collected ($2)


PokerStars Hand #148186342242:  Hold'em Limit ($3/$6 USD) - 2016/02/03 16:12:05 ET
Table 'Genevieve' 2-max Seat #2 is the button
Seat 1: lukkyl0ser ($243.73 in chips)
Seat 2: Fiskin1 ($418.41 in chips)
Fiskin1: posts small blind $1
lukkyl0ser: posts big blind $3
*** HOLE CARDS ***
Fiskin1: raises $3 to $6
lukkyl0ser: calls $3
*** FLOP *** [6c Ah 9s]
lukkyl0ser: checks
Fiskin1: bets $3
lukkyl0ser: calls $3
*** TURN *** [6c Ah 9s] [Ks]
lukkyl0ser: checks
Fiskin1: bets $6
lukkyl0ser: raises $6 to $12
Fiskin1: calls $6
*** RIVER *** [6c Ah 9s Ks] [3h]
lukkyl0ser: bets $6
Fiskin1: raises $6 to $12
lukkyl0ser: calls $6
*** SHOW DOWN ***
Fiskin1: shows [3s As] (two pair, Aces and Threes)
lukkyl0ser: mucks hand
Fiskin1 collected $65.50 from pot
*** SUMMARY ***
Total pot $66 | Rake $0.50
Board [6c Ah 9s Ks 3h]
Seat 1: lukkyl0ser (big blind) mucked
Seat 2: Fiskin1 (button) (small blind) showed [3s As] and won ($65.50) with two pair, Aces and Threes


PokerStars Hand #148186326339:  Hold'em Limit ($3/$6 USD) - 2016/02/03 16:11:50 ET
Table 'Genevieve' 2-max Seat #1 is the button
Seat 1: lukkyl0ser ($264.73 in chips)
Seat 2: Fiskin1 ($397.91 in chips)
lukkyl0ser: posts small blind $1
Fiskin1: posts big blind $3
*** HOLE CARDS ***
lukkyl0ser: raises $3 to $6
Fiskin1: calls $3
*** FLOP *** [6h Js 8d]
Fiskin1: checks
lukkyl0ser: bets $3
Fiskin1: calls $3
*** TURN *** [6h Js 8d] [3s]
Fiskin1: checks
lukkyl0ser: bets $6
Fiskin1: calls $6
*** RIVER *** [6h Js 8d 3s] [Jh]
Fiskin1: checks
lukkyl0ser: bets $6
Fiskin1: calls $6
*** SHOW DOWN ***
lukkyl0ser: shows [Kh As] (a pair of Jacks)
Fiskin1: shows [6c Kd] (two pair, Jacks and Sixes)
Fiskin1 collected $41.50 from pot
*** SUMMARY ***
Total pot $42 | Rake $0.50
Board [6h Js 8d 3s Jh]
Seat 1: lukkyl0ser (button) (small blind) showed [Kh As] and lost with a pair of Jacks
Seat 2: Fiskin1 (big blind) showed [6c Kd] and won ($41.50) with two pair, Jacks and Sixes


PokerStars Hand #148186390268:  Hold'em Limit ($3/$6 USD) - 2016/02/03 16:12:50 ET
Table 'Genevieve' 2-max Seat #2 is the button
Seat 1: lukkyl0ser ($740.73 in chips)
Seat 2: Fiskin1 ($466.31 in chips)
Fiskin1: posts small blind $1
lukkyl0ser: posts big blind $3
*** HOLE CARDS ***
Fiskin1: raises $3 to $6
lukkyl0ser: folds
Uncalled bet ($3) returned to Fiskin1
Fiskin1 collected $6 from pot
Fiskin1: doesn't show hand
*** SUMMARY ***
Total pot $6 | Rake $0
Seat 1: lukkyl0ser (big blind) folded before Flop
Seat 2: Fiskin1 (button) (small blind) collected ($6)


PokerStars Hand #148186378642:  Hold'em Limit ($3/$6 USD) - 2016/02/03 16:12:39 ET
Table 'Genevieve' 2-max Seat #1 is the button
Seat 1: lukkyl0ser ($749.73 in chips)
Seat 2: Fiskin1 ($457.67 in chips)
lukkyl0ser: posts small blind $1
Fiskin1: posts big blind $3
*** HOLE CARDS ***
lukkyl0ser: raises $3 to $6
Fiskin1: calls $3
*** FLOP *** [9d Js Qc]
Fiskin1: checks
lukkyl0ser: bets $3
Fiskin1: calls $3
*** TURN *** [9d Js Qc] [Ts]
Fiskin1: bets $6
lukkyl0ser: folds
Uncalled bet ($6) returned to Fiskin1
Fiskin1 collected $17.64 from pot
Fiskin1: doesn't show hand
*** SUMMARY ***
Total pot $18 | Rake $0.36
Board [9d Js Qc Ts]
Seat 1: lukkyl0ser (button) (small blind) folded on the Turn
Seat 2: Fiskin1 (big blind) collected ($17.64)


PokerStars Hand #148186443428:  Hold'em Limit ($3/$6 USD) - 2016/02/03 16:13:40 ET
Table 'Genevieve' 2-max Seat #1 is the button
Seat 1: lukkyl0ser ($781.73 in chips)
Seat 2: Fiskin1 ($424.31 in chips)
lukkyl0ser: posts small blind $1
Fiskin1: posts big blind $3
*** HOLE CARDS ***
lukkyl0ser: raises $3 to $6
Fiskin1: calls $3
*** FLOP *** [Qc Js 6s]
Fiskin1: checks
lukkyl0ser: bets $3
Fiskin1: folds
Uncalled bet ($3) returned to lukkyl0ser
lukkyl0ser collected $11.76 from pot
lukkyl0ser: doesn't show hand
*** SUMMARY ***
Total pot $12 | Rake $0.24
Board [Qc Js 6s]
Seat 1: lukkyl0ser (button) (small blind) collected ($11.76)
Seat 2: Fiskin1 (big blind) folded on the Flop


PokerStars Hand #148186437863:  Hold'em Limit ($3/$6 USD) - 2016/02/03 16:13:34 ET
Table 'Genevieve' 2-max Seat #2 is the button
Seat 1: lukkyl0ser ($784.73 in chips)
Seat 2: Fiskin1 ($421.31 in chips)
Fiskin1: posts small blind $1
lukkyl0ser: posts big blind $3
*** HOLE CARDS ***
Fiskin1: raises $3 to $6
lukkyl0ser: folds
Uncalled bet ($3) returned to Fiskin1
Fiskin1 collected $6 from pot
Fiskin1: doesn't show hand
*** SUMMARY ***
Total pot $6 | Rake $0
Seat 1: lukkyl0ser (big blind) folded before Flop
Seat 2: Fiskin1 (button) (small blind) collected ($6)


PokerStars Hand #148186432201:  Hold'em Limit ($3/$6 USD) - 2016/02/03 16:13:29 ET
Table 'Genevieve' 2-max Seat #1 is the button
Seat 1: lukkyl0ser ($781.73 in chips)
Seat 2: Fiskin1 ($424.31 in chips)
lukkyl0ser: posts small blind $1
Fiskin1: posts big blind $3
*** HOLE CARDS ***
lukkyl0ser: raises $3 to $6
Fiskin1: folds
Uncalled bet ($3) returned to lukkyl0ser
lukkyl0ser collected $6 from pot
lukkyl0ser: doesn't show hand
*** SUMMARY ***
Total pot $6 | Rake $0
Seat 1: lukkyl0ser (button) (small blind) collected ($6)
Seat 2: Fiskin1 (big blind) folded before Flop


PokerStars Hand #148186412584:  Hold'em Limit ($3/$6 USD) - 2016/02/03 16:13:11 ET
Table 'Genevieve' 2-max Seat #2 is the button
Seat 1: lukkyl0ser ($758.23 in chips)
Seat 2: Fiskin1 ($448.31 in chips)
Fiskin1: posts small blind $1
lukkyl0ser: posts big blind $3
*** HOLE CARDS ***
Fiskin1: raises $3 to $6
lukkyl0ser: calls $3
*** FLOP *** [Qh 5c 6h]
lukkyl0ser: checks
Fiskin1: bets $3
lukkyl0ser: raises $3 to $6
Fiskin1: calls $3
*** TURN *** [Qh 5c 6h] [9s]
lukkyl0ser: bets $6
Fiskin1: calls $6
*** RIVER *** [Qh 5c 6h 9s] [7c]
lukkyl0ser: bets $6
Fiskin1: calls $6
*** SHOW DOWN ***
lukkyl0ser: shows [Tc Qs] (a pair of Queens)
Fiskin1: mucks hand
lukkyl0ser collected $47.50 from pot
*** SUMMARY ***
Total pot $48 | Rake $0.50
Board [Qh 5c 6h 9s 7c]
Seat 1: lukkyl0ser (big blind) showed [Tc Qs] and won ($47.50) with a pair of Queens
Seat 2: Fiskin1 (button) (small blind) mucked


PokerStars Hand #148186395745:  Hold'em Limit ($3/$6 USD) - 2016/02/03 16:12:55 ET
Table 'Genevieve' 2-max Seat #1 is the button
Seat 1: lukkyl0ser ($737.73 in chips)
Seat 2: Fiskin1 ($469.31 in chips)
lukkyl0ser: posts small blind $1
Fiskin1: posts big blind $3
*** HOLE CARDS ***
lukkyl0ser: raises $3 to $6
Fiskin1: calls $3
*** FLOP *** [5c 9s 6c]
Fiskin1: checks
lukkyl0ser: bets $3
Fiskin1: calls $3
*** TURN *** [5c 9s 6c] [7h]
Fiskin1: checks
lukkyl0ser: bets $6
Fiskin1: calls $6
*** RIVER *** [5c 9s 6c 7h] [Ts]
Fiskin1: bets $6
lukkyl0ser: calls $6
*** SHOW DOWN ***
Fiskin1: shows [Qh Th] (a pair of Tens)
lukkyl0ser: shows [Ac Ad] (a pair of Aces)
lukkyl0ser collected $41.50 from pot
*** SUMMARY ***
Total pot $42 | Rake $0.50
Board [5c 9s 6c 7h Ts]
Seat 1: lukkyl0ser (button) (small blind) showed [Ac Ad] and won ($41.50) with a pair of Aces
Seat 2: Fiskin1 (big blind) showed [Qh Th] and lost with a pair of Tens


PokerStars Hand #148186477782:  Hold'em Limit ($3/$6 USD) - 2016/02/03 16:14:12 ET
Table 'Genevieve' 2-max Seat #2 is the button
Seat 1: lukkyl0ser ($769.49 in chips)
Seat 2: Fiskin1 ($435.81 in chips)
Fiskin1: posts small blind $1
lukkyl0ser: posts big blind $3
*** HOLE CARDS ***
Fiskin1: raises $3 to $6
lukkyl0ser: folds
Uncalled bet ($3) returned to Fiskin1
Fiskin1 collected $6 from pot
Fiskin1: doesn't show hand
*** SUMMARY ***
Total pot $6 | Rake $0
Seat 1: lukkyl0ser (big blind) folded before Flop
Seat 2: Fiskin1 (button) (small blind) collected ($6)


PokerStars Hand #148186468618:  Hold'em Limit ($3/$6 USD) - 2016/02/03 16:14:03 ET
Table 'Genevieve' 2-max Seat #1 is the button
Seat 1: lukkyl0ser ($766.49 in chips)
Seat 2: Fiskin1 ($438.81 in chips)
lukkyl0ser: posts small blind $1
Fiskin1: posts big blind $3
*** HOLE CARDS ***
lukkyl0ser: raises $3 to $6
Fiskin1: folds
Uncalled bet ($3) returned to lukkyl0ser
lukkyl0ser collected $6 from pot
lukkyl0ser: doesn't show hand
*** SUMMARY ***
Total pot $6 | Rake $0
Seat 1: lukkyl0ser (button) (small blind) collected ($6)
Seat 2: Fiskin1 (big blind) folded before Flop


PokerStars Hand #148186451793:  Hold'em Limit ($3/$6 USD) - 2016/02/03 16:13:47 ET
Table 'Genevieve' 2-max Seat #2 is the button
Seat 1: lukkyl0ser ($787.49 in chips)
Seat 2: Fiskin1 ($418.31 in chips)
Fiskin1: posts small blind $1
lukkyl0ser: posts big blind $3
*** HOLE CARDS ***
Fiskin1: raises $3 to $6
lukkyl0ser: calls $3
*** FLOP *** [Jc Qh Td]
lukkyl0ser: checks
Fiskin1: bets $3
lukkyl0ser: calls $3
*** TURN *** [Jc Qh Td] [8c]
lukkyl0ser: bets $6
Fiskin1: calls $6
*** RIVER *** [Jc Qh Td 8c] [Js]
lukkyl0ser: checks
Fiskin1: bets $6
lukkyl0ser: calls $6
*** SHOW DOWN ***
Fiskin1: shows [4d 9d] (a straight, Eight to Queen)
lukkyl0ser: mucks hand
Fiskin1 collected $41.50 from pot
*** SUMMARY ***
Total pot $42 | Rake $0.50
Board [Jc Qh Td 8c Js]
Seat 1: lukkyl0ser (big blind) mucked
Seat 2: Fiskin1 (button) (small blind) showed [4d 9d] and won ($41.50) with a straight, Eight to Queen


