PokerStars Hand #161043083122:  Hold'em Limit ($3/$6 USD) - 2016/11/07 10:53:57 ET
Table 'Genevieve' 6-max Seat #3 is the button
Seat 3: Ultrafranke ($76.50 in chips)
Seat 6: fsreibnitz ($106.61 in chips)
Ultrafranke: posts small blind $1
fsreibnitz: posts big blind $3
*** HOLE CARDS ***
Ultrafranke: raises $3 to $6
fsreibnitz: calls $3
*** FLOP *** [Jc Tc 5h]
fsreibnitz: checks
Ultrafranke: bets $3
fsreibnitz: calls $3
*** TURN *** [Jc Tc 5h] [3h]
fsreibnitz: checks
Ultrafranke: checks
*** RIVER *** [Jc Tc 5h 3h] [Ad]
fsreibnitz: checks
Ultrafranke: checks
*** SHOW DOWN ***
fsreibnitz: shows [8s Js] (a pair of Jacks)
Ultrafranke: mucks hand
fsreibnitz collected $17.64 from pot
*** SUMMARY ***
Total pot $18 | Rake $0.36
Board [Jc Tc 5h 3h Ad]
Seat 3: Ultrafranke (button) (small blind) mucked
Seat 6: fsreibnitz (big blind) showed [8s Js] and won ($17.64) with a pair of Jacks


PokerStars Hand #161043099111:  Hold'em Limit ($3/$6 USD) - 2016/11/07 10:54:20 ET
Table 'Genevieve' 6-max Seat #6 is the button
Seat 3: Ultrafranke ($67.50 in chips)
Seat 6: fsreibnitz ($115.25 in chips)
fsreibnitz: posts small blind $1
Ultrafranke: posts big blind $3
*** HOLE CARDS ***
fsreibnitz: raises $3 to $6
Ultrafranke: raises $3 to $9
fsreibnitz: calls $3
*** FLOP *** [Jd Th 7c]
Ultrafranke: bets $3
liamOS joins the table at seat #5
fsreibnitz: folds
Uncalled bet ($3) returned to Ultrafranke
Ultrafranke collected $17.64 from pot
*** SUMMARY ***
Total pot $18 | Rake $0.36
Board [Jd Th 7c]
Seat 3: Ultrafranke (big blind) collected ($17.64)
Seat 6: fsreibnitz (button) (small blind) folded on the Flop


PokerStars Hand #161044983650:  Hold'em Limit ($3/$6 USD) - 2016/11/07 11:38:39 ET
Table 'Genevieve' 6-max Seat #3 is the button
Seat 3: Ultrafranke ($244.37 in chips)
Seat 4: Psynto ($72 in chips)
Ultrafranke: posts small blind $1
Psynto: posts big blind $3
*** HOLE CARDS ***
Ultrafranke: folds
Uncalled bet ($2) returned to Psynto
fsreibnitz leaves the table
Psynto collected $2 from pot
Psynto: doesn't show hand
*** SUMMARY ***
Total pot $2 | Rake $0
Seat 3: Ultrafranke (button) (small blind) folded before Flop
Seat 4: Psynto (big blind) collected ($2)


PokerStars Hand #161044965776:  Hold'em Limit ($3/$6 USD) - 2016/11/07 11:38:14 ET
Table 'Genevieve' 6-max Seat #4 is the button
Seat 3: Ultrafranke ($220.87 in chips)
Seat 4: Psynto ($86.83 in chips)
Psynto: posts small blind $1
fsreibnitz: is sitting out
fabricio004 was removed from the table for failing to post
Ultrafranke: posts big blind $3
*** HOLE CARDS ***
Psynto: raises $3 to $6
Ultrafranke: calls $3
*** FLOP *** [3c 7s Qh]
Ultrafranke: bets $3
Psynto: raises $3 to $6
Ultrafranke: calls $3
*** TURN *** [3c 7s Qh] [Js]
Ultrafranke: checks
Psynto: bets $6
Ultrafranke: calls $6
*** RIVER *** [3c 7s Qh Js] [4h]
Ultrafranke: checks
Psynto: bets $6
Ultrafranke: calls $6
*** SHOW DOWN ***
Psynto: shows [Qd 2c] (a pair of Queens)
Ultrafranke: shows [Qs 4c] (two pair, Queens and Fours)
Ultrafranke collected $47.50 from pot
*** SUMMARY ***
Total pot $48 | Rake $0.50
Board [3c 7s Qh Js 4h]
Seat 3: Ultrafranke (big blind) showed [Qs 4c] and won ($47.50) with two pair, Queens and Fours
Seat 4: Psynto (button) (small blind) showed [Qd 2c] and lost with a pair of Queens


PokerStars Hand #161044986844:  Hold'em Limit ($3/$6 USD) - 2016/11/07 11:38:43 ET
Table 'Genevieve' 6-max Seat #4 is the button
Seat 3: Ultrafranke ($243.37 in chips)
Seat 4: Psynto ($73 in chips)
Psynto: posts small blind $1
Ultrafranke: posts big blind $3
*** HOLE CARDS ***
Psynto: folds
Uncalled bet ($2) returned to Ultrafranke
Ultrafranke collected $2 from pot
*** SUMMARY ***
Total pot $2 | Rake $0
Seat 3: Ultrafranke (big blind) collected ($2)
Seat 4: Psynto (button) (small blind) folded before Flop


