PokerStars Hand #163146430490:  Hold'em Limit ($3/$6 USD) - 2016/12/18 13:13:00 ET
Table 'Genevieve' 6-max Seat #2 is the button
Seat 1: ABATAPP ($141.11 in chips)
Seat 2: ZinZar ($100.91 in chips)
ZinZar: posts small blind $1
rextorex: is sitting out
Koraseg: is sitting out
ABATAPP: posts big blind $3
*** HOLE CARDS ***
ZinZar: raises $3 to $6
Koraseg leaves the table
ABATAPP: calls $3
*** FLOP *** [9s 9h 8h]
ABATAPP: checks
ZinZar: bets $3
ABATAPP: folds
Uncalled bet ($3) returned to ZinZar
ZinZar collected $11.76 from pot
ZinZar: doesn't show hand
*** SUMMARY ***
Total pot $12 | Rake $0.24
Board [9s 9h 8h]
Seat 1: ABATAPP (big blind) folded on the Flop
Seat 2: ZinZar (button) (small blind) collected ($11.76)


PokerStars Hand #163146473507:  Hold'em Limit ($3/$6 USD) - 2016/12/18 13:13:42 ET
Table 'Genevieve' 6-max Seat #1 is the button
Seat 1: ABATAPP ($131.11 in chips)
Seat 5: rextorex ($76.91 in chips)
ABATAPP: posts small blind $1
rextorex: posts big blind $3
*** HOLE CARDS ***
ABATAPP: raises $3 to $6
rextorex: raises $3 to $9
ABATAPP: calls $3
*** FLOP *** [6h Kc 7c]
rextorex: checks
ABATAPP: checks
*** TURN *** [6h Kc 7c] [As]
rextorex: bets $6
ABATAPP: folds
Uncalled bet ($6) returned to rextorex
rextorex collected $17.64 from pot
rextorex: doesn't show hand
*** SUMMARY ***
Total pot $18 | Rake $0.36
Board [6h Kc 7c As]
Seat 1: ABATAPP (button) (small blind) folded on the Turn
Seat 5: rextorex (big blind) collected ($17.64)


PokerStars Hand #163146466780:  Hold'em Limit ($3/$6 USD) - 2016/12/18 13:13:35 ET
Table 'Genevieve' 6-max Seat #5 is the button
Seat 1: ABATAPP ($134.11 in chips)
Seat 5: rextorex ($73.91 in chips)
rextorex: posts small blind $1
ABATAPP: posts big blind $3
*** HOLE CARDS ***
rextorex: raises $3 to $6
ABATAPP: folds
Uncalled bet ($3) returned to rextorex
rextorex collected $6 from pot
rextorex: doesn't show hand
*** SUMMARY ***
Total pot $6 | Rake $0
Seat 1: ABATAPP (big blind) folded before Flop
Seat 5: rextorex (button) (small blind) collected ($6)


PokerStars Hand #163146461058:  Hold'em Limit ($3/$6 USD) - 2016/12/18 13:13:30 ET
Table 'Genevieve' 6-max Seat #1 is the button
Seat 1: ABATAPP ($135.11 in chips)
Seat 5: rextorex ($72.91 in chips)
ABATAPP: posts small blind $1
rextorex: posts big blind $3
*** HOLE CARDS ***
ABATAPP: folds
Uncalled bet ($2) returned to rextorex
rextorex collected $2 from pot
rextorex: doesn't show hand
*** SUMMARY ***
Total pot $2 | Rake $0
Seat 1: ABATAPP (button) (small blind) folded before Flop
Seat 5: rextorex (big blind) collected ($2)


PokerStars Hand #163146560411:  Hold'em Limit ($3/$6 USD) - 2016/12/18 13:15:05 ET
Table 'Genevieve' 6-max Seat #5 is the button
Seat 1: ABATAPP ($148.25 in chips)
Seat 5: rextorex ($58.55 in chips)
rextorex: posts small blind $1
ABATAPP: posts big blind $3
*** HOLE CARDS ***
rextorex: folds
Uncalled bet ($2) returned to ABATAPP
ABATAPP collected $2 from pot
ABATAPP: doesn't show hand
*** SUMMARY ***
Total pot $2 | Rake $0
Seat 1: ABATAPP (big blind) collected ($2)
Seat 5: rextorex (button) (small blind) folded before Flop


PokerStars Hand #163146538051:  Hold'em Limit ($3/$6 USD) - 2016/12/18 13:14:43 ET
Table 'Genevieve' 6-max Seat #1 is the button
Seat 1: ABATAPP ($130.75 in chips)
Seat 5: rextorex ($76.55 in chips)
ABATAPP: posts small blind $1
rextorex: posts big blind $3
*** HOLE CARDS ***
ABATAPP: raises $3 to $6
rextorex: raises $3 to $9
ABATAPP: calls $3
*** FLOP *** [3s 8d Ac]
rextorex: bets $3
ABATAPP: calls $3
*** TURN *** [3s 8d Ac] [As]
rextorex: checks
ABATAPP: checks
*** RIVER *** [3s 8d Ac As] [Qh]
rextorex: bets $6
ABATAPP: calls $6
*** SHOW DOWN ***
rextorex: shows [Th Jh] (a pair of Aces)
ABATAPP: shows [6s 8h] (two pair, Aces and Eights)
ABATAPP collected $35.50 from pot
*** SUMMARY ***
Total pot $36 | Rake $0.50
Board [3s 8d Ac As Qh]
Seat 1: ABATAPP (button) (small blind) showed [6s 8h] and won ($35.50) with two pair, Aces and Eights
Seat 5: rextorex (big blind) showed [Th Jh] and lost with a pair of Aces


PokerStars Hand #163146499775:  Hold'em Limit ($3/$6 USD) - 2016/12/18 13:14:07 ET
Table 'Genevieve' 6-max Seat #5 is the button
Seat 1: ABATAPP ($122.11 in chips)
Seat 5: rextorex ($85.55 in chips)
rextorex: posts small blind $1
ABATAPP: posts big blind $3
*** HOLE CARDS ***
rextorex: raises $3 to $6
ABATAPP: calls $3
*** FLOP *** [Ad Jd 9h]
ABATAPP: checks
rextorex: bets $3
ABATAPP: calls $3
*** TURN *** [Ad Jd 9h] [4h]
ABATAPP: checks
rextorex: checks
*** RIVER *** [Ad Jd 9h 4h] [2h]
ABATAPP: bets $6
rextorex: folds
Uncalled bet ($6) returned to ABATAPP
ABATAPP collected $17.64 from pot
ABATAPP: doesn't show hand
*** SUMMARY ***
Total pot $18 | Rake $0.36
Board [Ad Jd 9h 4h 2h]
Seat 1: ABATAPP (big blind) collected ($17.64)
Seat 5: rextorex (button) (small blind) folded on the River


PokerStars Hand #163146594520:  Hold'em Limit ($3/$6 USD) - 2016/12/18 13:15:37 ET
Table 'Genevieve' 6-max Seat #1 is the button
Seat 1: ABATAPP ($134.25 in chips)
Seat 5: rextorex ($72.07 in chips)
ABATAPP: posts small blind $1
rextorex: posts big blind $3
*** HOLE CARDS ***
ABATAPP: raises $3 to $6
rextorex: calls $3
*** FLOP *** [6c Ks Ac]
rextorex: checks
ABATAPP: bets $3
rextorex: raises $3 to $6
ABATAPP: raises $3 to $9
rextorex: calls $3
*** TURN *** [6c Ks Ac] [4s]
rextorex: checks
ABATAPP: checks
*** RIVER *** [6c Ks Ac 4s] [Ad]
rextorex: bets $6
ABATAPP: calls $6
*** SHOW DOWN ***
rextorex: shows [6d Ts] (two pair, Aces and Sixes)
ABATAPP: shows [Jh Jc] (two pair, Aces and Jacks)
ABATAPP collected $41.50 from pot
*** SUMMARY ***
Total pot $42 | Rake $0.50
Board [6c Ks Ac 4s Ad]
Seat 1: ABATAPP (button) (small blind) showed [Jh Jc] and won ($41.50) with two pair, Aces and Jacks
Seat 5: rextorex (big blind) showed [6d Ts] and lost with two pair, Aces and Sixes


PokerStars Hand #163146588498:  Hold'em Limit ($3/$6 USD) - 2016/12/18 13:15:31 ET
Table 'Genevieve' 6-max Seat #5 is the button
Seat 1: ABATAPP ($137.25 in chips)
Seat 5: rextorex ($69.07 in chips)
rextorex: posts small blind $1
ABATAPP: posts big blind $3
*** HOLE CARDS ***
rextorex: raises $3 to $6
ABATAPP: folds
Uncalled bet ($3) returned to rextorex
rextorex collected $6 from pot
rextorex: doesn't show hand
*** SUMMARY ***
Total pot $6 | Rake $0
Seat 1: ABATAPP (big blind) folded before Flop
Seat 5: rextorex (button) (small blind) collected ($6)


PokerStars Hand #163146565485:  Hold'em Limit ($3/$6 USD) - 2016/12/18 13:15:10 ET
Table 'Genevieve' 6-max Seat #1 is the button
Seat 1: ABATAPP ($149.25 in chips)
Seat 5: rextorex ($57.55 in chips)
ABATAPP: posts small blind $1
rextorex: posts big blind $3
*** HOLE CARDS ***
ABATAPP: raises $3 to $6
rextorex: raises $3 to $9
ABATAPP: calls $3
*** FLOP *** [4c Qs 4s]
rextorex: bets $3
ABATAPP: calls $3
*** TURN *** [4c Qs 4s] [5c]
rextorex: bets $6
ABATAPP: folds
Uncalled bet ($6) returned to rextorex
rextorex collected $23.52 from pot
rextorex: doesn't show hand
*** SUMMARY ***
Total pot $24 | Rake $0.48
Board [4c Qs 4s 5c]
Seat 1: ABATAPP (button) (small blind) folded on the Turn
Seat 5: rextorex (big blind) collected ($23.52)


PokerStars Hand #163146658902:  Hold'em Limit ($3/$6 USD) - 2016/12/18 13:16:38 ET
Table 'Genevieve' 6-max Seat #1 is the button
Seat 1: ABATAPP ($169.25 in chips)
Seat 5: rextorex ($36.07 in chips)
ABATAPP: posts small blind $1
rextorex: posts big blind $3
*** HOLE CARDS ***
ABATAPP: raises $3 to $6
rextorex: calls $3
*** FLOP *** [4c 6c Tc]
rextorex: checks
ABATAPP: checks
*** TURN *** [4c 6c Tc] [Qc]
rextorex: checks
ABATAPP: bets $6
rextorex: folds
Uncalled bet ($6) returned to ABATAPP
ABATAPP collected $11.76 from pot
ABATAPP: doesn't show hand
*** SUMMARY ***
Total pot $12 | Rake $0.24
Board [4c 6c Tc Qc]
Seat 1: ABATAPP (button) (small blind) collected ($11.76)
Seat 5: rextorex (big blind) folded on the Turn


PokerStars Hand #163146652644:  Hold'em Limit ($3/$6 USD) - 2016/12/18 13:16:32 ET
Table 'Genevieve' 6-max Seat #5 is the button
Seat 1: ABATAPP ($168.25 in chips)
Seat 5: rextorex ($37.07 in chips)
rextorex: posts small blind $1
ABATAPP: posts big blind $3
*** HOLE CARDS ***
rextorex: folds
Uncalled bet ($2) returned to ABATAPP
ABATAPP collected $2 from pot
ABATAPP: doesn't show hand
*** SUMMARY ***
Total pot $2 | Rake $0
Seat 1: ABATAPP (big blind) collected ($2)
Seat 5: rextorex (button) (small blind) folded before Flop


PokerStars Hand #163146646686:  Hold'em Limit ($3/$6 USD) - 2016/12/18 13:16:26 ET
Table 'Genevieve' 6-max Seat #1 is the button
Seat 1: ABATAPP ($169.25 in chips)
Seat 5: rextorex ($36.07 in chips)
ABATAPP: posts small blind $1
rextorex: posts big blind $3
*** HOLE CARDS ***
ABATAPP: folds
Uncalled bet ($2) returned to rextorex
rextorex collected $2 from pot
rextorex: doesn't show hand
*** SUMMARY ***
Total pot $2 | Rake $0
Seat 1: ABATAPP (button) (small blind) folded before Flop
Seat 5: rextorex (big blind) collected ($2)


PokerStars Hand #163146624828:  Hold'em Limit ($3/$6 USD) - 2016/12/18 13:16:06 ET
Table 'Genevieve' 6-max Seat #5 is the button
Seat 1: ABATAPP ($154.75 in chips)
Seat 5: rextorex ($51.07 in chips)
rextorex: posts small blind $1
ABATAPP: posts big blind $3
*** HOLE CARDS ***
rextorex: raises $3 to $6
ABATAPP: calls $3
*** FLOP *** [8h 5h 2h]
ABATAPP: checks
rextorex: bets $3
ABATAPP: calls $3
*** TURN *** [8h 5h 2h] [9c]
ABATAPP: checks
rextorex: bets $6
ABATAPP: calls $6
*** RIVER *** [8h 5h 2h 9c] [3d]
ABATAPP: checks
rextorex: checks
*** SHOW DOWN ***
ABATAPP: shows [5c 6h] (a pair of Fives)
rextorex: mucks hand
ABATAPP collected $29.50 from pot
*** SUMMARY ***
Total pot $30 | Rake $0.50
Board [8h 5h 2h 9c 3d]
Seat 1: ABATAPP (big blind) showed [5c 6h] and won ($29.50) with a pair of Fives
Seat 5: rextorex (button) (small blind) mucked


