PokerStars Hand #145302927333:  Hold'em Limit ($3/$6 USD) - 2015/12/13 17:32:33 ET
Table 'Genevieve II' 6-max Seat #4 is the button
Seat 4: iNMYMEMORYtt ($85.50 in chips)
Seat 5: AzureCaper ($73.88 in chips)
iNMYMEMORYtt: posts small blind $1
AzureCaper: posts big blind $3
*** HOLE CARDS ***
iNMYMEMORYtt: folds
Uncalled bet ($2) returned to AzureCaper
AzureCaper collected $2 from pot
AzureCaper: doesn't show hand
*** SUMMARY ***
Total pot $2 | Rake $0
Seat 4: iNMYMEMORYtt (button) (small blind) folded before Flop
Seat 5: AzureCaper (big blind) collected ($2)


PokerStars Hand #145302920389:  Hold'em Limit ($3/$6 USD) - 2015/12/13 17:32:25 ET
Table 'Genevieve II' 6-max Seat #5 is the button
Seat 4: iNMYMEMORYtt ($84.50 in chips)
Seat 5: AzureCaper ($74.88 in chips)
AzureCaper: posts small blind $1
iNMYMEMORYtt: posts big blind $3
*** HOLE CARDS ***
jellina_10 joins the table at seat #3
AzureCaper: folds
Uncalled bet ($2) returned to iNMYMEMORYtt
iNMYMEMORYtt collected $2 from pot
*** SUMMARY ***
Total pot $2 | Rake $0
Seat 4: iNMYMEMORYtt (big blind) collected ($2)
Seat 5: AzureCaper (button) (small blind) folded before Flop


PokerStars Hand #145302912768:  Hold'em Limit ($3/$6 USD) - 2015/12/13 17:32:17 ET
Table 'Genevieve II' 6-max Seat #4 is the button
Seat 4: iNMYMEMORYtt ($87.50 in chips)
Seat 5: AzureCaper ($72 in chips)
iNMYMEMORYtt: posts small blind $1
AzureCaper: posts big blind $3
*** HOLE CARDS ***
iNMYMEMORYtt: calls $2
AzureCaper: checks
*** FLOP *** [4d Kd 8h]
AzureCaper: bets $3
iNMYMEMORYtt: folds
Uncalled bet ($3) returned to AzureCaper
AzureCaper collected $5.88 from pot
AzureCaper: doesn't show hand
*** SUMMARY ***
Total pot $6 | Rake $0.12
Board [4d Kd 8h]
Seat 4: iNMYMEMORYtt (button) (small blind) folded on the Flop
Seat 5: AzureCaper (big blind) collected ($5.88)


PokerStars Hand #145302908708:  Hold'em Limit ($3/$6 USD) - 2015/12/13 17:32:12 ET
Table 'Genevieve II' 6-max Seat #5 is the button
Seat 4: iNMYMEMORYtt ($86.50 in chips)
Seat 5: AzureCaper ($72 in chips)
AzureCaper: posts small blind $1
iNMYMEMORYtt: posts big blind $3
*** HOLE CARDS ***
AzureCaper: folds
Uncalled bet ($2) returned to iNMYMEMORYtt
iNMYMEMORYtt collected $2 from pot
*** SUMMARY ***
Total pot $2 | Rake $0
Seat 4: iNMYMEMORYtt (big blind) collected ($2)
Seat 5: AzureCaper (button) (small blind) folded before Flop


