PokerStars Hand #149674046906:  Hold'em Limit ($3/$6 USD) - 2016/03/01 12:46:28 ET
Table 'Genoveva II' 6-max Seat #6 is the button
Seat 3: Ale4o ($102.09 in chips)
Seat 6: Krillekruka ($151.87 in chips)
Krillekruka: posts small blind $1
AzureCaper: is sitting out
Ale4o: posts big blind $3
*** HOLE CARDS ***
AzureCaper leaves the table
Krillekruka: raises $3 to $6
Ale4o: folds
Uncalled bet ($3) returned to Krillekruka
Krillekruka collected $6 from pot
*** SUMMARY ***
Total pot $6 | Rake $0
Seat 3: Ale4o (big blind) folded before Flop
Seat 6: Krillekruka (button) (small blind) collected ($6)


PokerStars Hand #149674058114:  Hold'em Limit ($3/$6 USD) - 2016/03/01 12:46:40 ET
Table 'Genoveva II' 6-max Seat #3 is the button
Seat 3: Ale4o ($99.09 in chips)
Seat 6: Krillekruka ($154.87 in chips)
Ale4o: posts small blind $1
Krillekruka: posts big blind $3
*** HOLE CARDS ***
Ale4o: raises $3 to $6
Krillekruka: calls $3
*** FLOP *** [4h 9h 4c]
Krillekruka: checks
Ale4o: checks
*** TURN *** [4h 9h 4c] [Js]
Krillekruka: checks
Ale4o: checks
*** RIVER *** [4h 9h 4c Js] [Qs]
Krillekruka: bets $6
Ale4o: folds
Uncalled bet ($6) returned to Krillekruka
Krillekruka collected $11.76 from pot
Krillekruka: doesn't show hand
*** SUMMARY ***
Total pot $12 | Rake $0.24
Board [4h 9h 4c Js Qs]
Seat 3: Ale4o (button) (small blind) folded on the River
Seat 6: Krillekruka (big blind) collected ($11.76)


