PokerStars Hand #167981430311:  Hold'em Limit ($3/$6 USD) - 2017/03/23 1:21:21 ET
Table 'Genoveva' 6-max Seat #1 is the button
Seat 1: VolkovDmitri ($120 in chips)
Seat 3: habari786 ($62.76 in chips)
VolkovDmitri: posts small blind $1
habari786: posts big blind $3
*** HOLE CARDS ***
VolkovDmitri: raises $3 to $6
habari786: raises $3 to $9
VolkovDmitri: calls $3
*** FLOP *** [3c Jc 8h]
habari786: bets $3
VolkovDmitri: calls $3
*** TURN *** [3c Jc 8h] [4c]
habari786: bets $6
VolkovDmitri: calls $6
*** RIVER *** [3c Jc 8h 4c] [9s]
habari786: bets $6
VolkovDmitri: calls $6
*** SHOW DOWN ***
habari786: shows [As 7c] (high card Ace)
VolkovDmitri: shows [Qc 3s] (a pair of Threes)
VolkovDmitri collected $47.50 from pot
*** SUMMARY ***
Total pot $48 | Rake $0.50
Board [3c Jc 8h 4c 9s]
Seat 1: VolkovDmitri (button) (small blind) showed [Qc 3s] and won ($47.50) with a pair of Threes
Seat 3: habari786 (big blind) showed [As 7c] and lost with high card Ace


PokerStars Hand #167981426668:  Hold'em Limit ($3/$6 USD) - 2017/03/23 1:21:07 ET
Table 'Genoveva' 6-max Seat #3 is the button
Seat 1: VolkovDmitri ($123 in chips)
Seat 3: habari786 ($57 in chips)
habari786: posts small blind $1
VolkovDmitri: posts big blind $3
*** HOLE CARDS ***
habari786: raises $3 to $6
VolkovDmitri: calls $3
*** FLOP *** [Jh 5s 3d]
VolkovDmitri: checks
habari786: bets $3
VolkovDmitri: folds
Uncalled bet ($3) returned to habari786
habari786 collected $11.76 from pot
habari786: doesn't show hand
*** SUMMARY ***
Total pot $12 | Rake $0.24
Board [Jh 5s 3d]
Seat 1: VolkovDmitri (big blind) folded on the Flop
Seat 3: habari786 (button) (small blind) collected ($11.76)


PokerStars Hand #167981424763:  Hold'em Limit ($3/$6 USD) - 2017/03/23 1:20:59 ET
Table 'Genoveva' 6-max Seat #1 is the button
Seat 1: VolkovDmitri ($120 in chips)
Seat 3: habari786 ($60 in chips)
VolkovDmitri: posts small blind $1
habari786: posts big blind $3
*** HOLE CARDS ***
VolkovDmitri: raises $3 to $6
habari786: folds
Uncalled bet ($3) returned to VolkovDmitri
VolkovDmitri collected $6 from pot
VolkovDmitri: doesn't show hand
*** SUMMARY ***
Total pot $6 | Rake $0
Seat 1: VolkovDmitri (button) (small blind) collected ($6)
Seat 3: habari786 (big blind) folded before Flop


PokerStars Hand #167981438155:  Hold'em Limit ($3/$6 USD) - 2017/03/23 1:21:52 ET
Table 'Genoveva' 6-max Seat #3 is the button
Seat 1: VolkovDmitri ($143.50 in chips)
Seat 3: habari786 ($38.76 in chips)
habari786: posts small blind $1
VolkovDmitri: posts big blind $3
*** HOLE CARDS ***
habari786: raises $3 to $6
VolkovDmitri: raises $3 to $9
habari786: calls $3
*** FLOP *** [Ad As Ah]
VolkovDmitri: bets $3
habari786: calls $3
*** TURN *** [Ad As Ah] [7c]
VolkovDmitri: bets $6
habari786: folds
Uncalled bet ($6) returned to VolkovDmitri
VolkovDmitri collected $23.52 from pot
VolkovDmitri: doesn't show hand
*** SUMMARY ***
Total pot $24 | Rake $0.48
Board [Ad As Ah 7c]
Seat 1: VolkovDmitri (big blind) collected ($23.52)
Seat 3: habari786 (button) (small blind) folded on the Turn


PokerStars Hand #167981456244:  Hold'em Limit ($3/$6 USD) - 2017/03/23 1:23:04 ET
Table 'Genoveva' 6-max Seat #1 is the button
Seat 1: VolkovDmitri ($182.28 in chips)
Seat 3: habari786 ($59 in chips)
VolkovDmitri: posts small blind $1
habari786: posts big blind $3
*** HOLE CARDS ***
VolkovDmitri: raises $3 to $6
habari786: folds
Uncalled bet ($3) returned to VolkovDmitri
VolkovDmitri collected $6 from pot
VolkovDmitri: doesn't show hand
*** SUMMARY ***
Total pot $6 | Rake $0
Seat 1: VolkovDmitri (button) (small blind) collected ($6)
Seat 3: habari786 (big blind) folded before Flop


PokerStars Hand #167981454806:  Hold'em Limit ($3/$6 USD) - 2017/03/23 1:22:59 ET
Table 'Genoveva' 6-max Seat #3 is the button
Seat 1: VolkovDmitri ($181.28 in chips)
Seat 3: habari786 ($60 in chips)
habari786: posts small blind $1
VolkovDmitri: posts big blind $3
*** HOLE CARDS ***
habari786: folds
Uncalled bet ($2) returned to VolkovDmitri
VolkovDmitri collected $2 from pot
VolkovDmitri: doesn't show hand
*** SUMMARY ***
Total pot $2 | Rake $0
Seat 1: VolkovDmitri (big blind) collected ($2)
Seat 3: habari786 (button) (small blind) folded before Flop


PokerStars Hand #167981443457:  Hold'em Limit ($3/$6 USD) - 2017/03/23 1:22:13 ET
Table 'Genoveva' 6-max Seat #1 is the button
Seat 1: VolkovDmitri ($155.02 in chips)
Seat 3: habari786 ($26.76 in chips)
VolkovDmitri: posts small blind $1
habari786: posts big blind $3
*** HOLE CARDS ***
VolkovDmitri: raises $3 to $6
habari786: calls $3
*** FLOP *** [As Tc 4d]
habari786: checks
VolkovDmitri: bets $3
habari786: calls $3
*** TURN *** [As Tc 4d] [9h]
habari786: checks
VolkovDmitri: bets $6
habari786: calls $6
*** RIVER *** [As Tc 4d 9h] [Ac]
habari786: bets $6
VolkovDmitri: raises $6 to $12
habari786: calls $5.76 and is all-in
Uncalled bet ($0.24) returned to VolkovDmitri
*** SHOW DOWN ***
VolkovDmitri: shows [Ah Qs] (three of a kind, Aces)
habari786: shows [4s Ks] (two pair, Aces and Fours)
VolkovDmitri collected $53.02 from pot
*** SUMMARY ***
Total pot $53.52 | Rake $0.50
Board [As Tc 4d 9h Ac]
Seat 1: VolkovDmitri (button) (small blind) showed [Ah Qs] and won ($53.02) with three of a kind, Aces
Seat 3: habari786 (big blind) showed [4s Ks] and lost with two pair, Aces and Fours


PokerStars Hand #167981459223:  Hold'em Limit ($3/$6 USD) - 2017/03/23 1:23:17 ET
Table 'Genoveva' 6-max Seat #3 is the button
Seat 1: VolkovDmitri ($185.28 in chips)
Seat 3: habari786 ($56 in chips)
habari786: posts small blind $1
VolkovDmitri: posts big blind $3
*** HOLE CARDS ***
habari786: raises $3 to $6
VolkovDmitri: calls $3
*** FLOP *** [2h Qh Jc]
VolkovDmitri: checks
habari786: bets $3
VolkovDmitri: calls $3
*** TURN *** [2h Qh Jc] [4c]
VolkovDmitri: checks
habari786: checks
*** RIVER *** [2h Qh Jc 4c] [8c]
VolkovDmitri: bets $6
habari786: raises $6 to $12
VolkovDmitri: folds
Uncalled bet ($6) returned to habari786
habari786 collected $29.50 from pot
habari786: doesn't show hand
*** SUMMARY ***
Total pot $30 | Rake $0.50
Board [2h Qh Jc 4c 8c]
Seat 1: VolkovDmitri (big blind) folded on the River
Seat 3: habari786 (button) (small blind) collected ($29.50)


PokerStars Hand #167981496817:  Hold'em Limit ($3/$6 USD) - 2017/03/23 1:25:46 ET
Table 'Genoveva' 6-max Seat #1 is the button
Seat 1: VolkovDmitri ($166.78 in chips)
Seat 3: habari786 ($73 in chips)
VolkovDmitri: posts small blind $1
habari786: posts big blind $3
*** HOLE CARDS ***
VolkovDmitri: raises $3 to $6
habari786: folds
Uncalled bet ($3) returned to VolkovDmitri
VolkovDmitri collected $6 from pot
VolkovDmitri: doesn't show hand
*** SUMMARY ***
Total pot $6 | Rake $0
Seat 1: VolkovDmitri (button) (small blind) collected ($6)
Seat 3: habari786 (big blind) folded before Flop


PokerStars Hand #167981484684:  Hold'em Limit ($3/$6 USD) - 2017/03/23 1:24:58 ET
Table 'Genoveva' 6-max Seat #3 is the button
Seat 1: VolkovDmitri ($190.78 in chips)
Seat 3: habari786 ($49.50 in chips)
habari786: posts small blind $1
VolkovDmitri: posts big blind $3
*** HOLE CARDS ***
habari786: raises $3 to $6
VolkovDmitri: raises $3 to $9
habari786: calls $3
*** FLOP *** [2h 9s Th]
VolkovDmitri: bets $3
habari786: calls $3
*** TURN *** [2h 9s Th] [Qh]
VolkovDmitri: checks
habari786: bets $6
VolkovDmitri: calls $6
*** RIVER *** [2h 9s Th Qh] [4h]
VolkovDmitri: checks
habari786: bets $6
VolkovDmitri: calls $6
*** SHOW DOWN ***
habari786: shows [Qd Kh] (a flush, King high)
VolkovDmitri: mucks hand
habari786 collected $47.50 from pot
*** SUMMARY ***
Total pot $48 | Rake $0.50
Board [2h 9s Th Qh 4h]
Seat 1: VolkovDmitri (big blind) mucked
Seat 3: habari786 (button) (small blind) showed [Qd Kh] and won ($47.50) with a flush, King high


PokerStars Hand #167981474783:  Hold'em Limit ($3/$6 USD) - 2017/03/23 1:24:18 ET
Table 'Genoveva' 6-max Seat #1 is the button
Seat 1: VolkovDmitri ($170.28 in chips)
Seat 3: habari786 ($70.50 in chips)
VolkovDmitri: posts small blind $1
habari786: posts big blind $3
*** HOLE CARDS ***
VolkovDmitri: raises $3 to $6
habari786: calls $3
*** FLOP *** [3s 8d Kh]
habari786: checks
VolkovDmitri: bets $3
habari786: calls $3
*** TURN *** [3s 8d Kh] [Ac]
habari786: checks
VolkovDmitri: bets $6
habari786: calls $6
*** RIVER *** [3s 8d Kh Ac] [4s]
habari786: checks
VolkovDmitri: bets $6
habari786: calls $6
*** SHOW DOWN ***
VolkovDmitri: shows [Ah 6c] (a pair of Aces)
habari786: mucks hand
VolkovDmitri collected $41.50 from pot
*** SUMMARY ***
Total pot $42 | Rake $0.50
Board [3s 8d Kh Ac 4s]
Seat 1: VolkovDmitri (button) (small blind) showed [Ah 6c] and won ($41.50) with a pair of Aces
Seat 3: habari786 (big blind) mucked


PokerStars Hand #167981498754:  Hold'em Limit ($3/$6 USD) - 2017/03/23 1:25:54 ET
Table 'Genoveva' 6-max Seat #3 is the button
Seat 1: VolkovDmitri ($169.78 in chips)
Seat 3: habari786 ($70 in chips)
habari786: posts small blind $1
VolkovDmitri: posts big blind $3
*** HOLE CARDS ***
habari786: folds
Uncalled bet ($2) returned to VolkovDmitri
VolkovDmitri collected $2 from pot
VolkovDmitri: doesn't show hand
*** SUMMARY ***
Total pot $2 | Rake $0
Seat 1: VolkovDmitri (big blind) collected ($2)
Seat 3: habari786 (button) (small blind) folded before Flop


PokerStars Hand #167981499975:  Hold'em Limit ($3/$6 USD) - 2017/03/23 1:25:59 ET
Table 'Genoveva' 6-max Seat #1 is the button
Seat 1: VolkovDmitri ($170.78 in chips)
Seat 3: habari786 ($69 in chips)
VolkovDmitri: posts small blind $1
habari786: posts big blind $3
*** HOLE CARDS ***
VolkovDmitri: raises $3 to $6
habari786: calls $3
*** FLOP *** [9h 7c Jh]
habari786: checks
VolkovDmitri: bets $3
habari786: folds
Uncalled bet ($3) returned to VolkovDmitri
VolkovDmitri collected $11.76 from pot
*** SUMMARY ***
Total pot $12 | Rake $0.24
Board [9h 7c Jh]
Seat 1: VolkovDmitri (button) (small blind) collected ($11.76)
Seat 3: habari786 (big blind) folded on the Flop


PokerStars Hand #167981503428:  Hold'em Limit ($3/$6 USD) - 2017/03/23 1:26:13 ET
Table 'Genoveva' 6-max Seat #3 is the button
Seat 1: VolkovDmitri ($176.54 in chips)
Seat 3: habari786 ($63 in chips)
habari786: posts small blind $1
VolkovDmitri: posts big blind $3
*** HOLE CARDS ***
habari786: raises $3 to $6
VolkovDmitri: calls $3
*** FLOP *** [Th 2c Qd]
VolkovDmitri: checks
habari786: bets $3
VolkovDmitri: calls $3
*** TURN *** [Th 2c Qd] [6s]
VolkovDmitri: checks
habari786: bets $6
VolkovDmitri: calls $6
*** RIVER *** [Th 2c Qd 6s] [3h]
VolkovDmitri: checks
habari786: checks
*** SHOW DOWN ***
VolkovDmitri: shows [3s Tc] (two pair, Tens and Threes)
habari786: mucks hand
VolkovDmitri collected $29.50 from pot
*** SUMMARY ***
Total pot $30 | Rake $0.50
Board [Th 2c Qd 6s 3h]
Seat 1: VolkovDmitri (big blind) showed [3s Tc] and won ($29.50) with two pair, Tens and Threes
Seat 3: habari786 (button) (small blind) mucked


PokerStars Hand #167981514447:  Hold'em Limit ($3/$6 USD) - 2017/03/23 1:26:58 ET
Table 'Genoveva' 6-max Seat #1 is the button
Seat 1: VolkovDmitri ($191.04 in chips)
Seat 3: habari786 ($48 in chips)
VolkovDmitri: posts small blind $1
habari786: posts big blind $3
*** HOLE CARDS ***
VolkovDmitri: raises $3 to $6
habari786: calls $3
*** FLOP *** [Tc 3d Jc]
habari786: checks
VolkovDmitri: bets $3
habari786: raises $3 to $6
VolkovDmitri: calls $3
*** TURN *** [Tc 3d Jc] [Qd]
habari786: checks
VolkovDmitri: bets $6
habari786: calls $6
*** RIVER *** [Tc 3d Jc Qd] [2c]
habari786: checks
VolkovDmitri: checks
*** SHOW DOWN ***
habari786: shows [9c Js] (a pair of Jacks)
VolkovDmitri: mucks hand
habari786 collected $35.50 from pot
*** SUMMARY ***
Total pot $36 | Rake $0.50
Board [Tc 3d Jc Qd 2c]
Seat 1: VolkovDmitri (button) (small blind) mucked
Seat 3: habari786 (big blind) showed [9c Js] and won ($35.50) with a pair of Jacks


PokerStars Hand #167981522353:  Hold'em Limit ($3/$6 USD) - 2017/03/23 1:27:29 ET
Table 'Genoveva' 6-max Seat #3 is the button
Seat 1: VolkovDmitri ($173.04 in chips)
Seat 3: habari786 ($65.50 in chips)
habari786: posts small blind $1
VolkovDmitri: posts big blind $3
*** HOLE CARDS ***
habari786: raises $3 to $6
VolkovDmitri: calls $3
*** FLOP *** [Jc As Jh]
VolkovDmitri: checks
habari786: bets $3
VolkovDmitri: raises $3 to $6
habari786: folds
Uncalled bet ($3) returned to VolkovDmitri
VolkovDmitri collected $17.64 from pot
VolkovDmitri: doesn't show hand
*** SUMMARY ***
Total pot $18 | Rake $0.36
Board [Jc As Jh]
Seat 1: VolkovDmitri (big blind) collected ($17.64)
Seat 3: habari786 (button) (small blind) folded on the Flop


PokerStars Hand #167981535339:  Hold'em Limit ($3/$6 USD) - 2017/03/23 1:28:22 ET
Table 'Genoveva' 6-max Seat #3 is the button
Seat 1: VolkovDmitri ($209.18 in chips)
Seat 3: habari786 ($28.50 in chips)
habari786: posts small blind $1
VolkovDmitri: posts big blind $3
*** HOLE CARDS ***
habari786: raises $3 to $6
VolkovDmitri: calls $3
*** FLOP *** [Js Ks 9c]
VolkovDmitri: checks
habari786: checks
*** TURN *** [Js Ks 9c] [Qd]
VolkovDmitri: checks
habari786: checks
*** RIVER *** [Js Ks 9c Qd] [As]
VolkovDmitri: checks
habari786: checks
*** SHOW DOWN ***
VolkovDmitri: shows [5c 7h] (high card Ace)
habari786: shows [8h Ac] (a pair of Aces)
habari786 collected $11.76 from pot
*** SUMMARY ***
Total pot $12 | Rake $0.24
Board [Js Ks 9c Qd As]
Seat 1: VolkovDmitri (big blind) showed [5c 7h] and lost with high card Ace
Seat 3: habari786 (button) (small blind) showed [8h Ac] and won ($11.76) with a pair of Aces


PokerStars Hand #167981532677:  Hold'em Limit ($3/$6 USD) - 2017/03/23 1:28:11 ET
Table 'Genoveva' 6-max Seat #3 is the button
Seat 1: VolkovDmitri ($205.18 in chips)
Seat 3: habari786 ($32.50 in chips)
habari786: posts small blind $1
VolkovDmitri: posts big blind $3
*** HOLE CARDS ***
habari786: folds
Uncalled bet ($2) returned to VolkovDmitri
VolkovDmitri collected $2 from pot
VolkovDmitri: doesn't show hand
*** SUMMARY ***
Total pot $2 | Rake $0
Seat 1: VolkovDmitri (big blind) collected ($2)
Seat 3: habari786 (button) (small blind) folded before Flop


PokerStars Hand #167981527131:  Hold'em Limit ($3/$6 USD) - 2017/03/23 1:27:48 ET
Table 'Genoveva' 6-max Seat #1 is the button
Seat 1: VolkovDmitri ($181.68 in chips)
Seat 3: habari786 ($56.50 in chips)
VolkovDmitri: posts small blind $1
habari786: posts big blind $3
*** HOLE CARDS ***
VolkovDmitri: raises $3 to $6
habari786: raises $3 to $9
VolkovDmitri: calls $3
*** FLOP *** [6d Ts Js]
habari786: bets $3
VolkovDmitri: calls $3
*** TURN *** [6d Ts Js] [7s]
habari786: bets $6
VolkovDmitri: calls $6
*** RIVER *** [6d Ts Js 7s] [Qd]
habari786: bets $6
VolkovDmitri: calls $6
*** SHOW DOWN ***
habari786: shows [As 9h] (high card Ace)
VolkovDmitri: shows [Ad Qs] (a pair of Queens)
VolkovDmitri collected $47.50 from pot
*** SUMMARY ***
Total pot $48 | Rake $0.50
Board [6d Ts Js 7s Qd]
Seat 1: VolkovDmitri (button) (small blind) showed [Ad Qs] and won ($47.50) with a pair of Queens
Seat 3: habari786 (big blind) showed [As 9h] and lost with high card Ace


PokerStars Hand #167981533995:  Hold'em Limit ($3/$6 USD) - 2017/03/23 1:28:16 ET
Table 'Genoveva' 6-max Seat #1 is the button
Seat 1: VolkovDmitri ($206.18 in chips)
Seat 3: habari786 ($31.50 in chips)
VolkovDmitri: posts small blind $1
habari786: posts big blind $3
*** HOLE CARDS ***
VolkovDmitri: raises $3 to $6
habari786: folds
Uncalled bet ($3) returned to VolkovDmitri
VolkovDmitri collected $6 from pot
VolkovDmitri: doesn't show hand
*** SUMMARY ***
Total pot $6 | Rake $0
Seat 1: VolkovDmitri (button) (small blind) collected ($6)
Seat 3: habari786 (big blind) folded before Flop


PokerStars Hand #167981541786:  Hold'em Limit ($3/$6 USD) - 2017/03/23 1:28:48 ET
Table 'Genoveva' 6-max Seat #1 is the button
Seat 1: VolkovDmitri ($203.18 in chips)
Seat 3: habari786 ($34.26 in chips)
VolkovDmitri: posts small blind $1
habari786: posts big blind $3
*** HOLE CARDS ***
VolkovDmitri: raises $3 to $6
habari786: calls $3
*** FLOP *** [Kc 3s 2h]
habari786: checks
VolkovDmitri: bets $3
habari786: calls $3
*** TURN *** [Kc 3s 2h] [2c]
habari786: checks
VolkovDmitri: checks
*** RIVER *** [Kc 3s 2h 2c] [9h]
habari786: bets $6
VolkovDmitri: calls $6
*** SHOW DOWN ***
habari786: shows [7d Kh] (two pair, Kings and Deuces)
VolkovDmitri: mucks hand
habari786 collected $29.50 from pot
*** SUMMARY ***
Total pot $30 | Rake $0.50
Board [Kc 3s 2h 2c 9h]
Seat 1: VolkovDmitri (button) (small blind) mucked
Seat 3: habari786 (big blind) showed [7d Kh] and won ($29.50) with two pair, Kings and Deuces


PokerStars Hand #167981554100:  Hold'em Limit ($3/$6 USD) - 2017/03/23 1:29:37 ET
Table 'Genoveva' 6-max Seat #1 is the button
Seat 1: VolkovDmitri ($193.94 in chips)
Seat 3: habari786 ($42.76 in chips)
VolkovDmitri: posts small blind $1
habari786: posts big blind $3
*** HOLE CARDS ***
VolkovDmitri: raises $3 to $6
Scheubi88 joins the table at seat #4
habari786: calls $3
*** FLOP *** [7h Qc 4c]
habari786: bets $3
VolkovDmitri: calls $3
*** TURN *** [7h Qc 4c] [Kd]
habari786: bets $6
VolkovDmitri: calls $6
*** RIVER *** [7h Qc 4c Kd] [Kh]
habari786: bets $6
VolkovDmitri: calls $6
*** SHOW DOWN ***
habari786: shows [6s Ad] (a pair of Kings)
VolkovDmitri: shows [Qd Jd] (two pair, Kings and Queens)
VolkovDmitri collected $41.50 from pot
*** SUMMARY ***
Total pot $42 | Rake $0.50
Board [7h Qc 4c Kd Kh]
Seat 1: VolkovDmitri (button) (small blind) showed [Qd Jd] and won ($41.50) with two pair, Kings and Queens
Seat 3: habari786 (big blind) showed [6s Ad] and lost with a pair of Kings


