PokerStars Hand #145704951868:  Hold'em Limit ($3/$6 USD) - 2015/12/21 15:50:28 ET
Table 'Genoveva III' 2-max Seat #1 is the button
Seat 1: snegr22 ($42.56 in chips)
Seat 2: ChrisTuff ($125.76 in chips)
snegr22: posts small blind $1
ChrisTuff: posts big blind $3
*** HOLE CARDS ***
snegr22: raises $3 to $6
ChrisTuff: calls $3
*** FLOP *** [2h Qc 4h]
ChrisTuff: checks
snegr22: bets $3
ChrisTuff: calls $3
*** TURN *** [2h Qc 4h] [3h]
ChrisTuff: checks
snegr22: checks
*** RIVER *** [2h Qc 4h 3h] [6c]
ChrisTuff: bets $6
snegr22: calls $6
*** SHOW DOWN ***
ChrisTuff: shows [4s Ac] (a pair of Fours)
snegr22: mucks hand
ChrisTuff collected $29.50 from pot
*** SUMMARY ***
Total pot $30 | Rake $0.50
Board [2h Qc 4h 3h 6c]
Seat 1: snegr22 (button) (small blind) mucked
Seat 2: ChrisTuff (big blind) showed [4s Ac] and won ($29.50) with a pair of Fours


PokerStars Hand #145705015648:  Hold'em Limit ($3/$6 USD) - 2015/12/21 15:51:34 ET
Table 'Genoveva III' 2-max Seat #1 is the button
Seat 1: snegr22 ($29.84 in chips)
Seat 2: ChrisTuff ($136.76 in chips)
snegr22: posts small blind $1
ChrisTuff: posts big blind $3
*** HOLE CARDS ***
snegr22: calls $2
ChrisTuff: raises $3 to $6
snegr22: calls $3
*** FLOP *** [Jh Qs 9c]
ChrisTuff: bets $3
snegr22: calls $3
*** TURN *** [Jh Qs 9c] [6h]
ChrisTuff: bets $6
snegr22: calls $6
*** RIVER *** [Jh Qs 9c 6h] [6s]
ChrisTuff: bets $6
snegr22: folds
Uncalled bet ($6) returned to ChrisTuff
ChrisTuff collected $29.50 from pot
ChrisTuff: doesn't show hand
*** SUMMARY ***
Total pot $30 | Rake $0.50
Board [Jh Qs 9c 6h 6s]
Seat 1: snegr22 (button) (small blind) folded on the River
Seat 2: ChrisTuff (big blind) collected ($29.50)


PokerStars Hand #145704970224:  Hold'em Limit ($3/$6 USD) - 2015/12/21 15:50:47 ET
Table 'Genoveva III' 2-max Seat #2 is the button
Seat 1: snegr22 ($27.56 in chips)
Seat 2: ChrisTuff ($140.26 in chips)
ChrisTuff: posts small blind $1
snegr22: posts big blind $3
*** HOLE CARDS ***
ChrisTuff: raises $3 to $6
snegr22: calls $3
*** FLOP *** [Kh 5s 2d]
snegr22: checks
ChrisTuff: bets $3
snegr22: calls $3
*** TURN *** [Kh 5s 2d] [8d]
snegr22: checks
ChrisTuff: checks
*** RIVER *** [Kh 5s 2d 8d] [Js]
snegr22: checks
ChrisTuff: checks
*** SHOW DOWN ***
snegr22: shows [7h 2s] (a pair of Deuces)
ChrisTuff: mucks hand
snegr22 collected $17.64 from pot
*** SUMMARY ***
Total pot $18 | Rake $0.36
Board [Kh 5s 2d 8d Js]
Seat 1: snegr22 (big blind) showed [7h 2s] and won ($17.64) with a pair of Deuces
Seat 2: ChrisTuff (button) (small blind) mucked


PokerStars Hand #145704985225:  Hold'em Limit ($3/$6 USD) - 2015/12/21 15:51:02 ET
Table 'Genoveva III' 2-max Seat #1 is the button
Seat 1: snegr22 ($36.20 in chips)
Seat 2: ChrisTuff ($131.26 in chips)
snegr22: posts small blind $1
ChrisTuff: posts big blind $3
*** HOLE CARDS ***
snegr22: calls $2
ChrisTuff: raises $3 to $6
snegr22: calls $3
*** FLOP *** [8s Qs 4d]
ChrisTuff: bets $3
snegr22: calls $3
*** TURN *** [8s Qs 4d] [8h]
ChrisTuff: bets $6
snegr22: calls $6
*** RIVER *** [8s Qs 4d 8h] [4c]
ChrisTuff: bets $6
snegr22: folds
Uncalled bet ($6) returned to ChrisTuff
ChrisTuff collected $29.50 from pot
ChrisTuff: doesn't show hand
*** SUMMARY ***
Total pot $30 | Rake $0.50
Board [8s Qs 4d 8h 4c]
Seat 1: snegr22 (button) (small blind) folded on the River
Seat 2: ChrisTuff (big blind) collected ($29.50)


PokerStars Hand #145705003469:  Hold'em Limit ($3/$6 USD) - 2015/12/21 15:51:22 ET
Table 'Genoveva III' 2-max Seat #2 is the button
Seat 1: snegr22 ($21.20 in chips)
Seat 2: ChrisTuff ($145.76 in chips)
ChrisTuff: posts small blind $1
snegr22: posts big blind $3
*** HOLE CARDS ***
ChrisTuff: raises $3 to $6
snegr22: raises $3 to $9
ChrisTuff: calls $3
*** FLOP *** [Qc 4s 3d]
snegr22: bets $3
ChrisTuff: folds
Uncalled bet ($3) returned to snegr22
snegr22 collected $17.64 from pot
*** SUMMARY ***
Total pot $18 | Rake $0.36
Board [Qc 4s 3d]
Seat 1: snegr22 (big blind) collected ($17.64)
Seat 2: ChrisTuff (button) (small blind) folded on the Flop


PokerStars Hand #145705057685:  Hold'em Limit ($3/$6 USD) - 2015/12/21 15:52:17 ET
Table 'Genoveva III' 2-max Seat #1 is the button
Seat 1: snegr22 ($29.18 in chips)
Seat 2: ChrisTuff ($136.42 in chips)
snegr22: posts small blind $1
ChrisTuff: posts big blind $3
*** HOLE CARDS ***
snegr22: folds
Uncalled bet ($2) returned to ChrisTuff
ChrisTuff collected $2 from pot
ChrisTuff: doesn't show hand
*** SUMMARY ***
Total pot $2 | Rake $0
Seat 1: snegr22 (button) (small blind) folded before Flop
Seat 2: ChrisTuff (big blind) collected ($2)


PokerStars Hand #145705032779:  Hold'em Limit ($3/$6 USD) - 2015/12/21 15:51:52 ET
Table 'Genoveva III' 2-max Seat #2 is the button
Seat 1: snegr22 ($14.84 in chips)
Seat 2: ChrisTuff ($151.26 in chips)
ChrisTuff: posts small blind $1
snegr22: posts big blind $3
*** HOLE CARDS ***
ChrisTuff: raises $3 to $6
snegr22: raises $3 to $9
ChrisTuff: calls $3
*** FLOP *** [2h 9d Js]
snegr22: bets $3
ChrisTuff: calls $3
*** TURN *** [2h 9d Js] [6s]
snegr22: bets $2.84 and is all-in
ChrisTuff: calls $2.84
*** RIVER *** [2h 9d Js 6s] [Kc]
*** SHOW DOWN ***
snegr22: shows [Qs Kd] (a pair of Kings)
ChrisTuff: shows [Th 6h] (a pair of Sixes)
snegr22 collected $29.18 from pot
*** SUMMARY ***
Total pot $29.68 | Rake $0.50
Board [2h 9d Js 6s Kc]
Seat 1: snegr22 (big blind) showed [Qs Kd] and won ($29.18) with a pair of Kings
Seat 2: ChrisTuff (button) (small blind) showed [Th 6h] and lost with a pair of Sixes


PokerStars Hand #145705062376:  Hold'em Limit ($3/$6 USD) - 2015/12/21 15:52:22 ET
Table 'Genoveva III' 2-max Seat #2 is the button
Seat 1: snegr22 ($28.18 in chips)
Seat 2: ChrisTuff ($137.42 in chips)
ChrisTuff: posts small blind $1
snegr22: posts big blind $3
*** HOLE CARDS ***
ChrisTuff: raises $3 to $6
snegr22: calls $3
*** FLOP *** [9h Ad 5s]
snegr22: checks
ChrisTuff: bets $3
snegr22: folds
Uncalled bet ($3) returned to ChrisTuff
ChrisTuff collected $11.76 from pot
ChrisTuff: doesn't show hand
*** SUMMARY ***
Total pot $12 | Rake $0.24
Board [9h Ad 5s]
Seat 1: snegr22 (big blind) folded on the Flop
Seat 2: ChrisTuff (button) (small blind) collected ($11.76)


PokerStars Hand #145705072196:  Hold'em Limit ($3/$6 USD) - 2015/12/21 15:52:33 ET
Table 'Genoveva III' 2-max Seat #1 is the button
Seat 1: snegr22 ($22.18 in chips)
Seat 2: ChrisTuff ($143.18 in chips)
snegr22: posts small blind $1
ChrisTuff: posts big blind $3
*** HOLE CARDS ***
snegr22: raises $3 to $6
ChrisTuff: calls $3
*** FLOP *** [Kc Th 4h]
ChrisTuff: checks
snegr22: bets $3
ChrisTuff: folds
Uncalled bet ($3) returned to snegr22
snegr22 collected $11.76 from pot
*** SUMMARY ***
Total pot $12 | Rake $0.24
Board [Kc Th 4h]
Seat 1: snegr22 (button) (small blind) collected ($11.76)
Seat 2: ChrisTuff (big blind) folded on the Flop


PokerStars Hand #145705094418:  Hold'em Limit ($3/$6 USD) - 2015/12/21 15:52:56 ET
Table 'Genoveva III' 2-max Seat #1 is the button
Seat 1: snegr22 ($21.94 in chips)
Seat 2: ChrisTuff ($142.94 in chips)
snegr22: posts small blind $1
ChrisTuff: posts big blind $3
*** HOLE CARDS ***
snegr22: folds
Uncalled bet ($2) returned to ChrisTuff
ChrisTuff collected $2 from pot
ChrisTuff: doesn't show hand
*** SUMMARY ***
Total pot $2 | Rake $0
Seat 1: snegr22 (button) (small blind) folded before Flop
Seat 2: ChrisTuff (big blind) collected ($2)


PokerStars Hand #145705085192:  Hold'em Limit ($3/$6 USD) - 2015/12/21 15:52:46 ET
Table 'Genoveva III' 2-max Seat #2 is the button
Seat 1: snegr22 ($27.94 in chips)
Seat 2: ChrisTuff ($137.18 in chips)
ChrisTuff: posts small blind $1
snegr22: posts big blind $3
*** HOLE CARDS ***
ChrisTuff: raises $3 to $6
snegr22: calls $3
*** FLOP *** [Qs 3c Td]
snegr22: checks
ChrisTuff: bets $3
snegr22: folds
Uncalled bet ($3) returned to ChrisTuff
ChrisTuff collected $11.76 from pot
ChrisTuff: doesn't show hand
*** SUMMARY ***
Total pot $12 | Rake $0.24
Board [Qs 3c Td]
Seat 1: snegr22 (big blind) folded on the Flop
Seat 2: ChrisTuff (button) (small blind) collected ($11.76)


PokerStars Hand #145705114927:  Hold'em Limit ($3/$6 USD) - 2015/12/21 15:53:18 ET
Table 'Genoveva III' 2-max Seat #1 is the button
Seat 1: snegr22 ($29.58 in chips)
Seat 2: ChrisTuff ($134.94 in chips)
snegr22: posts small blind $1
ChrisTuff: posts big blind $3
*** HOLE CARDS ***
snegr22: folds
Uncalled bet ($2) returned to ChrisTuff
ChrisTuff collected $2 from pot
ChrisTuff: doesn't show hand
*** SUMMARY ***
Total pot $2 | Rake $0
Seat 1: snegr22 (button) (small blind) folded before Flop
Seat 2: ChrisTuff (big blind) collected ($2)


PokerStars Hand #145705099738:  Hold'em Limit ($3/$6 USD) - 2015/12/21 15:53:02 ET
Table 'Genoveva III' 2-max Seat #2 is the button
Seat 1: snegr22 ($20.94 in chips)
Seat 2: ChrisTuff ($143.94 in chips)
ChrisTuff: posts small blind $1
snegr22: posts big blind $3
*** HOLE CARDS ***
ChrisTuff: raises $3 to $6
snegr22: calls $3
*** FLOP *** [Td Jc Jh]
snegr22: checks
ChrisTuff: bets $3
snegr22: calls $3
*** TURN *** [Td Jc Jh] [5s]
snegr22: checks
ChrisTuff: checks
*** RIVER *** [Td Jc Jh 5s] [9s]
snegr22: checks
ChrisTuff: checks
*** SHOW DOWN ***
snegr22: shows [8c Ac] (a pair of Jacks)
ChrisTuff: mucks hand
snegr22 collected $17.64 from pot
*** SUMMARY ***
Total pot $18 | Rake $0.36
Board [Td Jc Jh 5s 9s]
Seat 1: snegr22 (big blind) showed [8c Ac] and won ($17.64) with a pair of Jacks
Seat 2: ChrisTuff (button) (small blind) mucked


PokerStars Hand #145705119527:  Hold'em Limit ($3/$6 USD) - 2015/12/21 15:53:22 ET
Table 'Genoveva III' 2-max Seat #2 is the button
Seat 1: snegr22 ($28.58 in chips)
Seat 2: ChrisTuff ($135.94 in chips)
ChrisTuff: posts small blind $1
snegr22: posts big blind $3
*** HOLE CARDS ***
ChrisTuff: folds
Uncalled bet ($2) returned to snegr22
snegr22 collected $2 from pot
*** SUMMARY ***
Total pot $2 | Rake $0
Seat 1: snegr22 (big blind) collected ($2)
Seat 2: ChrisTuff (button) (small blind) folded before Flop


PokerStars Hand #145705123758:  Hold'em Limit ($3/$6 USD) - 2015/12/21 15:53:27 ET
Table 'Genoveva III' 2-max Seat #1 is the button
Seat 1: snegr22 ($29.58 in chips)
Seat 2: ChrisTuff ($134.94 in chips)
snegr22: posts small blind $1
ChrisTuff: posts big blind $3
*** HOLE CARDS ***
snegr22: calls $2
ChrisTuff: checks
*** FLOP *** [3h 8s 4s]
ChrisTuff: bets $3
snegr22: calls $3
*** TURN *** [3h 8s 4s] [Qc]
ChrisTuff: bets $6
snegr22: calls $6
*** RIVER *** [3h 8s 4s Qc] [9s]
ChrisTuff: bets $6
snegr22: calls $6
*** SHOW DOWN ***
ChrisTuff: shows [Qd 4h] (two pair, Queens and Fours)
snegr22: mucks hand
ChrisTuff collected $35.50 from pot
*** SUMMARY ***
Total pot $36 | Rake $0.50
Board [3h 8s 4s Qc 9s]
Seat 1: snegr22 (button) (small blind) mucked
Seat 2: ChrisTuff (big blind) showed [Qd 4h] and won ($35.50) with two pair, Queens and Fours


PokerStars Hand #145705140734:  Hold'em Limit ($3/$6 USD) - 2015/12/21 15:53:45 ET
Table 'Genoveva III' 2-max Seat #2 is the button
Seat 1: snegr22 ($11.58 in chips)
Seat 2: ChrisTuff ($152.44 in chips)
ChrisTuff: posts small blind $1
snegr22: posts big blind $3
*** HOLE CARDS ***
ChrisTuff: raises $3 to $6
snegr22: raises $3 to $9
ChrisTuff: calls $3
*** FLOP *** [Jc Js 2d]
snegr22: bets $2.58 and is all-in
ChrisTuff: calls $2.58
*** TURN *** [Jc Js 2d] [Qs]
*** RIVER *** [Jc Js 2d Qs] [Jh]
*** SHOW DOWN ***
snegr22: shows [8d Ac] (three of a kind, Jacks)
ChrisTuff: shows [7s 3s] (three of a kind, Jacks - lower kicker)
snegr22 collected $22.70 from pot
*** SUMMARY ***
Total pot $23.16 | Rake $0.46
Board [Jc Js 2d Qs Jh]
Seat 1: snegr22 (big blind) showed [8d Ac] and won ($22.70) with three of a kind, Jacks
Seat 2: ChrisTuff (button) (small blind) showed [7s 3s] and lost with three of a kind, Jacks


PokerStars Hand #145705158838:  Hold'em Limit ($3/$6 USD) - 2015/12/21 15:54:04 ET
Table 'Genoveva III' 2-max Seat #1 is the button
Seat 1: snegr22 ($22.70 in chips)
Seat 2: ChrisTuff ($140.86 in chips)
snegr22: posts small blind $1
ChrisTuff: posts big blind $3
*** HOLE CARDS ***
snegr22: folds
Uncalled bet ($2) returned to ChrisTuff
ChrisTuff collected $2 from pot
ChrisTuff: doesn't show hand
*** SUMMARY ***
Total pot $2 | Rake $0
Seat 1: snegr22 (button) (small blind) folded before Flop
Seat 2: ChrisTuff (big blind) collected ($2)


PokerStars Hand #145705163606:  Hold'em Limit ($3/$6 USD) - 2015/12/21 15:54:09 ET
Table 'Genoveva III' 2-max Seat #2 is the button
Seat 1: snegr22 ($21.70 in chips)
Seat 2: ChrisTuff ($141.86 in chips)
ChrisTuff: posts small blind $1
snegr22: posts big blind $3
*** HOLE CARDS ***
ChrisTuff: raises $3 to $6
snegr22: calls $3
*** FLOP *** [Qd 8s Ac]
snegr22: checks
ChrisTuff: bets $3
snegr22: folds
Uncalled bet ($3) returned to ChrisTuff
ChrisTuff collected $11.76 from pot
ChrisTuff: doesn't show hand
*** SUMMARY ***
Total pot $12 | Rake $0.24
Board [Qd 8s Ac]
Seat 1: snegr22 (big blind) folded on the Flop
Seat 2: ChrisTuff (button) (small blind) collected ($11.76)


PokerStars Hand #145705174010:  Hold'em Limit ($3/$6 USD) - 2015/12/21 15:54:19 ET
Table 'Genoveva III' 2-max Seat #1 is the button
Seat 1: snegr22 ($15.70 in chips)
Seat 2: ChrisTuff ($147.62 in chips)
snegr22: posts small blind $1
ChrisTuff: posts big blind $3
*** HOLE CARDS ***
snegr22: calls $2
ChrisTuff: checks
*** FLOP *** [Qc 3h Kc]
ChrisTuff: checks
snegr22: checks
*** TURN *** [Qc 3h Kc] [Tc]
ChrisTuff: checks
snegr22: bets $6
ChrisTuff: folds
Uncalled bet ($6) returned to snegr22
snegr22 collected $5.88 from pot
*** SUMMARY ***
Total pot $6 | Rake $0.12
Board [Qc 3h Kc Tc]
Seat 1: snegr22 (button) (small blind) collected ($5.88)
Seat 2: ChrisTuff (big blind) folded on the Turn


PokerStars Hand #145705192846:  Hold'em Limit ($3/$6 USD) - 2015/12/21 15:54:39 ET
Table 'Genoveva III' 2-max Seat #2 is the button
Seat 1: snegr22 ($18.58 in chips)
Seat 2: ChrisTuff ($144.62 in chips)
ChrisTuff: posts small blind $1
snegr22: posts big blind $3
*** HOLE CARDS ***
ChrisTuff: raises $3 to $6
snegr22: calls $3
*** FLOP *** [2s 2c 3d]
snegr22: bets $3
ChrisTuff: calls $3
*** TURN *** [2s 2c 3d] [8c]
snegr22: bets $6
ChrisTuff: folds
Uncalled bet ($6) returned to snegr22
snegr22 collected $17.64 from pot
*** SUMMARY ***
Total pot $18 | Rake $0.36
Board [2s 2c 3d 8c]
Seat 1: snegr22 (big blind) collected ($17.64)
Seat 2: ChrisTuff (button) (small blind) folded on the Turn


PokerStars Hand #145705209031:  Hold'em Limit ($3/$6 USD) - 2015/12/21 15:54:56 ET
Table 'Genoveva III' 2-max Seat #1 is the button
Seat 1: snegr22 ($27.22 in chips)
Seat 2: ChrisTuff ($135.62 in chips)
snegr22: posts small blind $1
ChrisTuff: posts big blind $3
*** HOLE CARDS ***
snegr22: raises $3 to $6
ChrisTuff: calls $3
*** FLOP *** [9s 4h 9c]
ChrisTuff: checks
snegr22: bets $3
ChrisTuff: calls $3
*** TURN *** [9s 4h 9c] [9d]
ChrisTuff: checks
snegr22: bets $6
ChrisTuff: folds
Uncalled bet ($6) returned to snegr22
snegr22 collected $17.64 from pot
*** SUMMARY ***
Total pot $18 | Rake $0.36
Board [9s 4h 9c 9d]
Seat 1: snegr22 (button) (small blind) collected ($17.64)
Seat 2: ChrisTuff (big blind) folded on the Turn


PokerStars Hand #145705226136:  Hold'em Limit ($3/$6 USD) - 2015/12/21 15:55:18 ET
Table 'Genoveva III' 2-max Seat #2 is the button
Seat 1: snegr22 ($35.86 in chips)
Seat 2: ChrisTuff ($126.62 in chips)
ChrisTuff: posts small blind $1
snegr22: posts big blind $3
*** HOLE CARDS ***
ChrisTuff: raises $3 to $6
snegr22: calls $3
*** FLOP *** [Ts 8h Jh]
snegr22: checks
ChrisTuff: bets $3
snegr22: calls $3
*** TURN *** [Ts 8h Jh] [Ks]
snegr22: bets $6
ChrisTuff: folds
Uncalled bet ($6) returned to snegr22
snegr22 collected $17.64 from pot
*** SUMMARY ***
Total pot $18 | Rake $0.36
Board [Ts 8h Jh Ks]
Seat 1: snegr22 (big blind) collected ($17.64)
Seat 2: ChrisTuff (button) (small blind) folded on the Turn


PokerStars Hand #145705244400:  Hold'em Limit ($3/$6 USD) - 2015/12/21 15:55:43 ET
Table 'Genoveva III' 2-max Seat #1 is the button
Seat 1: snegr22 ($44.50 in chips)
Seat 2: ChrisTuff ($120 in chips)
snegr22: posts small blind $1
ChrisTuff: posts big blind $3
*** HOLE CARDS ***
snegr22: folds
Uncalled bet ($2) returned to ChrisTuff
ChrisTuff collected $2 from pot
ChrisTuff: doesn't show hand
*** SUMMARY ***
Total pot $2 | Rake $0
Seat 1: snegr22 (button) (small blind) folded before Flop
Seat 2: ChrisTuff (big blind) collected ($2)


PokerStars Hand #145705248656:  Hold'em Limit ($3/$6 USD) - 2015/12/21 15:55:49 ET
Table 'Genoveva III' 2-max Seat #2 is the button
Seat 1: snegr22 ($43.50 in chips)
Seat 2: ChrisTuff ($121 in chips)
ChrisTuff: posts small blind $1
snegr22: posts big blind $3
*** HOLE CARDS ***
ChrisTuff: raises $3 to $6
snegr22: calls $3
*** FLOP *** [4h 9d 6c]
snegr22: checks
ChrisTuff: bets $3
snegr22: folds
Uncalled bet ($3) returned to ChrisTuff
ChrisTuff collected $11.76 from pot
ChrisTuff: doesn't show hand
*** SUMMARY ***
Total pot $12 | Rake $0.24
Board [4h 9d 6c]
Seat 1: snegr22 (big blind) folded on the Flop
Seat 2: ChrisTuff (button) (small blind) collected ($11.76)


PokerStars Hand #145705257061:  Hold'em Limit ($3/$6 USD) - 2015/12/21 15:56:00 ET
Table 'Genoveva III' 2-max Seat #1 is the button
Seat 1: snegr22 ($37.50 in chips)
Seat 2: ChrisTuff ($126.76 in chips)
snegr22: posts small blind $1
ChrisTuff: posts big blind $3
*** HOLE CARDS ***
snegr22: raises $3 to $6
ChrisTuff: calls $3
*** FLOP *** [Td 3s 8d]
ChrisTuff: checks
snegr22: bets $3
ChrisTuff: calls $3
*** TURN *** [Td 3s 8d] [5d]
ChrisTuff: checks
snegr22: checks
*** RIVER *** [Td 3s 8d 5d] [Qd]
ChrisTuff: bets $6
snegr22: folds
Uncalled bet ($6) returned to ChrisTuff
ChrisTuff collected $17.64 from pot
ChrisTuff: doesn't show hand
*** SUMMARY ***
Total pot $18 | Rake $0.36
Board [Td 3s 8d 5d Qd]
Seat 1: snegr22 (button) (small blind) folded on the River
Seat 2: ChrisTuff (big blind) collected ($17.64)


PokerStars Hand #145705270352:  Hold'em Limit ($3/$6 USD) - 2015/12/21 15:56:18 ET
Table 'Genoveva III' 2-max Seat #2 is the button
Seat 1: snegr22 ($28.50 in chips)
Seat 2: ChrisTuff ($135.40 in chips)
ChrisTuff: posts small blind $1
snegr22: posts big blind $3
*** HOLE CARDS ***
ChrisTuff: raises $3 to $6
snegr22: calls $3
*** FLOP *** [8d Jh 5d]
snegr22: bets $3
ChrisTuff: calls $3
*** TURN *** [8d Jh 5d] [7s]
snegr22: bets $6
ChrisTuff: folds
Uncalled bet ($6) returned to snegr22
snegr22 collected $17.64 from pot
*** SUMMARY ***
Total pot $18 | Rake $0.36
Board [8d Jh 5d 7s]
Seat 1: snegr22 (big blind) collected ($17.64)
Seat 2: ChrisTuff (button) (small blind) folded on the Turn


PokerStars Hand #145705285151:  Hold'em Limit ($3/$6 USD) - 2015/12/21 15:56:38 ET
Table 'Genoveva III' 2-max Seat #1 is the button
Seat 1: snegr22 ($37.14 in chips)
Seat 2: ChrisTuff ($126.40 in chips)
snegr22: posts small blind $1
ChrisTuff: posts big blind $3
*** HOLE CARDS ***
snegr22: raises $3 to $6
ChrisTuff: raises $3 to $9
snegr22: raises $3 to $12
Betting is capped
ChrisTuff: calls $3
*** FLOP *** [4s Kc 8c]
ChrisTuff: checks
snegr22: checks
*** TURN *** [4s Kc 8c] [Js]
ChrisTuff: bets $6
snegr22: calls $6
*** RIVER *** [4s Kc 8c Js] [2c]
ChrisTuff: bets $6
snegr22: calls $6
*** SHOW DOWN ***
ChrisTuff: shows [Qd Qs] (a pair of Queens)
snegr22: mucks hand
ChrisTuff collected $47.50 from pot
*** SUMMARY ***
Total pot $48 | Rake $0.50
Board [4s Kc 8c Js 2c]
Seat 1: snegr22 (button) (small blind) mucked
Seat 2: ChrisTuff (big blind) showed [Qd Qs] and won ($47.50) with a pair of Queens


PokerStars Hand #145705300696:  Hold'em Limit ($3/$6 USD) - 2015/12/21 15:56:58 ET
Table 'Genoveva III' 2-max Seat #2 is the button
Seat 1: snegr22 ($13.14 in chips)
Seat 2: ChrisTuff ($149.90 in chips)
ChrisTuff: posts small blind $1
snegr22: posts big blind $3
*** HOLE CARDS ***
ChrisTuff: raises $3 to $6
snegr22: calls $3
*** FLOP *** [Ad Tc 8d]
snegr22: bets $3
ChrisTuff: calls $3
*** TURN *** [Ad Tc 8d] [Kc]
snegr22: bets $4.14 and is all-in
ChrisTuff: calls $4.14
*** RIVER *** [Ad Tc 8d Kc] [Js]
*** SHOW DOWN ***
snegr22: shows [4d Jd] (a pair of Jacks)
ChrisTuff: shows [6c Th] (a pair of Tens)
snegr22 collected $25.78 from pot
*** SUMMARY ***
Total pot $26.28 | Rake $0.50
Board [Ad Tc 8d Kc Js]
Seat 1: snegr22 (big blind) showed [4d Jd] and won ($25.78) with a pair of Jacks
Seat 2: ChrisTuff (button) (small blind) showed [6c Th] and lost with a pair of Tens


PokerStars Hand #145705312535:  Hold'em Limit ($3/$6 USD) - 2015/12/21 15:57:14 ET
Table 'Genoveva III' 2-max Seat #1 is the button
Seat 1: snegr22 ($25.78 in chips)
Seat 2: ChrisTuff ($136.76 in chips)
snegr22: posts small blind $1
ChrisTuff: posts big blind $3
*** HOLE CARDS ***
snegr22: folds
Uncalled bet ($2) returned to ChrisTuff
ChrisTuff collected $2 from pot
ChrisTuff: doesn't show hand
*** SUMMARY ***
Total pot $2 | Rake $0
Seat 1: snegr22 (button) (small blind) folded before Flop
Seat 2: ChrisTuff (big blind) collected ($2)


PokerStars Hand #145705317042:  Hold'em Limit ($3/$6 USD) - 2015/12/21 15:57:20 ET
Table 'Genoveva III' 2-max Seat #2 is the button
Seat 1: snegr22 ($24.78 in chips)
Seat 2: ChrisTuff ($137.76 in chips)
ChrisTuff: posts small blind $1
snegr22: posts big blind $3
*** HOLE CARDS ***
ChrisTuff: raises $3 to $6
snegr22: calls $3
*** FLOP *** [Th 7d Td]
snegr22: checks
ChrisTuff: bets $3
snegr22: calls $3
*** TURN *** [Th 7d Td] [5h]
snegr22: bets $6
ChrisTuff: raises $6 to $12
snegr22: calls $6
*** RIVER *** [Th 7d Td 5h] [9s]
snegr22: checks
ChrisTuff: bets $6
snegr22: calls $3.78 and is all-in
Uncalled bet ($2.22) returned to ChrisTuff
*** SHOW DOWN ***
ChrisTuff: shows [7h 6h] (two pair, Tens and Sevens)
snegr22: shows [6s 5d] (two pair, Tens and Fives)
ChrisTuff collected $49.06 from pot
*** SUMMARY ***
Total pot $49.56 | Rake $0.50
Board [Th 7d Td 5h 9s]
Seat 1: snegr22 (big blind) showed [6s 5d] and lost with two pair, Tens and Fives
Seat 2: ChrisTuff (button) (small blind) showed [7h 6h] and won ($49.06) with two pair, Tens and Sevens


