PokerStars Hand #175987088254:  Hold'em Limit ($3/$6 USD) - 2017/09/22 16:19:24 ET
Table 'Genoveva' 6-max Seat #3 is the button
Seat 3: Ag3r0n ($72 in chips)
Seat 6: demaire ($134.50 in chips)
Ag3r0n: posts small blind $1
demaire: posts big blind $3
*** HOLE CARDS ***
Ag3r0n: folds
Uncalled bet ($2) returned to demaire
demaire collected $2 from pot
demaire: doesn't show hand
*** SUMMARY ***
Total pot $2 | Rake $0
Seat 3: Ag3r0n (button) (small blind) folded before Flop
Seat 6: demaire (big blind) collected ($2)


PokerStars Hand #175987074571:  Hold'em Limit ($3/$6 USD) - 2017/09/22 16:19:07 ET
Table 'Genoveva' 6-max Seat #6 is the button
Seat 3: Ag3r0n ($72 in chips)
Seat 6: demaire ($120 in chips)
demaire: posts small blind $1
Ag3r0n: posts big blind $3
*** HOLE CARDS ***
demaire: calls $2
Ag3r0n: checks
*** FLOP *** [3s 7c 5c]
vestimokrec joins the table at seat #1
Ag3r0n: bets $3
demaire: raises $3 to $6
Ag3r0n: calls $3
*** TURN *** [3s 7c 5c] [9s]
GoliafUa joins the table at seat #2
Ag3r0n: checks
demaire: bets $6
Ag3r0n: calls $6
*** RIVER *** [3s 7c 5c 9s] [4s]
Ag3r0n: checks
demaire: bets $6
Ag3r0n: folds
Uncalled bet ($6) returned to demaire
demaire collected $29.50 from pot
demaire: doesn't show hand
*** SUMMARY ***
Total pot $30 | Rake $0.50
Board [3s 7c 5c 9s 4s]
Seat 3: Ag3r0n (big blind) folded on the River
Seat 6: demaire (button) (small blind) collected ($29.50)


PokerStars Hand #175989047588:  Hold'em Limit ($3/$6 USD) - 2017/09/22 17:00:53 ET
Table 'Genoveva' 6-max Seat #1 is the button
Seat 1: sokol-max-PS ($112.49 in chips)
Seat 5: ToDaFelt ($118.64 in chips)
sokol-max-PS: posts small blind $1
ToDaFelt: posts big blind $3
*** HOLE CARDS ***
sokol-max-PS: raises $3 to $6
ToDaFelt: calls $3
*** FLOP *** [Ah 5d 2s]
ToDaFelt: checks
sokol-max-PS: bets $3
ToDaFelt: folds
Uncalled bet ($3) returned to sokol-max-PS
sokol-max-PS collected $11.76 from pot
sokol-max-PS: doesn't show hand
*** SUMMARY ***
Total pot $12 | Rake $0.24
Board [Ah 5d 2s]
Seat 1: sokol-max-PS (button) (small blind) collected ($11.76)
Seat 5: ToDaFelt (big blind) folded on the Flop


PokerStars Hand #175989058244:  Hold'em Limit ($3/$6 USD) - 2017/09/22 17:01:08 ET
Table 'Genoveva' 6-max Seat #5 is the button
Seat 1: sokol-max-PS ($118.25 in chips)
Seat 5: ToDaFelt ($112.64 in chips)
ToDaFelt: posts small blind $1
sokol-max-PS: posts big blind $3
*** HOLE CARDS ***
ToDaFelt: raises $3 to $6
sokol-max-PS: calls $3
*** FLOP *** [8s 2s 5c]
sokol-max-PS: checks
ToDaFelt: bets $3
sokol-max-PS: raises $3 to $6
ToDaFelt: calls $3
*** TURN *** [8s 2s 5c] [3s]
sokol-max-PS: bets $6
ToDaFelt: calls $6
*** RIVER *** [8s 2s 5c 3s] [Ts]
sokol-max-PS: checks
ToDaFelt: bets $6
sokol-max-PS: folds
Uncalled bet ($6) returned to ToDaFelt
ToDaFelt collected $35.50 from pot
ToDaFelt: doesn't show hand
*** SUMMARY ***
Total pot $36 | Rake $0.50
Board [8s 2s 5c 3s Ts]
Seat 1: sokol-max-PS (big blind) folded on the River
Seat 5: ToDaFelt (button) (small blind) collected ($35.50)


PokerStars Hand #175989088472:  Hold'em Limit ($3/$6 USD) - 2017/09/22 17:01:49 ET
Table 'Genoveva' 6-max Seat #1 is the button
Seat 1: sokol-max-PS ($100.25 in chips)
Seat 4: fugu82 ($281.46 in chips)
sokol-max-PS: posts small blind $1
fugu82: posts big blind $3
*** HOLE CARDS ***
sokol-max-PS: raises $3 to $6
fugu82: calls $3
*** FLOP *** [2d Jc 8s]
fugu82: checks
sokol-max-PS: bets $3
fugu82: folds
Uncalled bet ($3) returned to sokol-max-PS
sokol-max-PS collected $11.76 from pot
*** SUMMARY ***
Total pot $12 | Rake $0.24
Board [2d Jc 8s]
Seat 1: sokol-max-PS (button) (small blind) collected ($11.76)
Seat 4: fugu82 (big blind) folded on the Flop


PokerStars Hand #175989099245:  Hold'em Limit ($3/$6 USD) - 2017/09/22 17:02:04 ET
Table 'Genoveva' 6-max Seat #4 is the button
Seat 1: sokol-max-PS ($106.01 in chips)
Seat 4: fugu82 ($275.46 in chips)
fugu82: posts small blind $1
sokol-max-PS: posts big blind $3
*** HOLE CARDS ***
fugu82: raises $3 to $6
sokol-max-PS: folds
Uncalled bet ($3) returned to fugu82
fugu82 collected $6 from pot
fugu82: doesn't show hand
*** SUMMARY ***
Total pot $6 | Rake $0
Seat 1: sokol-max-PS (big blind) folded before Flop
Seat 4: fugu82 (button) (small blind) collected ($6)


PokerStars Hand #175989109931:  Hold'em Limit ($3/$6 USD) - 2017/09/22 17:02:17 ET
Table 'Genoveva' 6-max Seat #4 is the button
Seat 1: sokol-max-PS ($102.01 in chips)
Seat 4: fugu82 ($279.46 in chips)
fugu82: posts small blind $1
sokol-max-PS: posts big blind $3
*** HOLE CARDS ***
fugu82: folds
Uncalled bet ($2) returned to sokol-max-PS
sokol-max-PS collected $2 from pot
*** SUMMARY ***
Total pot $2 | Rake $0
Seat 1: sokol-max-PS (big blind) collected ($2)
Seat 4: fugu82 (button) (small blind) folded before Flop


PokerStars Hand #175989105143:  Hold'em Limit ($3/$6 USD) - 2017/09/22 17:02:11 ET
Table 'Genoveva' 6-max Seat #1 is the button
Seat 1: sokol-max-PS ($103.01 in chips)
Seat 4: fugu82 ($278.46 in chips)
sokol-max-PS: posts small blind $1
fugu82: posts big blind $3
*** HOLE CARDS ***
sokol-max-PS: folds
Uncalled bet ($2) returned to fugu82
fugu82 collected $2 from pot
fugu82: doesn't show hand
*** SUMMARY ***
Total pot $2 | Rake $0
Seat 1: sokol-max-PS (button) (small blind) folded before Flop
Seat 4: fugu82 (big blind) collected ($2)


PokerStars Hand #175989142799:  Hold'em Limit ($3/$6 USD) - 2017/09/22 17:02:59 ET
Table 'Genoveva' 6-max Seat #1 is the button
Seat 1: sokol-max-PS ($107.01 in chips)
Seat 4: fugu82 ($274.46 in chips)
sokol-max-PS: posts small blind $1
fugu82: posts big blind $3
*** HOLE CARDS ***
sokol-max-PS: folds
Uncalled bet ($2) returned to fugu82
fugu82 collected $2 from pot
fugu82: doesn't show hand
*** SUMMARY ***
Total pot $2 | Rake $0
Seat 1: sokol-max-PS (button) (small blind) folded before Flop
Seat 4: fugu82 (big blind) collected ($2)


PokerStars Hand #175989138705:  Hold'em Limit ($3/$6 USD) - 2017/09/22 17:02:54 ET
Table 'Genoveva' 6-max Seat #4 is the button
Seat 1: sokol-max-PS ($106.01 in chips)
Seat 4: fugu82 ($275.46 in chips)
fugu82: posts small blind $1
sokol-max-PS: posts big blind $3
*** HOLE CARDS ***
fugu82: folds
Uncalled bet ($2) returned to sokol-max-PS
sokol-max-PS collected $2 from pot
sokol-max-PS: doesn't show hand
*** SUMMARY ***
Total pot $2 | Rake $0
Seat 1: sokol-max-PS (big blind) collected ($2)
Seat 4: fugu82 (button) (small blind) folded before Flop


PokerStars Hand #175989147350:  Hold'em Limit ($3/$6 USD) - 2017/09/22 17:03:05 ET
Table 'Genoveva' 6-max Seat #4 is the button
Seat 1: sokol-max-PS ($106.01 in chips)
Seat 4: fugu82 ($275.46 in chips)
fugu82: posts small blind $1
sokol-max-PS: posts big blind $3
*** HOLE CARDS ***
fugu82: raises $3 to $6
sokol-max-PS: calls $3
*** FLOP *** [Kc 8c Jc]
sokol-max-PS: checks
vestimokrec joins the table at seat #5
fugu82: bets $3
sokol-max-PS: calls $3
*** TURN *** [Kc 8c Jc] [As]
sokol-max-PS: checks
fugu82: bets $6
sokol-max-PS: raises $6 to $12
fugu82: calls $6
*** RIVER *** [Kc 8c Jc As] [3h]
sokol-max-PS: bets $6
fugu82: calls $6
*** SHOW DOWN ***
sokol-max-PS: shows [Qs Tc] (a straight, Ten to Ace)
fugu82: mucks hand
sokol-max-PS collected $53.50 from pot
*** SUMMARY ***
Total pot $54 | Rake $0.50
Board [Kc 8c Jc As 3h]
Seat 1: sokol-max-PS (big blind) showed [Qs Tc] and won ($53.50) with a straight, Ten to Ace
Seat 4: fugu82 (button) (small blind) mucked


PokerStars Hand #175989114185:  Hold'em Limit ($3/$6 USD) - 2017/09/22 17:02:23 ET
Table 'Genoveva' 6-max Seat #1 is the button
Seat 1: sokol-max-PS ($103.01 in chips)
Seat 4: fugu82 ($278.46 in chips)
sokol-max-PS: posts small blind $1
fugu82: posts big blind $3
*** HOLE CARDS ***
sokol-max-PS: raises $3 to $6
fugu82: folds
Uncalled bet ($3) returned to sokol-max-PS
sokol-max-PS collected $6 from pot
sokol-max-PS: doesn't show hand
*** SUMMARY ***
Total pot $6 | Rake $0
Seat 1: sokol-max-PS (button) (small blind) collected ($6)
Seat 4: fugu82 (big blind) folded before Flop


PokerStars Hand #175989162434:  Hold'em Limit ($3/$6 USD) - 2017/09/22 17:03:24 ET
Table 'Genoveva' 6-max Seat #1 is the button
Seat 1: sokol-max-PS ($132.51 in chips)
Seat 4: fugu82 ($248.46 in chips)
sokol-max-PS: posts small blind $1
fugu82: posts big blind $3
*** HOLE CARDS ***
fugu82 said, "lol"
sokol-max-PS: raises $3 to $6
fugu82: raises $3 to $9
sokol-max-PS: raises $3 to $12
Betting is capped
knas4 joins the table at seat #3
fugu82: calls $3
*** FLOP *** [6c 6h 2c]
fugu82: checks
sokol-max-PS: bets $3
fugu82: calls $3
*** TURN *** [6c 6h 2c] [4h]
fugu82: checks
sokol-max-PS: bets $6
fugu82: calls $6
*** RIVER *** [6c 6h 2c 4h] [5c]
fugu82: checks
sokol-max-PS: bets $6
fugu82: folds
Uncalled bet ($6) returned to sokol-max-PS
sokol-max-PS collected $41.50 from pot
sokol-max-PS: doesn't show hand
*** SUMMARY ***
Total pot $42 | Rake $0.50
Board [6c 6h 2c 4h 5c]
Seat 1: sokol-max-PS (button) (small blind) collected ($41.50)
Seat 4: fugu82 (big blind) folded on the River


