PokerStars Hand #172387661111:  Hold'em Limit ($3/$6 USD) - 2017/06/29 11:53:14 ET
Table 'Genua' 6-max Seat #5 is the button
Seat 2: fire852181 ($94.93 in chips)
Seat 5: Krazy90 ($84.80 in chips)
Krazy90: posts small blind $1
fire852181: posts big blind $3
*** HOLE CARDS ***
Krazy90: raises $3 to $6
fire852181: calls $3
*** FLOP *** [4d Qs Th]
fire852181: checks
Krazy90: bets $3
fire852181: folds
Uncalled bet ($3) returned to Krazy90
Krazy90 collected $11.76 from pot
Krazy90: doesn't show hand
*** SUMMARY ***
Total pot $12 | Rake $0.24
Board [4d Qs Th]
Seat 2: fire852181 (big blind) folded on the Flop
Seat 5: Krazy90 (button) (small blind) collected ($11.76)


PokerStars Hand #172387645829:  Hold'em Limit ($3/$6 USD) - 2017/06/29 11:52:48 ET
Table 'Genua' 6-max Seat #2 is the button
Seat 2: fire852181 ($65.43 in chips)
Seat 5: Krazy90 ($114.80 in chips)
fire852181: posts small blind $1
Krazy90: posts big blind $3
*** HOLE CARDS ***
B_loJkl leaves the table
fire852181: raises $3 to $6
Krazy90: calls $3
*** FLOP *** [Td 4d 6c]
Krazy90: checks
fire852181: bets $3
Krazy90: raises $3 to $6
B_loJkl joins the table at seat #3
fire852181: calls $3
*** TURN *** [Td 4d 6c] [Ts]
Krazy90: bets $6
fire852181: calls $6
*** RIVER *** [Td 4d 6c Ts] [3s]
Krazy90: bets $6
fire852181: raises $6 to $12
Krazy90: calls $6
*** SHOW DOWN ***
fire852181: shows [Tc Qh] (three of a kind, Tens)
Krazy90: mucks hand
fire852181 collected $59.50 from pot
*** SUMMARY ***
Total pot $60 | Rake $0.50
Board [Td 4d 6c Ts 3s]
Seat 2: fire852181 (button) (small blind) showed [Tc Qh] and won ($59.50) with three of a kind, Tens
Seat 5: Krazy90 (big blind) mucked


PokerStars Hand #172387641666:  Hold'em Limit ($3/$6 USD) - 2017/06/29 11:52:41 ET
Table 'Genua' 6-max Seat #5 is the button
Seat 2: fire852181 ($68.43 in chips)
Seat 5: Krazy90 ($111.80 in chips)
Krazy90: posts small blind $1
B_loJkl: is sitting out
fire852181: posts big blind $3
*** HOLE CARDS ***
Krazy90: raises $3 to $6
fire852181: folds
Uncalled bet ($3) returned to Krazy90
Krazy90 collected $6 from pot
Krazy90: doesn't show hand
*** SUMMARY ***
Total pot $6 | Rake $0
Seat 2: fire852181 (big blind) folded before Flop
Seat 5: Krazy90 (button) (small blind) collected ($6)


PokerStars Hand #172388204060:  Hold'em Limit ($3/$6 USD) - 2017/06/29 12:09:24 ET
Table 'Genua' 6-max Seat #3 is the button
Seat 3: B_loJkl ($114.26 in chips)
Seat 5: Krazy90 ($130.58 in chips)
B_loJkl: posts small blind $1
HAL9QQQ: is sitting out
Krazy90: posts big blind $3
*** HOLE CARDS ***
B_loJkl: raises $3 to $6
Krazy90: calls $3
*** FLOP *** [Ac 2d 8s]
Krazy90: checks
B_loJkl: bets $3
Krazy90: folds
Uncalled bet ($3) returned to B_loJkl
B_loJkl collected $11.76 from pot
B_loJkl: doesn't show hand
*** SUMMARY ***
Total pot $12 | Rake $0.24
Board [Ac 2d 8s]
Seat 3: B_loJkl (button) (small blind) collected ($11.76)
Seat 5: Krazy90 (big blind) folded on the Flop


