PokerStars Hand #153839803627:  Hold'em Limit ($3/$6 USD) - 2016/05/25 17:24:31 ET
Table 'Genua II' 6-max Seat #2 is the button
Seat 2: Humtum81 ($35 in chips)
Seat 4: Great_Kang ($120 in chips)
Humtum81: posts small blind $1
Great_Kang: posts big blind $3
*** HOLE CARDS ***
Humtum81: raises $3 to $6
cebilakos joins the table at seat #3
Chessnok joins the table at seat #5
Great_Kang: calls $3
*** FLOP *** [5c Ac 9h]
Great_Kang: checks
Humtum81: bets $3
Great_Kang: folds
Uncalled bet ($3) returned to Humtum81
Humtum81 collected $11.76 from pot
Humtum81: doesn't show hand
*** SUMMARY ***
Total pot $12 | Rake $0.24
Board [5c Ac 9h]
Seat 2: Humtum81 (button) (small blind) collected ($11.76)
Seat 4: Great_Kang (big blind) folded on the Flop


PokerStars Hand #153841227623:  Hold'em Limit ($3/$6 USD) - 2016/05/25 17:52:42 ET
Table 'Genua II' 6-max Seat #5 is the button
Seat 1: Bonkman05 ($92.52 in chips)
Seat 5: Chessnok ($208.84 in chips)
Chessnok: posts small blind $1
BIZE Terence: is sitting out
Bonkman05: posts big blind $3
*** HOLE CARDS ***
BIZE Terence leaves the table
Chessnok: raises $3 to $6
Bonkman05: folds
Uncalled bet ($3) returned to Chessnok
Chessnok collected $6 from pot
Chessnok: doesn't show hand
*** SUMMARY ***
Total pot $6 | Rake $0
Seat 1: Bonkman05 (big blind) folded before Flop
Seat 5: Chessnok (button) (small blind) collected ($6)


PokerStars Hand #153841233865:  Hold'em Limit ($3/$6 USD) - 2016/05/25 17:52:49 ET
Table 'Genua II' 6-max Seat #1 is the button
Seat 1: Bonkman05 ($89.52 in chips)
Seat 5: Chessnok ($211.84 in chips)
Bonkman05: posts small blind $1
Chessnok: posts big blind $3
*** HOLE CARDS ***
Bonkman05: raises $3 to $6
Chessnok: folds
Uncalled bet ($3) returned to Bonkman05
Bonkman05 collected $6 from pot
Bonkman05: doesn't show hand
*** SUMMARY ***
Total pot $6 | Rake $0
Seat 1: Bonkman05 (button) (small blind) collected ($6)
Seat 5: Chessnok (big blind) folded before Flop


