PokerStars Hand #150879967586:  Hold'em Limit ($3/$6 USD) - 2016/03/24 19:59:13 ET
Table 'Genua II' 6-max Seat #3 is the button
Seat 1: Chessnok ($310.36 in chips)
Seat 3: Rod0_br ($156.87 in chips)
Rod0_br: posts small blind $1
Chessnok: posts big blind $3
*** HOLE CARDS ***
Rod0_br: calls $2
BuzovaPro leaves the table
Chessnok: raises $3 to $6
Rod0_br: calls $3
*** FLOP *** [4s Ks 3c]
Chessnok: bets $3
Rod0_br: calls $3
*** TURN *** [4s Ks 3c] [Ac]
Chessnok: bets $6
Rod0_br: calls $6
*** RIVER *** [4s Ks 3c Ac] [Qd]
Chessnok: bets $6
Rod0_br: raises $6 to $12
Chessnok: folds
Uncalled bet ($6) returned to Rod0_br
Rod0_br collected $41.50 from pot
Rod0_br: doesn't show hand
*** SUMMARY ***
Total pot $42 | Rake $0.50
Board [4s Ks 3c Ac Qd]
Seat 1: Chessnok (big blind) folded on the River
Seat 3: Rod0_br (button) (small blind) collected ($41.50)


PokerStars Hand #150879955114:  Hold'em Limit ($3/$6 USD) - 2016/03/24 19:58:51 ET
Table 'Genua II' 6-max Seat #1 is the button
Seat 1: Chessnok ($295.86 in chips)
Seat 3: Rod0_br ($171.87 in chips)
Chessnok: posts small blind $1
Rod0_br: posts big blind $3
*** HOLE CARDS ***
Chessnok: raises $3 to $6
Rod0_br: calls $3
*** FLOP *** [4c Qd Qh]
Rod0_br: checks
Chessnok: bets $3
Rod0_br: calls $3
*** TURN *** [4c Qd Qh] [9c]
Rod0_br: checks
Chessnok: checks
*** RIVER *** [4c Qd Qh 9c] [6s]
Rod0_br: checks
Chessnok: bets $6
Rod0_br: calls $6
*** SHOW DOWN ***
Chessnok: shows [6c 5d] (two pair, Queens and Sixes)
Rod0_br: mucks hand
Chessnok collected $29.50 from pot
*** SUMMARY ***
Total pot $30 | Rake $0.50
Board [4c Qd Qh 9c 6s]
Seat 1: Chessnok (button) (small blind) showed [6c 5d] and won ($29.50) with two pair, Queens and Sixes
Seat 3: Rod0_br (big blind) mucked


PokerStars Hand #150879940044:  Hold'em Limit ($3/$6 USD) - 2016/03/24 19:58:24 ET
Table 'Genua II' 6-max Seat #3 is the button
Seat 1: Chessnok ($275.36 in chips)
Seat 3: Rod0_br ($192.87 in chips)
Rod0_br: posts small blind $1
BuzovaPro: is sitting out
ToDaFelt: is sitting out
Chessnok: posts big blind $3
*** HOLE CARDS ***
Rod0_br: calls $2
Chessnok: raises $3 to $6
Rod0_br: calls $3
*** FLOP *** [4h 5d Td]
Chessnok: bets $3
Rod0_br: calls $3
*** TURN *** [4h 5d Td] [Ac]
ToDaFelt leaves the table
Chessnok: bets $6
Rod0_br: calls $6
*** RIVER *** [4h 5d Td Ac] [8c]
Chessnok: checks
Rod0_br: bets $6
Chessnok: calls $6
*** SHOW DOWN ***
Rod0_br: shows [9d 2s] (high card Ace)
Chessnok: shows [6c 5s] (a pair of Fives)
Chessnok collected $41.50 from pot
*** SUMMARY ***
Total pot $42 | Rake $0.50
Board [4h 5d Td Ac 8c]
Seat 1: Chessnok (big blind) showed [6c 5s] and won ($41.50) with a pair of Fives
Seat 3: Rod0_br (button) (small blind) showed [9d 2s] and lost with high card Ace


PokerStars Hand #150879995659:  Hold'em Limit ($3/$6 USD) - 2016/03/24 20:00:02 ET
Table 'Genua II' 6-max Seat #3 is the button
Seat 1: Chessnok ($280.36 in chips)
Seat 3: Rod0_br ($186.01 in chips)
Rod0_br: posts small blind $1
Chessnok: posts big blind $3
*** HOLE CARDS ***
Rod0_br: calls $2
Chessnok: raises $3 to $6
Rod0_br: calls $3
*** FLOP *** [Js 3c Kh]
Chessnok: bets $3
Rod0_br: folds
Uncalled bet ($3) returned to Chessnok
Chessnok collected $11.76 from pot
Chessnok: doesn't show hand
*** SUMMARY ***
Total pot $12 | Rake $0.24
Board [Js 3c Kh]
Seat 1: Chessnok (big blind) collected ($11.76)
Seat 3: Rod0_br (button) (small blind) folded on the Flop


PokerStars Hand #150879979779:  Hold'em Limit ($3/$6 USD) - 2016/03/24 19:59:34 ET
Table 'Genua II' 6-max Seat #1 is the button
Seat 1: Chessnok ($289.36 in chips)
Seat 3: Rod0_br ($177.37 in chips)
Chessnok: posts small blind $1
Rod0_br: posts big blind $3
*** HOLE CARDS ***
Chessnok: raises $3 to $6
Rod0_br: calls $3
*** FLOP *** [8s Ad Jd]
Rod0_br: bets $3
Chessnok: calls $3
*** TURN *** [8s Ad Jd] [8h]
Rod0_br: checks
Chessnok: checks
*** RIVER *** [8s Ad Jd 8h] [4d]
Rod0_br: bets $6
Chessnok: folds
Uncalled bet ($6) returned to Rod0_br
Rod0_br collected $17.64 from pot
Rod0_br: doesn't show hand
*** SUMMARY ***
Total pot $18 | Rake $0.36
Board [8s Ad Jd 8h 4d]
Seat 1: Chessnok (button) (small blind) folded on the River
Seat 3: Rod0_br (big blind) collected ($17.64)


PokerStars Hand #150880032270:  Hold'em Limit ($3/$6 USD) - 2016/03/24 20:01:04 ET
Table 'Genua II' 6-max Seat #1 is the button
Seat 1: Chessnok ($282.62 in chips)
Seat 3: Rod0_br ($182.51 in chips)
Chessnok: posts small blind $1
Rod0_br: posts big blind $3
*** HOLE CARDS ***
Chessnok: raises $3 to $6
Rod0_br: calls $3
*** FLOP *** [8s 8d 2h]
Rod0_br: bets $3
Chessnok: calls $3
*** TURN *** [8s 8d 2h] [6d]
Rod0_br: bets $6
Chessnok: calls $6
*** RIVER *** [8s 8d 2h 6d] [Qs]
Rod0_br: checks
Chessnok: bets $6
Rod0_br: calls $6
*** SHOW DOWN ***
Chessnok: shows [7d 7h] (two pair, Eights and Sevens)
Rod0_br: mucks hand
Chessnok collected $41.50 from pot
*** SUMMARY ***
Total pot $42 | Rake $0.50
Board [8s 8d 2h 6d Qs]
Seat 1: Chessnok (button) (small blind) showed [7d 7h] and won ($41.50) with two pair, Eights and Sevens
Seat 3: Rod0_br (big blind) mucked


PokerStars Hand #150880017183:  Hold'em Limit ($3/$6 USD) - 2016/03/24 20:00:39 ET
Table 'Genua II' 6-max Seat #3 is the button
Seat 1: Chessnok ($265.12 in chips)
Seat 3: Rod0_br ($200.51 in chips)
Rod0_br: posts small blind $1
Chessnok: posts big blind $3
*** HOLE CARDS ***
Rod0_br: raises $3 to $6
Chessnok: calls $3
*** FLOP *** [Ac Jd Ad]
Chessnok: checks
Rod0_br: checks
*** TURN *** [Ac Jd Ad] [5d]
Chessnok: bets $6
Rod0_br: calls $6
*** RIVER *** [Ac Jd Ad 5d] [6s]
Chessnok: bets $6
Rod0_br: calls $6
*** SHOW DOWN ***
Chessnok: shows [9d 6c] (two pair, Aces and Sixes)
Rod0_br: mucks hand
Chessnok collected $35.50 from pot
*** SUMMARY ***
Total pot $36 | Rake $0.50
Board [Ac Jd Ad 5d 6s]
Seat 1: Chessnok (big blind) showed [9d 6c] and won ($35.50) with two pair, Aces and Sixes
Seat 3: Rod0_br (button) (small blind) mucked


PokerStars Hand #150880004373:  Hold'em Limit ($3/$6 USD) - 2016/03/24 20:00:17 ET
Table 'Genua II' 6-max Seat #1 is the button
Seat 1: Chessnok ($286.12 in chips)
Seat 3: Rod0_br ($180.01 in chips)
Chessnok: posts small blind $1
Rod0_br: posts big blind $3
*** HOLE CARDS ***
Chessnok: raises $3 to $6
Rod0_br: calls $3
*** FLOP *** [5d Ah Ac]
Rod0_br: bets $3
Chessnok: calls $3
*** TURN *** [5d Ah Ac] [6s]
Rod0_br: bets $6
Chessnok: calls $6
*** RIVER *** [5d Ah Ac 6s] [Qs]
Rod0_br: bets $6
Chessnok: calls $6
*** SHOW DOWN ***
Rod0_br: shows [Qd 7h] (two pair, Aces and Queens)
Chessnok: mucks hand
Rod0_br collected $41.50 from pot
*** SUMMARY ***
Total pot $42 | Rake $0.50
Board [5d Ah Ac 6s Qs]
Seat 1: Chessnok (button) (small blind) mucked
Seat 3: Rod0_br (big blind) showed [Qd 7h] and won ($41.50) with two pair, Aces and Queens


PokerStars Hand #150880051543:  Hold'em Limit ($3/$6 USD) - 2016/03/24 20:01:33 ET
Table 'Genua II' 6-max Seat #3 is the button
Seat 1: Chessnok ($303.12 in chips)
Seat 3: Rod0_br ($161.51 in chips)
Rod0_br: posts small blind $1
Chessnok: posts big blind $3
*** HOLE CARDS ***
Rod0_br: calls $2
Chessnok: checks
*** FLOP *** [9h 3c Kc]
Chessnok: bets $3
Rod0_br: calls $3
*** TURN *** [9h 3c Kc] [Qc]
Chessnok: bets $6
Rod0_br: raises $6 to $12
Chessnok: calls $6
*** RIVER *** [9h 3c Kc Qc] [As]
Chessnok: checks
Rod0_br: bets $6
Chessnok: calls $6
*** SHOW DOWN ***
Rod0_br: shows [Qh Ad] (two pair, Aces and Queens)
Chessnok: mucks hand
Rod0_br collected $47.50 from pot
*** SUMMARY ***
Total pot $48 | Rake $0.50
Board [9h 3c Kc Qc As]
Seat 1: Chessnok (big blind) mucked
Seat 3: Rod0_br (button) (small blind) showed [Qh Ad] and won ($47.50) with two pair, Aces and Queens


PokerStars Hand #150880067616:  Hold'em Limit ($3/$6 USD) - 2016/03/24 20:01:57 ET
Table 'Genua II' 6-max Seat #1 is the button
Seat 1: Chessnok ($279.12 in chips)
Seat 3: Rod0_br ($185.01 in chips)
Chessnok: posts small blind $1
Rod0_br: posts big blind $3
*** HOLE CARDS ***
Chessnok: raises $3 to $6
Rod0_br: raises $3 to $9
Chessnok: calls $3
*** FLOP *** [8c 9c 8s]
Rod0_br: checks
Chessnok: bets $3
Rod0_br: calls $3
*** TURN *** [8c 9c 8s] [Ah]
Rod0_br: checks
Chessnok: bets $6
Rod0_br: calls $6
*** RIVER *** [8c 9c 8s Ah] [7h]
Rod0_br: checks
Chessnok: bets $6
Rod0_br: calls $6
*** SHOW DOWN ***
Chessnok: shows [3h Ad] (two pair, Aces and Eights)
Rod0_br: mucks hand
Chessnok collected $47.50 from pot
*** SUMMARY ***
Total pot $48 | Rake $0.50
Board [8c 9c 8s Ah 7h]
Seat 1: Chessnok (button) (small blind) showed [3h Ad] and won ($47.50) with two pair, Aces and Eights
Seat 3: Rod0_br (big blind) mucked


PokerStars Hand #150880124268:  Hold'em Limit ($3/$6 USD) - 2016/03/24 20:03:21 ET
Table 'Genua II' 6-max Seat #1 is the button
Seat 1: Chessnok ($320.12 in chips)
Seat 3: Rod0_br ($142.89 in chips)
Chessnok: posts small blind $1
Rod0_br: posts big blind $3
*** HOLE CARDS ***
Chessnok: raises $3 to $6
Rod0_br: folds
Uncalled bet ($3) returned to Chessnok
Chessnok collected $6 from pot
Chessnok: doesn't show hand
*** SUMMARY ***
Total pot $6 | Rake $0
Seat 1: Chessnok (button) (small blind) collected ($6)
Seat 3: Rod0_br (big blind) folded before Flop


PokerStars Hand #150880111463:  Hold'em Limit ($3/$6 USD) - 2016/03/24 20:03:02 ET
Table 'Genua II' 6-max Seat #3 is the button
Seat 1: Chessnok ($323.12 in chips)
Seat 3: Rod0_br ($140.01 in chips)
Rod0_br: posts small blind $1
Chessnok: posts big blind $3
*** HOLE CARDS ***
Rod0_br: calls $2
Chessnok: checks
*** FLOP *** [5s 2d Qc]
Chessnok: checks
Rod0_br: checks
*** TURN *** [5s 2d Qc] [8d]
Chessnok: checks
Rod0_br: bets $6
Chessnok: folds
Uncalled bet ($6) returned to Rod0_br
Rod0_br collected $5.88 from pot
Rod0_br: doesn't show hand
*** SUMMARY ***
Total pot $6 | Rake $0.12
Board [5s 2d Qc 8d]
Seat 1: Chessnok (big blind) folded on the Turn
Seat 3: Rod0_br (button) (small blind) collected ($5.88)


PokerStars Hand #150880106332:  Hold'em Limit ($3/$6 USD) - 2016/03/24 20:02:54 ET
Table 'Genua II' 6-max Seat #1 is the button
Seat 1: Chessnok ($320.12 in chips)
Seat 3: Rod0_br ($143.01 in chips)
Chessnok: posts small blind $1
Rod0_br: posts big blind $3
*** HOLE CARDS ***
Chessnok: raises $3 to $6
Rod0_br: folds
Uncalled bet ($3) returned to Chessnok
Chessnok collected $6 from pot
Chessnok: doesn't show hand
*** SUMMARY ***
Total pot $6 | Rake $0
Seat 1: Chessnok (button) (small blind) collected ($6)
Seat 3: Rod0_br (big blind) folded before Flop


PokerStars Hand #150880092939:  Hold'em Limit ($3/$6 USD) - 2016/03/24 20:02:34 ET
Table 'Genua II' 6-max Seat #3 is the button
Seat 1: Chessnok ($302.62 in chips)
Seat 3: Rod0_br ($161.01 in chips)
Rod0_br: posts small blind $1
Chessnok: posts big blind $3
*** HOLE CARDS ***
Rod0_br: raises $3 to $6
Chessnok: raises $3 to $9
Rod0_br: calls $3
*** FLOP *** [5c 8d Td]
Chessnok: bets $3
Rod0_br: calls $3
*** TURN *** [5c 8d Td] [6s]
Chessnok: bets $6
Rod0_br: calls $6
*** RIVER *** [5c 8d Td 6s] [2s]
Chessnok: checks
Rod0_br: checks
*** SHOW DOWN ***
Chessnok: shows [9s Ks] (high card King)
Rod0_br: mucks hand
Chessnok collected $35.50 from pot
*** SUMMARY ***
Total pot $36 | Rake $0.50
Board [5c 8d Td 6s 2s]
Seat 1: Chessnok (big blind) showed [9s Ks] and won ($35.50) with high card King
Seat 3: Rod0_br (button) (small blind) mucked


PokerStars Hand #150880128101:  Hold'em Limit ($3/$6 USD) - 2016/03/24 20:03:26 ET
Table 'Genua II' 6-max Seat #3 is the button
Seat 1: Chessnok ($323.12 in chips)
Seat 3: Rod0_br ($139.89 in chips)
Rod0_br: posts small blind $1
Chessnok: posts big blind $3
*** HOLE CARDS ***
Rod0_br: calls $2
Chessnok: raises $3 to $6
Rod0_br: calls $3
*** FLOP *** [2s 9c Tc]
Chessnok: bets $3
Rod0_br: folds
Uncalled bet ($3) returned to Chessnok
Chessnok collected $11.76 from pot
Chessnok: doesn't show hand
*** SUMMARY ***
Total pot $12 | Rake $0.24
Board [2s 9c Tc]
Seat 1: Chessnok (big blind) collected ($11.76)
Seat 3: Rod0_br (button) (small blind) folded on the Flop


PokerStars Hand #150880135411:  Hold'em Limit ($3/$6 USD) - 2016/03/24 20:03:37 ET
Table 'Genua II' 6-max Seat #1 is the button
Seat 1: Chessnok ($328.88 in chips)
Seat 3: Rod0_br ($133.89 in chips)
Chessnok: posts small blind $1
Rod0_br: posts big blind $3
*** HOLE CARDS ***
Chessnok: raises $3 to $6
Rod0_br: raises $3 to $9
Chessnok: calls $3
*** FLOP *** [5h 3d 5c]
Rod0_br: bets $3
Chessnok: calls $3
*** TURN *** [5h 3d 5c] [2h]
Rod0_br: checks
Chessnok: bets $6
Rod0_br: calls $6
*** RIVER *** [5h 3d 5c 2h] [Th]
Rod0_br: checks
Chessnok: checks
*** SHOW DOWN ***
Rod0_br: shows [As Js] (a pair of Fives)
Chessnok: shows [Ac Jd] (a pair of Fives)
Rod0_br collected $17.75 from pot
Chessnok collected $17.75 from pot
*** SUMMARY ***
Total pot $36 | Rake $0.50
Board [5h 3d 5c 2h Th]
Seat 1: Chessnok (button) (small blind) showed [Ac Jd] and won ($17.75) with a pair of Fives
Seat 3: Rod0_br (big blind) showed [As Js] and won ($17.75) with a pair of Fives


PokerStars Hand #150880168841:  Hold'em Limit ($3/$6 USD) - 2016/03/24 20:04:25 ET
Table 'Genua II' 6-max Seat #1 is the button
Seat 1: Chessnok ($349.13 in chips)
Seat 3: Rod0_br ($112.64 in chips)
Chessnok: posts small blind $1
Rod0_br: posts big blind $3
*** HOLE CARDS ***
Chessnok: raises $3 to $6
Rod0_br: raises $3 to $9
Chessnok: calls $3
*** FLOP *** [Ks 5h Kc]
Rod0_br: checks
Chessnok: checks
*** TURN *** [Ks 5h Kc] [Td]
Rod0_br: bets $6
Chessnok: calls $6
*** RIVER *** [Ks 5h Kc Td] [8d]
Rod0_br: checks
Chessnok: bets $6
Rod0_br: calls $6
*** SHOW DOWN ***
Chessnok: shows [9d 9s] (two pair, Kings and Nines)
Rod0_br: mucks hand
Chessnok collected $41.50 from pot
*** SUMMARY ***
Total pot $42 | Rake $0.50
Board [Ks 5h Kc Td 8d]
Seat 1: Chessnok (button) (small blind) showed [9d 9s] and won ($41.50) with two pair, Kings and Nines
Seat 3: Rod0_br (big blind) mucked


PokerStars Hand #150880210594:  Hold'em Limit ($3/$6 USD) - 2016/03/24 20:05:23 ET
Table 'Genua II' 6-max Seat #1 is the button
Seat 1: Chessnok ($384.13 in chips)
Seat 3: Rod0_br ($76.64 in chips)
Chessnok: posts small blind $1
Rod0_br: posts big blind $3
*** HOLE CARDS ***
Chessnok: folds
Uncalled bet ($2) returned to Rod0_br
Rod0_br collected $2 from pot
Rod0_br: doesn't show hand
*** SUMMARY ***
Total pot $2 | Rake $0
Seat 1: Chessnok (button) (small blind) folded before Flop
Seat 3: Rod0_br (big blind) collected ($2)


PokerStars Hand #150880193315:  Hold'em Limit ($3/$6 USD) - 2016/03/24 20:05:01 ET
Table 'Genua II' 6-max Seat #3 is the button
Seat 1: Chessnok ($369.63 in chips)
Seat 3: Rod0_br ($91.64 in chips)
Rod0_br: posts small blind $1
Chessnok: posts big blind $3
*** HOLE CARDS ***
Rod0_br: calls $2
Chessnok: raises $3 to $6
Rod0_br: calls $3
*** FLOP *** [Qd 5s Tc]
Chessnok: bets $3
Rod0_br: calls $3
*** TURN *** [Qd 5s Tc] [Ks]
Chessnok: bets $6
Rod0_br: calls $6
*** RIVER *** [Qd 5s Tc Ks] [2c]
Chessnok: checks
Rod0_br: checks
*** SHOW DOWN ***
Chessnok: shows [Ah 9d] (high card Ace)
Rod0_br: mucks hand
Chessnok collected $29.50 from pot
*** SUMMARY ***
Total pot $30 | Rake $0.50
Board [Qd 5s Tc Ks 2c]
Seat 1: Chessnok (big blind) showed [Ah 9d] and won ($29.50) with high card Ace
Seat 3: Rod0_br (button) (small blind) mucked


PokerStars Hand #150880217052:  Hold'em Limit ($3/$6 USD) - 2016/03/24 20:05:32 ET
Table 'Genua II' 6-max Seat #1 is the button
Seat 1: Chessnok ($384.13 in chips)
Seat 3: Rod0_br ($76.64 in chips)
Chessnok: posts small blind $1
Rod0_br: posts big blind $3
*** HOLE CARDS ***
Chessnok: folds
Uncalled bet ($2) returned to Rod0_br
Rod0_br collected $2 from pot
Rod0_br: doesn't show hand
*** SUMMARY ***
Total pot $2 | Rake $0
Seat 1: Chessnok (button) (small blind) folded before Flop
Seat 3: Rod0_br (big blind) collected ($2)


PokerStars Hand #150880213564:  Hold'em Limit ($3/$6 USD) - 2016/03/24 20:05:27 ET
Table 'Genua II' 6-max Seat #3 is the button
Seat 1: Chessnok ($383.13 in chips)
Seat 3: Rod0_br ($77.64 in chips)
Rod0_br: posts small blind $1
Chessnok: posts big blind $3
*** HOLE CARDS ***
Rod0_br: folds
Uncalled bet ($2) returned to Chessnok
Chessnok collected $2 from pot
Chessnok: doesn't show hand
*** SUMMARY ***
Total pot $2 | Rake $0
Seat 1: Chessnok (big blind) collected ($2)
Seat 3: Rod0_br (button) (small blind) folded before Flop


PokerStars Hand #150880220585:  Hold'em Limit ($3/$6 USD) - 2016/03/24 20:05:37 ET
Table 'Genua II' 6-max Seat #3 is the button
Seat 1: Chessnok ($383.13 in chips)
Seat 3: Rod0_br ($77.64 in chips)
Rod0_br: posts small blind $1
Chessnok: posts big blind $3
*** HOLE CARDS ***
Rod0_br: raises $3 to $6
Chessnok: folds
Uncalled bet ($3) returned to Rod0_br
Rod0_br collected $6 from pot
Rod0_br: doesn't show hand
*** SUMMARY ***
Total pot $6 | Rake $0
Seat 1: Chessnok (big blind) folded before Flop
Seat 3: Rod0_br (button) (small blind) collected ($6)


PokerStars Hand #150880228560:  Hold'em Limit ($3/$6 USD) - 2016/03/24 20:05:49 ET
Table 'Genua II' 6-max Seat #1 is the button
Seat 1: Chessnok ($380.13 in chips)
Seat 3: Rod0_br ($80.64 in chips)
Chessnok: posts small blind $1
Rod0_br: posts big blind $3
*** HOLE CARDS ***
Chessnok: raises $3 to $6
Rod0_br: raises $3 to $9
Chessnok: calls $3
*** FLOP *** [4s Jh Jc]
Rod0_br: checks
Chessnok: bets $3
Rod0_br: folds
Uncalled bet ($3) returned to Chessnok
Chessnok collected $17.64 from pot
Chessnok: doesn't show hand
cloony 38 joins the table at seat #4
*** SUMMARY ***
Total pot $18 | Rake $0.36
Board [4s Jh Jc]
Seat 1: Chessnok (button) (small blind) collected ($17.64)
Seat 3: Rod0_br (big blind) folded on the Flop


