PokerStars Hand #149345020986:  Hold'em Limit ($3/$6 USD) - 2016/02/24 12:33:44 ET
Table 'Genua' 6-max Seat #3 is the button
Seat 3: 5PRUT5 ($49.02 in chips)
Seat 4: Great_Kang ($120 in chips)
5PRUT5: posts small blind $1
Great_Kang: posts big blind $3
*** HOLE CARDS ***
5PRUT5: folds
Uncalled bet ($2) returned to Great_Kang
Great_Kang collected $2 from pot
Great_Kang: doesn't show hand
*** SUMMARY ***
Total pot $2 | Rake $0
Seat 3: 5PRUT5 (button) (small blind) folded before Flop
Seat 4: Great_Kang (big blind) collected ($2)


PokerStars Hand #149345000075:  Hold'em Limit ($3/$6 USD) - 2016/02/24 12:33:21 ET
Table 'Genua' 6-max Seat #4 is the button
Seat 3: 5PRUT5 ($34.52 in chips)
Seat 4: Great_Kang ($125.76 in chips)
Great_Kang: posts small blind $1
5PRUT5: posts big blind $3
*** HOLE CARDS ***
Great_Kang: raises $3 to $6
5PRUT5: calls $3
*** FLOP *** [8c 6c 7c]
stugats1 joins the table at seat #5
5PRUT5: checks
Great_Kang: bets $3
5PRUT5: calls $3
*** TURN *** [8c 6c 7c] [Tc]
5PRUT5: checks
Great_Kang: bets $6
5PRUT5: raises $6 to $12
Great_Kang: folds
Uncalled bet ($6) returned to 5PRUT5
5PRUT5 collected $29.50 from pot
5PRUT5: doesn't show hand
*** SUMMARY ***
Total pot $30 | Rake $0.50
Board [8c 6c 7c Tc]
Seat 3: 5PRUT5 (big blind) collected ($29.50)
Seat 4: Great_Kang (button) (small blind) folded on the Turn


PokerStars Hand #149344981689:  Hold'em Limit ($3/$6 USD) - 2016/02/24 12:33:01 ET
Table 'Genua' 6-max Seat #3 is the button
Seat 3: 5PRUT5 ($40.52 in chips)
Seat 4: Great_Kang ($120 in chips)
5PRUT5: posts small blind $1
Great_Kang: posts big blind $3
*** HOLE CARDS ***
5PRUT5: raises $3 to $6
Great_Kang: calls $3
*** FLOP *** [Jd 7d Js]
Great_Kang: checks
5PRUT5: checks
*** TURN *** [Jd 7d Js] [5d]
Great_Kang: checks
5PRUT5: checks
*** RIVER *** [Jd 7d Js 5d] [4c]
Great_Kang: checks
5PRUT5: checks
*** SHOW DOWN ***
Great_Kang: shows [3d Kc] (a pair of Jacks)
5PRUT5: mucks hand
Great_Kang collected $11.76 from pot
*** SUMMARY ***
Total pot $12 | Rake $0.24
Board [Jd 7d Js 5d 4c]
Seat 3: 5PRUT5 (button) (small blind) mucked
Seat 4: Great_Kang (big blind) showed [3d Kc] and won ($11.76) with a pair of Jacks


PokerStars Hand #149345242572:  Hold'em Limit ($3/$6 USD) - 2016/02/24 12:37:48 ET
Table 'Genua' 6-max Seat #5 is the button
Seat 4: Great_Kang ($128.35 in chips)
Seat 5: stugats1 ($188.73 in chips)
stugats1: posts small blind $1
Great_Kang: posts big blind $3
*** HOLE CARDS ***
stugats1: raises $3 to $6
Great_Kang: calls $3
*** FLOP *** [4s 5d Qh]
Great_Kang: checks
stugats1: bets $3
Great_Kang: calls $3
*** TURN *** [4s 5d Qh] [9d]
Great_Kang: checks
stugats1: bets $6
Great_Kang: raises $6 to $12
stugats1: folds
Uncalled bet ($6) returned to Great_Kang
Great_Kang collected $29.50 from pot
Great_Kang: doesn't show hand
*** SUMMARY ***
Total pot $30 | Rake $0.50
Board [4s 5d Qh 9d]
Seat 4: Great_Kang (big blind) collected ($29.50)
Seat 5: stugats1 (button) (small blind) folded on the Turn


PokerStars Hand #149345266500:  Hold'em Limit ($3/$6 USD) - 2016/02/24 12:38:14 ET
Table 'Genua' 6-max Seat #4 is the button
Seat 4: Great_Kang ($142.85 in chips)
Seat 5: stugats1 ($173.73 in chips)
Great_Kang: posts small blind $1
stugats1: posts big blind $3
*** HOLE CARDS ***
Great_Kang: raises $3 to $6
stugats1: calls $3
*** FLOP *** [7c 5c 4d]
stugats1: bets $3
Great_Kang: calls $3
*** TURN *** [7c 5c 4d] [4h]
Michello2 joins the table at seat #6
stugats1: bets $6
Great_Kang: calls $6
*** RIVER *** [7c 5c 4d 4h] [Jd]
stugats1: bets $6
Great_Kang: calls $6
*** SHOW DOWN ***
stugats1: shows [Jh 5h] (two pair, Jacks and Fives)
Great_Kang: mucks hand
stugats1 collected $41.50 from pot
*** SUMMARY ***
Total pot $42 | Rake $0.50
Board [7c 5c 4d 4h Jd]
Seat 4: Great_Kang (button) (small blind) mucked
Seat 5: stugats1 (big blind) showed [Jh 5h] and won ($41.50) with two pair, Jacks and Fives


PokerStars Hand #149353042340:  Hold'em Limit ($3/$6 USD) - 2016/02/24 14:50:47 ET
Table 'Genua' 6-max Seat #6 is the button
Seat 1: krytalex ($77.76 in chips)
Seat 6: fsreibnitz ($146.45 in chips)
fsreibnitz: posts small blind $1
krytalex: posts big blind $3
*** HOLE CARDS ***
fsreibnitz: raises $3 to $6
krytalex: raises $3 to $9
wuck249 joins the table at seat #3
fsreibnitz: calls $3
*** FLOP *** [Jh 7c 9h]
krytalex: bets $3
fsreibnitz: calls $3
*** TURN *** [Jh 7c 9h] [Ts]
krytalex: checks
fsreibnitz: checks
*** RIVER *** [Jh 7c 9h Ts] [4d]
krytalex: checks
fsreibnitz: bets $6
krytalex: calls $6
*** SHOW DOWN ***
fsreibnitz: shows [Kh 2s] (high card King)
krytalex: shows [Ah Kc] (high card Ace)
krytalex collected $35.50 from pot
*** SUMMARY ***
Total pot $36 | Rake $0.50
Board [Jh 7c 9h Ts 4d]
Seat 1: krytalex (big blind) showed [Ah Kc] and won ($35.50) with high card Ace
Seat 6: fsreibnitz (button) (small blind) showed [Kh 2s] and lost with high card King


PokerStars Hand #149353023553:  Hold'em Limit ($3/$6 USD) - 2016/02/24 14:50:29 ET
Table 'Genua' 6-max Seat #1 is the button
Seat 1: krytalex ($72 in chips)
Seat 6: fsreibnitz ($152.45 in chips)
krytalex: posts small blind $1
fsreibnitz: posts big blind $3
*** HOLE CARDS ***
krytalex: raises $3 to $6
fsreibnitz: calls $3
*** FLOP *** [2h 4s 9h]
fsreibnitz: checks
krytalex: bets $3
fsreibnitz: folds
Uncalled bet ($3) returned to krytalex
krytalex collected $11.76 from pot
*** SUMMARY ***
Total pot $12 | Rake $0.24
Board [2h 4s 9h]
Seat 1: krytalex (button) (small blind) collected ($11.76)
Seat 6: fsreibnitz (big blind) folded on the Flop


PokerStars Hand #149353011359:  Hold'em Limit ($3/$6 USD) - 2016/02/24 14:50:17 ET
Table 'Genua' 6-max Seat #6 is the button
Seat 1: krytalex ($73.63 in chips)
Seat 6: fsreibnitz ($146.69 in chips)
fsreibnitz: posts small blind $1
krytalex: posts big blind $3
*** HOLE CARDS ***
fsreibnitz: raises $3 to $6
krytalex: calls $3
*** FLOP *** [9c Ts Jh]
krytalex: checks
fsreibnitz: bets $3
krytalex: folds
Uncalled bet ($3) returned to fsreibnitz
fsreibnitz collected $11.76 from pot
*** SUMMARY ***
Total pot $12 | Rake $0.24
Board [9c Ts Jh]
Seat 1: krytalex (big blind) folded on the Flop
Seat 6: fsreibnitz (button) (small blind) collected ($11.76)


PokerStars Hand #149352955397:  Hold'em Limit ($3/$6 USD) - 2016/02/24 14:49:21 ET
Table 'Genua' 6-max Seat #1 is the button
Seat 1: krytalex ($82.63 in chips)
Seat 6: fsreibnitz ($138.05 in chips)
krytalex: posts small blind $1
Great_Kang: is sitting out
fsreibnitz: posts big blind $3
*** HOLE CARDS ***
Great_Kang leaves the table
krytalex: raises $3 to $6
fsreibnitz: calls $3
*** FLOP *** [Kc 5h Ts]
fsreibnitz: checks
krytalex: bets $3
fsreibnitz: calls $3
*** TURN *** [Kc 5h Ts] [Jd]
fsreibnitz: checks
krytalex: checks
*** RIVER *** [Kc 5h Ts Jd] [9s]
fsreibnitz: bets $6
krytalex: folds
Uncalled bet ($6) returned to fsreibnitz
fsreibnitz collected $17.64 from pot
*** SUMMARY ***
Total pot $18 | Rake $0.36
Board [Kc 5h Ts Jd 9s]
Seat 1: krytalex (button) (small blind) folded on the River
Seat 6: fsreibnitz (big blind) collected ($17.64)


