PokerStars Hand #154313499528:  Hold'em Limit ($3/$6 USD) - 2016/06/05 5:45:46 ET
Table 'Genua' 6-max Seat #1 is the button
Seat 1: Holla-eller? ($95.47 in chips)
Seat 4: VolkovDmitri ($120 in chips)
Holla-eller?: posts small blind $1
VolkovDmitri: posts big blind $3
*** HOLE CARDS ***
Holla-eller?: folds
Uncalled bet ($2) returned to VolkovDmitri
VolkovDmitri collected $2 from pot
VolkovDmitri: doesn't show hand
*** SUMMARY ***
Total pot $2 | Rake $0
Seat 1: Holla-eller? (button) (small blind) folded before Flop
Seat 4: VolkovDmitri (big blind) collected ($2)


PokerStars Hand #154313502128:  Hold'em Limit ($3/$6 USD) - 2016/06/05 5:45:52 ET
Table 'Genua' 6-max Seat #4 is the button
Seat 1: Holla-eller? ($94.47 in chips)
Seat 4: VolkovDmitri ($121 in chips)
VolkovDmitri: posts small blind $1
Holla-eller?: posts big blind $3
*** HOLE CARDS ***
VolkovDmitri: raises $3 to $6
Holla-eller?: folds
Uncalled bet ($3) returned to VolkovDmitri
VolkovDmitri collected $6 from pot
VolkovDmitri: doesn't show hand
*** SUMMARY ***
Total pot $6 | Rake $0
Seat 1: Holla-eller? (big blind) folded before Flop
Seat 4: VolkovDmitri (button) (small blind) collected ($6)


PokerStars Hand #154313505748:  Hold'em Limit ($3/$6 USD) - 2016/06/05 5:46:00 ET
Table 'Genua' 6-max Seat #1 is the button
Seat 1: Holla-eller? ($91.47 in chips)
Seat 4: VolkovDmitri ($124 in chips)
Holla-eller?: posts small blind $1
VolkovDmitri: posts big blind $3
*** HOLE CARDS ***
Holla-eller?: raises $3 to $6
VolkovDmitri: raises $3 to $9
Holla-eller?: raises $3 to $12
Betting is capped
VolkovDmitri: calls $3
*** FLOP *** [Qc 3h 6s]
VolkovDmitri: bets $3
Holla-eller?: calls $3
*** TURN *** [Qc 3h 6s] [9s]
VolkovDmitri: checks
Holla-eller?: bets $6
VolkovDmitri: calls $6
*** RIVER *** [Qc 3h 6s 9s] [2d]
VolkovDmitri: checks
Holla-eller?: bets $6
VolkovDmitri: calls $6
*** SHOW DOWN ***
Holla-eller?: shows [Kd 4h] (high card King)
VolkovDmitri: shows [Ks Jh] (high card King - Queen+Jack kicker)
VolkovDmitri collected $53.50 from pot
*** SUMMARY ***
Total pot $54 | Rake $0.50
Board [Qc 3h 6s 9s 2d]
Seat 1: Holla-eller? (button) (small blind) showed [Kd 4h] and lost with high card King
Seat 4: VolkovDmitri (big blind) showed [Ks Jh] and won ($53.50) with high card King


PokerStars Hand #154313537275:  Hold'em Limit ($3/$6 USD) - 2016/06/05 5:47:12 ET
Table 'Genua' 6-max Seat #4 is the button
Seat 1: Holla-eller? ($64.47 in chips)
Seat 4: VolkovDmitri ($150.50 in chips)
VolkovDmitri: posts small blind $1
Holla-eller?: posts big blind $3
*** HOLE CARDS ***
VolkovDmitri: raises $3 to $6
Holla-eller?: folds
Uncalled bet ($3) returned to VolkovDmitri
VolkovDmitri collected $6 from pot
VolkovDmitri: doesn't show hand
*** SUMMARY ***
Total pot $6 | Rake $0
Seat 1: Holla-eller? (big blind) folded before Flop
Seat 4: VolkovDmitri (button) (small blind) collected ($6)


PokerStars Hand #154313550496:  Hold'em Limit ($3/$6 USD) - 2016/06/05 5:47:42 ET
Table 'Genua' 6-max Seat #4 is the button
Seat 1: Holla-eller? ($87.97 in chips)
Seat 4: VolkovDmitri ($126.50 in chips)
VolkovDmitri: posts small blind $1
Holla-eller?: posts big blind $3
*** HOLE CARDS ***
VolkovDmitri: raises $3 to $6
Holla-eller?: folds
Uncalled bet ($3) returned to VolkovDmitri
VolkovDmitri collected $6 from pot
VolkovDmitri: doesn't show hand
*** SUMMARY ***
Total pot $6 | Rake $0
Seat 1: Holla-eller? (big blind) folded before Flop
Seat 4: VolkovDmitri (button) (small blind) collected ($6)


PokerStars Hand #154313539924:  Hold'em Limit ($3/$6 USD) - 2016/06/05 5:47:18 ET
Table 'Genua' 6-max Seat #1 is the button
Seat 1: Holla-eller? ($61.47 in chips)
Seat 4: VolkovDmitri ($153.50 in chips)
Holla-eller?: posts small blind $1
VolkovDmitri: posts big blind $3
*** HOLE CARDS ***
Holla-eller?: raises $3 to $6
VolkovDmitri: raises $3 to $9
Holla-eller?: raises $3 to $12
Betting is capped
VolkovDmitri: calls $3
*** FLOP *** [Td 7s 3c]
VolkovDmitri: bets $3
Holla-eller?: calls $3
*** TURN *** [Td 7s 3c] [Ac]
VolkovDmitri: bets $6
Holla-eller?: raises $6 to $12
VolkovDmitri: calls $6
*** RIVER *** [Td 7s 3c Ac] [9c]
VolkovDmitri: checks
Holla-eller?: bets $6
VolkovDmitri: folds
Uncalled bet ($6) returned to Holla-eller?
Holla-eller? collected $53.50 from pot
Holla-eller?: doesn't show hand
*** SUMMARY ***
Total pot $54 | Rake $0.50
Board [Td 7s 3c Ac 9c]
Seat 1: Holla-eller? (button) (small blind) collected ($53.50)
Seat 4: VolkovDmitri (big blind) folded on the River


PokerStars Hand #154313574025:  Hold'em Limit ($3/$6 USD) - 2016/06/05 5:48:36 ET
Table 'Genua' 6-max Seat #4 is the button
Seat 1: Holla-eller? ($75.97 in chips)
Seat 4: VolkovDmitri ($138.14 in chips)
VolkovDmitri: posts small blind $1
Holla-eller?: posts big blind $3
*** HOLE CARDS ***
VolkovDmitri: raises $3 to $6
Holla-eller?: folds
Uncalled bet ($3) returned to VolkovDmitri
VolkovDmitri collected $6 from pot
VolkovDmitri: doesn't show hand
*** SUMMARY ***
Total pot $6 | Rake $0
Seat 1: Holla-eller? (big blind) folded before Flop
Seat 4: VolkovDmitri (button) (small blind) collected ($6)


PokerStars Hand #154313554020:  Hold'em Limit ($3/$6 USD) - 2016/06/05 5:47:50 ET
Table 'Genua' 6-max Seat #1 is the button
Seat 1: Holla-eller? ($84.97 in chips)
Seat 4: VolkovDmitri ($129.50 in chips)
Holla-eller?: posts small blind $1
VolkovDmitri: posts big blind $3
*** HOLE CARDS ***
Holla-eller?: raises $3 to $6
VolkovDmitri: calls $3
*** FLOP *** [2h Kh 7s]
VolkovDmitri: checks
Holla-eller?: bets $3
VolkovDmitri: raises $3 to $6
Holla-eller?: folds
Uncalled bet ($3) returned to VolkovDmitri
VolkovDmitri collected $17.64 from pot
VolkovDmitri: doesn't show hand
*** SUMMARY ***
Total pot $18 | Rake $0.36
Board [2h Kh 7s]
Seat 1: Holla-eller? (button) (small blind) folded on the Flop
Seat 4: VolkovDmitri (big blind) collected ($17.64)


PokerStars Hand #154313602593:  Hold'em Limit ($3/$6 USD) - 2016/06/05 5:49:40 ET
Table 'Genua' 6-max Seat #1 is the button
Seat 1: Holla-eller? ($84.47 in chips)
Seat 4: VolkovDmitri ($129.14 in chips)
Holla-eller?: posts small blind $1
VolkovDmitri: posts big blind $3
*** HOLE CARDS ***
Holla-eller?: raises $3 to $6
VolkovDmitri: folds
Uncalled bet ($3) returned to Holla-eller?
Holla-eller? collected $6 from pot
Holla-eller?: doesn't show hand
*** SUMMARY ***
Total pot $6 | Rake $0
Seat 1: Holla-eller? (button) (small blind) collected ($6)
Seat 4: VolkovDmitri (big blind) folded before Flop


PokerStars Hand #154313599371:  Hold'em Limit ($3/$6 USD) - 2016/06/05 5:49:33 ET
Table 'Genua' 6-max Seat #4 is the button
Seat 1: Holla-eller? ($87.47 in chips)
Seat 4: VolkovDmitri ($126.14 in chips)
VolkovDmitri: posts small blind $1
Holla-eller?: posts big blind $3
*** HOLE CARDS ***
VolkovDmitri: raises $3 to $6
Holla-eller?: folds
Uncalled bet ($3) returned to VolkovDmitri
VolkovDmitri collected $6 from pot
VolkovDmitri: doesn't show hand
*** SUMMARY ***
Total pot $6 | Rake $0
Seat 1: Holla-eller? (big blind) folded before Flop
Seat 4: VolkovDmitri (button) (small blind) collected ($6)


PokerStars Hand #154313577737:  Hold'em Limit ($3/$6 USD) - 2016/06/05 5:48:44 ET
Table 'Genua' 6-max Seat #1 is the button
Seat 1: Holla-eller? ($72.97 in chips)
Seat 4: VolkovDmitri ($141.14 in chips)
Holla-eller?: posts small blind $1
VolkovDmitri: posts big blind $3
*** HOLE CARDS ***
Holla-eller?: raises $3 to $6
VolkovDmitri: calls $3
*** FLOP *** [2d 4h Kd]
VolkovDmitri: checks
Holla-eller?: bets $3
VolkovDmitri: calls $3
*** TURN *** [2d 4h Kd] [As]
VolkovDmitri: checks
Holla-eller?: checks
*** RIVER *** [2d 4h Kd As] [Qh]
VolkovDmitri: bets $6
Holla-eller?: calls $6
*** SHOW DOWN ***
VolkovDmitri: shows [Qc 9h] (a pair of Queens)
Holla-eller?: shows [Kh 3h] (a pair of Kings)
Holla-eller? collected $29.50 from pot
*** SUMMARY ***
Total pot $30 | Rake $0.50
Board [2d 4h Kd As Qh]
Seat 1: Holla-eller? (button) (small blind) showed [Kh 3h] and won ($29.50) with a pair of Kings
Seat 4: VolkovDmitri (big blind) showed [Qc 9h] and lost with a pair of Queens


PokerStars Hand #154313608189:  Hold'em Limit ($3/$6 USD) - 2016/06/05 5:49:53 ET
Table 'Genua' 6-max Seat #4 is the button
Seat 1: Holla-eller? ($87.47 in chips)
Seat 4: VolkovDmitri ($126.14 in chips)
VolkovDmitri: posts small blind $1
Holla-eller?: posts big blind $3
*** HOLE CARDS ***
VolkovDmitri: raises $3 to $6
Holla-eller?: calls $3
*** FLOP *** [3h Th Jh]
Holla-eller?: checks
VolkovDmitri: bets $3
Holla-eller?: calls $3
*** TURN *** [3h Th Jh] [7s]
Holla-eller?: checks
VolkovDmitri: checks
*** RIVER *** [3h Th Jh 7s] [Tc]
Holla-eller?: checks
VolkovDmitri: checks
*** SHOW DOWN ***
Holla-eller?: shows [Kh 7c] (two pair, Tens and Sevens)
VolkovDmitri: mucks hand
Holla-eller? collected $17.64 from pot
*** SUMMARY ***
Total pot $18 | Rake $0.36
Board [3h Th Jh 7s Tc]
Seat 1: Holla-eller? (big blind) showed [Kh 7c] and won ($17.64) with two pair, Tens and Sevens
Seat 4: VolkovDmitri (button) (small blind) mucked


PokerStars Hand #154313636748:  Hold'em Limit ($3/$6 USD) - 2016/06/05 5:50:57 ET
Table 'Genua' 6-max Seat #4 is the button
Seat 1: Holla-eller? ($75.11 in chips)
Seat 4: VolkovDmitri ($140.50 in chips)
VolkovDmitri: posts small blind $1
Holla-eller?: posts big blind $3
*** HOLE CARDS ***
VolkovDmitri: raises $3 to $6
Holla-eller?: folds
Uncalled bet ($3) returned to VolkovDmitri
VolkovDmitri collected $6 from pot
VolkovDmitri: doesn't show hand
*** SUMMARY ***
Total pot $6 | Rake $0
Seat 1: Holla-eller? (big blind) folded before Flop
Seat 4: VolkovDmitri (button) (small blind) collected ($6)


PokerStars Hand #154313623112:  Hold'em Limit ($3/$6 USD) - 2016/06/05 5:50:27 ET
Table 'Genua' 6-max Seat #1 is the button
Seat 1: Holla-eller? ($96.11 in chips)
Seat 4: VolkovDmitri ($120 in chips)
Holla-eller?: posts small blind $1
VolkovDmitri: posts big blind $3
*** HOLE CARDS ***
Holla-eller?: raises $3 to $6
VolkovDmitri: calls $3
*** FLOP *** [5s 7h 2d]
VolkovDmitri: bets $3
Holla-eller?: calls $3
*** TURN *** [5s 7h 2d] [8d]
VolkovDmitri: bets $6
Holla-eller?: raises $6 to $12
VolkovDmitri: calls $6
*** RIVER *** [5s 7h 2d 8d] [Qh]
VolkovDmitri: checks
Holla-eller?: checks
*** SHOW DOWN ***
VolkovDmitri: shows [7d Jh] (a pair of Sevens)
Holla-eller?: mucks hand
VolkovDmitri collected $41.50 from pot
*** SUMMARY ***
Total pot $42 | Rake $0.50
Board [5s 7h 2d 8d Qh]
Seat 1: Holla-eller? (button) (small blind) mucked
Seat 4: VolkovDmitri (big blind) showed [7d Jh] and won ($41.50) with a pair of Sevens


PokerStars Hand #154313639178:  Hold'em Limit ($3/$6 USD) - 2016/06/05 5:51:03 ET
Table 'Genua' 6-max Seat #1 is the button
Seat 1: Holla-eller? ($72.11 in chips)
Seat 4: VolkovDmitri ($143.50 in chips)
Holla-eller?: posts small blind $1
VolkovDmitri: posts big blind $3
*** HOLE CARDS ***
Holla-eller?: folds
Uncalled bet ($2) returned to VolkovDmitri
VolkovDmitri collected $2 from pot
VolkovDmitri: doesn't show hand
*** SUMMARY ***
Total pot $2 | Rake $0
Seat 1: Holla-eller? (button) (small blind) folded before Flop
Seat 4: VolkovDmitri (big blind) collected ($2)


PokerStars Hand #154313641256:  Hold'em Limit ($3/$6 USD) - 2016/06/05 5:51:08 ET
Table 'Genua' 6-max Seat #4 is the button
Seat 1: Holla-eller? ($71.11 in chips)
Seat 4: VolkovDmitri ($144.50 in chips)
VolkovDmitri: posts small blind $1
Holla-eller?: posts big blind $3
*** HOLE CARDS ***
VolkovDmitri: raises $3 to $6
Holla-eller?: raises $3 to $9
VolkovDmitri: calls $3
*** FLOP *** [Qs Qc 5s]
Holla-eller?: checks
VolkovDmitri: checks
*** TURN *** [Qs Qc 5s] [Tc]
Holla-eller?: bets $6
VolkovDmitri: folds
Uncalled bet ($6) returned to Holla-eller?
Holla-eller? collected $17.64 from pot
Holla-eller?: doesn't show hand
*** SUMMARY ***
Total pot $18 | Rake $0.36
Board [Qs Qc 5s Tc]
Seat 1: Holla-eller? (big blind) collected ($17.64)
Seat 4: VolkovDmitri (button) (small blind) folded on the Turn


PokerStars Hand #154313672884:  Hold'em Limit ($3/$6 USD) - 2016/06/05 5:52:20 ET
Table 'Genua' 6-max Seat #1 is the button
Seat 1: Holla-eller? ($85.39 in chips)
Seat 4: VolkovDmitri ($129.50 in chips)
Holla-eller?: posts small blind $1
VolkovDmitri: posts big blind $3
*** HOLE CARDS ***
Holla-eller?: folds
Uncalled bet ($2) returned to VolkovDmitri
VolkovDmitri collected $2 from pot
VolkovDmitri: doesn't show hand
*** SUMMARY ***
Total pot $2 | Rake $0
Seat 1: Holla-eller? (button) (small blind) folded before Flop
Seat 4: VolkovDmitri (big blind) collected ($2)


PokerStars Hand #154313668812:  Hold'em Limit ($3/$6 USD) - 2016/06/05 5:52:10 ET
Table 'Genua' 6-max Seat #4 is the button
Seat 1: Holla-eller? ($88.39 in chips)
Seat 4: VolkovDmitri ($126.50 in chips)
VolkovDmitri: posts small blind $1
Holla-eller?: posts big blind $3
*** HOLE CARDS ***
VolkovDmitri: raises $3 to $6
Holla-eller?: folds
Uncalled bet ($3) returned to VolkovDmitri
VolkovDmitri collected $6 from pot
VolkovDmitri: doesn't show hand
*** SUMMARY ***
Total pot $6 | Rake $0
Seat 1: Holla-eller? (big blind) folded before Flop
Seat 4: VolkovDmitri (button) (small blind) collected ($6)


PokerStars Hand #154313655987:  Hold'em Limit ($3/$6 USD) - 2016/06/05 5:51:41 ET
Table 'Genua' 6-max Seat #1 is the button
Seat 1: Holla-eller? ($79.75 in chips)
Seat 4: VolkovDmitri ($135.50 in chips)
Holla-eller?: posts small blind $1
VolkovDmitri: posts big blind $3
*** HOLE CARDS ***
Holla-eller?: raises $3 to $6
VolkovDmitri: calls $3
*** FLOP *** [As 4s 7h]
VolkovDmitri: checks
Holla-eller?: bets $3
VolkovDmitri: calls $3
*** TURN *** [As 4s 7h] [3s]
VolkovDmitri: checks
Holla-eller?: checks
*** RIVER *** [As 4s 7h 3s] [8s]
VolkovDmitri: checks
Holla-eller?: checks
*** SHOW DOWN ***
VolkovDmitri: shows [8h Kd] (a pair of Eights)
Holla-eller?: shows [6s Kh] (a flush, Ace high)
Holla-eller? collected $17.64 from pot
*** SUMMARY ***
Total pot $18 | Rake $0.36
Board [As 4s 7h 3s 8s]
Seat 1: Holla-eller? (button) (small blind) showed [6s Kh] and won ($17.64) with a flush, Ace high
Seat 4: VolkovDmitri (big blind) showed [8h Kd] and lost with a pair of Eights


PokerStars Hand #154313689511:  Hold'em Limit ($3/$6 USD) - 2016/06/05 5:52:57 ET
Table 'Genua' 6-max Seat #4 is the button
Seat 1: Holla-eller? ($71.39 in chips)
Seat 4: VolkovDmitri ($143.02 in chips)
VolkovDmitri: posts small blind $1
Holla-eller?: posts big blind $3
*** HOLE CARDS ***
VolkovDmitri: raises $3 to $6
Holla-eller?: folds
Uncalled bet ($3) returned to VolkovDmitri
VolkovDmitri collected $6 from pot
VolkovDmitri: doesn't show hand
*** SUMMARY ***
Total pot $6 | Rake $0
Seat 1: Holla-eller? (big blind) folded before Flop
Seat 4: VolkovDmitri (button) (small blind) collected ($6)


PokerStars Hand #154313687353:  Hold'em Limit ($3/$6 USD) - 2016/06/05 5:52:52 ET
Table 'Genua' 6-max Seat #1 is the button
Seat 1: Holla-eller? ($72.39 in chips)
Seat 4: VolkovDmitri ($142.02 in chips)
Holla-eller?: posts small blind $1
VolkovDmitri: posts big blind $3
*** HOLE CARDS ***
Holla-eller?: folds
Uncalled bet ($2) returned to VolkovDmitri
VolkovDmitri collected $2 from pot
VolkovDmitri: doesn't show hand
*** SUMMARY ***
Total pot $2 | Rake $0
Seat 1: Holla-eller? (button) (small blind) folded before Flop
Seat 4: VolkovDmitri (big blind) collected ($2)


PokerStars Hand #154313674809:  Hold'em Limit ($3/$6 USD) - 2016/06/05 5:52:24 ET
Table 'Genua' 6-max Seat #4 is the button
Seat 1: Holla-eller? ($84.39 in chips)
Seat 4: VolkovDmitri ($130.50 in chips)
VolkovDmitri: posts small blind $1
Holla-eller?: posts big blind $3
*** HOLE CARDS ***
VolkovDmitri: raises $3 to $6
Holla-eller?: raises $3 to $9
VolkovDmitri: calls $3
*** FLOP *** [2s 8s 4s]
Holla-eller?: bets $3
VolkovDmitri: calls $3
*** TURN *** [2s 8s 4s] [6s]
Holla-eller?: checks
VolkovDmitri: bets $6
Holla-eller?: folds
Uncalled bet ($6) returned to VolkovDmitri
VolkovDmitri collected $23.52 from pot
VolkovDmitri: doesn't show hand
*** SUMMARY ***
Total pot $24 | Rake $0.48
Board [2s 8s 4s 6s]
Seat 1: Holla-eller? (big blind) folded on the Turn
Seat 4: VolkovDmitri (button) (small blind) collected ($23.52)


PokerStars Hand #154313693417:  Hold'em Limit ($3/$6 USD) - 2016/06/05 5:53:06 ET
Table 'Genua' 6-max Seat #1 is the button
Seat 1: Holla-eller? ($68.39 in chips)
Seat 4: VolkovDmitri ($146.02 in chips)
Holla-eller?: posts small blind $1
VolkovDmitri: posts big blind $3
*** HOLE CARDS ***
Holla-eller?: folds
Uncalled bet ($2) returned to VolkovDmitri
VolkovDmitri collected $2 from pot
VolkovDmitri: doesn't show hand
*** SUMMARY ***
Total pot $2 | Rake $0
Seat 1: Holla-eller? (button) (small blind) folded before Flop
Seat 4: VolkovDmitri (big blind) collected ($2)


PokerStars Hand #154313714293:  Hold'em Limit ($3/$6 USD) - 2016/06/05 5:53:53 ET
Table 'Genua' 6-max Seat #4 is the button
Seat 1: Holla-eller? ($48.39 in chips)
Seat 4: VolkovDmitri ($165.52 in chips)
VolkovDmitri: posts small blind $1
Holla-eller?: posts big blind $3
*** HOLE CARDS ***
VolkovDmitri: raises $3 to $6
Holla-eller?: raises $3 to $9
VolkovDmitri: calls $3
*** FLOP *** [6s Ah 8c]
Holla-eller?: bets $3
VolkovDmitri: folds
Uncalled bet ($3) returned to Holla-eller?
Holla-eller? collected $17.64 from pot
Holla-eller?: doesn't show hand
*** SUMMARY ***
Total pot $18 | Rake $0.36
Board [6s Ah 8c]
Seat 1: Holla-eller? (big blind) collected ($17.64)
Seat 4: VolkovDmitri (button) (small blind) folded on the Flop


PokerStars Hand #154313712138:  Hold'em Limit ($3/$6 USD) - 2016/06/05 5:53:48 ET
Table 'Genua' 6-max Seat #1 is the button
Seat 1: Holla-eller? ($49.39 in chips)
Seat 4: VolkovDmitri ($164.52 in chips)
Holla-eller?: posts small blind $1
VolkovDmitri: posts big blind $3
*** HOLE CARDS ***
Holla-eller?: folds
Uncalled bet ($2) returned to VolkovDmitri
VolkovDmitri collected $2 from pot
VolkovDmitri: doesn't show hand
*** SUMMARY ***
Total pot $2 | Rake $0
Seat 1: Holla-eller? (button) (small blind) folded before Flop
Seat 4: VolkovDmitri (big blind) collected ($2)


PokerStars Hand #154313695657:  Hold'em Limit ($3/$6 USD) - 2016/06/05 5:53:11 ET
Table 'Genua' 6-max Seat #4 is the button
Seat 1: Holla-eller? ($67.39 in chips)
Seat 4: VolkovDmitri ($147.02 in chips)
VolkovDmitri: posts small blind $1
Holla-eller?: posts big blind $3
*** HOLE CARDS ***
VolkovDmitri: raises $3 to $6
Holla-eller?: raises $3 to $9
VolkovDmitri: calls $3
*** FLOP *** [9c Ad Jc]
Holla-eller?: bets $3
VolkovDmitri: calls $3
*** TURN *** [9c Ad Jc] [Qc]
Holla-eller?: checks
VolkovDmitri: bets $6
Holla-eller?: calls $6
*** RIVER *** [9c Ad Jc Qc] [As]
Holla-eller?: checks
VolkovDmitri: checks
*** SHOW DOWN ***
Holla-eller?: shows [9h Th] (two pair, Aces and Nines)
VolkovDmitri: shows [2c Js] (two pair, Aces and Jacks)
VolkovDmitri collected $35.50 from pot
*** SUMMARY ***
Total pot $36 | Rake $0.50
Board [9c Ad Jc Qc As]
Seat 1: Holla-eller? (big blind) showed [9h Th] and lost with two pair, Aces and Nines
Seat 4: VolkovDmitri (button) (small blind) showed [2c Js] and won ($35.50) with two pair, Aces and Jacks


PokerStars Hand #154313719822:  Hold'em Limit ($3/$6 USD) - 2016/06/05 5:54:06 ET
Table 'Genua' 6-max Seat #1 is the button
Seat 1: Holla-eller? ($57.03 in chips)
Seat 4: VolkovDmitri ($156.52 in chips)
Holla-eller?: posts small blind $1
VolkovDmitri: posts big blind $3
*** HOLE CARDS ***
Holla-eller?: raises $3 to $6
VolkovDmitri: calls $3
*** FLOP *** [5c Kc 9d]
VolkovDmitri: checks
Holla-eller?: bets $3
VolkovDmitri: raises $3 to $6
Holla-eller?: calls $3
*** TURN *** [5c Kc 9d] [Th]
VolkovDmitri: checks
Holla-eller?: checks
*** RIVER *** [5c Kc 9d Th] [5d]
VolkovDmitri: checks
Holla-eller?: checks
*** SHOW DOWN ***
VolkovDmitri: shows [8d 2d] (a pair of Fives)
Holla-eller?: shows [Ad 4d] (a pair of Fives - Ace kicker)
Holla-eller? collected $23.52 from pot
*** SUMMARY ***
Total pot $24 | Rake $0.48
Board [5c Kc 9d Th 5d]
Seat 1: Holla-eller? (button) (small blind) showed [Ad 4d] and won ($23.52) with a pair of Fives
Seat 4: VolkovDmitri (big blind) showed [8d 2d] and lost with a pair of Fives


PokerStars Hand #154313733009:  Hold'em Limit ($3/$6 USD) - 2016/06/05 5:54:36 ET
Table 'Genua' 6-max Seat #4 is the button
Seat 1: Holla-eller? ($68.55 in chips)
Seat 4: VolkovDmitri ($144.52 in chips)
VolkovDmitri: posts small blind $1
Holla-eller?: posts big blind $3
*** HOLE CARDS ***
VolkovDmitri: raises $3 to $6
Holla-eller?: calls $3
*** FLOP *** [Ks 3d Kd]
Holla-eller?: checks
VolkovDmitri: bets $3
Holla-eller?: calls $3
*** TURN *** [Ks 3d Kd] [Qc]
Holla-eller?: checks
VolkovDmitri: checks
*** RIVER *** [Ks 3d Kd Qc] [Qh]
Holla-eller?: checks
VolkovDmitri: checks
*** SHOW DOWN ***
Holla-eller?: shows [Ts 8s] (two pair, Kings and Queens)
VolkovDmitri: mucks hand
Holla-eller? collected $17.64 from pot
*** SUMMARY ***
Total pot $18 | Rake $0.36
Board [Ks 3d Kd Qc Qh]
Seat 1: Holla-eller? (big blind) showed [Ts 8s] and won ($17.64) with two pair, Kings and Queens
Seat 4: VolkovDmitri (button) (small blind) mucked


PokerStars Hand #154313748377:  Hold'em Limit ($3/$6 USD) - 2016/06/05 5:55:10 ET
Table 'Genua' 6-max Seat #1 is the button
Seat 1: Holla-eller? ($77.19 in chips)
Seat 4: VolkovDmitri ($135.52 in chips)
Holla-eller?: posts small blind $1
VolkovDmitri: posts big blind $3
*** HOLE CARDS ***
Holla-eller?: raises $3 to $6
VolkovDmitri: calls $3
*** FLOP *** [As 5s 4h]
VolkovDmitri: checks
Holla-eller?: bets $3
VolkovDmitri: calls $3
*** TURN *** [As 5s 4h] [7c]
VolkovDmitri: checks
Holla-eller?: checks
*** RIVER *** [As 5s 4h 7c] [9d]
VolkovDmitri: bets $6
Holla-eller?: folds
Uncalled bet ($6) returned to VolkovDmitri
VolkovDmitri collected $17.64 from pot
VolkovDmitri: doesn't show hand
*** SUMMARY ***
Total pot $18 | Rake $0.36
Board [As 5s 4h 7c 9d]
Seat 1: Holla-eller? (button) (small blind) folded on the River
Seat 4: VolkovDmitri (big blind) collected ($17.64)


PokerStars Hand #154313766032:  Hold'em Limit ($3/$6 USD) - 2016/06/05 5:55:56 ET
Table 'Genua' 6-max Seat #4 is the button
Seat 1: Holla-eller? ($68.19 in chips)
Seat 4: VolkovDmitri ($144.16 in chips)
VolkovDmitri: posts small blind $1
Holla-eller?: posts big blind $3
*** HOLE CARDS ***
VolkovDmitri: raises $3 to $6
Holla-eller?: folds
Uncalled bet ($3) returned to VolkovDmitri
VolkovDmitri collected $6 from pot
VolkovDmitri: doesn't show hand
*** SUMMARY ***
Total pot $6 | Rake $0
Seat 1: Holla-eller? (big blind) folded before Flop
Seat 4: VolkovDmitri (button) (small blind) collected ($6)


PokerStars Hand #154313771003:  Hold'em Limit ($3/$6 USD) - 2016/06/05 5:56:09 ET
Table 'Genua' 6-max Seat #1 is the button
Seat 1: Holla-eller? ($65.19 in chips)
Seat 4: VolkovDmitri ($147.16 in chips)
Holla-eller?: posts small blind $1
VolkovDmitri: posts big blind $3
*** HOLE CARDS ***
Holla-eller?: raises $3 to $6
VolkovDmitri: calls $3
*** FLOP *** [Td Tc Kc]
VolkovDmitri: checks
Holla-eller?: bets $3
VolkovDmitri: folds
Uncalled bet ($3) returned to Holla-eller?
Holla-eller? collected $11.76 from pot
Holla-eller?: doesn't show hand
*** SUMMARY ***
Total pot $12 | Rake $0.24
Board [Td Tc Kc]
Seat 1: Holla-eller? (button) (small blind) collected ($11.76)
Seat 4: VolkovDmitri (big blind) folded on the Flop


PokerStars Hand #154313808444:  Hold'em Limit ($3/$6 USD) - 2016/06/05 5:57:46 ET
Table 'Genua' 6-max Seat #4 is the button
Seat 1: Holla-eller? ($52.95 in chips)
Seat 4: VolkovDmitri ($158.66 in chips)
VolkovDmitri: posts small blind $1
Holla-eller?: posts big blind $3
*** HOLE CARDS ***
VolkovDmitri: raises $3 to $6
Holla-eller?: folds
Uncalled bet ($3) returned to VolkovDmitri
VolkovDmitri collected $6 from pot
VolkovDmitri: doesn't show hand
*** SUMMARY ***
Total pot $6 | Rake $0
Seat 1: Holla-eller? (big blind) folded before Flop
Seat 4: VolkovDmitri (button) (small blind) collected ($6)


PokerStars Hand #154313784505:  Hold'em Limit ($3/$6 USD) - 2016/06/05 5:56:44 ET
Table 'Genua' 6-max Seat #4 is the button
Seat 1: Holla-eller? ($70.95 in chips)
Seat 4: VolkovDmitri ($141.16 in chips)
VolkovDmitri: posts small blind $1
Holla-eller?: posts big blind $3
*** HOLE CARDS ***
VolkovDmitri: raises $3 to $6
Holla-eller?: raises $3 to $9
VolkovDmitri: calls $3
*** FLOP *** [Ks 4s 5s]
Holla-eller?: checks
VolkovDmitri: bets $3
Holla-eller?: raises $3 to $6
VolkovDmitri: calls $3
*** TURN *** [Ks 4s 5s] [5c]
Holla-eller?: bets $6
VolkovDmitri: calls $6
*** RIVER *** [Ks 4s 5s 5c] [6s]
Holla-eller?: checks
VolkovDmitri: checks
*** SHOW DOWN ***
Holla-eller?: shows [7h 9d] (a pair of Fives)
VolkovDmitri: shows [4h Kc] (two pair, Kings and Fives)
VolkovDmitri collected $41.50 from pot
*** SUMMARY ***
Total pot $42 | Rake $0.50
Board [Ks 4s 5s 5c 6s]
Seat 1: Holla-eller? (big blind) showed [7h 9d] and lost with a pair of Fives
Seat 4: VolkovDmitri (button) (small blind) showed [4h Kc] and won ($41.50) with two pair, Kings and Fives


PokerStars Hand #154313805128:  Hold'em Limit ($3/$6 USD) - 2016/06/05 5:57:37 ET
Table 'Genua' 6-max Seat #1 is the button
Seat 1: Holla-eller? ($49.95 in chips)
Seat 4: VolkovDmitri ($161.66 in chips)
Holla-eller?: posts small blind $1
VolkovDmitri: posts big blind $3
*** HOLE CARDS ***
Holla-eller?: raises $3 to $6
VolkovDmitri: folds
Uncalled bet ($3) returned to Holla-eller?
Holla-eller? collected $6 from pot
Holla-eller?: doesn't show hand
*** SUMMARY ***
Total pot $6 | Rake $0
Seat 1: Holla-eller? (button) (small blind) collected ($6)
Seat 4: VolkovDmitri (big blind) folded before Flop


PokerStars Hand #154313814050:  Hold'em Limit ($3/$6 USD) - 2016/06/05 5:58:00 ET
Table 'Genua' 6-max Seat #1 is the button
Seat 1: Holla-eller? ($49.95 in chips)
Seat 4: VolkovDmitri ($161.66 in chips)
Holla-eller?: posts small blind $1
VolkovDmitri: posts big blind $3
*** HOLE CARDS ***
Holla-eller?: folds
Uncalled bet ($2) returned to VolkovDmitri
VolkovDmitri collected $2 from pot
VolkovDmitri: doesn't show hand
*** SUMMARY ***
Total pot $2 | Rake $0
Seat 1: Holla-eller? (button) (small blind) folded before Flop
Seat 4: VolkovDmitri (big blind) collected ($2)


PokerStars Hand #154313817348:  Hold'em Limit ($3/$6 USD) - 2016/06/05 5:58:08 ET
Table 'Genua' 6-max Seat #4 is the button
Seat 1: Holla-eller? ($48.95 in chips)
Seat 4: VolkovDmitri ($162.66 in chips)
VolkovDmitri: posts small blind $1
Holla-eller?: posts big blind $3
*** HOLE CARDS ***
VolkovDmitri: raises $3 to $6
Holla-eller?: raises $3 to $9
VolkovDmitri: raises $3 to $12
Betting is capped
Holla-eller?: calls $3
*** FLOP *** [Ks Ts 9d]
Holla-eller?: bets $3
VolkovDmitri: raises $3 to $6
Holla-eller?: folds
Uncalled bet ($3) returned to VolkovDmitri
VolkovDmitri collected $29.50 from pot
VolkovDmitri: doesn't show hand
*** SUMMARY ***
Total pot $30 | Rake $0.50
Board [Ks Ts 9d]
Seat 1: Holla-eller? (big blind) folded on the Flop
Seat 4: VolkovDmitri (button) (small blind) collected ($29.50)


PokerStars Hand #154313832773:  Hold'em Limit ($3/$6 USD) - 2016/06/05 5:58:48 ET
Table 'Genua' 6-max Seat #1 is the button
Seat 1: Holla-eller? ($33.95 in chips)
Seat 4: VolkovDmitri ($177.16 in chips)
Holla-eller?: posts small blind $1
VolkovDmitri: posts big blind $3
*** HOLE CARDS ***
Holla-eller?: raises $3 to $6
VolkovDmitri: raises $3 to $9
Holla-eller?: raises $3 to $12
Betting is capped
VolkovDmitri: calls $3
*** FLOP *** [Qh 9d Qs]
VolkovDmitri: bets $3
Holla-eller?: raises $3 to $6
VolkovDmitri: raises $3 to $9
Holla-eller?: calls $3
*** TURN *** [Qh 9d Qs] [8s]
VolkovDmitri: bets $6
Holla-eller?: raises $6 to $12
VolkovDmitri: raises $6 to $18
Holla-eller?: calls $0.95 and is all-in
Uncalled bet ($5.05) returned to VolkovDmitri
*** RIVER *** [Qh 9d Qs 8s] [6d]
*** SHOW DOWN ***
VolkovDmitri: shows [Tc Td] (two pair, Queens and Tens)
Holla-eller?: shows [9s Ad] (two pair, Queens and Nines)
VolkovDmitri collected $67.40 from pot
*** SUMMARY ***
Total pot $67.90 | Rake $0.50
Board [Qh 9d Qs 8s 6d]
Seat 1: Holla-eller? (button) (small blind) showed [9s Ad] and lost with two pair, Queens and Nines
Seat 4: VolkovDmitri (big blind) showed [Tc Td] and won ($67.40) with two pair, Queens and Tens


