PokerStars Hand #147843769655:  Hold'em Limit ($3/$6 USD) - 2016/01/28 16:59:03 ET
Table 'Geographos II' 6-max Seat #1 is the button
Seat 1: VolkovDmitri ($137.50 in chips)
Seat 3: rttattar ($93.52 in chips)
VolkovDmitri: posts small blind $1
rttattar: posts big blind $3
*** HOLE CARDS ***
VolkovDmitri: raises $3 to $6
rttattar: folds
Uncalled bet ($3) returned to VolkovDmitri
VolkovDmitri collected $6 from pot
VolkovDmitri: doesn't show hand
*** SUMMARY ***
Total pot $6 | Rake $0
Seat 1: VolkovDmitri (button) (small blind) collected ($6)
Seat 3: rttattar (big blind) folded before Flop


PokerStars Hand #147843744746:  Hold'em Limit ($3/$6 USD) - 2016/01/28 16:58:35 ET
Table 'Geographos II' 6-max Seat #3 is the button
Seat 1: VolkovDmitri ($120 in chips)
Seat 3: rttattar ($111.52 in chips)
rttattar: posts small blind $1
VolkovDmitri: posts big blind $3
*** HOLE CARDS ***
rttattar: raises $3 to $6
VolkovDmitri: calls $3
*** FLOP *** [Ad Kh Qs]
VolkovDmitri: checks
rttattar: checks
*** TURN *** [Ad Kh Qs] [6c]
VolkovDmitri: bets $6
rttattar: calls $6
*** RIVER *** [Ad Kh Qs 6c] [2c]
VolkovDmitri: bets $6
rttattar: calls $6
*** SHOW DOWN ***
VolkovDmitri: shows [6d Ks] (two pair, Kings and Sixes)
rttattar: mucks hand
VolkovDmitri collected $35.50 from pot
*** SUMMARY ***
Total pot $36 | Rake $0.50
Board [Ad Kh Qs 6c 2c]
Seat 1: VolkovDmitri (big blind) showed [6d Ks] and won ($35.50) with two pair, Kings and Sixes
Seat 3: rttattar (button) (small blind) mucked


PokerStars Hand #147843775255:  Hold'em Limit ($3/$6 USD) - 2016/01/28 16:59:10 ET
Table 'Geographos II' 6-max Seat #3 is the button
Seat 1: VolkovDmitri ($140.50 in chips)
Seat 3: rttattar ($90.52 in chips)
rttattar: posts small blind $1
VolkovDmitri: posts big blind $3
*** HOLE CARDS ***
rttattar: raises $3 to $6
VolkovDmitri: calls $3
*** FLOP *** [Qc 4d 7s]
VolkovDmitri: checks
rttattar: checks
*** TURN *** [Qc 4d 7s] [9c]
VolkovDmitri: checks
rttattar: bets $6
VolkovDmitri: folds
Uncalled bet ($6) returned to rttattar
rttattar collected $11.76 from pot
rttattar: doesn't show hand
*** SUMMARY ***
Total pot $12 | Rake $0.24
Board [Qc 4d 7s 9c]
Seat 1: VolkovDmitri (big blind) folded on the Turn
Seat 3: rttattar (button) (small blind) collected ($11.76)


PokerStars Hand #147843792487:  Hold'em Limit ($3/$6 USD) - 2016/01/28 16:59:31 ET
Table 'Geographos II' 6-max Seat #1 is the button
Seat 1: VolkovDmitri ($134.50 in chips)
Seat 3: rttattar ($96.28 in chips)
VolkovDmitri: posts small blind $1
rttattar: posts big blind $3
*** HOLE CARDS ***
VolkovDmitri: raises $3 to $6
rttattar: raises $3 to $9
VolkovDmitri: calls $3
*** FLOP *** [7s 5s 3d]
rttattar: checks
VolkovDmitri: bets $3
rttattar: calls $3
*** TURN *** [7s 5s 3d] [4s]
rttattar: checks
VolkovDmitri: checks
*** RIVER *** [7s 5s 3d 4s] [Ts]
rttattar: checks
VolkovDmitri: checks
*** SHOW DOWN ***
rttattar: shows [9h Ah] (high card Ace)
VolkovDmitri: shows [Kd 3h] (a pair of Threes)
VolkovDmitri collected $23.52 from pot
*** SUMMARY ***
Total pot $24 | Rake $0.48
Board [7s 5s 3d 4s Ts]
Seat 1: VolkovDmitri (button) (small blind) showed [Kd 3h] and won ($23.52) with a pair of Threes
Seat 3: rttattar (big blind) showed [9h Ah] and lost with high card Ace


PokerStars Hand #147843825243:  Hold'em Limit ($3/$6 USD) - 2016/01/28 17:00:11 ET
Table 'Geographos II' 6-max Seat #3 is the button
Seat 1: VolkovDmitri ($146.02 in chips)
Seat 3: rttattar ($84.28 in chips)
rttattar: posts small blind $1
VolkovDmitri: posts big blind $3
*** HOLE CARDS ***
rttattar: raises $3 to $6
VolkovDmitri: raises $3 to $9
rttattar: calls $3
*** FLOP *** [Ad 6d Js]
VolkovDmitri: bets $3
rttattar: folds
Uncalled bet ($3) returned to VolkovDmitri
VolkovDmitri collected $17.64 from pot
VolkovDmitri: doesn't show hand
*** SUMMARY ***
Total pot $18 | Rake $0.36
Board [Ad 6d Js]
Seat 1: VolkovDmitri (big blind) collected ($17.64)
Seat 3: rttattar (button) (small blind) folded on the Flop


PokerStars Hand #147843838334:  Hold'em Limit ($3/$6 USD) - 2016/01/28 17:00:26 ET
Table 'Geographos II' 6-max Seat #1 is the button
Seat 1: VolkovDmitri ($154.66 in chips)
Seat 3: rttattar ($75.28 in chips)
VolkovDmitri: posts small blind $1
rttattar: posts big blind $3
*** HOLE CARDS ***
VolkovDmitri: raises $3 to $6
rttattar: calls $3
*** FLOP *** [Ad Qc 4d]
rttattar: bets $3
VolkovDmitri: calls $3
*** TURN *** [Ad Qc 4d] [4h]
rttattar: bets $6
VolkovDmitri: calls $6
*** RIVER *** [Ad Qc 4d 4h] [3h]
rttattar: bets $6
VolkovDmitri: folds
Uncalled bet ($6) returned to rttattar
rttattar collected $29.50 from pot
rttattar: doesn't show hand
*** SUMMARY ***
Total pot $30 | Rake $0.50
Board [Ad Qc 4d 4h 3h]
Seat 1: VolkovDmitri (button) (small blind) folded on the River
Seat 3: rttattar (big blind) collected ($29.50)


PokerStars Hand #147843868490:  Hold'em Limit ($3/$6 USD) - 2016/01/28 17:01:00 ET
Table 'Geographos II' 6-max Seat #3 is the button
Seat 1: VolkovDmitri ($139.66 in chips)
Seat 3: rttattar ($89.78 in chips)
rttattar: posts small blind $1
VolkovDmitri: posts big blind $3
*** HOLE CARDS ***
rttattar: calls $2
VolkovDmitri: checks
*** FLOP *** [7c 3d 5d]
VolkovDmitri: bets $3
rttattar: folds
Uncalled bet ($3) returned to VolkovDmitri
VolkovDmitri collected $5.88 from pot
VolkovDmitri: doesn't show hand
*** SUMMARY ***
Total pot $6 | Rake $0.12
Board [7c 3d 5d]
Seat 1: VolkovDmitri (big blind) collected ($5.88)
Seat 3: rttattar (button) (small blind) folded on the Flop


PokerStars Hand #147843902394:  Hold'em Limit ($3/$6 USD) - 2016/01/28 17:01:34 ET
Table 'Geographos II' 6-max Seat #3 is the button
Seat 1: VolkovDmitri ($141.54 in chips)
Seat 3: rttattar ($87.78 in chips)
rttattar: posts small blind $1
VolkovDmitri: posts big blind $3
*** HOLE CARDS ***
rttattar: folds
Uncalled bet ($2) returned to VolkovDmitri
VolkovDmitri collected $2 from pot
VolkovDmitri: doesn't show hand
*** SUMMARY ***
Total pot $2 | Rake $0
Seat 1: VolkovDmitri (big blind) collected ($2)
Seat 3: rttattar (button) (small blind) folded before Flop


PokerStars Hand #147843897564:  Hold'em Limit ($3/$6 USD) - 2016/01/28 17:01:30 ET
Table 'Geographos II' 6-max Seat #1 is the button
Seat 1: VolkovDmitri ($142.54 in chips)
Seat 3: rttattar ($86.78 in chips)
VolkovDmitri: posts small blind $1
rttattar: posts big blind $3
*** HOLE CARDS ***
VolkovDmitri: folds
Uncalled bet ($2) returned to rttattar
rttattar collected $2 from pot
rttattar: doesn't show hand
*** SUMMARY ***
Total pot $2 | Rake $0
Seat 1: VolkovDmitri (button) (small blind) folded before Flop
Seat 3: rttattar (big blind) collected ($2)


PokerStars Hand #147843907265:  Hold'em Limit ($3/$6 USD) - 2016/01/28 17:01:39 ET
Table 'Geographos II' 6-max Seat #1 is the button
Seat 1: VolkovDmitri ($142.54 in chips)
Seat 3: rttattar ($86.78 in chips)
VolkovDmitri: posts small blind $1
rttattar: posts big blind $3
*** HOLE CARDS ***
VolkovDmitri: raises $3 to $6
rttattar: calls $3
*** FLOP *** [2h 5d 7c]
rttattar: checks
VolkovDmitri: bets $3
rttattar: folds
Uncalled bet ($3) returned to VolkovDmitri
VolkovDmitri collected $11.76 from pot
VolkovDmitri: doesn't show hand
*** SUMMARY ***
Total pot $12 | Rake $0.24
Board [2h 5d 7c]
Seat 1: VolkovDmitri (button) (small blind) collected ($11.76)
Seat 3: rttattar (big blind) folded on the Flop


PokerStars Hand #147843981701:  Hold'em Limit ($3/$6 USD) - 2016/01/28 17:02:52 ET
Table 'Geographos II' 6-max Seat #3 is the button
Seat 1: VolkovDmitri ($145.30 in chips)
Seat 3: rttattar ($83.42 in chips)
rttattar: posts small blind $1
VolkovDmitri: posts big blind $3
*** HOLE CARDS ***
rttattar: folds
Uncalled bet ($2) returned to VolkovDmitri
VolkovDmitri collected $2 from pot
VolkovDmitri: doesn't show hand
*** SUMMARY ***
Total pot $2 | Rake $0
Seat 1: VolkovDmitri (big blind) collected ($2)
Seat 3: rttattar (button) (small blind) folded before Flop


PokerStars Hand #147843974846:  Hold'em Limit ($3/$6 USD) - 2016/01/28 17:02:45 ET
Table 'Geographos II' 6-max Seat #1 is the button
Seat 1: VolkovDmitri ($142.30 in chips)
Seat 3: rttattar ($86.42 in chips)
VolkovDmitri: posts small blind $1
rttattar: posts big blind $3
*** HOLE CARDS ***
VolkovDmitri: raises $3 to $6
rttattar: folds
Uncalled bet ($3) returned to VolkovDmitri
VolkovDmitri collected $6 from pot
VolkovDmitri: doesn't show hand
*** SUMMARY ***
Total pot $6 | Rake $0
Seat 1: VolkovDmitri (button) (small blind) collected ($6)
Seat 3: rttattar (big blind) folded before Flop


PokerStars Hand #147843954247:  Hold'em Limit ($3/$6 USD) - 2016/01/28 17:02:25 ET
Table 'Geographos II' 6-max Seat #3 is the button
Seat 1: VolkovDmitri ($148.30 in chips)
Seat 3: rttattar ($80.66 in chips)
rttattar: posts small blind $1
VolkovDmitri: posts big blind $3
*** HOLE CARDS ***
rttattar: raises $3 to $6
VolkovDmitri: calls $3
*** FLOP *** [5d Qh Ah]
VolkovDmitri: checks
rttattar: bets $3
VolkovDmitri: folds
Uncalled bet ($3) returned to rttattar
rttattar collected $11.76 from pot
rttattar: doesn't show hand
*** SUMMARY ***
Total pot $12 | Rake $0.24
Board [5d Qh Ah]
Seat 1: VolkovDmitri (big blind) folded on the Flop
Seat 3: rttattar (button) (small blind) collected ($11.76)


PokerStars Hand #147843945529:  Hold'em Limit ($3/$6 USD) - 2016/01/28 17:02:17 ET
Table 'Geographos II' 6-max Seat #1 is the button
Seat 1: VolkovDmitri ($145.30 in chips)
Seat 3: rttattar ($83.66 in chips)
VolkovDmitri: posts small blind $1
rttattar: posts big blind $3
*** HOLE CARDS ***
VolkovDmitri: raises $3 to $6
rttattar: folds
Uncalled bet ($3) returned to VolkovDmitri
VolkovDmitri collected $6 from pot
VolkovDmitri: doesn't show hand
*** SUMMARY ***
Total pot $6 | Rake $0
Seat 1: VolkovDmitri (button) (small blind) collected ($6)
Seat 3: rttattar (big blind) folded before Flop


PokerStars Hand #147843926606:  Hold'em Limit ($3/$6 USD) - 2016/01/28 17:01:58 ET
Table 'Geographos II' 6-max Seat #3 is the button
Seat 1: VolkovDmitri ($148.30 in chips)
Seat 3: rttattar ($80.78 in chips)
rttattar: posts small blind $1
VolkovDmitri: posts big blind $3
*** HOLE CARDS ***
rttattar: calls $2
VolkovDmitri: checks
*** FLOP *** [Qh Th 5h]
VolkovDmitri: checks
rttattar: bets $3
VolkovDmitri: folds
Uncalled bet ($3) returned to rttattar
rttattar collected $5.88 from pot
rttattar: doesn't show hand
*** SUMMARY ***
Total pot $6 | Rake $0.12
Board [Qh Th 5h]
Seat 1: VolkovDmitri (big blind) folded on the Flop
Seat 3: rttattar (button) (small blind) collected ($5.88)


PokerStars Hand #147844034888:  Hold'em Limit ($3/$6 USD) - 2016/01/28 17:03:43 ET
Table 'Geographos II' 6-max Seat #3 is the button
Seat 1: VolkovDmitri ($132.30 in chips)
Seat 3: rttattar ($95.92 in chips)
rttattar: posts small blind $1
VolkovDmitri: posts big blind $3
*** HOLE CARDS ***
rttattar: raises $3 to $6
VolkovDmitri: calls $3
*** FLOP *** [6s 4h Qs]
VolkovDmitri: bets $3
rttattar: calls $3
*** TURN *** [6s 4h Qs] [Kh]
VolkovDmitri: bets $6
Krazy90 joins the table at seat #4
rttattar: calls $6
*** RIVER *** [6s 4h Qs Kh] [9c]
VolkovDmitri: checks
rttattar: checks
*** SHOW DOWN ***
VolkovDmitri: shows [8h 6h] (a pair of Sixes)
rttattar: shows [7d 7s] (a pair of Sevens)
rttattar collected $29.50 from pot
*** SUMMARY ***
Total pot $30 | Rake $0.50
Board [6s 4h Qs Kh 9c]
Seat 1: VolkovDmitri (big blind) showed [8h 6h] and lost with a pair of Sixes
Seat 3: rttattar (button) (small blind) showed [7d 7s] and won ($29.50) with a pair of Sevens


PokerStars Hand #147844023219:  Hold'em Limit ($3/$6 USD) - 2016/01/28 17:03:32 ET
Table 'Geographos II' 6-max Seat #1 is the button
Seat 1: VolkovDmitri ($129.30 in chips)
Seat 3: rttattar ($98.92 in chips)
VolkovDmitri: posts small blind $1
rttattar: posts big blind $3
*** HOLE CARDS ***
VolkovDmitri: raises $3 to $6
rttattar: folds
Uncalled bet ($3) returned to VolkovDmitri
VolkovDmitri collected $6 from pot
VolkovDmitri: doesn't show hand
*** SUMMARY ***
Total pot $6 | Rake $0
Seat 1: VolkovDmitri (button) (small blind) collected ($6)
Seat 3: rttattar (big blind) folded before Flop


PokerStars Hand #147844017979:  Hold'em Limit ($3/$6 USD) - 2016/01/28 17:03:27 ET
Table 'Geographos II' 6-max Seat #3 is the button
Seat 1: VolkovDmitri ($128.30 in chips)
Seat 3: rttattar ($99.92 in chips)
rttattar: posts small blind $1
VolkovDmitri: posts big blind $3
*** HOLE CARDS ***
rttattar: folds
Uncalled bet ($2) returned to VolkovDmitri
VolkovDmitri collected $2 from pot
VolkovDmitri: doesn't show hand
*** SUMMARY ***
Total pot $2 | Rake $0
Seat 1: VolkovDmitri (big blind) collected ($2)
Seat 3: rttattar (button) (small blind) folded before Flop


PokerStars Hand #147843987541:  Hold'em Limit ($3/$6 USD) - 2016/01/28 17:02:58 ET
Table 'Geographos II' 6-max Seat #1 is the button
Seat 1: VolkovDmitri ($146.30 in chips)
Seat 3: rttattar ($82.42 in chips)
VolkovDmitri: posts small blind $1
rttattar: posts big blind $3
*** HOLE CARDS ***
VolkovDmitri: raises $3 to $6
rttattar: calls $3
*** FLOP *** [Qh Tc Ks]
rttattar: checks
VolkovDmitri: checks
*** TURN *** [Qh Tc Ks] [5d]
rttattar: bets $6
VolkovDmitri: calls $6
*** RIVER *** [Qh Tc Ks 5d] [5s]
rttattar: checks
VolkovDmitri: bets $6
rttattar: calls $6
*** SHOW DOWN ***
VolkovDmitri: shows [7c Ts] (two pair, Tens and Fives)
rttattar: shows [3c Qs] (two pair, Queens and Fives)
rttattar collected $35.50 from pot
*** SUMMARY ***
Total pot $36 | Rake $0.50
Board [Qh Tc Ks 5d 5s]
Seat 1: VolkovDmitri (button) (small blind) showed [7c Ts] and lost with two pair, Tens and Fives
Seat 3: rttattar (big blind) showed [3c Qs] and won ($35.50) with two pair, Queens and Fives


PokerStars Hand #147844066211:  Hold'em Limit ($3/$6 USD) - 2016/01/28 17:04:14 ET
Table 'Geographos II' 6-max Seat #1 is the button
Seat 1: VolkovDmitri ($120 in chips)
Seat 3: rttattar ($110.42 in chips)
VolkovDmitri: posts small blind $1
rttattar: posts big blind $3
*** HOLE CARDS ***
VolkovDmitri: raises $3 to $6
rttattar: raises $3 to $9
VolkovDmitri: calls $3
*** FLOP *** [8h Jh 9h]
rttattar: bets $3
VolkovDmitri: raises $3 to $6
rttattar: calls $3
*** TURN *** [8h Jh 9h] [Qd]
rttattar: checks
VolkovDmitri: bets $6
rttattar: raises $6 to $12
VolkovDmitri: raises $6 to $18
rttattar: calls $6
*** RIVER *** [8h Jh 9h Qd] [Ks]
rttattar: checks
VolkovDmitri: bets $6
rttattar: calls $6
*** SHOW DOWN ***
VolkovDmitri: shows [2h Ah] (a flush, Ace high)
rttattar: mucks hand
VolkovDmitri collected $77.50 from pot
*** SUMMARY ***
Total pot $78 | Rake $0.50
Board [8h Jh 9h Qd Ks]
Seat 1: VolkovDmitri (button) (small blind) showed [2h Ah] and won ($77.50) with a flush, Ace high
Seat 3: rttattar (big blind) mucked


PokerStars Hand #147844640265:  Hold'em Limit ($3/$6 USD) - 2016/01/28 17:13:38 ET
Table 'Geographos II' 6-max Seat #3 is the button
Seat 3: rttattar ($100 in chips)
Seat 4: Krazy90 ($169.86 in chips)
rttattar: posts small blind $1
Krazy90: posts big blind $3
*** HOLE CARDS ***
rttattar: raises $3 to $6
Krazy90: calls $3
*** FLOP *** [As Jd 7c]
Krazy90: checks
rttattar: checks
*** TURN *** [As Jd 7c] [Qs]
Krazy90: checks
rttattar: bets $6
Krazy90: calls $6
*** RIVER *** [As Jd 7c Qs] [7s]
Krazy90: checks
rttattar: checks
*** SHOW DOWN ***
Krazy90: shows [Qd 6c] (two pair, Queens and Sevens)
rttattar: shows [Kc Qh] (two pair, Queens and Sevens)
Krazy90 collected $11.76 from pot
rttattar collected $11.76 from pot
*** SUMMARY ***
Total pot $24 | Rake $0.48
Board [As Jd 7c Qs 7s]
Seat 3: rttattar (button) (small blind) showed [Kc Qh] and won ($11.76) with two pair, Queens and Sevens
Seat 4: Krazy90 (big blind) showed [Qd 6c] and won ($11.76) with two pair, Queens and Sevens


PokerStars Hand #147844632802:  Hold'em Limit ($3/$6 USD) - 2016/01/28 17:13:30 ET
Table 'Geographos II' 6-max Seat #4 is the button
Seat 3: rttattar ($99 in chips)
Seat 4: Krazy90 ($170.86 in chips)
Krazy90: posts small blind $1
Domenl joins the table at seat #1
rttattar: posts big blind $3
*** HOLE CARDS ***
Krazy90: folds
Uncalled bet ($2) returned to rttattar
rttattar collected $2 from pot
*** SUMMARY ***
Total pot $2 | Rake $0
Seat 3: rttattar (big blind) collected ($2)
Seat 4: Krazy90 (button) (small blind) folded before Flop


PokerStars Hand #147844624881:  Hold'em Limit ($3/$6 USD) - 2016/01/28 17:13:22 ET
Table 'Geographos II' 6-max Seat #3 is the button
Seat 3: rttattar ($100 in chips)
Seat 4: Krazy90 ($169.86 in chips)
rttattar: posts small blind $1
Krazy90: posts big blind $3
*** HOLE CARDS ***
rttattar: folds
Uncalled bet ($2) returned to Krazy90
Krazy90 collected $2 from pot
Krazy90: doesn't show hand
*** SUMMARY ***
Total pot $2 | Rake $0
Seat 3: rttattar (button) (small blind) folded before Flop
Seat 4: Krazy90 (big blind) collected ($2)


PokerStars Hand #147844580366:  Hold'em Limit ($3/$6 USD) - 2016/01/28 17:12:38 ET
Table 'Geographos II' 6-max Seat #4 is the button
Seat 3: rttattar ($9 in chips)
Seat 4: Krazy90 ($120 in chips)
Krazy90: posts small blind $1
VolkovDmitri: is sitting out
rttattar: posts big blind $3
*** HOLE CARDS ***
VolkovDmitri leaves the table
Krazy90: raises $3 to $6
rttattar: raises $3 to $9 and is all-in
Krazy90: calls $3
*** FLOP *** [Th Kd 4c]
*** TURN *** [Th Kd 4c] [6c]
*** RIVER *** [Th Kd 4c 6c] [7s]
*** SHOW DOWN ***
rttattar: shows [9s 4s] (a pair of Fours)
Krazy90: shows [7c Td] (two pair, Tens and Sevens)
Krazy90 collected $17.64 from pot
*** SUMMARY ***
Total pot $18 | Rake $0.36
Board [Th Kd 4c 6c 7s]
Seat 3: rttattar (big blind) showed [9s 4s] and lost with a pair of Fours
Seat 4: Krazy90 (button) (small blind) showed [7c Td] and won ($17.64) with two pair, Tens and Sevens


PokerStars Hand #147844706496:  Hold'em Limit ($3/$6 USD) - 2016/01/28 17:14:44 ET
Table 'Geographos II' 6-max Seat #3 is the button
Seat 1: Domenl ($122.79 in chips)
Seat 3: rttattar ($97.76 in chips)
rttattar: posts small blind $1
Krazy90: is sitting out
Krazy90 leaves the table
Domenl: posts big blind $3
*** HOLE CARDS ***
rttattar: folds
Uncalled bet ($2) returned to Domenl
Domenl collected $2 from pot
Domenl: doesn't show hand
*** SUMMARY ***
Total pot $2 | Rake $0
Seat 1: Domenl (big blind) collected ($2)
Seat 3: rttattar (button) (small blind) folded before Flop


PokerStars Hand #147844716272:  Hold'em Limit ($3/$6 USD) - 2016/01/28 17:14:53 ET
Table 'Geographos II' 6-max Seat #1 is the button
Seat 1: Domenl ($123.79 in chips)
Seat 3: rttattar ($96.76 in chips)
Domenl: posts small blind $1
rttattar: posts big blind $3
*** HOLE CARDS ***
Domenl: raises $3 to $6
rttattar: calls $3
*** FLOP *** [6h 9s Th]
rttattar: checks
Domenl: bets $3
rttattar: folds
Uncalled bet ($3) returned to Domenl
Domenl collected $11.76 from pot
Domenl: doesn't show hand
*** SUMMARY ***
Total pot $12 | Rake $0.24
Board [6h 9s Th]
Seat 1: Domenl (button) (small blind) collected ($11.76)
Seat 3: rttattar (big blind) folded on the Flop


PokerStars Hand #147844765514:  Hold'em Limit ($3/$6 USD) - 2016/01/28 17:15:42 ET
Table 'Geographos II' 6-max Seat #3 is the button
Seat 1: Domenl ($97.55 in chips)
Seat 3: rttattar ($122.26 in chips)
rttattar: posts small blind $1
Domenl: posts big blind $3
*** HOLE CARDS ***
rttattar: raises $3 to $6
Domenl: raises $3 to $9
rttattar: raises $3 to $12
Betting is capped
Domenl: calls $3
*** FLOP *** [9d Qh Jd]
Domenl: checks
rttattar: checks
*** TURN *** [9d Qh Jd] [Td]
Domenl: checks
rttattar: bets $6
Domenl: folds
Uncalled bet ($6) returned to rttattar
rttattar collected $23.52 from pot
*** SUMMARY ***
Total pot $24 | Rake $0.48
Board [9d Qh Jd Td]
Seat 1: Domenl (big blind) folded on the Turn
Seat 3: rttattar (button) (small blind) collected ($23.52)


PokerStars Hand #147844730923:  Hold'em Limit ($3/$6 USD) - 2016/01/28 17:15:08 ET
Table 'Geographos II' 6-max Seat #3 is the button
Seat 1: Domenl ($129.55 in chips)
Seat 3: rttattar ($90.76 in chips)
rttattar: posts small blind $1
Domenl: posts big blind $3
*** HOLE CARDS ***
rttattar: folds
Uncalled bet ($2) returned to Domenl
Domenl collected $2 from pot
Domenl: doesn't show hand
*** SUMMARY ***
Total pot $2 | Rake $0
Seat 1: Domenl (big blind) collected ($2)
Seat 3: rttattar (button) (small blind) folded before Flop


PokerStars Hand #147844738555:  Hold'em Limit ($3/$6 USD) - 2016/01/28 17:15:15 ET
Table 'Geographos II' 6-max Seat #1 is the button
Seat 1: Domenl ($130.55 in chips)
Seat 3: rttattar ($89.76 in chips)
Domenl: posts small blind $1
rttattar: posts big blind $3
*** HOLE CARDS ***
Domenl: raises $3 to $6
rttattar: calls $3
*** FLOP *** [Kd 5s Ks]
rttattar: checks
Domenl: bets $3
rttattar: calls $3
*** TURN *** [Kd 5s Ks] [5d]
rttattar: checks
Domenl: bets $6
rttattar: raises $6 to $12
Domenl: calls $6
*** RIVER *** [Kd 5s Ks 5d] [9s]
rttattar: checks
Domenl: bets $6
rttattar: raises $6 to $12
Domenl: calls $6
*** SHOW DOWN ***
rttattar: shows [Kc 2c] (a full house, Kings full of Fives)
Domenl: mucks hand
rttattar collected $65.50 from pot
*** SUMMARY ***
Total pot $66 | Rake $0.50
Board [Kd 5s Ks 5d 9s]
Seat 1: Domenl (button) (small blind) mucked
Seat 3: rttattar (big blind) showed [Kc 2c] and won ($65.50) with a full house, Kings full of Fives


PokerStars Hand #147844832731:  Hold'em Limit ($3/$6 USD) - 2016/01/28 17:16:48 ET
Table 'Geographos II' 6-max Seat #1 is the button
Seat 1: Domenl ($92.31 in chips)
Seat 3: rttattar ($126.78 in chips)
Domenl: posts small blind $1
rttattar: posts big blind $3
*** HOLE CARDS ***
Domenl: folds
Uncalled bet ($2) returned to rttattar
rttattar collected $2 from pot
*** SUMMARY ***
Total pot $2 | Rake $0
Seat 1: Domenl (button) (small blind) folded before Flop
Seat 3: rttattar (big blind) collected ($2)


PokerStars Hand #147844824867:  Hold'em Limit ($3/$6 USD) - 2016/01/28 17:16:40 ET
Table 'Geographos II' 6-max Seat #3 is the button
Seat 1: Domenl ($91.31 in chips)
Seat 3: rttattar ($127.78 in chips)
rttattar: posts small blind $1
Domenl: posts big blind $3
*** HOLE CARDS ***
rttattar: folds
Uncalled bet ($2) returned to Domenl
Domenl collected $2 from pot
Domenl: doesn't show hand
*** SUMMARY ***
Total pot $2 | Rake $0
Seat 1: Domenl (big blind) collected ($2)
Seat 3: rttattar (button) (small blind) folded before Flop


PokerStars Hand #147844806519:  Hold'em Limit ($3/$6 USD) - 2016/01/28 17:16:22 ET
Table 'Geographos II' 6-max Seat #1 is the button
Seat 1: Domenl ($85.55 in chips)
Seat 3: rttattar ($133.78 in chips)
Domenl: posts small blind $1
rttattar: posts big blind $3
*** HOLE CARDS ***
Domenl: raises $3 to $6
rttattar: calls $3
*** FLOP *** [4h 3c 9c]
rttattar: checks
Domenl: checks
*** TURN *** [4h 3c 9c] [9h]
rttattar: checks
Domenl: bets $6
rttattar: folds
Uncalled bet ($6) returned to Domenl
Domenl collected $11.76 from pot
Domenl: doesn't show hand
*** SUMMARY ***
Total pot $12 | Rake $0.24
Board [4h 3c 9c 9h]
Seat 1: Domenl (button) (small blind) collected ($11.76)
Seat 3: rttattar (big blind) folded on the Turn


PokerStars Hand #147844798756:  Hold'em Limit ($3/$6 USD) - 2016/01/28 17:16:15 ET
Table 'Geographos II' 6-max Seat #3 is the button
Seat 1: Domenl ($84.55 in chips)
Seat 3: rttattar ($134.78 in chips)
rttattar: posts small blind $1
Domenl: posts big blind $3
*** HOLE CARDS ***
rttattar: folds
Uncalled bet ($2) returned to Domenl
Domenl collected $2 from pot
Domenl: doesn't show hand
*** SUMMARY ***
Total pot $2 | Rake $0
Seat 1: Domenl (big blind) collected ($2)
Seat 3: rttattar (button) (small blind) folded before Flop


PokerStars Hand #147844792381:  Hold'em Limit ($3/$6 USD) - 2016/01/28 17:16:08 ET
Table 'Geographos II' 6-max Seat #1 is the button
Seat 1: Domenl ($85.55 in chips)
Seat 3: rttattar ($133.78 in chips)
Domenl: posts small blind $1
rttattar: posts big blind $3
*** HOLE CARDS ***
Domenl: folds
Uncalled bet ($2) returned to rttattar
rttattar collected $2 from pot
*** SUMMARY ***
Total pot $2 | Rake $0
Seat 1: Domenl (button) (small blind) folded before Flop
Seat 3: rttattar (big blind) collected ($2)


PokerStars Hand #147844856080:  Hold'em Limit ($3/$6 USD) - 2016/01/28 17:17:11 ET
Table 'Geographos II' 6-max Seat #1 is the button
Seat 1: Domenl ($85.31 in chips)
Seat 3: rttattar ($133.54 in chips)
Domenl: posts small blind $1
rttattar: posts big blind $3
*** HOLE CARDS ***
Domenl: raises $3 to $6
rttattar: folds
Uncalled bet ($3) returned to Domenl
Domenl collected $6 from pot
Domenl: doesn't show hand
*** SUMMARY ***
Total pot $6 | Rake $0
Seat 1: Domenl (button) (small blind) collected ($6)
Seat 3: rttattar (big blind) folded before Flop


PokerStars Hand #147844874112:  Hold'em Limit ($3/$6 USD) - 2016/01/28 17:17:29 ET
Table 'Geographos II' 6-max Seat #3 is the button
Seat 1: Domenl ($88.31 in chips)
Seat 3: rttattar ($130.54 in chips)
rttattar: posts small blind $1
Domenl: posts big blind $3
*** HOLE CARDS ***
rttattar: folds
Uncalled bet ($2) returned to Domenl
Domenl collected $2 from pot
*** SUMMARY ***
Total pot $2 | Rake $0
Seat 1: Domenl (big blind) collected ($2)
Seat 3: rttattar (button) (small blind) folded before Flop


PokerStars Hand #147844894961:  Hold'em Limit ($3/$6 USD) - 2016/01/28 17:17:50 ET
Table 'Geographos II' 6-max Seat #1 is the button
Seat 1: Domenl ($85.31 in chips)
Seat 3: rttattar ($133.54 in chips)
Domenl: posts small blind $1
rttattar: posts big blind $3
*** HOLE CARDS ***
Domenl: folds
Uncalled bet ($2) returned to rttattar
rttattar collected $2 from pot
*** SUMMARY ***
Total pot $2 | Rake $0
Seat 1: Domenl (button) (small blind) folded before Flop
Seat 3: rttattar (big blind) collected ($2)


PokerStars Hand #147844886932:  Hold'em Limit ($3/$6 USD) - 2016/01/28 17:17:42 ET
Table 'Geographos II' 6-max Seat #3 is the button
Seat 1: Domenl ($88.31 in chips)
Seat 3: rttattar ($130.54 in chips)
rttattar: posts small blind $1
Domenl: posts big blind $3
*** HOLE CARDS ***
rttattar: raises $3 to $6
Domenl: folds
Uncalled bet ($3) returned to rttattar
rttattar collected $6 from pot
*** SUMMARY ***
Total pot $6 | Rake $0
Seat 1: Domenl (big blind) folded before Flop
Seat 3: rttattar (button) (small blind) collected ($6)


PokerStars Hand #147844881357:  Hold'em Limit ($3/$6 USD) - 2016/01/28 17:17:36 ET
Table 'Geographos II' 6-max Seat #1 is the button
Seat 1: Domenl ($89.31 in chips)
Seat 3: rttattar ($129.54 in chips)
Domenl: posts small blind $1
rttattar: posts big blind $3
*** HOLE CARDS ***
Domenl: folds
Uncalled bet ($2) returned to rttattar
rttattar collected $2 from pot
rttattar: doesn't show hand
*** SUMMARY ***
Total pot $2 | Rake $0
Seat 1: Domenl (button) (small blind) folded before Flop
Seat 3: rttattar (big blind) collected ($2)


PokerStars Hand #147844900564:  Hold'em Limit ($3/$6 USD) - 2016/01/28 17:17:56 ET
Table 'Geographos II' 6-max Seat #3 is the button
Seat 1: Domenl ($84.31 in chips)
Seat 3: rttattar ($134.54 in chips)
rttattar: posts small blind $1
Domenl: posts big blind $3
*** HOLE CARDS ***
rttattar: folds
Uncalled bet ($2) returned to Domenl
Domenl collected $2 from pot
Domenl: doesn't show hand
*** SUMMARY ***
Total pot $2 | Rake $0
Seat 1: Domenl (big blind) collected ($2)
Seat 3: rttattar (button) (small blind) folded before Flop


PokerStars Hand #147844838954:  Hold'em Limit ($3/$6 USD) - 2016/01/28 17:16:54 ET
Table 'Geographos II' 6-max Seat #3 is the button
Seat 1: Domenl ($91.31 in chips)
Seat 3: rttattar ($127.78 in chips)
rttattar: posts small blind $1
Domenl: posts big blind $3
*** HOLE CARDS ***
rttattar: raises $3 to $6
Domenl: calls $3
*** FLOP *** [Qh As 8h]
Domenl: checks
rttattar: checks
*** TURN *** [Qh As 8h] [2s]
Domenl: checks
rttattar: checks
*** RIVER *** [Qh As 8h 2s] [3d]
Domenl: checks
rttattar: checks
*** SHOW DOWN ***
Domenl: shows [5c 6c] (high card Ace)
rttattar: shows [Th Td] (a pair of Tens)
rttattar collected $11.76 from pot
*** SUMMARY ***
Total pot $12 | Rake $0.24
Board [Qh As 8h 2s 3d]
Seat 1: Domenl (big blind) showed [5c 6c] and lost with high card Ace
Seat 3: rttattar (button) (small blind) showed [Th Td] and won ($11.76) with a pair of Tens


PokerStars Hand #147844915031:  Hold'em Limit ($3/$6 USD) - 2016/01/28 17:18:10 ET
Table 'Geographos II' 6-max Seat #3 is the button
Seat 1: Domenl ($84.31 in chips)
Seat 3: rttattar ($134.54 in chips)
rttattar: posts small blind $1
Domenl: posts big blind $3
*** HOLE CARDS ***
rttattar: calls $2
Domenl: raises $3 to $6
rttattar: calls $3
*** FLOP *** [9h 9d As]
Domenl: checks
rttattar: checks
*** TURN *** [9h 9d As] [Td]
Domenl: checks
rttattar: checks
*** RIVER *** [9h 9d As Td] [3h]
Domenl: bets $6
rttattar: folds
Uncalled bet ($6) returned to Domenl
Domenl collected $11.76 from pot
Domenl: doesn't show hand
*** SUMMARY ***
Total pot $12 | Rake $0.24
Board [9h 9d As Td 3h]
Seat 1: Domenl (big blind) collected ($11.76)
Seat 3: rttattar (button) (small blind) folded on the River


PokerStars Hand #147844938972:  Hold'em Limit ($3/$6 USD) - 2016/01/28 17:18:34 ET
Table 'Geographos II' 6-max Seat #1 is the button
Seat 1: Domenl ($90.07 in chips)
Seat 3: rttattar ($128.54 in chips)
Domenl: posts small blind $1
rttattar: posts big blind $3
*** HOLE CARDS ***
Domenl: folds
Uncalled bet ($2) returned to rttattar
rttattar collected $2 from pot
*** SUMMARY ***
Total pot $2 | Rake $0
Seat 1: Domenl (button) (small blind) folded before Flop
Seat 3: rttattar (big blind) collected ($2)


PokerStars Hand #147844908573:  Hold'em Limit ($3/$6 USD) - 2016/01/28 17:18:04 ET
Table 'Geographos II' 6-max Seat #1 is the button
Seat 1: Domenl ($85.31 in chips)
Seat 3: rttattar ($133.54 in chips)
Domenl: posts small blind $1
rttattar: posts big blind $3
*** HOLE CARDS ***
Domenl: folds
Uncalled bet ($2) returned to rttattar
rttattar collected $2 from pot
*** SUMMARY ***
Total pot $2 | Rake $0
Seat 1: Domenl (button) (small blind) folded before Flop
Seat 3: rttattar (big blind) collected ($2)


PokerStars Hand #147844946369:  Hold'em Limit ($3/$6 USD) - 2016/01/28 17:18:42 ET
Table 'Geographos II' 6-max Seat #3 is the button
Seat 1: Domenl ($89.07 in chips)
Seat 3: rttattar ($129.54 in chips)
rttattar: posts small blind $1
Domenl: posts big blind $3
*** HOLE CARDS ***
rttattar: folds
Uncalled bet ($2) returned to Domenl
Domenl collected $2 from pot
Domenl: doesn't show hand
*** SUMMARY ***
Total pot $2 | Rake $0
Seat 1: Domenl (big blind) collected ($2)
Seat 3: rttattar (button) (small blind) folded before Flop


PokerStars Hand #147844955167:  Hold'em Limit ($3/$6 USD) - 2016/01/28 17:18:51 ET
Table 'Geographos II' 6-max Seat #1 is the button
Seat 1: Domenl ($90.07 in chips)
Seat 3: rttattar ($128.54 in chips)
Domenl: posts small blind $1
rttattar: posts big blind $3
*** HOLE CARDS ***
Domenl: raises $3 to $6
rttattar: raises $3 to $9
Domenl: calls $3
*** FLOP *** [Kh 6c 5c]
rttattar: checks
Domenl: checks
*** TURN *** [Kh 6c 5c] [7s]
rttattar: checks
Domenl: checks
*** RIVER *** [Kh 6c 5c 7s] [5d]
rttattar: bets $6
Domenl: folds
Uncalled bet ($6) returned to rttattar
rttattar collected $17.64 from pot
*** SUMMARY ***
Total pot $18 | Rake $0.36
Board [Kh 6c 5c 7s 5d]
Seat 1: Domenl (button) (small blind) folded on the River
Seat 3: rttattar (big blind) collected ($17.64)


PokerStars Hand #147844992768:  Hold'em Limit ($3/$6 USD) - 2016/01/28 17:19:28 ET
Table 'Geographos II' 6-max Seat #3 is the button
Seat 1: Domenl ($81.07 in chips)
Seat 3: rttattar ($137.18 in chips)
rttattar: posts small blind $1
Domenl: posts big blind $3
*** HOLE CARDS ***
rttattar: raises $3 to $6
Domenl: calls $3
*** FLOP *** [Kd Ks 3h]
Domenl: checks
rttattar: bets $3
Domenl: folds
Uncalled bet ($3) returned to rttattar
rttattar collected $11.76 from pot
*** SUMMARY ***
Total pot $12 | Rake $0.24
Board [Kd Ks 3h]
Seat 1: Domenl (big blind) folded on the Flop
Seat 3: rttattar (button) (small blind) collected ($11.76)


PokerStars Hand #147845010254:  Hold'em Limit ($3/$6 USD) - 2016/01/28 17:19:46 ET
Table 'Geographos II' 6-max Seat #1 is the button
Seat 1: Domenl ($75.07 in chips)
Seat 3: rttattar ($142.94 in chips)
Domenl: posts small blind $1
rttattar: posts big blind $3
*** HOLE CARDS ***
Domenl: raises $3 to $6
rttattar: calls $3
*** FLOP *** [7h Jc 8h]
rttattar: checks
Domenl: bets $3
rttattar: calls $3
*** TURN *** [7h Jc 8h] [Kc]
rttattar: bets $6
Domenl: calls $6
*** RIVER *** [7h Jc 8h Kc] [Jd]
rttattar: checks
Domenl: bets $6
rttattar: calls $6
*** SHOW DOWN ***
Domenl: shows [4h Qh] (a pair of Jacks)
rttattar: shows [Ks Qc] (two pair, Kings and Jacks)
rttattar collected $41.50 from pot
*** SUMMARY ***
Total pot $42 | Rake $0.50
Board [7h Jc 8h Kc Jd]
Seat 1: Domenl (button) (small blind) showed [4h Qh] and lost with a pair of Jacks
Seat 3: rttattar (big blind) showed [Ks Qc] and won ($41.50) with two pair, Kings and Jacks


PokerStars Hand #147845075870:  Hold'em Limit ($3/$6 USD) - 2016/01/28 17:20:53 ET
Table 'Geographos II' 6-max Seat #1 is the button
Seat 1: Domenl ($59.83 in chips)
Seat 3: rttattar ($157.44 in chips)
Domenl: posts small blind $1
rttattar: posts big blind $3
*** HOLE CARDS ***
Domenl: folds
Uncalled bet ($2) returned to rttattar
rttattar collected $2 from pot
*** SUMMARY ***
Total pot $2 | Rake $0
Seat 1: Domenl (button) (small blind) folded before Flop
Seat 3: rttattar (big blind) collected ($2)


PokerStars Hand #147845053380:  Hold'em Limit ($3/$6 USD) - 2016/01/28 17:20:30 ET
Table 'Geographos II' 6-max Seat #3 is the button
Seat 1: Domenl ($54.07 in chips)
Seat 3: rttattar ($163.44 in chips)
rttattar: posts small blind $1
Domenl: posts big blind $3
*** HOLE CARDS ***
rttattar: raises $3 to $6
Domenl: calls $3
*** FLOP *** [Qs 7s 3c]
Domenl: checks
rttattar: checks
*** TURN *** [Qs 7s 3c] [Qd]
Domenl: bets $6
rttattar: folds
Uncalled bet ($6) returned to Domenl
Domenl collected $11.76 from pot
Domenl: doesn't show hand
*** SUMMARY ***
Total pot $12 | Rake $0.24
Board [Qs 7s 3c Qd]
Seat 1: Domenl (big blind) collected ($11.76)
Seat 3: rttattar (button) (small blind) folded on the Turn


PokerStars Hand #147845082816:  Hold'em Limit ($3/$6 USD) - 2016/01/28 17:21:00 ET
Table 'Geographos II' 6-max Seat #3 is the button
Seat 1: Domenl ($58.83 in chips)
Seat 3: rttattar ($158.44 in chips)
rttattar: posts small blind $1
Domenl: posts big blind $3
*** HOLE CARDS ***
rttattar: folds
Uncalled bet ($2) returned to Domenl
Domenl collected $2 from pot
Domenl: doesn't show hand
*** SUMMARY ***
Total pot $2 | Rake $0
Seat 1: Domenl (big blind) collected ($2)
Seat 3: rttattar (button) (small blind) folded before Flop


PokerStars Hand #147845088971:  Hold'em Limit ($3/$6 USD) - 2016/01/28 17:21:06 ET
Table 'Geographos II' 6-max Seat #1 is the button
Seat 1: Domenl ($59.83 in chips)
Seat 3: rttattar ($157.44 in chips)
Domenl: posts small blind $1
rttattar: posts big blind $3
*** HOLE CARDS ***
Domenl: raises $3 to $6
rttattar: calls $3
*** FLOP *** [8h Qh 2c]
rttattar: bets $3
Domenl: calls $3
*** TURN *** [8h Qh 2c] [Td]
rttattar: bets $6
Domenl: calls $6
*** RIVER *** [8h Qh 2c Td] [Ac]
rttattar: checks
Domenl: bets $6
Zubasa07 joins the table at seat #2
rttattar: calls $6
*** SHOW DOWN ***
Domenl: shows [7d Qd] (a pair of Queens)
rttattar: shows [5d Qs] (a pair of Queens)
rttattar collected $20.75 from pot
Domenl collected $20.75 from pot
*** SUMMARY ***
Total pot $42 | Rake $0.50
Board [8h Qh 2c Td Ac]
Seat 1: Domenl (button) (small blind) showed [7d Qd] and won ($20.75) with a pair of Queens
Seat 3: rttattar (big blind) showed [5d Qs] and won ($20.75) with a pair of Queens


PokerStars Hand #147845111497:  Hold'em Limit ($3/$6 USD) - 2016/01/28 17:21:30 ET
Table 'Geographos II' 6-max Seat #3 is the button
Seat 1: Domenl ($59.58 in chips)
Seat 3: rttattar ($157.19 in chips)
rttattar: posts small blind $1
Domenl: posts big blind $3
*** HOLE CARDS ***
rttattar: calls $2
Domenl: checks
*** FLOP *** [3c Jd Js]
Domenl: checks
rttattar: checks
*** TURN *** [3c Jd Js] [Ac]
Domenl: bets $6
rttattar: folds
Uncalled bet ($6) returned to Domenl
Domenl collected $5.88 from pot
Domenl: doesn't show hand
*** SUMMARY ***
Total pot $6 | Rake $0.12
Board [3c Jd Js Ac]
Seat 1: Domenl (big blind) collected ($5.88)
Seat 3: rttattar (button) (small blind) folded on the Turn


