PokerStars Hand #147851585908:  Hold'em Limit ($3/$6 USD) - 2016/01/28 19:29:18 ET
Table 'Geographos II' 6-max Seat #3 is the button
Seat 3: rttattar ($83.34 in chips)
Seat 4: AzureCaper ($108.63 in chips)
rttattar: posts small blind $1
AzureCaper: posts big blind $3
*** HOLE CARDS ***
rttattar: raises $3 to $6
AzureCaper: folds
Uncalled bet ($3) returned to rttattar
rttattar collected $6 from pot
rttattar: doesn't show hand
*** SUMMARY ***
Total pot $6 | Rake $0
Seat 3: rttattar (button) (small blind) collected ($6)
Seat 4: AzureCaper (big blind) folded before Flop


PokerStars Hand #147851591584:  Hold'em Limit ($3/$6 USD) - 2016/01/28 19:29:26 ET
Table 'Geographos II' 6-max Seat #4 is the button
Seat 3: rttattar ($86.34 in chips)
Seat 4: AzureCaper ($105.63 in chips)
AzureCaper: posts small blind $1
rttattar: posts big blind $3
*** HOLE CARDS ***
AzureCaper: folds
Uncalled bet ($2) returned to rttattar
rttattar collected $2 from pot
rttattar: doesn't show hand
*** SUMMARY ***
Total pot $2 | Rake $0
Seat 3: rttattar (big blind) collected ($2)
Seat 4: AzureCaper (button) (small blind) folded before Flop


PokerStars Hand #147851565897:  Hold'em Limit ($3/$6 USD) - 2016/01/28 19:28:48 ET
Table 'Geographos II' 6-max Seat #4 is the button
Seat 3: rttattar ($95.34 in chips)
Seat 4: AzureCaper ($97.11 in chips)
AzureCaper: posts small blind $1
isjen.: is sitting out
rttattar: posts big blind $3
*** HOLE CARDS ***
AzureCaper: folds
Uncalled bet ($2) returned to rttattar
rttattar collected $2 from pot
rttattar: doesn't show hand
*** SUMMARY ***
Total pot $2 | Rake $0
Seat 3: rttattar (big blind) collected ($2)
Seat 4: AzureCaper (button) (small blind) folded before Flop


PokerStars Hand #147851569291:  Hold'em Limit ($3/$6 USD) - 2016/01/28 19:28:53 ET
Table 'Geographos II' 6-max Seat #3 is the button
Seat 3: rttattar ($96.34 in chips)
Seat 4: AzureCaper ($96.11 in chips)
rttattar: posts small blind $1
AzureCaper: posts big blind $3
*** HOLE CARDS ***
rttattar: folds
Uncalled bet ($2) returned to AzureCaper
AzureCaper collected $2 from pot
AzureCaper: doesn't show hand
*** SUMMARY ***
Total pot $2 | Rake $0
Seat 3: rttattar (button) (small blind) folded before Flop
Seat 4: AzureCaper (big blind) collected ($2)


PokerStars Hand #147851573267:  Hold'em Limit ($3/$6 USD) - 2016/01/28 19:28:59 ET
Table 'Geographos II' 6-max Seat #4 is the button
Seat 3: rttattar ($95.34 in chips)
Seat 4: AzureCaper ($97.11 in chips)
AzureCaper: posts small blind $1
rttattar: posts big blind $3
*** HOLE CARDS ***
AzureCaper: raises $3 to $6
rttattar: raises $3 to $9
isjen. leaves the table
AzureCaper: calls $3
*** FLOP *** [2s 6c Ah]
rttattar: bets $3
AzureCaper: calls $3
*** TURN *** [2s 6c Ah] [4s]
rttattar: checks
AzureCaper: bets $6
rttattar: folds
Uncalled bet ($6) returned to AzureCaper
AzureCaper collected $23.52 from pot
AzureCaper: doesn't show hand
*** SUMMARY ***
Total pot $24 | Rake $0.48
Board [2s 6c Ah 4s]
Seat 3: rttattar (big blind) folded on the Turn
Seat 4: AzureCaper (button) (small blind) collected ($23.52)


PokerStars Hand #147851623020:  Hold'em Limit ($3/$6 USD) - 2016/01/28 19:30:13 ET
Table 'Geographos II' 6-max Seat #4 is the button
Seat 3: rttattar ($86.74 in chips)
Seat 4: AzureCaper ($104.13 in chips)
AzureCaper: posts small blind $1
rttattar: posts big blind $3
*** HOLE CARDS ***
AzureCaper: raises $3 to $6
rttattar: raises $3 to $9
AzureCaper: raises $3 to $12
Betting is capped
rttattar: calls $3
*** FLOP *** [4h 6d 3h]
rttattar: bets $3
AzureCaper: calls $3
*** TURN *** [4h 6d 3h] [4d]
rttattar: checks
MellivoraSto joins the table at seat #5
AzureCaper: checks
*** RIVER *** [4h 6d 3h 4d] [Jc]
rttattar: checks
AzureCaper: checks
*** SHOW DOWN ***
rttattar: shows [Kc Ah] (a pair of Fours)
AzureCaper: mucks hand
rttattar collected $29.50 from pot
*** SUMMARY ***
Total pot $30 | Rake $0.50
Board [4h 6d 3h 4d Jc]
Seat 3: rttattar (big blind) showed [Kc Ah] and won ($29.50) with a pair of Fours
Seat 4: AzureCaper (button) (small blind) mucked


PokerStars Hand #147851594824:  Hold'em Limit ($3/$6 USD) - 2016/01/28 19:29:31 ET
Table 'Geographos II' 6-max Seat #3 is the button
Seat 3: rttattar ($87.34 in chips)
Seat 4: AzureCaper ($104.63 in chips)
rttattar: posts small blind $1
AzureCaper: posts big blind $3
*** HOLE CARDS ***
rttattar: raises $3 to $6
AzureCaper: calls $3
*** FLOP *** [2s 9h Ts]
AzureCaper: bets $3
rttattar: calls $3
*** TURN *** [2s 9h Ts] [5h]
AzureCaper: bets $6
rttattar: calls $6
*** RIVER *** [2s 9h Ts 5h] [Td]
AzureCaper: bets $6
rttattar: folds
Uncalled bet ($6) returned to AzureCaper
AzureCaper collected $29.50 from pot
AzureCaper: doesn't show hand
*** SUMMARY ***
Total pot $30 | Rake $0.50
Board [2s 9h Ts 5h Td]
Seat 3: rttattar (button) (small blind) folded on the River
Seat 4: AzureCaper (big blind) collected ($29.50)


PokerStars Hand #147851606612:  Hold'em Limit ($3/$6 USD) - 2016/01/28 19:29:49 ET
Table 'Geographos II' 6-max Seat #4 is the button
Seat 3: rttattar ($72.34 in chips)
Seat 4: AzureCaper ($119.13 in chips)
AzureCaper: posts small blind $1
rttattar: posts big blind $3
*** HOLE CARDS ***
AzureCaper: raises $3 to $6
rttattar: raises $3 to $9
AzureCaper: calls $3
*** FLOP *** [5s 7s 7h]
rttattar: checks
AzureCaper: checks
*** TURN *** [5s 7s 7h] [4c]
rttattar: bets $6
AzureCaper: folds
Uncalled bet ($6) returned to rttattar
rttattar collected $17.64 from pot
rttattar: doesn't show hand
*** SUMMARY ***
Total pot $18 | Rake $0.36
Board [5s 7s 7h 4c]
Seat 3: rttattar (big blind) collected ($17.64)
Seat 4: AzureCaper (button) (small blind) folded on the Turn


PokerStars Hand #147851616528:  Hold'em Limit ($3/$6 USD) - 2016/01/28 19:30:04 ET
Table 'Geographos II' 6-max Seat #3 is the button
Seat 3: rttattar ($80.98 in chips)
Seat 4: AzureCaper ($110.13 in chips)
rttattar: posts small blind $1
AzureCaper: posts big blind $3
*** HOLE CARDS ***
rttattar: raises $3 to $6
AzureCaper: calls $3
*** FLOP *** [8s 4h 4s]
AzureCaper: checks
rttattar: bets $3
AzureCaper: folds
Uncalled bet ($3) returned to rttattar
rttattar collected $11.76 from pot
rttattar: doesn't show hand
*** SUMMARY ***
Total pot $12 | Rake $0.24
Board [8s 4h 4s]
Seat 3: rttattar (button) (small blind) collected ($11.76)
Seat 4: AzureCaper (big blind) folded on the Flop


PokerStars Hand #147851635381:  Hold'em Limit ($3/$6 USD) - 2016/01/28 19:30:32 ET
Table 'Geographos II' 6-max Seat #3 is the button
Seat 3: rttattar ($101.24 in chips)
Seat 4: AzureCaper ($89.13 in chips)
rttattar: posts small blind $1
AzureCaper: posts big blind $3
*** HOLE CARDS ***
rttattar: raises $3 to $6
AzureCaper: calls $3
*** FLOP *** [Td Jc Jd]
AzureCaper: checks
rttattar: bets $3
AzureCaper: folds
Uncalled bet ($3) returned to rttattar
rttattar collected $11.76 from pot
rttattar: doesn't show hand
*** SUMMARY ***
Total pot $12 | Rake $0.24
Board [Td Jc Jd]
Seat 3: rttattar (button) (small blind) collected ($11.76)
Seat 4: AzureCaper (big blind) folded on the Flop


