PokerStars Hand #155504340286:  Hold'em Limit ($3/$6 USD) - 2016/07/03 9:15:46 ET
Table 'Geometria' 6-max Seat #6 is the button
Seat 4: VolkovDmitri ($120 in chips)
Seat 6: barranqueiro ($230.03 in chips)
barranqueiro: posts small blind $1
VolkovDmitri: posts big blind $3
*** HOLE CARDS ***
barranqueiro: raises $3 to $6
VolkovDmitri: calls $3
*** FLOP *** [7c Ts 6h]
VolkovDmitri: bets $3
barranqueiro: calls $3
*** TURN *** [7c Ts 6h] [Qs]
VolkovDmitri: bets $6
barranqueiro: folds
Uncalled bet ($6) returned to VolkovDmitri
VolkovDmitri collected $17.64 from pot
VolkovDmitri: doesn't show hand
*** SUMMARY ***
Total pot $18 | Rake $0.36
Board [7c Ts 6h Qs]
Seat 4: VolkovDmitri (big blind) collected ($17.64)
Seat 6: barranqueiro (button) (small blind) folded on the Turn


PokerStars Hand #155504312642:  Hold'em Limit ($3/$6 USD) - 2016/07/03 9:14:58 ET
Table 'Geometria' 6-max Seat #6 is the button
Seat 4: VolkovDmitri ($120 in chips)
Seat 6: barranqueiro ($201.01 in chips)
barranqueiro: posts small blind $1
VolkovDmitri: posts big blind $3
*** HOLE CARDS ***
barranqueiro: raises $3 to $6
VolkovDmitri: raises $3 to $9
barranqueiro: calls $3
*** FLOP *** [Ts Kh Ks]
VolkovDmitri: bets $3
barranqueiro: calls $3
*** TURN *** [Ts Kh Ks] [Qd]
VolkovDmitri: checks
barranqueiro: bets $6
VolkovDmitri: calls $6
*** RIVER *** [Ts Kh Ks Qd] [5d]
VolkovDmitri: checks
barranqueiro: bets $6
VolkovDmitri: folds
Uncalled bet ($6) returned to barranqueiro
barranqueiro collected $35.50 from pot
*** SUMMARY ***
Total pot $36 | Rake $0.50
Board [Ts Kh Ks Qd 5d]
Seat 4: VolkovDmitri (big blind) folded on the River
Seat 6: barranqueiro (button) (small blind) collected ($35.50)


PokerStars Hand #155504327856:  Hold'em Limit ($3/$6 USD) - 2016/07/03 9:15:24 ET
Table 'Geometria' 6-max Seat #4 is the button
Seat 4: VolkovDmitri ($120 in chips)
Seat 6: barranqueiro ($218.51 in chips)
VolkovDmitri: posts small blind $1
barranqueiro: posts big blind $3
*** HOLE CARDS ***
VolkovDmitri: raises $3 to $6
barranqueiro: raises $3 to $9
VolkovDmitri: calls $3
*** FLOP *** [7s 6c 2d]
barranqueiro: bets $3
VolkovDmitri: calls $3
*** TURN *** [7s 6c 2d] [Jc]
barranqueiro: bets $6
VolkovDmitri: folds
Uncalled bet ($6) returned to barranqueiro
barranqueiro collected $23.52 from pot
*** SUMMARY ***
Total pot $24 | Rake $0.48
Board [7s 6c 2d Jc]
Seat 4: VolkovDmitri (button) (small blind) folded on the Turn
Seat 6: barranqueiro (big blind) collected ($23.52)


PokerStars Hand #155504362041:  Hold'em Limit ($3/$6 USD) - 2016/07/03 9:16:23 ET
Table 'Geometria' 6-max Seat #4 is the button
Seat 4: VolkovDmitri ($132.64 in chips)
Seat 6: barranqueiro ($217.03 in chips)
VolkovDmitri: posts small blind $1
barranqueiro: posts big blind $3
*** HOLE CARDS ***
VolkovDmitri: raises $3 to $6
barranqueiro: raises $3 to $9
VolkovDmitri: calls $3
*** FLOP *** [Ts 7s As]
barranqueiro: checks
VolkovDmitri: bets $3
barranqueiro: calls $3
*** TURN *** [Ts 7s As] [4h]
barranqueiro: checks
VolkovDmitri: bets $6
barranqueiro: calls $6
*** RIVER *** [Ts 7s As 4h] [Qs]
barranqueiro: checks
VolkovDmitri: checks
*** SHOW DOWN ***
barranqueiro: shows [8h 8d] (a pair of Eights)
VolkovDmitri: shows [2d Ad] (a pair of Aces)
VolkovDmitri collected $35.50 from pot
*** SUMMARY ***
Total pot $36 | Rake $0.50
Board [Ts 7s As 4h Qs]
Seat 4: VolkovDmitri (button) (small blind) showed [2d Ad] and won ($35.50) with a pair of Aces
Seat 6: barranqueiro (big blind) showed [8h 8d] and lost with a pair of Eights


PokerStars Hand #155504358364:  Hold'em Limit ($3/$6 USD) - 2016/07/03 9:16:17 ET
Table 'Geometria' 6-max Seat #6 is the button
Seat 4: VolkovDmitri ($131.64 in chips)
Seat 6: barranqueiro ($218.03 in chips)
barranqueiro: posts small blind $1
VolkovDmitri: posts big blind $3
*** HOLE CARDS ***
barranqueiro: folds
Uncalled bet ($2) returned to VolkovDmitri
VolkovDmitri collected $2 from pot
VolkovDmitri: doesn't show hand
*** SUMMARY ***
Total pot $2 | Rake $0
Seat 4: VolkovDmitri (big blind) collected ($2)
Seat 6: barranqueiro (button) (small blind) folded before Flop


PokerStars Hand #155504352979:  Hold'em Limit ($3/$6 USD) - 2016/07/03 9:16:08 ET
Table 'Geometria' 6-max Seat #4 is the button
Seat 4: VolkovDmitri ($128.64 in chips)
Seat 6: barranqueiro ($221.03 in chips)
VolkovDmitri: posts small blind $1
barranqueiro: posts big blind $3
*** HOLE CARDS ***
VolkovDmitri: raises $3 to $6
barranqueiro: folds
Uncalled bet ($3) returned to VolkovDmitri
VolkovDmitri collected $6 from pot
VolkovDmitri: doesn't show hand
*** SUMMARY ***
Total pot $6 | Rake $0
Seat 4: VolkovDmitri (button) (small blind) collected ($6)
Seat 6: barranqueiro (big blind) folded before Flop


PokerStars Hand #155504383279:  Hold'em Limit ($3/$6 USD) - 2016/07/03 9:17:00 ET
Table 'Geometria' 6-max Seat #6 is the button
Seat 4: VolkovDmitri ($150.14 in chips)
Seat 6: barranqueiro ($199.03 in chips)
barranqueiro: posts small blind $1
VolkovDmitri: posts big blind $3
*** HOLE CARDS ***
barranqueiro: raises $3 to $6
VolkovDmitri: raises $3 to $9
barranqueiro: calls $3
*** FLOP *** [4h Js 2d]
VolkovDmitri: bets $3
barranqueiro: calls $3
*** TURN *** [4h Js 2d] [Ts]
VolkovDmitri: bets $6
barranqueiro: raises $6 to $12
VolkovDmitri: calls $6
*** RIVER *** [4h Js 2d Ts] [8c]
VolkovDmitri: checks
barranqueiro: bets $6
VolkovDmitri: folds
Uncalled bet ($6) returned to barranqueiro
barranqueiro collected $47.50 from pot
*** SUMMARY ***
Total pot $48 | Rake $0.50
Board [4h Js 2d Ts 8c]
Seat 4: VolkovDmitri (big blind) folded on the River
Seat 6: barranqueiro (button) (small blind) collected ($47.50)


PokerStars Hand #155504400128:  Hold'em Limit ($3/$6 USD) - 2016/07/03 9:17:30 ET
Table 'Geometria' 6-max Seat #4 is the button
Seat 4: VolkovDmitri ($126.14 in chips)
Seat 6: barranqueiro ($222.53 in chips)
VolkovDmitri: posts small blind $1
barranqueiro: posts big blind $3
*** HOLE CARDS ***
VolkovDmitri: folds
Uncalled bet ($2) returned to barranqueiro
barranqueiro collected $2 from pot
*** SUMMARY ***
Total pot $2 | Rake $0
Seat 4: VolkovDmitri (button) (small blind) folded before Flop
Seat 6: barranqueiro (big blind) collected ($2)


PokerStars Hand #155504403068:  Hold'em Limit ($3/$6 USD) - 2016/07/03 9:17:35 ET
Table 'Geometria' 6-max Seat #6 is the button
Seat 4: VolkovDmitri ($125.14 in chips)
Seat 6: barranqueiro ($223.53 in chips)
barranqueiro: posts small blind $1
VolkovDmitri: posts big blind $3
*** HOLE CARDS ***
barranqueiro: raises $3 to $6
VolkovDmitri: raises $3 to $9
barranqueiro: calls $3
*** FLOP *** [6c Js 6d]
VolkovDmitri: bets $3
barranqueiro: folds
Uncalled bet ($3) returned to VolkovDmitri
VolkovDmitri collected $17.64 from pot
VolkovDmitri: doesn't show hand
*** SUMMARY ***
Total pot $18 | Rake $0.36
Board [6c Js 6d]
Seat 4: VolkovDmitri (big blind) collected ($17.64)
Seat 6: barranqueiro (button) (small blind) folded on the Flop


PokerStars Hand #155504413758:  Hold'em Limit ($3/$6 USD) - 2016/07/03 9:17:53 ET
Table 'Geometria' 6-max Seat #4 is the button
Seat 4: VolkovDmitri ($133.78 in chips)
Seat 6: barranqueiro ($214.53 in chips)
VolkovDmitri: posts small blind $1
barranqueiro: posts big blind $3
*** HOLE CARDS ***
VolkovDmitri: raises $3 to $6
barranqueiro: folds
Uncalled bet ($3) returned to VolkovDmitri
VolkovDmitri collected $6 from pot
VolkovDmitri: doesn't show hand
*** SUMMARY ***
Total pot $6 | Rake $0
Seat 4: VolkovDmitri (button) (small blind) collected ($6)
Seat 6: barranqueiro (big blind) folded before Flop


PokerStars Hand #155504428823:  Hold'em Limit ($3/$6 USD) - 2016/07/03 9:18:20 ET
Table 'Geometria' 6-max Seat #4 is the button
Seat 4: VolkovDmitri ($133.78 in chips)
Seat 6: barranqueiro ($214.53 in chips)
VolkovDmitri: posts small blind $1
barranqueiro: posts big blind $3
*** HOLE CARDS ***
VolkovDmitri: raises $3 to $6
barranqueiro: calls $3
*** FLOP *** [3d 8s 4c]
barranqueiro: checks
VolkovDmitri: bets $3
barranqueiro: calls $3
*** TURN *** [3d 8s 4c] [2c]
barranqueiro: checks
VolkovDmitri: bets $6
barranqueiro: calls $6
*** RIVER *** [3d 8s 4c 2c] [Qh]
barranqueiro: checks
VolkovDmitri: bets $6
barranqueiro: calls $6
*** SHOW DOWN ***
VolkovDmitri: shows [9d 8h] (a pair of Eights)
barranqueiro: mucks hand
VolkovDmitri collected $41.50 from pot
*** SUMMARY ***
Total pot $42 | Rake $0.50
Board [3d 8s 4c 2c Qh]
Seat 4: VolkovDmitri (button) (small blind) showed [9d 8h] and won ($41.50) with a pair of Eights
Seat 6: barranqueiro (big blind) mucked


PokerStars Hand #155504417725:  Hold'em Limit ($3/$6 USD) - 2016/07/03 9:18:00 ET
Table 'Geometria' 6-max Seat #6 is the button
Seat 4: VolkovDmitri ($136.78 in chips)
Seat 6: barranqueiro ($211.53 in chips)
barranqueiro: posts small blind $1
VolkovDmitri: posts big blind $3
*** HOLE CARDS ***
barranqueiro: raises $3 to $6
VolkovDmitri: folds
Uncalled bet ($3) returned to barranqueiro
barranqueiro collected $6 from pot
*** SUMMARY ***
Total pot $6 | Rake $0
Seat 4: VolkovDmitri (big blind) folded before Flop
Seat 6: barranqueiro (button) (small blind) collected ($6)


PokerStars Hand #155504451789:  Hold'em Limit ($3/$6 USD) - 2016/07/03 9:19:00 ET
Table 'Geometria' 6-max Seat #6 is the button
Seat 4: VolkovDmitri ($154.28 in chips)
Seat 6: barranqueiro ($193.53 in chips)
barranqueiro: posts small blind $1
VolkovDmitri: posts big blind $3
*** HOLE CARDS ***
barranqueiro: raises $3 to $6
VolkovDmitri: calls $3
*** FLOP *** [5c 7h Kh]
VolkovDmitri: bets $3
barranqueiro: calls $3
*** TURN *** [5c 7h Kh] [4c]
VolkovDmitri: bets $6
barranqueiro: folds
Uncalled bet ($6) returned to VolkovDmitri
VolkovDmitri collected $17.64 from pot
VolkovDmitri: doesn't show hand
*** SUMMARY ***
Total pot $18 | Rake $0.36
Board [5c 7h Kh 4c]
Seat 4: VolkovDmitri (big blind) collected ($17.64)
Seat 6: barranqueiro (button) (small blind) folded on the Turn


PokerStars Hand #155504466877:  Hold'em Limit ($3/$6 USD) - 2016/07/03 9:19:27 ET
Table 'Geometria' 6-max Seat #4 is the button
Seat 4: VolkovDmitri ($162.92 in chips)
Seat 6: barranqueiro ($184.53 in chips)
VolkovDmitri: posts small blind $1
barranqueiro: posts big blind $3
*** HOLE CARDS ***
VolkovDmitri: raises $3 to $6
barranqueiro: folds
Uncalled bet ($3) returned to VolkovDmitri
VolkovDmitri collected $6 from pot
VolkovDmitri: doesn't show hand
*** SUMMARY ***
Total pot $6 | Rake $0
Seat 4: VolkovDmitri (button) (small blind) collected ($6)
Seat 6: barranqueiro (big blind) folded before Flop


PokerStars Hand #155504477229:  Hold'em Limit ($3/$6 USD) - 2016/07/03 9:19:45 ET
Table 'Geometria' 6-max Seat #6 is the button
Seat 4: VolkovDmitri ($165.92 in chips)
Seat 6: barranqueiro ($181.53 in chips)
barranqueiro: posts small blind $1
VolkovDmitri: posts big blind $3
*** HOLE CARDS ***
barranqueiro: raises $3 to $6
VolkovDmitri: raises $3 to $9
barranqueiro: calls $3
*** FLOP *** [Kd 6c 4s]
VolkovDmitri: bets $3
barranqueiro: calls $3
*** TURN *** [Kd 6c 4s] [Tc]
VolkovDmitri: checks
barranqueiro: bets $6
VolkovDmitri: calls $6
*** RIVER *** [Kd 6c 4s Tc] [4c]
VolkovDmitri: checks
barranqueiro: bets $6
VolkovDmitri: calls $6
*** SHOW DOWN ***
barranqueiro: shows [7c 8c] (a flush, Ten high)
VolkovDmitri: mucks hand
barranqueiro collected $47.50 from pot
*** SUMMARY ***
Total pot $48 | Rake $0.50
Board [Kd 6c 4s Tc 4c]
Seat 4: VolkovDmitri (big blind) mucked
Seat 6: barranqueiro (button) (small blind) showed [7c 8c] and won ($47.50) with a flush, Ten high


PokerStars Hand #155504503237:  Hold'em Limit ($3/$6 USD) - 2016/07/03 9:20:31 ET
Table 'Geometria' 6-max Seat #4 is the button
Seat 4: VolkovDmitri ($141.92 in chips)
Seat 6: barranqueiro ($205.03 in chips)
VolkovDmitri: posts small blind $1
barranqueiro: posts big blind $3
*** HOLE CARDS ***
VolkovDmitri: raises $3 to $6
barranqueiro: raises $3 to $9
VolkovDmitri: calls $3
*** FLOP *** [8d 4s 6d]
barranqueiro: bets $3
VolkovDmitri: raises $3 to $6
barranqueiro: raises $3 to $9
VolkovDmitri: calls $3
*** TURN *** [8d 4s 6d] [3s]
barranqueiro: checks
VolkovDmitri: bets $6
barranqueiro: raises $6 to $12
VolkovDmitri: calls $6
*** RIVER *** [8d 4s 6d 3s] [Ks]
barranqueiro: bets $6
VolkovDmitri: calls $6
*** SHOW DOWN ***
barranqueiro: shows [5c 7s] (a straight, Four to Eight)
VolkovDmitri: mucks hand
barranqueiro collected $71.50 from pot
*** SUMMARY ***
Total pot $72 | Rake $0.50
Board [8d 4s 6d 3s Ks]
Seat 4: VolkovDmitri (button) (small blind) mucked
Seat 6: barranqueiro (big blind) showed [5c 7s] and won ($71.50) with a straight, Four to Eight


PokerStars Hand #155504528095:  Hold'em Limit ($3/$6 USD) - 2016/07/03 9:21:14 ET
Table 'Geometria' 6-max Seat #4 is the button
Seat 4: VolkovDmitri ($121 in chips)
Seat 6: barranqueiro ($239.53 in chips)
VolkovDmitri: posts small blind $1
barranqueiro: posts big blind $3
*** HOLE CARDS ***
VolkovDmitri: raises $3 to $6
barranqueiro: calls $3
*** FLOP *** [Th 3h 6c]
barranqueiro: checks
VolkovDmitri: bets $3
barranqueiro: raises $3 to $6
VolkovDmitri: calls $3
*** TURN *** [Th 3h 6c] [2s]
barranqueiro: bets $6
VolkovDmitri: raises $6 to $12
barranqueiro: calls $6
*** RIVER *** [Th 3h 6c 2s] [5d]
barranqueiro: checks
VolkovDmitri: checks
kolaz03 joins the table at seat #1
*** SHOW DOWN ***
barranqueiro: shows [2h 7h] (a pair of Deuces)
VolkovDmitri: shows [8d 8h] (a pair of Eights)
VolkovDmitri collected $47.50 from pot
*** SUMMARY ***
Total pot $48 | Rake $0.50
Board [Th 3h 6c 2s 5d]
Seat 4: VolkovDmitri (button) (small blind) showed [8d 8h] and won ($47.50) with a pair of Eights
Seat 6: barranqueiro (big blind) showed [2h 7h] and lost with a pair of Deuces


PokerStars Hand #155504548801:  Hold'em Limit ($3/$6 USD) - 2016/07/03 9:21:50 ET
Table 'Geometria' 6-max Seat #6 is the button
Seat 1: kolaz03 ($72 in chips)
Seat 6: barranqueiro ($215.53 in chips)
VolkovDmitri leaves the table
barranqueiro: posts small blind $1
kolaz03: posts big blind $3
*** HOLE CARDS ***
barranqueiro: folds
Uncalled bet ($2) returned to kolaz03
kolaz03 collected $2 from pot
kolaz03: doesn't show hand
*** SUMMARY ***
Total pot $2 | Rake $0
Seat 1: kolaz03 (big blind) collected ($2)
Seat 6: barranqueiro (button) (small blind) folded before Flop


PokerStars Hand #155504524206:  Hold'em Limit ($3/$6 USD) - 2016/07/03 9:21:07 ET
Table 'Geometria' 6-max Seat #6 is the button
Seat 4: VolkovDmitri ($120 in chips)
Seat 6: barranqueiro ($240.53 in chips)
barranqueiro: posts small blind $1
VolkovDmitri: posts big blind $3
*** HOLE CARDS ***
barranqueiro: folds
Uncalled bet ($2) returned to VolkovDmitri
VolkovDmitri collected $2 from pot
VolkovDmitri: doesn't show hand
*** SUMMARY ***
Total pot $2 | Rake $0
Seat 4: VolkovDmitri (big blind) collected ($2)
Seat 6: barranqueiro (button) (small blind) folded before Flop


PokerStars Hand #155504553259:  Hold'em Limit ($3/$6 USD) - 2016/07/03 9:21:58 ET
Table 'Geometria' 6-max Seat #1 is the button
Seat 1: kolaz03 ($73 in chips)
Seat 6: barranqueiro ($214.53 in chips)
kolaz03: posts small blind $1
barranqueiro: posts big blind $3
*** HOLE CARDS ***
kolaz03: raises $3 to $6
barranqueiro: calls $3
*** FLOP *** [4h 5c Jh]
barranqueiro: checks
kolaz03: bets $3
barranqueiro: calls $3
*** TURN *** [4h 5c Jh] [5d]
barranqueiro: checks
kolaz03: checks
*** RIVER *** [4h 5c Jh 5d] [As]
barranqueiro: checks
kolaz03: checks
*** SHOW DOWN ***
barranqueiro: shows [Jc Kh] (two pair, Jacks and Fives)
kolaz03: mucks hand
barranqueiro collected $17.64 from pot
*** SUMMARY ***
Total pot $18 | Rake $0.36
Board [4h 5c Jh 5d As]
Seat 1: kolaz03 (button) (small blind) mucked
Seat 6: barranqueiro (big blind) showed [Jc Kh] and won ($17.64) with two pair, Jacks and Fives


PokerStars Hand #155504581293:  Hold'em Limit ($3/$6 USD) - 2016/07/03 9:22:47 ET
Table 'Geometria' 6-max Seat #6 is the button
Seat 1: kolaz03 ($72 in chips)
Seat 6: barranqueiro ($223.17 in chips)
barranqueiro: posts small blind $1
kolaz03: posts big blind $3
*** HOLE CARDS ***
barranqueiro: folds
Uncalled bet ($2) returned to kolaz03
kolaz03 collected $2 from pot
kolaz03: doesn't show hand
*** SUMMARY ***
Total pot $2 | Rake $0
Seat 1: kolaz03 (big blind) collected ($2)
Seat 6: barranqueiro (button) (small blind) folded before Flop


PokerStars Hand #155504584491:  Hold'em Limit ($3/$6 USD) - 2016/07/03 9:22:52 ET
Table 'Geometria' 6-max Seat #1 is the button
Seat 1: kolaz03 ($73 in chips)
Seat 6: barranqueiro ($222.17 in chips)
kolaz03: posts small blind $1
barranqueiro: posts big blind $3
*** HOLE CARDS ***
kolaz03: folds
Uncalled bet ($2) returned to barranqueiro
barranqueiro collected $2 from pot
*** SUMMARY ***
Total pot $2 | Rake $0
Seat 1: kolaz03 (button) (small blind) folded before Flop
Seat 6: barranqueiro (big blind) collected ($2)


PokerStars Hand #155504600256:  Hold'em Limit ($3/$6 USD) - 2016/07/03 9:23:20 ET
Table 'Geometria' 6-max Seat #6 is the button
Seat 1: kolaz03 ($72 in chips)
Seat 6: barranqueiro ($223.17 in chips)
barranqueiro: posts small blind $1
kolaz03: posts big blind $3
*** HOLE CARDS ***
barranqueiro: raises $3 to $6
kolaz03: folds
Uncalled bet ($3) returned to barranqueiro
barranqueiro collected $6 from pot
*** SUMMARY ***
Total pot $6 | Rake $0
Seat 1: kolaz03 (big blind) folded before Flop
Seat 6: barranqueiro (button) (small blind) collected ($6)


PokerStars Hand #155504606274:  Hold'em Limit ($3/$6 USD) - 2016/07/03 9:23:30 ET
Table 'Geometria' 6-max Seat #1 is the button
Seat 1: kolaz03 ($72 in chips)
Seat 6: barranqueiro ($226.17 in chips)
kolaz03: posts small blind $1
barranqueiro: posts big blind $3
*** HOLE CARDS ***
kolaz03: raises $3 to $6
barranqueiro: folds
Uncalled bet ($3) returned to kolaz03
kolaz03 collected $6 from pot
kolaz03: doesn't show hand
*** SUMMARY ***
Total pot $6 | Rake $0
Seat 1: kolaz03 (button) (small blind) collected ($6)
Seat 6: barranqueiro (big blind) folded before Flop


PokerStars Hand #155504595445:  Hold'em Limit ($3/$6 USD) - 2016/07/03 9:23:11 ET
Table 'Geometria' 6-max Seat #1 is the button
Seat 1: kolaz03 ($73 in chips)
Seat 6: barranqueiro ($222.17 in chips)
kolaz03: posts small blind $1
barranqueiro: posts big blind $3
*** HOLE CARDS ***
kolaz03: folds
Uncalled bet ($2) returned to barranqueiro
barranqueiro collected $2 from pot
*** SUMMARY ***
Total pot $2 | Rake $0
Seat 1: kolaz03 (button) (small blind) folded before Flop
Seat 6: barranqueiro (big blind) collected ($2)


PokerStars Hand #155504591404:  Hold'em Limit ($3/$6 USD) - 2016/07/03 9:23:04 ET
Table 'Geometria' 6-max Seat #6 is the button
Seat 1: kolaz03 ($72 in chips)
Seat 6: barranqueiro ($223.17 in chips)
barranqueiro: posts small blind $1
kolaz03: posts big blind $3
*** HOLE CARDS ***
barranqueiro: folds
Uncalled bet ($2) returned to kolaz03
kolaz03 collected $2 from pot
kolaz03: doesn't show hand
*** SUMMARY ***
Total pot $2 | Rake $0
Seat 1: kolaz03 (big blind) collected ($2)
Seat 6: barranqueiro (button) (small blind) folded before Flop


PokerStars Hand #155504610959:  Hold'em Limit ($3/$6 USD) - 2016/07/03 9:23:39 ET
Table 'Geometria' 6-max Seat #6 is the button
Seat 1: kolaz03 ($75 in chips)
Seat 6: barranqueiro ($223.17 in chips)
barranqueiro: posts small blind $1
kolaz03: posts big blind $3
*** HOLE CARDS ***
barranqueiro: raises $3 to $6
kolaz03: raises $3 to $9
barranqueiro: calls $3
*** FLOP *** [3d 8h 4h]
kolaz03: bets $3
barranqueiro: raises $3 to $6
kolaz03: calls $3
*** TURN *** [3d 8h 4h] [Kd]
kolaz03: checks
barranqueiro: checks
*** RIVER *** [3d 8h 4h Kd] [Jh]
kolaz03: bets $6
barranqueiro: calls $6
*** SHOW DOWN ***
kolaz03: shows [Kc Qd] (a pair of Kings)
barranqueiro: mucks hand
kolaz03 collected $41.50 from pot
*** SUMMARY ***
Total pot $42 | Rake $0.50
Board [3d 8h 4h Kd Jh]
Seat 1: kolaz03 (big blind) showed [Kc Qd] and won ($41.50) with a pair of Kings
Seat 6: barranqueiro (button) (small blind) mucked


PokerStars Hand #155504632590:  Hold'em Limit ($3/$6 USD) - 2016/07/03 9:24:16 ET
Table 'Geometria' 6-max Seat #1 is the button
Seat 1: kolaz03 ($95.50 in chips)
Seat 6: barranqueiro ($202.17 in chips)
kolaz03: posts small blind $1
barranqueiro: posts big blind $3
*** HOLE CARDS ***
kolaz03: folds
Uncalled bet ($2) returned to barranqueiro
barranqueiro collected $2 from pot
*** SUMMARY ***
Total pot $2 | Rake $0
Seat 1: kolaz03 (button) (small blind) folded before Flop
Seat 6: barranqueiro (big blind) collected ($2)


PokerStars Hand #155504637943:  Hold'em Limit ($3/$6 USD) - 2016/07/03 9:24:26 ET
Table 'Geometria' 6-max Seat #6 is the button
Seat 1: kolaz03 ($94.50 in chips)
Seat 6: barranqueiro ($203.17 in chips)
barranqueiro: posts small blind $1
kolaz03: posts big blind $3
*** HOLE CARDS ***
barranqueiro: raises $3 to $6
kolaz03: folds
Uncalled bet ($3) returned to barranqueiro
barranqueiro collected $6 from pot
*** SUMMARY ***
Total pot $6 | Rake $0
Seat 1: kolaz03 (big blind) folded before Flop
Seat 6: barranqueiro (button) (small blind) collected ($6)


PokerStars Hand #155504642169:  Hold'em Limit ($3/$6 USD) - 2016/07/03 9:24:33 ET
Table 'Geometria' 6-max Seat #1 is the button
Seat 1: kolaz03 ($91.50 in chips)
Seat 6: barranqueiro ($206.17 in chips)
kolaz03: posts small blind $1
barranqueiro: posts big blind $3
*** HOLE CARDS ***
kolaz03: raises $3 to $6
barranqueiro: calls $3
*** FLOP *** [As 9d 3c]
barranqueiro: checks
kolaz03: bets $3
barranqueiro: raises $3 to $6
kolaz03: calls $3
*** TURN *** [As 9d 3c] [Qs]
barranqueiro: bets $6
kolaz03: calls $6
*** RIVER *** [As 9d 3c Qs] [7h]
barranqueiro: bets $6
kolaz03: calls $6
*** SHOW DOWN ***
barranqueiro: shows [Jd 8h] (high card Ace)
kolaz03: shows [Ks Th] (high card Ace - King kicker)
kolaz03 collected $47.50 from pot
*** SUMMARY ***
Total pot $48 | Rake $0.50
Board [As 9d 3c Qs 7h]
Seat 1: kolaz03 (button) (small blind) showed [Ks Th] and won ($47.50) with high card Ace
Seat 6: barranqueiro (big blind) showed [Jd 8h] and lost with high card Ace


PokerStars Hand #155504663029:  Hold'em Limit ($3/$6 USD) - 2016/07/03 9:25:10 ET
Table 'Geometria' 6-max Seat #6 is the button
Seat 1: kolaz03 ($115 in chips)
Seat 6: barranqueiro ($182.17 in chips)
barranqueiro: posts small blind $1
kolaz03: posts big blind $3
*** HOLE CARDS ***
barranqueiro: raises $3 to $6
kolaz03: calls $3
*** FLOP *** [6s 9d 2d]
kolaz03: checks
barranqueiro: checks
*** TURN *** [6s 9d 2d] [8d]
kolaz03: bets $6
barranqueiro: calls $6
*** RIVER *** [6s 9d 2d 8d] [5d]
kolaz03: checks
barranqueiro: bets $6
kolaz03: calls $6
*** SHOW DOWN ***
barranqueiro: shows [4c Kd] (a flush, King high)
kolaz03: mucks hand
barranqueiro collected $35.50 from pot
barranqueiro said, "(y)"
*** SUMMARY ***
Total pot $36 | Rake $0.50
Board [6s 9d 2d 8d 5d]
Seat 1: kolaz03 (big blind) mucked
Seat 6: barranqueiro (button) (small blind) showed [4c Kd] and won ($35.50) with a flush, King high


PokerStars Hand #155504676688:  Hold'em Limit ($3/$6 USD) - 2016/07/03 9:25:33 ET
Table 'Geometria' 6-max Seat #6 is the button
Seat 1: kolaz03 ($100 in chips)
Seat 6: barranqueiro ($196.67 in chips)
barranqueiro: posts small blind $1
kolaz03: posts big blind $3
*** HOLE CARDS ***
barranqueiro: folds
Uncalled bet ($2) returned to kolaz03
kolaz03 collected $2 from pot
kolaz03: doesn't show hand
*** SUMMARY ***
Total pot $2 | Rake $0
Seat 1: kolaz03 (big blind) collected ($2)
Seat 6: barranqueiro (button) (small blind) folded before Flop


PokerStars Hand #155504673219:  Hold'em Limit ($3/$6 USD) - 2016/07/03 9:25:27 ET
Table 'Geometria' 6-max Seat #1 is the button
Seat 1: kolaz03 ($97 in chips)
Seat 6: barranqueiro ($199.67 in chips)
kolaz03: posts small blind $1
barranqueiro: posts big blind $3
*** HOLE CARDS ***
kolaz03: raises $3 to $6
barranqueiro: folds
Uncalled bet ($3) returned to kolaz03
kolaz03 collected $6 from pot
kolaz03: doesn't show hand
*** SUMMARY ***
Total pot $6 | Rake $0
Seat 1: kolaz03 (button) (small blind) collected ($6)
Seat 6: barranqueiro (big blind) folded before Flop


PokerStars Hand #155504679864:  Hold'em Limit ($3/$6 USD) - 2016/07/03 9:25:39 ET
Table 'Geometria' 6-max Seat #1 is the button
Seat 1: kolaz03 ($101 in chips)
Seat 6: barranqueiro ($195.67 in chips)
kolaz03: posts small blind $1
barranqueiro: posts big blind $3
*** HOLE CARDS ***
kolaz03: raises $3 to $6
barranqueiro: folds
Uncalled bet ($3) returned to kolaz03
kolaz03 collected $6 from pot
kolaz03: doesn't show hand
*** SUMMARY ***
Total pot $6 | Rake $0
Seat 1: kolaz03 (button) (small blind) collected ($6)
Seat 6: barranqueiro (big blind) folded before Flop


PokerStars Hand #155504684726:  Hold'em Limit ($3/$6 USD) - 2016/07/03 9:25:47 ET
Table 'Geometria' 6-max Seat #6 is the button
Seat 1: kolaz03 ($104 in chips)
Seat 6: barranqueiro ($192.67 in chips)
barranqueiro: posts small blind $1
kolaz03: posts big blind $3
*** HOLE CARDS ***
barranqueiro: raises $3 to $6
kolaz03: calls $3
*** FLOP *** [Ac 6c 5c]
kolaz03: checks
barranqueiro: bets $3
kolaz03: folds
Uncalled bet ($3) returned to barranqueiro
barranqueiro collected $11.76 from pot
*** SUMMARY ***
Total pot $12 | Rake $0.24
Board [Ac 6c 5c]
Seat 1: kolaz03 (big blind) folded on the Flop
Seat 6: barranqueiro (button) (small blind) collected ($11.76)


PokerStars Hand #155504692538:  Hold'em Limit ($3/$6 USD) - 2016/07/03 9:26:01 ET
Table 'Geometria' 6-max Seat #1 is the button
Seat 1: kolaz03 ($98 in chips)
Seat 6: barranqueiro ($198.43 in chips)
kolaz03: posts small blind $1
barranqueiro: posts big blind $3
*** HOLE CARDS ***
kolaz03: raises $3 to $6
barranqueiro: calls $3
*** FLOP *** [Ah 4c 5c]
barranqueiro: bets $3
kolaz03: folds
Uncalled bet ($3) returned to barranqueiro
barranqueiro collected $11.76 from pot
*** SUMMARY ***
Total pot $12 | Rake $0.24
Board [Ah 4c 5c]
Seat 1: kolaz03 (button) (small blind) folded on the Flop
Seat 6: barranqueiro (big blind) collected ($11.76)


PokerStars Hand #155504699676:  Hold'em Limit ($3/$6 USD) - 2016/07/03 9:26:13 ET
Table 'Geometria' 6-max Seat #6 is the button
Seat 1: kolaz03 ($92 in chips)
Seat 6: barranqueiro ($204.19 in chips)
barranqueiro: posts small blind $1
kolaz03: posts big blind $3
*** HOLE CARDS ***
barranqueiro: raises $3 to $6
kolaz03: calls $3
*** FLOP *** [8s 5h 3s]
kolaz03: checks
barranqueiro: bets $3
kolaz03: folds
Uncalled bet ($3) returned to barranqueiro
barranqueiro collected $11.76 from pot
*** SUMMARY ***
Total pot $12 | Rake $0.24
Board [8s 5h 3s]
Seat 1: kolaz03 (big blind) folded on the Flop
Seat 6: barranqueiro (button) (small blind) collected ($11.76)


PokerStars Hand #155504710239:  Hold'em Limit ($3/$6 USD) - 2016/07/03 9:26:24 ET
Table 'Geometria' 6-max Seat #1 is the button
Seat 1: kolaz03 ($86 in chips)
Seat 6: barranqueiro ($209.95 in chips)
kolaz03: posts small blind $1
barranqueiro: posts big blind $3
*** HOLE CARDS ***
kolaz03: folds
Uncalled bet ($2) returned to barranqueiro
barranqueiro collected $2 from pot
*** SUMMARY ***
Total pot $2 | Rake $0
Seat 1: kolaz03 (button) (small blind) folded before Flop
Seat 6: barranqueiro (big blind) collected ($2)


PokerStars Hand #155504714012:  Hold'em Limit ($3/$6 USD) - 2016/07/03 9:26:31 ET
Table 'Geometria' 6-max Seat #6 is the button
Seat 1: kolaz03 ($85 in chips)
Seat 6: barranqueiro ($210.95 in chips)
barranqueiro: posts small blind $1
kolaz03: posts big blind $3
*** HOLE CARDS ***
barranqueiro: raises $3 to $6
kolaz03: raises $3 to $9
barranqueiro: calls $3
*** FLOP *** [2d Jh 2s]
kolaz03: bets $3
barranqueiro: calls $3
*** TURN *** [2d Jh 2s] [Kc]
kolaz03: bets $6
barranqueiro: folds
Uncalled bet ($6) returned to kolaz03
kolaz03 collected $23.52 from pot
kolaz03: doesn't show hand
*** SUMMARY ***
Total pot $24 | Rake $0.48
Board [2d Jh 2s Kc]
Seat 1: kolaz03 (big blind) collected ($23.52)
Seat 6: barranqueiro (button) (small blind) folded on the Turn


PokerStars Hand #155504733213:  Hold'em Limit ($3/$6 USD) - 2016/07/03 9:27:04 ET
Table 'Geometria' 6-max Seat #6 is the button
Seat 1: kolaz03 ($84.52 in chips)
Seat 6: barranqueiro ($210.47 in chips)
barranqueiro: posts small blind $1
kolaz03: posts big blind $3
*** HOLE CARDS ***
barranqueiro: folds
Uncalled bet ($2) returned to kolaz03
kolaz03 collected $2 from pot
kolaz03: doesn't show hand
*** SUMMARY ***
Total pot $2 | Rake $0
Seat 1: kolaz03 (big blind) collected ($2)
Seat 6: barranqueiro (button) (small blind) folded before Flop


PokerStars Hand #155504724323:  Hold'em Limit ($3/$6 USD) - 2016/07/03 9:26:49 ET
Table 'Geometria' 6-max Seat #1 is the button
Seat 1: kolaz03 ($96.52 in chips)
Seat 6: barranqueiro ($198.95 in chips)
kolaz03: posts small blind $1
barranqueiro: posts big blind $3
*** HOLE CARDS ***
kolaz03: raises $3 to $6
barranqueiro: calls $3
*** FLOP *** [6c Ac 9h]
barranqueiro: checks
kolaz03: bets $3
barranqueiro: raises $3 to $6
kolaz03: calls $3
*** TURN *** [6c Ac 9h] [7s]
barranqueiro: bets $6
kolaz03: folds
Uncalled bet ($6) returned to barranqueiro
barranqueiro collected $23.52 from pot
*** SUMMARY ***
Total pot $24 | Rake $0.48
Board [6c Ac 9h 7s]
Seat 1: kolaz03 (button) (small blind) folded on the Turn
Seat 6: barranqueiro (big blind) collected ($23.52)


PokerStars Hand #155504736538:  Hold'em Limit ($3/$6 USD) - 2016/07/03 9:27:10 ET
Table 'Geometria' 6-max Seat #1 is the button
Seat 1: kolaz03 ($85.52 in chips)
Seat 6: barranqueiro ($209.47 in chips)
kolaz03: posts small blind $1
barranqueiro: posts big blind $3
*** HOLE CARDS ***
kolaz03: raises $3 to $6
barranqueiro: raises $3 to $9
kolaz03: calls $3
*** FLOP *** [9h 7s 2s]
barranqueiro: bets $3
kolaz03: folds
Uncalled bet ($3) returned to barranqueiro
barranqueiro collected $17.64 from pot
*** SUMMARY ***
Total pot $18 | Rake $0.36
Board [9h 7s 2s]
Seat 1: kolaz03 (button) (small blind) folded on the Flop
Seat 6: barranqueiro (big blind) collected ($17.64)


PokerStars Hand #155504743158:  Hold'em Limit ($3/$6 USD) - 2016/07/03 9:27:22 ET
Table 'Geometria' 6-max Seat #6 is the button
Seat 1: kolaz03 ($76.52 in chips)
Seat 6: barranqueiro ($218.11 in chips)
barranqueiro: posts small blind $1
kolaz03: posts big blind $3
*** HOLE CARDS ***
barranqueiro: raises $3 to $6
kolaz03: calls $3
*** FLOP *** [9h 9c 5d]
kolaz03: checks
barranqueiro: bets $3
kolaz03: calls $3
*** TURN *** [9h 9c 5d] [Qc]
kolaz03: checks
barranqueiro: checks
*** RIVER *** [9h 9c 5d Qc] [4d]
packesel joins the table at seat #3
kolaz03: checks
barranqueiro: bets $6
kolaz03: calls $6
*** SHOW DOWN ***
barranqueiro: shows [2d 8c] (a pair of Nines)
kolaz03: shows [As 6h] (a pair of Nines - Ace kicker)
kolaz03 collected $29.50 from pot
*** SUMMARY ***
Total pot $30 | Rake $0.50
Board [9h 9c 5d Qc 4d]
Seat 1: kolaz03 (big blind) showed [As 6h] and won ($29.50) with a pair of Nines
Seat 6: barranqueiro (button) (small blind) showed [2d 8c] and lost with a pair of Nines


PokerStars Hand #155504768671:  Hold'em Limit ($3/$6 USD) - 2016/07/03 9:28:06 ET
Table 'Geometria' 6-max Seat #3 is the button
Seat 1: kolaz03 ($90.02 in chips)
Seat 3: packesel ($121 in chips)
packesel: posts small blind $1
kolaz03: posts big blind $3
*** HOLE CARDS ***
packesel: calls $2
kolaz03: raises $3 to $6
packesel: calls $3
*** FLOP *** [As Kh Th]
kolaz03: bets $3
packesel: raises $3 to $6
kolaz03: calls $3
*** TURN *** [As Kh Th] [Jd]
kolaz03: checks
packesel: bets $6
kolaz03: folds
Uncalled bet ($6) returned to packesel
packesel collected $23.52 from pot
packesel: doesn't show hand
*** SUMMARY ***
Total pot $24 | Rake $0.48
Board [As Kh Th Jd]
Seat 1: kolaz03 (big blind) folded on the Turn
Seat 3: packesel (button) (small blind) collected ($23.52)


PokerStars Hand #155504800988:  Hold'em Limit ($3/$6 USD) - 2016/07/03 9:29:03 ET
Table 'Geometria' 6-max Seat #3 is the button
Seat 1: kolaz03 ($85.54 in chips)
Seat 3: packesel ($184.40 in chips)
packesel: posts small blind $1
kolaz03: posts big blind $3
*** HOLE CARDS ***
packesel: folds
Uncalled bet ($2) returned to kolaz03
kolaz03 collected $2 from pot
kolaz03: doesn't show hand
*** SUMMARY ***
Total pot $2 | Rake $0
Seat 1: kolaz03 (big blind) collected ($2)
Seat 3: packesel (button) (small blind) folded before Flop


PokerStars Hand #155504789975:  Hold'em Limit ($3/$6 USD) - 2016/07/03 9:28:44 ET
Table 'Geometria' 6-max Seat #1 is the button
Seat 1: kolaz03 ($74.02 in chips)
Seat 3: packesel ($196.40 in chips)
kolaz03: posts small blind $1
packesel: posts big blind $3
*** HOLE CARDS ***
kolaz03: raises $3 to $6
packesel: raises $3 to $9
kolaz03: calls $3
*** FLOP *** [Qh 5h 7s]
packesel: checks
kolaz03: bets $3
packesel: calls $3
*** TURN *** [Qh 5h 7s] [Kc]
packesel: checks
kolaz03: bets $6
packesel: folds
Uncalled bet ($6) returned to kolaz03
kolaz03 collected $23.52 from pot
kolaz03: doesn't show hand
*** SUMMARY ***
Total pot $24 | Rake $0.48
Board [Qh 5h 7s Kc]
Seat 1: kolaz03 (button) (small blind) collected ($23.52)
Seat 3: packesel (big blind) folded on the Turn


PokerStars Hand #155504783476:  Hold'em Limit ($3/$6 USD) - 2016/07/03 9:28:32 ET
Table 'Geometria' 6-max Seat #3 is the button
Seat 1: kolaz03 ($77.02 in chips)
Seat 3: packesel ($193.52 in chips)
packesel: posts small blind $1
kolaz03: posts big blind $3
*** HOLE CARDS ***
packesel: calls $2
kolaz03: checks
*** FLOP *** [Qh 5d As]
kolaz03: checks
packesel: bets $3
kolaz03: folds
Uncalled bet ($3) returned to packesel
packesel collected $5.88 from pot
packesel: doesn't show hand
*** SUMMARY ***
Total pot $6 | Rake $0.12
Board [Qh 5d As]
Seat 1: kolaz03 (big blind) folded on the Flop
Seat 3: packesel (button) (small blind) collected ($5.88)


PokerStars Hand #155504780624:  Hold'em Limit ($3/$6 USD) - 2016/07/03 9:28:27 ET
Table 'Geometria' 6-max Seat #1 is the button
Seat 1: kolaz03 ($78.02 in chips)
Seat 3: packesel ($192.52 in chips)
kolaz03: posts small blind $1
packesel: posts big blind $3
*** HOLE CARDS ***
kolaz03: folds
Uncalled bet ($2) returned to packesel
packesel collected $2 from pot
packesel: doesn't show hand
*** SUMMARY ***
Total pot $2 | Rake $0
Seat 1: kolaz03 (button) (small blind) folded before Flop
Seat 3: packesel (big blind) collected ($2)


PokerStars Hand #155504821241:  Hold'em Limit ($3/$6 USD) - 2016/07/03 9:29:38 ET
Table 'Geometria' 6-max Seat #1 is the button
Seat 1: kolaz03 ($75.54 in chips)
Seat 3: packesel ($193.92 in chips)
kolaz03: posts small blind $1
packesel: posts big blind $3
*** HOLE CARDS ***
kolaz03: raises $3 to $6
packesel: calls $3
*** FLOP *** [Jd Js 7d]
packesel: bets $3
kolaz03: raises $3 to $6
packesel: calls $3
*** TURN *** [Jd Js 7d] [4d]
packesel: checks
kolaz03: bets $6
packesel: calls $6
*** RIVER *** [Jd Js 7d 4d] [Kh]
barranqueiro leaves the table
packesel: bets $6
kolaz03: calls $6
*** SHOW DOWN ***
packesel: shows [7h Kd] (two pair, Kings and Jacks)
kolaz03: mucks hand
packesel collected $47.50 from pot
*** SUMMARY ***
Total pot $48 | Rake $0.50
Board [Jd Js 7d 4d Kh]
Seat 1: kolaz03 (button) (small blind) mucked
Seat 3: packesel (big blind) showed [7h Kd] and won ($47.50) with two pair, Kings and Jacks


PokerStars Hand #155504818028:  Hold'em Limit ($3/$6 USD) - 2016/07/03 9:29:33 ET
Table 'Geometria' 6-max Seat #3 is the button
Seat 1: kolaz03 ($74.54 in chips)
Seat 3: packesel ($194.92 in chips)
packesel: posts small blind $1
kolaz03: posts big blind $3
*** HOLE CARDS ***
packesel: folds
Uncalled bet ($2) returned to kolaz03
kolaz03 collected $2 from pot
kolaz03: doesn't show hand
*** SUMMARY ***
Total pot $2 | Rake $0
Seat 1: kolaz03 (big blind) collected ($2)
Seat 3: packesel (button) (small blind) folded before Flop


PokerStars Hand #155504804024:  Hold'em Limit ($3/$6 USD) - 2016/07/03 9:29:08 ET
Table 'Geometria' 6-max Seat #1 is the button
Seat 1: kolaz03 ($86.54 in chips)
Seat 3: packesel ($183.40 in chips)
kolaz03: posts small blind $1
packesel: posts big blind $3
*** HOLE CARDS ***
kolaz03: raises $3 to $6
packesel: raises $3 to $9
kolaz03: calls $3
*** FLOP *** [3d 4h Ts]
packesel: bets $3
kolaz03: calls $3
*** TURN *** [3d 4h Ts] [Qd]
packesel: bets $6
kolaz03: folds
Uncalled bet ($6) returned to packesel
packesel collected $23.52 from pot
packesel: doesn't show hand
*** SUMMARY ***
Total pot $24 | Rake $0.48
Board [3d 4h Ts Qd]
Seat 1: kolaz03 (button) (small blind) folded on the Turn
Seat 3: packesel (big blind) collected ($23.52)


PokerStars Hand #155504835498:  Hold'em Limit ($3/$6 USD) - 2016/07/03 9:30:03 ET
Table 'Geometria' 6-max Seat #3 is the button
Seat 1: kolaz03 ($72 in chips)
Seat 3: packesel ($217.42 in chips)
packesel: posts small blind $1
kolaz03: posts big blind $3
*** HOLE CARDS ***
packesel: raises $3 to $6
kolaz03: raises $3 to $9
packesel: raises $3 to $12
Betting is capped
kolaz03: calls $3
*** FLOP *** [7c Qs 2s]
kolaz03: checks
packesel: bets $3
kolaz03: calls $3
*** TURN *** [7c Qs 2s] [4h]
kolaz03: checks
packesel: bets $6
kolaz03: calls $6
*** RIVER *** [7c Qs 2s 4h] [5d]
kolaz03: checks
packesel: bets $6
kolaz03: raises $6 to $12
packesel: raises $6 to $18
kolaz03: calls $6
*** SHOW DOWN ***
packesel: shows [7d 7s] (three of a kind, Sevens)
kolaz03: mucks hand
packesel collected $77.50 from pot
*** SUMMARY ***
Total pot $78 | Rake $0.50
Board [7c Qs 2s 4h 5d]
Seat 1: kolaz03 (big blind) mucked
Seat 3: packesel (button) (small blind) showed [7d 7s] and won ($77.50) with three of a kind, Sevens


PokerStars Hand #155504870956:  Hold'em Limit ($3/$6 USD) - 2016/07/03 9:31:05 ET
Table 'Geometria' 6-max Seat #1 is the button
Seat 1: kolaz03 ($87.52 in chips)
Seat 3: packesel ($239.92 in chips)
kolaz03: posts small blind $1
packesel: posts big blind $3
*** HOLE CARDS ***
kolaz03: folds
Uncalled bet ($2) returned to packesel
packesel collected $2 from pot
packesel: doesn't show hand
*** SUMMARY ***
Total pot $2 | Rake $0
Seat 1: kolaz03 (button) (small blind) folded before Flop
Seat 3: packesel (big blind) collected ($2)


PokerStars Hand #155504867995:  Hold'em Limit ($3/$6 USD) - 2016/07/03 9:31:00 ET
Table 'Geometria' 6-max Seat #3 is the button
Seat 1: kolaz03 ($86.52 in chips)
Seat 3: packesel ($240.92 in chips)
packesel: posts small blind $1
kolaz03: posts big blind $3
*** HOLE CARDS ***
packesel: folds
Uncalled bet ($2) returned to kolaz03
kolaz03 collected $2 from pot
kolaz03: doesn't show hand
*** SUMMARY ***
Total pot $2 | Rake $0
Seat 1: kolaz03 (big blind) collected ($2)
Seat 3: packesel (button) (small blind) folded before Flop


PokerStars Hand #155504862263:  Hold'em Limit ($3/$6 USD) - 2016/07/03 9:30:50 ET
Table 'Geometria' 6-max Seat #1 is the button
Seat 1: kolaz03 ($80.76 in chips)
Seat 3: packesel ($246.92 in chips)
kolaz03: posts small blind $1
packesel: posts big blind $3
*** HOLE CARDS ***
kolaz03: raises $3 to $6
packesel: calls $3
*** FLOP *** [Ks Td Jh]
packesel: checks
kolaz03: bets $3
packesel: folds
Uncalled bet ($3) returned to kolaz03
kolaz03 collected $11.76 from pot
kolaz03: doesn't show hand
*** SUMMARY ***
Total pot $12 | Rake $0.24
Board [Ks Td Jh]
Seat 1: kolaz03 (button) (small blind) collected ($11.76)
Seat 3: packesel (big blind) folded on the Flop


PokerStars Hand #155504856377:  Hold'em Limit ($3/$6 USD) - 2016/07/03 9:30:40 ET
Table 'Geometria' 6-max Seat #3 is the button
Seat 1: kolaz03 ($75 in chips)
Seat 3: packesel ($252.92 in chips)
packesel: posts small blind $1
kolaz03: posts big blind $3
*** HOLE CARDS ***
packesel: calls $2
kolaz03: raises $3 to $6
packesel: calls $3
*** FLOP *** [As 7h Jc]
kolaz03: bets $3
packesel: folds
Uncalled bet ($3) returned to kolaz03
kolaz03 collected $11.76 from pot
kolaz03: doesn't show hand
*** SUMMARY ***
Total pot $12 | Rake $0.24
Board [As 7h Jc]
Seat 1: kolaz03 (big blind) collected ($11.76)
Seat 3: packesel (button) (small blind) folded on the Flop


PokerStars Hand #155504849558:  Hold'em Limit ($3/$6 USD) - 2016/07/03 9:30:28 ET
Table 'Geometria' 6-max Seat #1 is the button
Seat 1: kolaz03 ($72 in chips)
Seat 3: packesel ($255.92 in chips)
kolaz03: posts small blind $1
packesel: posts big blind $3
*** HOLE CARDS ***
kolaz03: raises $3 to $6
packesel: folds
Uncalled bet ($3) returned to kolaz03
kolaz03 collected $6 from pot
kolaz03: doesn't show hand
*** SUMMARY ***
Total pot $6 | Rake $0
Seat 1: kolaz03 (button) (small blind) collected ($6)
Seat 3: packesel (big blind) folded before Flop


PokerStars Hand #155504876860:  Hold'em Limit ($3/$6 USD) - 2016/07/03 9:31:15 ET
Table 'Geometria' 6-max Seat #1 is the button
Seat 1: kolaz03 ($87.52 in chips)
Seat 3: packesel ($239.92 in chips)
kolaz03: posts small blind $1
packesel: posts big blind $3
*** HOLE CARDS ***
kolaz03: raises $3 to $6
packesel: folds
Uncalled bet ($3) returned to kolaz03
kolaz03 collected $6 from pot
kolaz03: doesn't show hand
*** SUMMARY ***
Total pot $6 | Rake $0
Seat 1: kolaz03 (button) (small blind) collected ($6)
Seat 3: packesel (big blind) folded before Flop


PokerStars Hand #155504889995:  Hold'em Limit ($3/$6 USD) - 2016/07/03 9:31:38 ET
Table 'Geometria' 6-max Seat #3 is the button
Seat 1: kolaz03 ($94.52 in chips)
Seat 3: packesel ($232.92 in chips)
packesel: posts small blind $1
kolaz03: posts big blind $3
*** HOLE CARDS ***
packesel: raises $3 to $6
kolaz03: calls $3
*** FLOP *** [Ts 5h 7d]
kolaz03: checks
packesel: bets $3
kolaz03: calls $3
*** TURN *** [Ts 5h 7d] [6s]
kolaz03: checks
packesel: bets $6
kolaz03: calls $6
*** RIVER *** [Ts 5h 7d 6s] [7c]
kolaz03: checks
VolkovDmitri joins the table at seat #4
packesel: bets $6
kolaz03: calls $6
*** SHOW DOWN ***
packesel: shows [Td As] (two pair, Tens and Sevens)
kolaz03: mucks hand
packesel collected $41.50 from pot
*** SUMMARY ***
Total pot $42 | Rake $0.50
Board [Ts 5h 7d 6s 7c]
Seat 1: kolaz03 (big blind) mucked
Seat 3: packesel (button) (small blind) showed [Td As] and won ($41.50) with two pair, Tens and Sevens


PokerStars Hand #155504886879:  Hold'em Limit ($3/$6 USD) - 2016/07/03 9:31:33 ET
Table 'Geometria' 6-max Seat #1 is the button
Seat 1: kolaz03 ($91.52 in chips)
Seat 3: packesel ($235.92 in chips)
kolaz03: posts small blind $1
packesel: posts big blind $3
*** HOLE CARDS ***
kolaz03: raises $3 to $6
packesel: folds
Uncalled bet ($3) returned to kolaz03
kolaz03 collected $6 from pot
kolaz03: doesn't show hand
*** SUMMARY ***
Total pot $6 | Rake $0
Seat 1: kolaz03 (button) (small blind) collected ($6)
Seat 3: packesel (big blind) folded before Flop


PokerStars Hand #155504884125:  Hold'em Limit ($3/$6 USD) - 2016/07/03 9:31:28 ET
Table 'Geometria' 6-max Seat #3 is the button
Seat 1: kolaz03 ($90.52 in chips)
Seat 3: packesel ($236.92 in chips)
packesel: posts small blind $1
kolaz03: posts big blind $3
*** HOLE CARDS ***
packesel: folds
Uncalled bet ($2) returned to kolaz03
kolaz03 collected $2 from pot
kolaz03: doesn't show hand
*** SUMMARY ***
Total pot $2 | Rake $0
Seat 1: kolaz03 (big blind) collected ($2)
Seat 3: packesel (button) (small blind) folded before Flop


PokerStars Hand #155504873987:  Hold'em Limit ($3/$6 USD) - 2016/07/03 9:31:11 ET
Table 'Geometria' 6-max Seat #3 is the button
Seat 1: kolaz03 ($86.52 in chips)
Seat 3: packesel ($240.92 in chips)
packesel: posts small blind $1
kolaz03: posts big blind $3
*** HOLE CARDS ***
packesel: folds
Uncalled bet ($2) returned to kolaz03
kolaz03 collected $2 from pot
kolaz03: doesn't show hand
*** SUMMARY ***
Total pot $2 | Rake $0
Seat 1: kolaz03 (big blind) collected ($2)
Seat 3: packesel (button) (small blind) folded before Flop


PokerStars Hand #155504928079:  Hold'em Limit ($3/$6 USD) - 2016/07/03 9:32:45 ET
Table 'Geometria' 6-max Seat #3 is the button
Seat 3: packesel ($215.42 in chips)
Seat 4: VolkovDmitri ($154.50 in chips)
packesel: posts small blind $1
VolkovDmitri: posts big blind $3
*** HOLE CARDS ***
packesel: calls $2
VolkovDmitri: raises $3 to $6
packesel: calls $3
*** FLOP *** [8h 5d Kh]
VolkovDmitri: bets $3
packesel: folds
Uncalled bet ($3) returned to VolkovDmitri
VolkovDmitri collected $11.76 from pot
VolkovDmitri: doesn't show hand
*** SUMMARY ***
Total pot $12 | Rake $0.24
Board [8h 5d Kh]
Seat 3: packesel (button) (small blind) folded on the Flop
Seat 4: VolkovDmitri (big blind) collected ($11.76)


PokerStars Hand #155504915386:  Hold'em Limit ($3/$6 USD) - 2016/07/03 9:32:23 ET
Table 'Geometria' 6-max Seat #4 is the button
Seat 3: packesel ($245.42 in chips)
Seat 4: VolkovDmitri ($125 in chips)
VolkovDmitri: posts small blind $1
packesel: posts big blind $3
*** HOLE CARDS ***
VolkovDmitri: raises $3 to $6
packesel: raises $3 to $9
VolkovDmitri: calls $3
*** FLOP *** [4d 8c 4s]
packesel: bets $3
VolkovDmitri: calls $3
*** TURN *** [4d 8c 4s] [Ad]
packesel: bets $6
VolkovDmitri: raises $6 to $12
packesel: calls $6
*** RIVER *** [4d 8c 4s Ad] [5s]
packesel: checks
VolkovDmitri: bets $6
packesel: calls $6
*** SHOW DOWN ***
VolkovDmitri: shows [8d 4h] (a full house, Fours full of Eights)
packesel: mucks hand
VolkovDmitri collected $59.50 from pot
*** SUMMARY ***
Total pot $60 | Rake $0.50
Board [4d 8c 4s Ad 5s]
Seat 3: packesel (big blind) mucked
Seat 4: VolkovDmitri (button) (small blind) showed [8d 4h] and won ($59.50) with a full house, Fours full of Eights


PokerStars Hand #155504912314:  Hold'em Limit ($3/$6 USD) - 2016/07/03 9:32:17 ET
Table 'Geometria' 6-max Seat #3 is the button
Seat 3: packesel ($246.42 in chips)
Seat 4: VolkovDmitri ($124 in chips)
packesel: posts small blind $1
VolkovDmitri: posts big blind $3
*** HOLE CARDS ***
packesel: folds
Uncalled bet ($2) returned to VolkovDmitri
VolkovDmitri collected $2 from pot
VolkovDmitri: doesn't show hand
*** SUMMARY ***
Total pot $2 | Rake $0
Seat 3: packesel (button) (small blind) folded before Flop
Seat 4: VolkovDmitri (big blind) collected ($2)


PokerStars Hand #155504908594:  Hold'em Limit ($3/$6 USD) - 2016/07/03 9:32:11 ET
Table 'Geometria' 6-max Seat #4 is the button
Seat 3: packesel ($249.42 in chips)
Seat 4: VolkovDmitri ($121 in chips)
VolkovDmitri: posts small blind $1
packesel: posts big blind $3
*** HOLE CARDS ***
VolkovDmitri: raises $3 to $6
packesel: folds
Uncalled bet ($3) returned to VolkovDmitri
VolkovDmitri collected $6 from pot
VolkovDmitri: doesn't show hand
*** SUMMARY ***
Total pot $6 | Rake $0
Seat 3: packesel (big blind) folded before Flop
Seat 4: VolkovDmitri (button) (small blind) collected ($6)


PokerStars Hand #155504967277:  Hold'em Limit ($3/$6 USD) - 2016/07/03 9:33:53 ET
Table 'Geometria' 6-max Seat #4 is the button
Seat 3: packesel ($225.67 in chips)
Seat 4: VolkovDmitri ($143.01 in chips)
VolkovDmitri: posts small blind $1
packesel: posts big blind $3
*** HOLE CARDS ***
VolkovDmitri: raises $3 to $6
packesel: calls $3
*** FLOP *** [3c 2d Ts]
packesel: checks
VolkovDmitri: bets $3
packesel: calls $3
*** TURN *** [3c 2d Ts] [9d]
packesel: checks
VolkovDmitri: bets $6
packesel: folds
Uncalled bet ($6) returned to VolkovDmitri
VolkovDmitri collected $17.64 from pot
VolkovDmitri: doesn't show hand
*** SUMMARY ***
Total pot $18 | Rake $0.36
Board [3c 2d Ts 9d]
Seat 3: packesel (big blind) folded on the Turn
Seat 4: VolkovDmitri (button) (small blind) collected ($17.64)


PokerStars Hand #155504952855:  Hold'em Limit ($3/$6 USD) - 2016/07/03 9:33:28 ET
Table 'Geometria' 6-max Seat #3 is the button
Seat 3: packesel ($205.17 in chips)
Seat 4: VolkovDmitri ($164.01 in chips)
packesel: posts small blind $1
VolkovDmitri: posts big blind $3
*** HOLE CARDS ***
packesel: raises $3 to $6
VolkovDmitri: raises $3 to $9
packesel: raises $3 to $12
Betting is capped
VolkovDmitri: calls $3
*** FLOP *** [5s 7s 8s]
VolkovDmitri: bets $3
packesel: calls $3
*** TURN *** [5s 7s 8s] [Qs]
VolkovDmitri: checks
packesel: checks
*** RIVER *** [5s 7s 8s Qs] [Ts]
VolkovDmitri: bets $6
packesel: raises $6 to $12
VolkovDmitri: folds
Uncalled bet ($6) returned to packesel
packesel collected $41.50 from pot
packesel: doesn't show hand
*** SUMMARY ***
Total pot $42 | Rake $0.50
Board [5s 7s 8s Qs Ts]
Seat 3: packesel (button) (small blind) collected ($41.50)
Seat 4: VolkovDmitri (big blind) folded on the River


PokerStars Hand #155504949663:  Hold'em Limit ($3/$6 USD) - 2016/07/03 9:33:22 ET
Table 'Geometria' 6-max Seat #4 is the button
Seat 3: packesel ($208.17 in chips)
Seat 4: VolkovDmitri ($161.01 in chips)
VolkovDmitri: posts small blind $1
packesel: posts big blind $3
*** HOLE CARDS ***
VolkovDmitri: raises $3 to $6
packesel: folds
Uncalled bet ($3) returned to VolkovDmitri
VolkovDmitri collected $6 from pot
VolkovDmitri: doesn't show hand
*** SUMMARY ***
Total pot $6 | Rake $0
Seat 3: packesel (big blind) folded before Flop
Seat 4: VolkovDmitri (button) (small blind) collected ($6)


PokerStars Hand #155504946540:  Hold'em Limit ($3/$6 USD) - 2016/07/03 9:33:17 ET
Table 'Geometria' 6-max Seat #3 is the button
Seat 3: packesel ($209.17 in chips)
Seat 4: VolkovDmitri ($160.01 in chips)
packesel: posts small blind $1
VolkovDmitri: posts big blind $3
*** HOLE CARDS ***
packesel: folds
Uncalled bet ($2) returned to VolkovDmitri
VolkovDmitri collected $2 from pot
VolkovDmitri: doesn't show hand
*** SUMMARY ***
Total pot $2 | Rake $0
Seat 3: packesel (button) (small blind) folded before Flop
Seat 4: VolkovDmitri (big blind) collected ($2)


PokerStars Hand #155504934242:  Hold'em Limit ($3/$6 USD) - 2016/07/03 9:32:56 ET
Table 'Geometria' 6-max Seat #4 is the button
Seat 3: packesel ($209.42 in chips)
Seat 4: VolkovDmitri ($160.26 in chips)
VolkovDmitri: posts small blind $1
packesel: posts big blind $3
*** HOLE CARDS ***
VolkovDmitri: raises $3 to $6
packesel: calls $3
*** FLOP *** [Kc Jc 4d]
packesel: bets $3
VolkovDmitri: calls $3
*** TURN *** [Kc Jc 4d] [3s]
packesel: bets $6
VolkovDmitri: raises $6 to $12
packesel: calls $6
*** RIVER *** [Kc Jc 4d 3s] [5d]
packesel: checks
VolkovDmitri: bets $6
packesel: calls $6
*** SHOW DOWN ***
VolkovDmitri: shows [6s Kh] (a pair of Kings)
packesel: shows [6c Kd] (a pair of Kings)
packesel collected $26.75 from pot
VolkovDmitri collected $26.75 from pot
*** SUMMARY ***
Total pot $54 | Rake $0.50
Board [Kc Jc 4d 3s 5d]
Seat 3: packesel (big blind) showed [6c Kd] and won ($26.75) with a pair of Kings
Seat 4: VolkovDmitri (button) (small blind) showed [6s Kh] and won ($26.75) with a pair of Kings


PokerStars Hand #155504997030:  Hold'em Limit ($3/$6 USD) - 2016/07/03 9:34:44 ET
Table 'Geometria' 6-max Seat #4 is the button
Seat 3: packesel ($213.31 in chips)
Seat 4: VolkovDmitri ($154.17 in chips)
VolkovDmitri: posts small blind $1
packesel: posts big blind $3
*** HOLE CARDS ***
VolkovDmitri: raises $3 to $6
packesel: raises $3 to $9
VolkovDmitri: calls $3
*** FLOP *** [5s 6h Td]
packesel: bets $3
VolkovDmitri: calls $3
*** TURN *** [5s 6h Td] [5h]
packesel: bets $6
VolkovDmitri: folds
Uncalled bet ($6) returned to packesel
packesel collected $23.52 from pot
packesel: doesn't show hand
*** SUMMARY ***
Total pot $24 | Rake $0.48
Board [5s 6h Td 5h]
Seat 3: packesel (big blind) collected ($23.52)
Seat 4: VolkovDmitri (button) (small blind) folded on the Turn


PokerStars Hand #155504989853:  Hold'em Limit ($3/$6 USD) - 2016/07/03 9:34:32 ET
Table 'Geometria' 6-max Seat #3 is the button
Seat 3: packesel ($219.31 in chips)
Seat 4: VolkovDmitri ($148.41 in chips)
packesel: posts small blind $1
VolkovDmitri: posts big blind $3
*** HOLE CARDS ***
packesel: calls $2
VolkovDmitri: raises $3 to $6
packesel: calls $3
*** FLOP *** [7d 7c 2h]
VolkovDmitri: bets $3
packesel: folds
Uncalled bet ($3) returned to VolkovDmitri
VolkovDmitri collected $11.76 from pot
VolkovDmitri: doesn't show hand
*** SUMMARY ***
Total pot $12 | Rake $0.24
Board [7d 7c 2h]
Seat 3: packesel (button) (small blind) folded on the Flop
Seat 4: VolkovDmitri (big blind) collected ($11.76)


PokerStars Hand #155504984036:  Hold'em Limit ($3/$6 USD) - 2016/07/03 9:34:22 ET
Table 'Geometria' 6-max Seat #4 is the button
Seat 3: packesel ($210.67 in chips)
Seat 4: VolkovDmitri ($157.41 in chips)
VolkovDmitri: posts small blind $1
packesel: posts big blind $3
*** HOLE CARDS ***
VolkovDmitri: raises $3 to $6
packesel: raises $3 to $9
VolkovDmitri: calls $3
*** FLOP *** [Kc 3s 7c]
packesel: bets $3
VolkovDmitri: folds
Uncalled bet ($3) returned to packesel
packesel collected $17.64 from pot
packesel: doesn't show hand
*** SUMMARY ***
Total pot $18 | Rake $0.36
Board [Kc 3s 7c]
Seat 3: packesel (big blind) collected ($17.64)
Seat 4: VolkovDmitri (button) (small blind) folded on the Flop


PokerStars Hand #155504978431:  Hold'em Limit ($3/$6 USD) - 2016/07/03 9:34:12 ET
Table 'Geometria' 6-max Seat #3 is the button
Seat 3: packesel ($216.67 in chips)
Seat 4: VolkovDmitri ($151.65 in chips)
packesel: posts small blind $1
VolkovDmitri: posts big blind $3
*** HOLE CARDS ***
packesel: calls $2
VolkovDmitri: raises $3 to $6
packesel: calls $3
*** FLOP *** [Ac 5d Qc]
VolkovDmitri: bets $3
packesel: folds
Uncalled bet ($3) returned to VolkovDmitri
VolkovDmitri collected $11.76 from pot
VolkovDmitri: doesn't show hand
*** SUMMARY ***
Total pot $12 | Rake $0.24
Board [Ac 5d Qc]
Seat 3: packesel (button) (small blind) folded on the Flop
Seat 4: VolkovDmitri (big blind) collected ($11.76)


PokerStars Hand #155505039073:  Hold'em Limit ($3/$6 USD) - 2016/07/03 9:35:56 ET
Table 'Geometria' 6-max Seat #3 is the button
Seat 3: packesel ($202.83 in chips)
Seat 4: VolkovDmitri ($163.45 in chips)
packesel: posts small blind $1
VolkovDmitri: posts big blind $3
*** HOLE CARDS ***
packesel: folds
Uncalled bet ($2) returned to VolkovDmitri
VolkovDmitri collected $2 from pot
VolkovDmitri: doesn't show hand
xcgxcg2005 joins the table at seat #2
*** SUMMARY ***
Total pot $2 | Rake $0
Seat 3: packesel (button) (small blind) folded before Flop
Seat 4: VolkovDmitri (big blind) collected ($2)


PokerStars Hand #155505031874:  Hold'em Limit ($3/$6 USD) - 2016/07/03 9:35:44 ET
Table 'Geometria' 6-max Seat #4 is the button
Seat 3: packesel ($205.83 in chips)
Seat 4: VolkovDmitri ($160.45 in chips)
VolkovDmitri: posts small blind $1
packesel: posts big blind $3
*** HOLE CARDS ***
VolkovDmitri: raises $3 to $6
packesel: folds
Uncalled bet ($3) returned to VolkovDmitri
VolkovDmitri collected $6 from pot
VolkovDmitri: doesn't show hand
*** SUMMARY ***
Total pot $6 | Rake $0
Seat 3: packesel (big blind) folded before Flop
Seat 4: VolkovDmitri (button) (small blind) collected ($6)


PokerStars Hand #155505022132:  Hold'em Limit ($3/$6 USD) - 2016/07/03 9:35:27 ET
Table 'Geometria' 6-max Seat #3 is the button
Seat 3: packesel ($217.83 in chips)
Seat 4: VolkovDmitri ($148.93 in chips)
packesel: posts small blind $1
VolkovDmitri: posts big blind $3
*** HOLE CARDS ***
packesel: raises $3 to $6
VolkovDmitri: raises $3 to $9
packesel: calls $3
*** FLOP *** [7s 4c Qh]
VolkovDmitri: bets $3
packesel: calls $3
*** TURN *** [7s 4c Qh] [5h]
VolkovDmitri: checks
packesel: checks
*** RIVER *** [7s 4c Qh 5h] [Js]
VolkovDmitri: checks
packesel: checks
*** SHOW DOWN ***
VolkovDmitri: shows [6h Ah] (high card Ace)
packesel: mucks hand
VolkovDmitri collected $23.52 from pot
*** SUMMARY ***
Total pot $24 | Rake $0.48
Board [7s 4c Qh 5h Js]
Seat 3: packesel (button) (small blind) mucked
Seat 4: VolkovDmitri (big blind) showed [6h Ah] and won ($23.52) with high card Ace


PokerStars Hand #155505014451:  Hold'em Limit ($3/$6 USD) - 2016/07/03 9:35:14 ET
Table 'Geometria' 6-max Seat #4 is the button
Seat 3: packesel ($223.83 in chips)
Seat 4: VolkovDmitri ($143.17 in chips)
VolkovDmitri: posts small blind $1
packesel: posts big blind $3
*** HOLE CARDS ***
VolkovDmitri: raises $3 to $6
packesel: calls $3
*** FLOP *** [Tc 2s 8h]
packesel: checks
VolkovDmitri: bets $3
packesel: folds
Uncalled bet ($3) returned to VolkovDmitri
VolkovDmitri collected $11.76 from pot
VolkovDmitri: doesn't show hand
*** SUMMARY ***
Total pot $12 | Rake $0.24
Board [Tc 2s 8h]
Seat 3: packesel (big blind) folded on the Flop
Seat 4: VolkovDmitri (button) (small blind) collected ($11.76)


PokerStars Hand #155505011503:  Hold'em Limit ($3/$6 USD) - 2016/07/03 9:35:09 ET
Table 'Geometria' 6-max Seat #3 is the button
Seat 3: packesel ($224.83 in chips)
Seat 4: VolkovDmitri ($142.17 in chips)
packesel: posts small blind $1
VolkovDmitri: posts big blind $3
*** HOLE CARDS ***
packesel: folds
Uncalled bet ($2) returned to VolkovDmitri
VolkovDmitri collected $2 from pot
VolkovDmitri: doesn't show hand
*** SUMMARY ***
Total pot $2 | Rake $0
Seat 3: packesel (button) (small blind) folded before Flop
Seat 4: VolkovDmitri (big blind) collected ($2)


PokerStars Hand #155505195598:  Hold'em Limit ($3/$6 USD) - 2016/07/03 9:40:27 ET
Table 'Geometria' 6-max Seat #4 is the button
Seat 3: packesel ($211.85 in chips)
Seat 4: VolkovDmitri ($148.28 in chips)
VolkovDmitri: posts small blind $1
packesel: posts big blind $3
*** HOLE CARDS ***
VolkovDmitri: raises $3 to $6
packesel: calls $3
*** FLOP *** [Jh 8s 7h]
packesel: bets $3
VolkovDmitri: folds
Uncalled bet ($3) returned to packesel
packesel collected $11.76 from pot
packesel: doesn't show hand
*** SUMMARY ***
Total pot $12 | Rake $0.24
Board [Jh 8s 7h]
Seat 3: packesel (big blind) collected ($11.76)
Seat 4: VolkovDmitri (button) (small blind) folded on the Flop


PokerStars Hand #155505253517:  Hold'em Limit ($3/$6 USD) - 2016/07/03 9:42:06 ET
Table 'Geometria' 6-max Seat #4 is the button
Seat 3: packesel ($261.61 in chips)
Seat 4: VolkovDmitri ($125.76 in chips)
VolkovDmitri: posts small blind $1
packesel: posts big blind $3
*** HOLE CARDS ***
VolkovDmitri: raises $3 to $6
packesel: folds
Uncalled bet ($3) returned to VolkovDmitri
VolkovDmitri collected $6 from pot
VolkovDmitri: doesn't show hand
*** SUMMARY ***
Total pot $6 | Rake $0
Seat 3: packesel (big blind) folded before Flop
Seat 4: VolkovDmitri (button) (small blind) collected ($6)


PokerStars Hand #155505246237:  Hold'em Limit ($3/$6 USD) - 2016/07/03 9:41:54 ET
Table 'Geometria' 6-max Seat #3 is the button
Seat 3: packesel ($267.61 in chips)
Seat 4: VolkovDmitri ($120 in chips)
packesel: posts small blind $1
VolkovDmitri: posts big blind $3
*** HOLE CARDS ***
packesel: calls $2
VolkovDmitri: raises $3 to $6
packesel: calls $3
*** FLOP *** [9c 3s 2h]
VolkovDmitri: bets $3
packesel: folds
Uncalled bet ($3) returned to VolkovDmitri
VolkovDmitri collected $11.76 from pot
VolkovDmitri: doesn't show hand
*** SUMMARY ***
Total pot $12 | Rake $0.24
Board [9c 3s 2h]
Seat 3: packesel (button) (small blind) folded on the Flop
Seat 4: VolkovDmitri (big blind) collected ($11.76)


PokerStars Hand #155505232842:  Hold'em Limit ($3/$6 USD) - 2016/07/03 9:41:31 ET
Table 'Geometria' 6-max Seat #4 is the button
Seat 3: packesel ($244.11 in chips)
Seat 4: VolkovDmitri ($120 in chips)
VolkovDmitri: posts small blind $1
packesel: posts big blind $3
*** HOLE CARDS ***
VolkovDmitri: raises $3 to $6
packesel: calls $3
*** FLOP *** [5d 9d Qh]
packesel: checks
VolkovDmitri: bets $3
packesel: raises $3 to $6
VolkovDmitri: calls $3
*** TURN *** [5d 9d Qh] [2s]
packesel: bets $6
VolkovDmitri: calls $6
*** RIVER *** [5d 9d Qh 2s] [As]
packesel: bets $6
VolkovDmitri: calls $6
*** SHOW DOWN ***
packesel: shows [Td Qs] (a pair of Queens)
VolkovDmitri: mucks hand
packesel collected $47.50 from pot
*** SUMMARY ***
Total pot $48 | Rake $0.50
Board [5d 9d Qh 2s As]
Seat 3: packesel (big blind) showed [Td Qs] and won ($47.50) with a pair of Queens
Seat 4: VolkovDmitri (button) (small blind) mucked


PokerStars Hand #155505201777:  Hold'em Limit ($3/$6 USD) - 2016/07/03 9:40:37 ET
Table 'Geometria' 6-max Seat #3 is the button
Seat 3: packesel ($217.61 in chips)
Seat 4: VolkovDmitri ($142.28 in chips)
packesel: posts small blind $1
VolkovDmitri: posts big blind $3
*** HOLE CARDS ***
packesel: calls $2
VolkovDmitri: raises $3 to $6
packesel: raises $3 to $9
VolkovDmitri: calls $3
*** FLOP *** [4c 8s Ts]
VolkovDmitri: checks
packesel: bets $3
VolkovDmitri: raises $3 to $6
packesel: calls $3
*** TURN *** [4c 8s Ts] [3d]
VolkovDmitri: bets $6
packesel: calls $6
*** RIVER *** [4c 8s Ts 3d] [Td]
VolkovDmitri: bets $6
packesel: raises $6 to $12
VolkovDmitri: folds
Uncalled bet ($6) returned to packesel
packesel collected $53.50 from pot
packesel: doesn't show hand
*** SUMMARY ***
Total pot $54 | Rake $0.50
Board [4c 8s Ts 3d Td]
Seat 3: packesel (button) (small blind) collected ($53.50)
Seat 4: VolkovDmitri (big blind) folded on the River


PokerStars Hand #155505256428:  Hold'em Limit ($3/$6 USD) - 2016/07/03 9:42:11 ET
Table 'Geometria' 6-max Seat #3 is the button
Seat 3: packesel ($258.61 in chips)
Seat 4: VolkovDmitri ($128.76 in chips)
packesel: posts small blind $1
VolkovDmitri: posts big blind $3
*** HOLE CARDS ***
packesel: raises $3 to $6
VolkovDmitri: calls $3
*** FLOP *** [Td 2d 6c]
VolkovDmitri: checks
packesel: bets $3
VolkovDmitri: raises $3 to $6
packesel: calls $3
*** TURN *** [Td 2d 6c] [As]
VolkovDmitri: checks
barranqueiro joins the table at seat #6
packesel: bets $6
VolkovDmitri: calls $6
*** RIVER *** [Td 2d 6c As] [3s]
VolkovDmitri: checks
packesel: bets $6
VolkovDmitri: folds
Uncalled bet ($6) returned to packesel
packesel collected $35.50 from pot
packesel: doesn't show hand
*** SUMMARY ***
Total pot $36 | Rake $0.50
Board [Td 2d 6c As 3s]
Seat 3: packesel (button) (small blind) collected ($35.50)
Seat 4: VolkovDmitri (big blind) folded on the River


PokerStars Hand #155505313864:  Hold'em Limit ($3/$6 USD) - 2016/07/03 9:43:49 ET
Table 'Geometria' 6-max Seat #2 is the button
Seat 2: xcgxcg2005 ($121 in chips)
Seat 6: barranqueiro ($187.51 in chips)
xcgxcg2005: posts small blind $1
barranqueiro: posts big blind $3
*** HOLE CARDS ***
xcgxcg2005: calls $2
barranqueiro: checks
*** FLOP *** [5c Js Kc]
barranqueiro: bets $3
xcgxcg2005: folds
Uncalled bet ($3) returned to barranqueiro
barranqueiro collected $5.88 from pot
*** SUMMARY ***
Total pot $6 | Rake $0.12
Board [5c Js Kc]
Seat 2: xcgxcg2005 (button) (small blind) folded on the Flop
Seat 6: barranqueiro (big blind) collected ($5.88)


PokerStars Hand #155505304716:  Hold'em Limit ($3/$6 USD) - 2016/07/03 9:43:33 ET
Table 'Geometria' 6-max Seat #6 is the button
Seat 2: xcgxcg2005 ($120 in chips)
Seat 6: barranqueiro ($113.64 in chips)
barranqueiro: posts small blind $1
xcgxcg2005: posts big blind $3
*** HOLE CARDS ***
barranqueiro: folds
Uncalled bet ($2) returned to xcgxcg2005
VolkovDmitri leaves the table
xcgxcg2005 collected $2 from pot
xcgxcg2005: doesn't show hand
*** SUMMARY ***
Total pot $2 | Rake $0
Seat 2: xcgxcg2005 (big blind) collected ($2)
Seat 6: barranqueiro (button) (small blind) folded before Flop


PokerStars Hand #155505297054:  Hold'em Limit ($3/$6 USD) - 2016/07/03 9:43:21 ET
Table 'Geometria' 6-max Seat #4 is the button
Seat 4: VolkovDmitri ($138.01 in chips)
Seat 6: barranqueiro ($105 in chips)
barranqueiro said, "(y)"
VolkovDmitri: posts small blind $1
barranqueiro: posts big blind $3
xcgxcg2005 joins the table at seat #2
*** HOLE CARDS ***
VolkovDmitri: raises $3 to $6
barranqueiro: raises $3 to $9
VolkovDmitri: calls $3
*** FLOP *** [Jh 9d Th]
barranqueiro: bets $3
VolkovDmitri: folds
Uncalled bet ($3) returned to barranqueiro
barranqueiro collected $17.64 from pot
*** SUMMARY ***
Total pot $18 | Rake $0.36
Board [Jh 9d Th]
Seat 4: VolkovDmitri (button) (small blind) folded on the Flop
Seat 6: barranqueiro (big blind) collected ($17.64)


PokerStars Hand #155505294052:  Hold'em Limit ($3/$6 USD) - 2016/07/03 9:43:15 ET
Table 'Geometria' 6-max Seat #6 is the button
Seat 4: VolkovDmitri ($137.01 in chips)
Seat 6: barranqueiro ($106 in chips)
barranqueiro: posts small blind $1
VolkovDmitri: posts big blind $3
*** HOLE CARDS ***
barranqueiro: folds
Uncalled bet ($2) returned to VolkovDmitri
VolkovDmitri collected $2 from pot
VolkovDmitri: doesn't show hand
*** SUMMARY ***
Total pot $2 | Rake $0
Seat 4: VolkovDmitri (big blind) collected ($2)
Seat 6: barranqueiro (button) (small blind) folded before Flop


PokerStars Hand #155505340168:  Hold'em Limit ($3/$6 USD) - 2016/07/03 9:44:34 ET
Table 'Geometria' 6-max Seat #6 is the button
Seat 2: xcgxcg2005 ($94 in chips)
Seat 6: barranqueiro ($213.53 in chips)
barranqueiro: posts small blind $1
xcgxcg2005: posts big blind $3
*** HOLE CARDS ***
barranqueiro: raises $3 to $6
xcgxcg2005: folds
Uncalled bet ($3) returned to barranqueiro
barranqueiro collected $6 from pot
*** SUMMARY ***
Total pot $6 | Rake $0
Seat 2: xcgxcg2005 (big blind) folded before Flop
Seat 6: barranqueiro (button) (small blind) collected ($6)


PokerStars Hand #155505333248:  Hold'em Limit ($3/$6 USD) - 2016/07/03 9:44:22 ET
Table 'Geometria' 6-max Seat #2 is the button
Seat 2: xcgxcg2005 ($103 in chips)
Seat 6: barranqueiro ($204.89 in chips)
xcgxcg2005: posts small blind $1
barranqueiro: posts big blind $3
*** HOLE CARDS ***
xcgxcg2005: raises $3 to $6
barranqueiro: calls $3
*** FLOP *** [6h 4d Ac]
barranqueiro: checks
xcgxcg2005: bets $3
barranqueiro: raises $3 to $6
xcgxcg2005: folds
Uncalled bet ($3) returned to barranqueiro
barranqueiro collected $17.64 from pot
*** SUMMARY ***
Total pot $18 | Rake $0.36
Board [6h 4d Ac]
Seat 2: xcgxcg2005 (button) (small blind) folded on the Flop
Seat 6: barranqueiro (big blind) collected ($17.64)


PokerStars Hand #155505343428:  Hold'em Limit ($3/$6 USD) - 2016/07/03 9:44:39 ET
Table 'Geometria' 6-max Seat #2 is the button
Seat 2: xcgxcg2005 ($91 in chips)
Seat 6: barranqueiro ($216.53 in chips)
xcgxcg2005: posts small blind $1
barranqueiro: posts big blind $3
*** HOLE CARDS ***
xcgxcg2005: raises $3 to $6
barranqueiro: calls $3
*** FLOP *** [9d Ah Ac]
barranqueiro: checks
xcgxcg2005: bets $3
barranqueiro: calls $3
*** TURN *** [9d Ah Ac] [7s]
barranqueiro: checks
xcgxcg2005: bets $6
barranqueiro: folds
Uncalled bet ($6) returned to xcgxcg2005
xcgxcg2005 collected $17.64 from pot
xcgxcg2005: doesn't show hand
*** SUMMARY ***
Total pot $18 | Rake $0.36
Board [9d Ah Ac 7s]
Seat 2: xcgxcg2005 (button) (small blind) collected ($17.64)
Seat 6: barranqueiro (big blind) folded on the Turn


PokerStars Hand #155505351136:  Hold'em Limit ($3/$6 USD) - 2016/07/03 9:44:53 ET
Table 'Geometria' 6-max Seat #6 is the button
Seat 2: xcgxcg2005 ($99.64 in chips)
Seat 6: barranqueiro ($207.53 in chips)
barranqueiro: posts small blind $1
xcgxcg2005: posts big blind $3
*** HOLE CARDS ***
barranqueiro: folds
Uncalled bet ($2) returned to xcgxcg2005
xcgxcg2005 collected $2 from pot
xcgxcg2005: doesn't show hand
*** SUMMARY ***
Total pot $2 | Rake $0
Seat 2: xcgxcg2005 (big blind) collected ($2)
Seat 6: barranqueiro (button) (small blind) folded before Flop


PokerStars Hand #155505322974:  Hold'em Limit ($3/$6 USD) - 2016/07/03 9:44:04 ET
Table 'Geometria' 6-max Seat #6 is the button
Seat 2: xcgxcg2005 ($118 in chips)
Seat 6: barranqueiro ($190.39 in chips)
barranqueiro: posts small blind $1
xcgxcg2005: posts big blind $3
*** HOLE CARDS ***
barranqueiro: raises $3 to $6
xcgxcg2005: calls $3
*** FLOP *** [Jd Jh 3c]
xcgxcg2005: checks
barranqueiro: bets $3
xcgxcg2005: calls $3
*** TURN *** [Jd Jh 3c] [Tc]
xcgxcg2005: checks
barranqueiro: checks
*** RIVER *** [Jd Jh 3c Tc] [3s]
xcgxcg2005: checks
barranqueiro: bets $6
xcgxcg2005: calls $6
*** SHOW DOWN ***
barranqueiro: shows [As 7h] (two pair, Jacks and Threes)
xcgxcg2005: mucks hand
barranqueiro collected $29.50 from pot
*** SUMMARY ***
Total pot $30 | Rake $0.50
Board [Jd Jh 3c Tc 3s]
Seat 2: xcgxcg2005 (big blind) mucked
Seat 6: barranqueiro (button) (small blind) showed [As 7h] and won ($29.50) with two pair, Jacks and Threes


PokerStars Hand #155505380712:  Hold'em Limit ($3/$6 USD) - 2016/07/03 9:45:27 ET
Table 'Geometria' 6-max Seat #2 is the button
Seat 2: xcgxcg2005 ($82.64 in chips)
Seat 6: barranqueiro ($224.03 in chips)
xcgxcg2005: posts small blind $1
barranqueiro: posts big blind $3
*** HOLE CARDS ***
xcgxcg2005: folds
Uncalled bet ($2) returned to barranqueiro
barranqueiro collected $2 from pot
kolaz03 joins the table at seat #1
*** SUMMARY ***
Total pot $2 | Rake $0
Seat 2: xcgxcg2005 (button) (small blind) folded before Flop
Seat 6: barranqueiro (big blind) collected ($2)


PokerStars Hand #155505366344:  Hold'em Limit ($3/$6 USD) - 2016/07/03 9:45:18 ET
Table 'Geometria' 6-max Seat #6 is the button
Seat 2: xcgxcg2005 ($85.64 in chips)
Seat 6: barranqueiro ($221.03 in chips)
barranqueiro: posts small blind $1
xcgxcg2005: posts big blind $3
*** HOLE CARDS ***
barranqueiro: raises $3 to $6
xcgxcg2005: folds
Uncalled bet ($3) returned to barranqueiro
barranqueiro collected $6 from pot
*** SUMMARY ***
Total pot $6 | Rake $0
Seat 2: xcgxcg2005 (big blind) folded before Flop
Seat 6: barranqueiro (button) (small blind) collected ($6)


PokerStars Hand #155505354357:  Hold'em Limit ($3/$6 USD) - 2016/07/03 9:44:58 ET
Table 'Geometria' 6-max Seat #2 is the button
Seat 2: xcgxcg2005 ($100.64 in chips)
Seat 6: barranqueiro ($206.53 in chips)
xcgxcg2005: posts small blind $1
barranqueiro: posts big blind $3
*** HOLE CARDS ***
xcgxcg2005: raises $3 to $6
barranqueiro: raises $3 to $9
xcgxcg2005: calls $3
*** FLOP *** [3c 5c 7c]
barranqueiro: bets $3
xcgxcg2005: raises $3 to $6
barranqueiro: calls $3
*** TURN *** [3c 5c 7c] [Kc]
barranqueiro: checks
xcgxcg2005: checks
*** RIVER *** [3c 5c 7c Kc] [8s]
barranqueiro: checks
xcgxcg2005: checks
*** SHOW DOWN ***
barranqueiro: shows [3d 3h] (three of a kind, Threes)
xcgxcg2005: mucks hand
barranqueiro collected $29.50 from pot
*** SUMMARY ***
Total pot $30 | Rake $0.50
Board [3c 5c 7c Kc 8s]
Seat 2: xcgxcg2005 (button) (small blind) mucked
Seat 6: barranqueiro (big blind) showed [3d 3h] and won ($29.50) with three of a kind, Threes


PokerStars Hand #155505973233:  Hold'em Limit ($3/$6 USD) - 2016/07/03 10:02:32 ET
Table 'Geometria' 6-max Seat #4 is the button
Seat 3: packesel ($233.93 in chips)
Seat 4: Koraseg ($217.45 in chips)
Koraseg: posts small blind $1
packesel: posts big blind $3
*** HOLE CARDS ***
Koraseg: raises $3 to $6
packesel: calls $3
*** FLOP *** [2d Jh 4c]
packesel: checks
Koraseg: bets $3
packesel: raises $3 to $6
Koraseg: folds
Uncalled bet ($3) returned to packesel
packesel collected $17.64 from pot
packesel: doesn't show hand
*** SUMMARY ***
Total pot $18 | Rake $0.36
Board [2d Jh 4c]
Seat 3: packesel (big blind) collected ($17.64)
Seat 4: Koraseg (button) (small blind) folded on the Flop


PokerStars Hand #155505964097:  Hold'em Limit ($3/$6 USD) - 2016/07/03 10:02:17 ET
Table 'Geometria' 6-max Seat #3 is the button
Seat 3: packesel ($228.17 in chips)
Seat 4: Koraseg ($223.45 in chips)
packesel: posts small blind $1
Koraseg: posts big blind $3
*** HOLE CARDS ***
packesel: raises $3 to $6
Koraseg: calls $3
*** FLOP *** [4c 4h Ks]
Koraseg: checks
packesel: checks
*** TURN *** [4c 4h Ks] [9h]
Koraseg: checks
packesel: checks
*** RIVER *** [4c 4h Ks 9h] [Kc]
Koraseg: checks
packesel: bets $6
Koraseg: folds
Uncalled bet ($6) returned to packesel
packesel collected $11.76 from pot
packesel: doesn't show hand
*** SUMMARY ***
Total pot $12 | Rake $0.24
Board [4c 4h Ks 9h Kc]
Seat 3: packesel (button) (small blind) collected ($11.76)
Seat 4: Koraseg (big blind) folded on the River


PokerStars Hand #155505960834:  Hold'em Limit ($3/$6 USD) - 2016/07/03 10:02:12 ET
Table 'Geometria' 6-max Seat #4 is the button
Seat 3: packesel ($231.17 in chips)
Seat 4: Koraseg ($220.45 in chips)
Koraseg: posts small blind $1
HAL9QQQ: is sitting out
kolaz03: is sitting out
packesel: posts big blind $3
*** HOLE CARDS ***
Koraseg: raises $3 to $6
packesel: folds
Uncalled bet ($3) returned to Koraseg
kolaz03 leaves the table
Koraseg collected $6 from pot
Koraseg: doesn't show hand
*** SUMMARY ***
Total pot $6 | Rake $0
Seat 3: packesel (big blind) folded before Flop
Seat 4: Koraseg (button) (small blind) collected ($6)


