PokerStars Hand #173947309734:  Hold'em Limit ($3/$6 USD) - 2017/08/05 9:10:30 ET
Table 'Geometria II' 6-max Seat #4 is the button
Seat 3: Capone_TS ($140.50 in chips)
Seat 4: VolkovDmitri ($120 in chips)
VolkovDmitri: posts small blind $1
Capone_TS: posts big blind $3
*** HOLE CARDS ***
VolkovDmitri: raises $3 to $6
Capone_TS: raises $3 to $9
VolkovDmitri: calls $3
*** FLOP *** [Ah Js Ts]
Capone_TS: bets $3
VolkovDmitri: folds
Uncalled bet ($3) returned to Capone_TS
Capone_TS collected $17.64 from pot
Capone_TS: doesn't show hand
*** SUMMARY ***
Total pot $18 | Rake $0.36
Board [Ah Js Ts]
Seat 3: Capone_TS (big blind) collected ($17.64)
Seat 4: VolkovDmitri (button) (small blind) folded on the Flop


PokerStars Hand #173947295145:  Hold'em Limit ($3/$6 USD) - 2017/08/05 9:10:02 ET
Table 'Geometria II' 6-max Seat #3 is the button
Seat 3: Capone_TS ($120 in chips)
Seat 4: VolkovDmitri ($120 in chips)
Capone_TS: posts small blind $1
VolkovDmitri: posts big blind $3
*** HOLE CARDS ***
Capone_TS: raises $3 to $6
VolkovDmitri: calls $3
*** FLOP *** [5d Kd 6d]
VolkovDmitri: checks
Capone_TS: bets $3
VolkovDmitri: calls $3
*** TURN *** [5d Kd 6d] [Ac]
VolkovDmitri: checks
Capone_TS: bets $6
VolkovDmitri: calls $6
*** RIVER *** [5d Kd 6d Ac] [3h]
VolkovDmitri: checks
Capone_TS: bets $6
VolkovDmitri: calls $6
*** SHOW DOWN ***
Capone_TS: shows [Ad 5s] (two pair, Aces and Fives)
VolkovDmitri: mucks hand
Capone_TS collected $41.50 from pot
*** SUMMARY ***
Total pot $42 | Rake $0.50
Board [5d Kd 6d Ac 3h]
Seat 3: Capone_TS (button) (small blind) showed [Ad 5s] and won ($41.50) with two pair, Aces and Fives
Seat 4: VolkovDmitri (big blind) mucked


PokerStars Hand #173947319454:  Hold'em Limit ($3/$6 USD) - 2017/08/05 9:10:48 ET
Table 'Geometria II' 6-max Seat #4 is the button
Seat 3: Capone_TS ($152.14 in chips)
Seat 4: VolkovDmitri ($120 in chips)
VolkovDmitri: posts small blind $1
Capone_TS: posts big blind $3
*** HOLE CARDS ***
VolkovDmitri: raises $3 to $6
Capone_TS: calls $3
*** FLOP *** [As 3s 7c]
Capone_TS: checks
VolkovDmitri: bets $3
Capone_TS: folds
Uncalled bet ($3) returned to VolkovDmitri
VolkovDmitri collected $11.76 from pot
VolkovDmitri: doesn't show hand
*** SUMMARY ***
Total pot $12 | Rake $0.24
Board [As 3s 7c]
Seat 3: Capone_TS (big blind) folded on the Flop
Seat 4: VolkovDmitri (button) (small blind) collected ($11.76)


PokerStars Hand #173947315720:  Hold'em Limit ($3/$6 USD) - 2017/08/05 9:10:41 ET
Table 'Geometria II' 6-max Seat #3 is the button
Seat 3: Capone_TS ($149.14 in chips)
Seat 4: VolkovDmitri ($120 in chips)
Capone_TS: posts small blind $1
VolkovDmitri: posts big blind $3
*** HOLE CARDS ***
Capone_TS: raises $3 to $6
VolkovDmitri: folds
Uncalled bet ($3) returned to Capone_TS
Capone_TS collected $6 from pot
*** SUMMARY ***
Total pot $6 | Rake $0
Seat 3: Capone_TS (button) (small blind) collected ($6)
Seat 4: VolkovDmitri (big blind) folded before Flop


PokerStars Hand #173947324850:  Hold'em Limit ($3/$6 USD) - 2017/08/05 9:10:58 ET
Table 'Geometria II' 6-max Seat #3 is the button
Seat 3: Capone_TS ($146.14 in chips)
Seat 4: VolkovDmitri ($125.76 in chips)
Capone_TS: posts small blind $1
VolkovDmitri: posts big blind $3
*** HOLE CARDS ***
Capone_TS: calls $2
VolkovDmitri: raises $3 to $6
Capone_TS: calls $3
*** FLOP *** [2h 6h 9d]
VolkovDmitri: bets $3
Capone_TS: calls $3
*** TURN *** [2h 6h 9d] [3c]
VolkovDmitri: bets $6
Capone_TS: calls $6
*** RIVER *** [2h 6h 9d 3c] [4d]
VolkovDmitri: bets $6
Capone_TS: raises $6 to $12
VolkovDmitri: calls $6
*** SHOW DOWN ***
Capone_TS: shows [6d 5s] (a straight, Deuce to Six)
VolkovDmitri: mucks hand
Capone_TS collected $53.50 from pot
*** SUMMARY ***
Total pot $54 | Rake $0.50
Board [2h 6h 9d 3c 4d]
Seat 3: Capone_TS (button) (small blind) showed [6d 5s] and won ($53.50) with a straight, Deuce to Six
Seat 4: VolkovDmitri (big blind) mucked


PokerStars Hand #173947338250:  Hold'em Limit ($3/$6 USD) - 2017/08/05 9:11:23 ET
Table 'Geometria II' 6-max Seat #4 is the button
Seat 3: Capone_TS ($172.64 in chips)
Seat 4: VolkovDmitri ($120 in chips)
VolkovDmitri: posts small blind $1
Capone_TS: posts big blind $3
*** HOLE CARDS ***
VolkovDmitri: raises $3 to $6
Capone_TS: calls $3
*** FLOP *** [2d Ac Kc]
Capone_TS: checks
VolkovDmitri: bets $3
Capone_TS: calls $3
*** TURN *** [2d Ac Kc] [7h]
Capone_TS: checks
VolkovDmitri: bets $6
Capone_TS: calls $6
*** RIVER *** [2d Ac Kc 7h] [8s]
Capone_TS: bets $6
VolkovDmitri: calls $6
*** SHOW DOWN ***
Capone_TS: shows [5c Ks] (a pair of Kings)
VolkovDmitri: mucks hand
Capone_TS collected $41.50 from pot
*** SUMMARY ***
Total pot $42 | Rake $0.50
Board [2d Ac Kc 7h 8s]
Seat 3: Capone_TS (big blind) showed [5c Ks] and won ($41.50) with a pair of Kings
Seat 4: VolkovDmitri (button) (small blind) mucked


PokerStars Hand #173947367264:  Hold'em Limit ($3/$6 USD) - 2017/08/05 9:12:18 ET
Table 'Geometria II' 6-max Seat #3 is the button
Seat 3: Capone_TS ($180.14 in chips)
Seat 4: VolkovDmitri ($132.76 in chips)
Capone_TS: posts small blind $1
VolkovDmitri: posts big blind $3
*** HOLE CARDS ***
Capone_TS: raises $3 to $6
VolkovDmitri: calls $3
*** FLOP *** [Ad 3s 3c]
VolkovDmitri: checks
Capone_TS: bets $3
VolkovDmitri: raises $3 to $6
Capone_TS: calls $3
*** TURN *** [Ad 3s 3c] [9s]
VolkovDmitri: checks
Capone_TS: checks
*** RIVER *** [Ad 3s 3c 9s] [6h]
VolkovDmitri: checks
Capone_TS: checks
*** SHOW DOWN ***
VolkovDmitri: shows [7c Th] (a pair of Threes)
Capone_TS: shows [2c Kc] (a pair of Threes - Ace+King kicker)
Capone_TS collected $23.52 from pot
*** SUMMARY ***
Total pot $24 | Rake $0.48
Board [Ad 3s 3c 9s 6h]
Seat 3: Capone_TS (button) (small blind) showed [2c Kc] and won ($23.52) with a pair of Threes
Seat 4: VolkovDmitri (big blind) showed [7c Th] and lost with a pair of Threes


PokerStars Hand #173947361836:  Hold'em Limit ($3/$6 USD) - 2017/08/05 9:12:07 ET
Table 'Geometria II' 6-max Seat #3 is the button
Seat 3: Capone_TS ($184.14 in chips)
Seat 4: VolkovDmitri ($128.76 in chips)
Capone_TS: posts small blind $1
VolkovDmitri: posts big blind $3
*** HOLE CARDS ***
Capone_TS: folds
Uncalled bet ($2) returned to VolkovDmitri
VolkovDmitri collected $2 from pot
VolkovDmitri: doesn't show hand
*** SUMMARY ***
Total pot $2 | Rake $0
Seat 3: Capone_TS (button) (small blind) folded before Flop
Seat 4: VolkovDmitri (big blind) collected ($2)


PokerStars Hand #173947364236:  Hold'em Limit ($3/$6 USD) - 2017/08/05 9:12:12 ET
Table 'Geometria II' 6-max Seat #4 is the button
Seat 3: Capone_TS ($183.14 in chips)
Seat 4: VolkovDmitri ($129.76 in chips)
VolkovDmitri: posts small blind $1
Capone_TS: posts big blind $3
*** HOLE CARDS ***
VolkovDmitri: raises $3 to $6
Capone_TS: folds
Uncalled bet ($3) returned to VolkovDmitri
VolkovDmitri collected $6 from pot
VolkovDmitri: doesn't show hand
*** SUMMARY ***
Total pot $6 | Rake $0
Seat 3: Capone_TS (big blind) folded before Flop
Seat 4: VolkovDmitri (button) (small blind) collected ($6)


PokerStars Hand #173947359173:  Hold'em Limit ($3/$6 USD) - 2017/08/05 9:12:02 ET
Table 'Geometria II' 6-max Seat #4 is the button
Seat 3: Capone_TS ($187.14 in chips)
Seat 4: VolkovDmitri ($125.76 in chips)
VolkovDmitri: posts small blind $1
Capone_TS: posts big blind $3
*** HOLE CARDS ***
VolkovDmitri: raises $3 to $6
Capone_TS: folds
Uncalled bet ($3) returned to VolkovDmitri
VolkovDmitri collected $6 from pot
VolkovDmitri: doesn't show hand
*** SUMMARY ***
Total pot $6 | Rake $0
Seat 3: Capone_TS (big blind) folded before Flop
Seat 4: VolkovDmitri (button) (small blind) collected ($6)


PokerStars Hand #173947351445:  Hold'em Limit ($3/$6 USD) - 2017/08/05 9:11:48 ET
Table 'Geometria II' 6-max Seat #3 is the button
Seat 3: Capone_TS ($193.14 in chips)
Seat 4: VolkovDmitri ($120 in chips)
Capone_TS: posts small blind $1
VolkovDmitri: posts big blind $3
*** HOLE CARDS ***
Capone_TS: raises $3 to $6
VolkovDmitri: calls $3
*** FLOP *** [Jc Kh 5d]
VolkovDmitri: checks
Capone_TS: checks
*** TURN *** [Jc Kh 5d] [Jd]
VolkovDmitri: bets $6
Capone_TS: folds
Uncalled bet ($6) returned to VolkovDmitri
VolkovDmitri collected $11.76 from pot
VolkovDmitri: doesn't show hand
*** SUMMARY ***
Total pot $12 | Rake $0.24
Board [Jc Kh 5d Jd]
Seat 3: Capone_TS (button) (small blind) folded on the Turn
Seat 4: VolkovDmitri (big blind) collected ($11.76)


PokerStars Hand #173947389199:  Hold'em Limit ($3/$6 USD) - 2017/08/05 9:12:59 ET
Table 'Geometria II' 6-max Seat #3 is the button
Seat 3: Capone_TS ($178.66 in chips)
Seat 4: VolkovDmitri ($133.28 in chips)
Capone_TS: posts small blind $1
VolkovDmitri: posts big blind $3
*** HOLE CARDS ***
Capone_TS: folds
Uncalled bet ($2) returned to VolkovDmitri
VolkovDmitri collected $2 from pot
VolkovDmitri: doesn't show hand
*** SUMMARY ***
Total pot $2 | Rake $0
Seat 3: Capone_TS (button) (small blind) folded before Flop
Seat 4: VolkovDmitri (big blind) collected ($2)


PokerStars Hand #173947384618:  Hold'em Limit ($3/$6 USD) - 2017/08/05 9:12:50 ET
Table 'Geometria II' 6-max Seat #4 is the button
Seat 3: Capone_TS ($184.66 in chips)
Seat 4: VolkovDmitri ($127.52 in chips)
VolkovDmitri: posts small blind $1
Capone_TS: posts big blind $3
*** HOLE CARDS ***
VolkovDmitri: raises $3 to $6
Capone_TS: calls $3
*** FLOP *** [Ac 5s Jc]
Capone_TS: checks
VolkovDmitri: bets $3
Capone_TS: folds
Uncalled bet ($3) returned to VolkovDmitri
VolkovDmitri collected $11.76 from pot
VolkovDmitri: doesn't show hand
*** SUMMARY ***
Total pot $12 | Rake $0.24
Board [Ac 5s Jc]
Seat 3: Capone_TS (big blind) folded on the Flop
Seat 4: VolkovDmitri (button) (small blind) collected ($11.76)


PokerStars Hand #173947377426:  Hold'em Limit ($3/$6 USD) - 2017/08/05 9:12:37 ET
Table 'Geometria II' 6-max Seat #4 is the button
Seat 3: Capone_TS ($191.66 in chips)
Seat 4: VolkovDmitri ($120.76 in chips)
VolkovDmitri: posts small blind $1
Capone_TS: posts big blind $3
*** HOLE CARDS ***
VolkovDmitri: raises $3 to $6
Capone_TS: calls $3
*** FLOP *** [Qd 3d 2s]
Capone_TS: checks
VolkovDmitri: bets $3
Capone_TS: folds
Uncalled bet ($3) returned to VolkovDmitri
VolkovDmitri collected $11.76 from pot
VolkovDmitri: doesn't show hand
*** SUMMARY ***
Total pot $12 | Rake $0.24
Board [Qd 3d 2s]
Seat 3: Capone_TS (big blind) folded on the Flop
Seat 4: VolkovDmitri (button) (small blind) collected ($11.76)


PokerStars Hand #173947399983:  Hold'em Limit ($3/$6 USD) - 2017/08/05 9:13:19 ET
Table 'Geometria II' 6-max Seat #3 is the button
Seat 3: Capone_TS ($183.42 in chips)
Seat 4: VolkovDmitri ($128.28 in chips)
Capone_TS: posts small blind $1
VolkovDmitri: posts big blind $3
*** HOLE CARDS ***
Capone_TS: folds
Uncalled bet ($2) returned to VolkovDmitri
VolkovDmitri collected $2 from pot
VolkovDmitri: doesn't show hand
*** SUMMARY ***
Total pot $2 | Rake $0
Seat 3: Capone_TS (button) (small blind) folded before Flop
Seat 4: VolkovDmitri (big blind) collected ($2)


PokerStars Hand #173947391676:  Hold'em Limit ($3/$6 USD) - 2017/08/05 9:13:03 ET
Table 'Geometria II' 6-max Seat #4 is the button
Seat 3: Capone_TS ($177.66 in chips)
Seat 4: VolkovDmitri ($134.28 in chips)
VolkovDmitri: posts small blind $1
Capone_TS: posts big blind $3
*** HOLE CARDS ***
VolkovDmitri: raises $3 to $6
Capone_TS: calls $3
*** FLOP *** [2c 5s 6h]
Capone_TS: checks
VolkovDmitri: checks
*** TURN *** [2c 5s 6h] [Ah]
Capone_TS: checks
VolkovDmitri: checks
*** RIVER *** [2c 5s 6h Ah] [6s]
Capone_TS: bets $6
VolkovDmitri: folds
Uncalled bet ($6) returned to Capone_TS
Capone_TS collected $11.76 from pot
Capone_TS: doesn't show hand
*** SUMMARY ***
Total pot $12 | Rake $0.24
Board [2c 5s 6h Ah 6s]
Seat 3: Capone_TS (big blind) collected ($11.76)
Seat 4: VolkovDmitri (button) (small blind) folded on the River


PokerStars Hand #173947382171:  Hold'em Limit ($3/$6 USD) - 2017/08/05 9:12:46 ET
Table 'Geometria II' 6-max Seat #3 is the button
Seat 3: Capone_TS ($185.66 in chips)
Seat 4: VolkovDmitri ($126.52 in chips)
Capone_TS: posts small blind $1
VolkovDmitri: posts big blind $3
*** HOLE CARDS ***
Capone_TS: folds
Uncalled bet ($2) returned to VolkovDmitri
VolkovDmitri collected $2 from pot
VolkovDmitri: doesn't show hand
*** SUMMARY ***
Total pot $2 | Rake $0
Seat 3: Capone_TS (button) (small blind) folded before Flop
Seat 4: VolkovDmitri (big blind) collected ($2)


PokerStars Hand #173947402420:  Hold'em Limit ($3/$6 USD) - 2017/08/05 9:13:23 ET
Table 'Geometria II' 6-max Seat #4 is the button
Seat 3: Capone_TS ($182.42 in chips)
Seat 4: VolkovDmitri ($129.28 in chips)
VolkovDmitri: posts small blind $1
Capone_TS: posts big blind $3
*** HOLE CARDS ***
VolkovDmitri: raises $3 to $6
Capone_TS: calls $3
*** FLOP *** [6c Ts 4s]
Capone_TS: checks
VolkovDmitri: bets $3
Capone_TS: calls $3
*** TURN *** [6c Ts 4s] [Qc]
Capone_TS: checks
VolkovDmitri: checks
*** RIVER *** [6c Ts 4s Qc] [3s]
Capone_TS: bets $6
VolkovDmitri: calls $6
*** SHOW DOWN ***
Capone_TS: shows [9c Ah] (high card Ace)
VolkovDmitri: mucks hand
Capone_TS collected $29.50 from pot
*** SUMMARY ***
Total pot $30 | Rake $0.50
Board [6c Ts 4s Qc 3s]
Seat 3: Capone_TS (big blind) showed [9c Ah] and won ($29.50) with high card Ace
Seat 4: VolkovDmitri (button) (small blind) mucked


PokerStars Hand #173947426114:  Hold'em Limit ($3/$6 USD) - 2017/08/05 9:14:08 ET
Table 'Geometria II' 6-max Seat #3 is the button
Seat 3: Capone_TS ($181.92 in chips)
Seat 4: VolkovDmitri ($134.40 in chips)
Capone_TS: posts small blind $1
VolkovDmitri: posts big blind $3
*** HOLE CARDS ***
Capone_TS: raises $3 to $6
VolkovDmitri: calls $3
*** FLOP *** [Th 7h 2h]
VolkovDmitri: checks
Capone_TS: bets $3
VolkovDmitri: raises $3 to $6
Capone_TS: calls $3
*** TURN *** [Th 7h 2h] [Ks]
VolkovDmitri: bets $6
Capone_TS: raises $6 to $12
VolkovDmitri: calls $6
*** RIVER *** [Th 7h 2h Ks] [Jd]
VolkovDmitri: checks
Capone_TS: bets $6
VolkovDmitri: folds
Uncalled bet ($6) returned to Capone_TS
Capone_TS collected $47.50 from pot
*** SUMMARY ***
Total pot $48 | Rake $0.50
Board [Th 7h 2h Ks Jd]
Seat 3: Capone_TS (button) (small blind) collected ($47.50)
Seat 4: VolkovDmitri (big blind) folded on the River


PokerStars Hand #173947417994:  Hold'em Limit ($3/$6 USD) - 2017/08/05 9:13:53 ET
Table 'Geometria II' 6-max Seat #4 is the button
Seat 3: Capone_TS ($190.92 in chips)
Seat 4: VolkovDmitri ($125.76 in chips)
VolkovDmitri: posts small blind $1
Capone_TS: posts big blind $3
*** HOLE CARDS ***
VolkovDmitri: raises $3 to $6
Capone_TS: calls $3
*** FLOP *** [6s Kc 2c]
Capone_TS: checks
VolkovDmitri: bets $3
Capone_TS: calls $3
*** TURN *** [6s Kc 2c] [Ah]
Capone_TS: checks
VolkovDmitri: bets $6
Capone_TS: folds
Uncalled bet ($6) returned to VolkovDmitri
VolkovDmitri collected $17.64 from pot
VolkovDmitri: doesn't show hand
*** SUMMARY ***
Total pot $18 | Rake $0.36
Board [6s Kc 2c Ah]
Seat 3: Capone_TS (big blind) folded on the Turn
Seat 4: VolkovDmitri (button) (small blind) collected ($17.64)


PokerStars Hand #173947410865:  Hold'em Limit ($3/$6 USD) - 2017/08/05 9:13:39 ET
Table 'Geometria II' 6-max Seat #3 is the button
Seat 3: Capone_TS ($196.92 in chips)
Seat 4: VolkovDmitri ($120 in chips)
Capone_TS: posts small blind $1
VolkovDmitri: posts big blind $3
*** HOLE CARDS ***
Capone_TS: calls $2
VolkovDmitri: raises $3 to $6
Capone_TS: calls $3
*** FLOP *** [9c Kd 4s]
VolkovDmitri: bets $3
Capone_TS: folds
Uncalled bet ($3) returned to VolkovDmitri
VolkovDmitri collected $11.76 from pot
VolkovDmitri: doesn't show hand
*** SUMMARY ***
Total pot $12 | Rake $0.24
Board [9c Kd 4s]
Seat 3: Capone_TS (button) (small blind) folded on the Flop
Seat 4: VolkovDmitri (big blind) collected ($11.76)


PokerStars Hand #173947449702:  Hold'em Limit ($3/$6 USD) - 2017/08/05 9:14:52 ET
Table 'Geometria II' 6-max Seat #3 is the button
Seat 3: Capone_TS ($184.42 in chips)
Seat 4: VolkovDmitri ($140.50 in chips)
Capone_TS: posts small blind $1
VolkovDmitri: posts big blind $3
*** HOLE CARDS ***
Capone_TS: folds
Uncalled bet ($2) returned to VolkovDmitri
VolkovDmitri collected $2 from pot
VolkovDmitri: doesn't show hand
*** SUMMARY ***
Total pot $2 | Rake $0
Seat 3: Capone_TS (button) (small blind) folded before Flop
Seat 4: VolkovDmitri (big blind) collected ($2)


PokerStars Hand #173947439802:  Hold'em Limit ($3/$6 USD) - 2017/08/05 9:14:33 ET
Table 'Geometria II' 6-max Seat #4 is the button
Seat 3: Capone_TS ($205.42 in chips)
Seat 4: VolkovDmitri ($120 in chips)
VolkovDmitri: posts small blind $1
Capone_TS: posts big blind $3
*** HOLE CARDS ***
VolkovDmitri: raises $3 to $6
Capone_TS: calls $3
*** FLOP *** [3d 5h 7d]
Capone_TS: checks
VolkovDmitri: bets $3
Capone_TS: calls $3
*** TURN *** [3d 5h 7d] [Kc]
Capone_TS: checks
VolkovDmitri: bets $6
Capone_TS: calls $6
*** RIVER *** [3d 5h 7d Kc] [Ah]
Capone_TS: bets $6
VolkovDmitri: calls $6
*** SHOW DOWN ***
Capone_TS: shows [2s 2c] (a pair of Deuces)
VolkovDmitri: shows [Jc Js] (a pair of Jacks)
VolkovDmitri collected $41.50 from pot
*** SUMMARY ***
Total pot $42 | Rake $0.50
Board [3d 5h 7d Kc Ah]
Seat 3: Capone_TS (big blind) showed [2s 2c] and lost with a pair of Deuces
Seat 4: VolkovDmitri (button) (small blind) showed [Jc Js] and won ($41.50) with a pair of Jacks


PokerStars Hand #173947452276:  Hold'em Limit ($3/$6 USD) - 2017/08/05 9:14:56 ET
Table 'Geometria II' 6-max Seat #4 is the button
Seat 3: Capone_TS ($183.42 in chips)
Seat 4: VolkovDmitri ($141.50 in chips)
VolkovDmitri: posts small blind $1
Capone_TS: posts big blind $3
*** HOLE CARDS ***
VolkovDmitri: raises $3 to $6
Capone_TS: raises $3 to $9
VolkovDmitri: calls $3
*** FLOP *** [Ah Qc 5s]
Capone_TS: bets $3
VolkovDmitri: calls $3
*** TURN *** [Ah Qc 5s] [Kc]
Capone_TS: bets $6
VolkovDmitri: folds
Uncalled bet ($6) returned to Capone_TS
Capone_TS collected $23.52 from pot
*** SUMMARY ***
Total pot $24 | Rake $0.48
Board [Ah Qc 5s Kc]
Seat 3: Capone_TS (big blind) collected ($23.52)
Seat 4: VolkovDmitri (button) (small blind) folded on the Turn


PokerStars Hand #173947460782:  Hold'em Limit ($3/$6 USD) - 2017/08/05 9:15:12 ET
Table 'Geometria II' 6-max Seat #3 is the button
Seat 3: Capone_TS ($194.94 in chips)
Seat 4: VolkovDmitri ($129.50 in chips)
Capone_TS: posts small blind $1
VolkovDmitri: posts big blind $3
*** HOLE CARDS ***
Capone_TS: raises $3 to $6
VolkovDmitri: calls $3
*** FLOP *** [4h 6c 4d]
VolkovDmitri: checks
Capone_TS: bets $3
VolkovDmitri: folds
Uncalled bet ($3) returned to Capone_TS
Capone_TS collected $11.76 from pot
Capone_TS: doesn't show hand
*** SUMMARY ***
Total pot $12 | Rake $0.24
Board [4h 6c 4d]
Seat 3: Capone_TS (button) (small blind) collected ($11.76)
Seat 4: VolkovDmitri (big blind) folded on the Flop


PokerStars Hand #173947465380:  Hold'em Limit ($3/$6 USD) - 2017/08/05 9:15:21 ET
Table 'Geometria II' 6-max Seat #4 is the button
Seat 3: Capone_TS ($200.70 in chips)
Seat 4: VolkovDmitri ($123.50 in chips)
VolkovDmitri: posts small blind $1
Capone_TS: posts big blind $3
*** HOLE CARDS ***
VolkovDmitri: raises $3 to $6
Capone_TS: calls $3
*** FLOP *** [Kc Ah 7c]
Capone_TS: checks
VolkovDmitri: bets $3
Capone_TS: raises $3 to $6
VolkovDmitri: calls $3
*** TURN *** [Kc Ah 7c] [8s]
Capone_TS: bets $6
VolkovDmitri: raises $6 to $12
Capone_TS: raises $6 to $18
VolkovDmitri: calls $6
*** RIVER *** [Kc Ah 7c 8s] [Th]
Capone_TS: checks
VolkovDmitri: checks
*** SHOW DOWN ***
Capone_TS: shows [4c 5c] (high card Ace)
VolkovDmitri: shows [Ac 6h] (a pair of Aces)
VolkovDmitri collected $59.50 from pot
*** SUMMARY ***
Total pot $60 | Rake $0.50
Board [Kc Ah 7c 8s Th]
Seat 3: Capone_TS (big blind) showed [4c 5c] and lost with high card Ace
Seat 4: VolkovDmitri (button) (small blind) showed [Ac 6h] and won ($59.50) with a pair of Aces


PokerStars Hand #173947483714:  Hold'em Limit ($3/$6 USD) - 2017/08/05 9:15:55 ET
Table 'Geometria II' 6-max Seat #3 is the button
Seat 3: Capone_TS ($170.70 in chips)
Seat 4: VolkovDmitri ($153 in chips)
Capone_TS: posts small blind $1
VolkovDmitri: posts big blind $3
*** HOLE CARDS ***
Capone_TS: raises $3 to $6
VolkovDmitri: calls $3
*** FLOP *** [4h Ad 3s]
VolkovDmitri: checks
Capone_TS: checks
*** TURN *** [4h Ad 3s] [3c]
VolkovDmitri: checks
Capone_TS: checks
*** RIVER *** [4h Ad 3s 3c] [7d]
VolkovDmitri: checks
Capone_TS: checks
*** SHOW DOWN ***
VolkovDmitri: shows [Tc 2c] (a pair of Threes)
Capone_TS: shows [9d Ts] (a pair of Threes - Ace+Ten+Nine kicker)
Capone_TS collected $11.76 from pot
*** SUMMARY ***
Total pot $12 | Rake $0.24
Board [4h Ad 3s 3c 7d]
Seat 3: Capone_TS (button) (small blind) showed [9d Ts] and won ($11.76) with a pair of Threes
Seat 4: VolkovDmitri (big blind) showed [Tc 2c] and lost with a pair of Threes


PokerStars Hand #173947518386:  Hold'em Limit ($3/$6 USD) - 2017/08/05 9:17:00 ET
Table 'Geometria II' 6-max Seat #3 is the button
Seat 3: Capone_TS ($185.10 in chips)
Seat 5: Anchig ($120 in chips)
Capone_TS: posts small blind $1
Anchig: posts big blind $3
*** HOLE CARDS ***
Capone_TS: calls $2
VolkovDmitri leaves the table
Anchig: checks
*** FLOP *** [Qd 3s 4h]
Anchig: checks
Capone_TS: checks
*** TURN *** [Qd 3s 4h] [2d]
Anchig: checks
Capone_TS: checks
*** RIVER *** [Qd 3s 4h 2d] [6h]
Anchig: bets $6
Capone_TS: raises $6 to $12
Anchig: calls $6
*** SHOW DOWN ***
Capone_TS: shows [4d 5c] (a straight, Deuce to Six)
Anchig: mucks hand
Capone_TS collected $29.50 from pot
*** SUMMARY ***
Total pot $30 | Rake $0.50
Board [Qd 3s 4h 2d 6h]
Seat 3: Capone_TS (button) (small blind) showed [4d 5c] and won ($29.50) with a straight, Deuce to Six
Seat 5: Anchig (big blind) mucked


PokerStars Hand #173947530327:  Hold'em Limit ($3/$6 USD) - 2017/08/05 9:17:22 ET
Table 'Geometria II' 6-max Seat #5 is the button
Seat 3: Capone_TS ($199.60 in chips)
Seat 5: Anchig ($105 in chips)
Anchig: posts small blind $1
Capone_TS: posts big blind $3
*** HOLE CARDS ***
Anchig: raises $3 to $6
Capone_TS: calls $3
*** FLOP *** [8c 6s Kc]
Capone_TS: checks
Anchig: bets $3
Capone_TS: calls $3
*** TURN *** [8c 6s Kc] [Ah]
Capone_TS: checks
Anchig: bets $6
Capone_TS: folds
Uncalled bet ($6) returned to Anchig
Anchig collected $17.64 from pot
*** SUMMARY ***
Total pot $18 | Rake $0.36
Board [8c 6s Kc Ah]
Seat 3: Capone_TS (big blind) folded on the Turn
Seat 5: Anchig (button) (small blind) collected ($17.64)


PokerStars Hand #173947494927:  Hold'em Limit ($3/$6 USD) - 2017/08/05 9:16:16 ET
Table 'Geometria II' 6-max Seat #4 is the button
Seat 3: Capone_TS ($176.46 in chips)
Seat 4: VolkovDmitri ($147 in chips)
VolkovDmitri: posts small blind $1
Capone_TS: posts big blind $3
*** HOLE CARDS ***
Anchig joins the table at seat #5
VolkovDmitri: raises $3 to $6
Capone_TS: raises $3 to $9
VolkovDmitri: calls $3
*** FLOP *** [Td Kh 2s]
Capone_TS: bets $3
VolkovDmitri: folds
Uncalled bet ($3) returned to Capone_TS
Capone_TS collected $17.64 from pot
Capone_TS: doesn't show hand
*** SUMMARY ***
Total pot $18 | Rake $0.36
Board [Td Kh 2s]
Seat 3: Capone_TS (big blind) collected ($17.64)
Seat 4: VolkovDmitri (button) (small blind) folded on the Flop


PokerStars Hand #173947539448:  Hold'em Limit ($3/$6 USD) - 2017/08/05 9:17:39 ET
Table 'Geometria II' 6-max Seat #3 is the button
Seat 3: Capone_TS ($190.60 in chips)
Seat 5: Anchig ($113.64 in chips)
Capone_TS: posts small blind $1
Anchig: posts big blind $3
*** HOLE CARDS ***
Capone_TS: raises $3 to $6
Anchig: calls $3
*** FLOP *** [Qs 3d 6h]
Anchig: checks
Capone_TS: bets $3
Anchig: folds
Uncalled bet ($3) returned to Capone_TS
Capone_TS collected $11.76 from pot
Capone_TS: doesn't show hand
*** SUMMARY ***
Total pot $12 | Rake $0.24
Board [Qs 3d 6h]
Seat 3: Capone_TS (button) (small blind) collected ($11.76)
Seat 5: Anchig (big blind) folded on the Flop


PokerStars Hand #173947555080:  Hold'em Limit ($3/$6 USD) - 2017/08/05 9:18:08 ET
Table 'Geometria II' 6-max Seat #3 is the button
Seat 3: Capone_TS ($219.86 in chips)
Seat 5: Anchig ($83.64 in chips)
Capone_TS: posts small blind $1
Anchig: posts big blind $3
*** HOLE CARDS ***
Capone_TS: folds
Uncalled bet ($2) returned to Anchig
Anchig collected $2 from pot
Anchig: doesn't show hand
*** SUMMARY ***
Total pot $2 | Rake $0
Seat 3: Capone_TS (button) (small blind) folded before Flop
Seat 5: Anchig (big blind) collected ($2)


PokerStars Hand #173947545480:  Hold'em Limit ($3/$6 USD) - 2017/08/05 9:17:50 ET
Table 'Geometria II' 6-max Seat #5 is the button
Seat 3: Capone_TS ($196.36 in chips)
Seat 5: Anchig ($107.64 in chips)
Anchig: posts small blind $1
Capone_TS: posts big blind $3
*** HOLE CARDS ***
Anchig: raises $3 to $6
Capone_TS: calls $3
*** FLOP *** [3c 8d 6d]
Capone_TS: checks
Anchig: bets $3
Capone_TS: raises $3 to $6
Anchig: calls $3
*** TURN *** [3c 8d 6d] [Qc]
Capone_TS: bets $6
Anchig: calls $6
*** RIVER *** [3c 8d 6d Qc] [6h]
Capone_TS: bets $6
Anchig: calls $6
*** SHOW DOWN ***
Capone_TS: shows [6c 9s] (three of a kind, Sixes)
Anchig: mucks hand
Capone_TS collected $47.50 from pot
*** SUMMARY ***
Total pot $48 | Rake $0.50
Board [3c 8d 6d Qc 6h]
Seat 3: Capone_TS (big blind) showed [6c 9s] and won ($47.50) with three of a kind, Sixes
Seat 5: Anchig (button) (small blind) mucked


PokerStars Hand #173947559584:  Hold'em Limit ($3/$6 USD) - 2017/08/05 9:18:16 ET
Table 'Geometria II' 6-max Seat #5 is the button
Seat 3: Capone_TS ($218.86 in chips)
Seat 5: Anchig ($84.64 in chips)
Anchig: posts small blind $1
Capone_TS: posts big blind $3
*** HOLE CARDS ***
Anchig: raises $3 to $6
Capone_TS: calls $3
*** FLOP *** [2c 4d 8s]
Capone_TS: checks
Anchig: checks
*** TURN *** [2c 4d 8s] [7d]
Capone_TS: checks
Anchig: checks
*** RIVER *** [2c 4d 8s 7d] [Ac]
Capone_TS: bets $6
Anchig: folds
Uncalled bet ($6) returned to Capone_TS
Capone_TS collected $11.76 from pot
Capone_TS: doesn't show hand
*** SUMMARY ***
Total pot $12 | Rake $0.24
Board [2c 4d 8s 7d Ac]
Seat 3: Capone_TS (big blind) collected ($11.76)
Seat 5: Anchig (button) (small blind) folded on the River


PokerStars Hand #173947588752:  Hold'em Limit ($3/$6 USD) - 2017/08/05 9:19:10 ET
Table 'Geometria II' 6-max Seat #3 is the button
Seat 3: Capone_TS ($250.88 in chips)
Seat 5: Anchig ($51.64 in chips)
Capone_TS: posts small blind $1
Anchig: posts big blind $3
*** HOLE CARDS ***
Capone_TS: folds
Uncalled bet ($2) returned to Anchig
Anchig collected $2 from pot
Anchig: doesn't show hand
*** SUMMARY ***
Total pot $2 | Rake $0
Seat 3: Capone_TS (button) (small blind) folded before Flop
Seat 5: Anchig (big blind) collected ($2)


PokerStars Hand #173947579119:  Hold'em Limit ($3/$6 USD) - 2017/08/05 9:18:52 ET
Table 'Geometria II' 6-max Seat #5 is the button
Seat 3: Capone_TS ($245.12 in chips)
Seat 5: Anchig ($57.64 in chips)
Anchig: posts small blind $1
Capone_TS: posts big blind $3
*** HOLE CARDS ***
Anchig: raises $3 to $6
Capone_TS: calls $3
*** FLOP *** [Qc 9c 4h]
Capone_TS: checks
Anchig: checks
*** TURN *** [Qc 9c 4h] [Jh]
Capone_TS: checks
Anchig: checks
*** RIVER *** [Qc 9c 4h Jh] [5h]
Capone_TS: bets $6
Anchig: folds
Uncalled bet ($6) returned to Capone_TS
Capone_TS collected $11.76 from pot
*** SUMMARY ***
Total pot $12 | Rake $0.24
Board [Qc 9c 4h Jh 5h]
Seat 3: Capone_TS (big blind) collected ($11.76)
Seat 5: Anchig (button) (small blind) folded on the River


PokerStars Hand #173947569646:  Hold'em Limit ($3/$6 USD) - 2017/08/05 9:18:35 ET
Table 'Geometria II' 6-max Seat #3 is the button
Seat 3: Capone_TS ($224.62 in chips)
Seat 5: Anchig ($78.64 in chips)
Capone_TS: posts small blind $1
Anchig: posts big blind $3
*** HOLE CARDS ***
Capone_TS: raises $3 to $6
Anchig: calls $3
*** FLOP *** [5s 3s 7s]
Anchig: checks
Capone_TS: bets $3
Anchig: calls $3
*** TURN *** [5s 3s 7s] [9d]
Anchig: checks
Capone_TS: bets $6
Anchig: calls $6
*** RIVER *** [5s 3s 7s 9d] [3d]
Anchig: checks
Capone_TS: bets $6
Anchig: calls $6
*** SHOW DOWN ***
Capone_TS: shows [Js Ts] (a flush, Jack high)
Anchig: mucks hand
Capone_TS collected $41.50 from pot
*** SUMMARY ***
Total pot $42 | Rake $0.50
Board [5s 3s 7s 9d 3d]
Seat 3: Capone_TS (button) (small blind) showed [Js Ts] and won ($41.50) with a flush, Jack high
Seat 5: Anchig (big blind) mucked


PokerStars Hand #173947625548:  Hold'em Limit ($3/$6 USD) - 2017/08/05 9:20:19 ET
Table 'Geometria II' 6-max Seat #3 is the button
Seat 3: Capone_TS ($258.38 in chips)
Seat 5: Anchig ($42.92 in chips)
Capone_TS: posts small blind $1
Anchig: posts big blind $3
*** HOLE CARDS ***
Capone_TS: folds
Uncalled bet ($2) returned to Anchig
Anchig collected $2 from pot
Anchig: doesn't show hand
*** SUMMARY ***
Total pot $2 | Rake $0
Seat 3: Capone_TS (button) (small blind) folded before Flop
Seat 5: Anchig (big blind) collected ($2)


PokerStars Hand #173947591106:  Hold'em Limit ($3/$6 USD) - 2017/08/05 9:19:15 ET
Table 'Geometria II' 6-max Seat #5 is the button
Seat 3: Capone_TS ($249.88 in chips)
Seat 5: Anchig ($52.64 in chips)
Anchig: posts small blind $1
Capone_TS: posts big blind $3
*** HOLE CARDS ***
Anchig: raises $3 to $6
Capone_TS: raises $3 to $9
Anchig: calls $3
*** FLOP *** [6h 8h 9d]
Capone_TS: bets $3
Anchig: calls $3
*** TURN *** [6h 8h 9d] [2c]
Capone_TS: checks
Anchig: bets $6
Capone_TS: folds
Uncalled bet ($6) returned to Anchig
Anchig collected $23.52 from pot
Anchig: doesn't show hand
*** SUMMARY ***
Total pot $24 | Rake $0.48
Board [6h 8h 9d 2c]
Seat 3: Capone_TS (big blind) folded on the Turn
Seat 5: Anchig (button) (small blind) collected ($23.52)


PokerStars Hand #173947618351:  Hold'em Limit ($3/$6 USD) - 2017/08/05 9:20:05 ET
Table 'Geometria II' 6-max Seat #5 is the button
Seat 3: Capone_TS ($264.38 in chips)
Seat 5: Anchig ($37.16 in chips)
Anchig: posts small blind $1
Capone_TS: posts big blind $3
*** HOLE CARDS ***
Anchig: raises $3 to $6
Capone_TS: calls $3
*** FLOP *** [7c 2h Ad]
Capone_TS: checks
Anchig: bets $3
Capone_TS: folds
Uncalled bet ($3) returned to Anchig
Anchig collected $11.76 from pot
Anchig: doesn't show hand
*** SUMMARY ***
Total pot $12 | Rake $0.24
Board [7c 2h Ad]
Seat 3: Capone_TS (big blind) folded on the Flop
Seat 5: Anchig (button) (small blind) collected ($11.76)


PokerStars Hand #173947607002:  Hold'em Limit ($3/$6 USD) - 2017/08/05 9:19:44 ET
Table 'Geometria II' 6-max Seat #3 is the button
Seat 3: Capone_TS ($237.88 in chips)
Seat 5: Anchig ($64.16 in chips)
Capone_TS: posts small blind $1
Anchig: posts big blind $3
*** HOLE CARDS ***
Capone_TS: raises $3 to $6
Anchig: raises $3 to $9
Capone_TS: calls $3
*** FLOP *** [4s Td Ac]
Anchig: bets $3
Capone_TS: raises $3 to $6
Anchig: calls $3
*** TURN *** [4s Td Ac] [2h]
Anchig: checks
Capone_TS: bets $6
Anchig: calls $6
*** RIVER *** [4s Td Ac 2h] [9d]
Anchig: checks
Capone_TS: bets $6
Anchig: calls $6
*** SHOW DOWN ***
Capone_TS: shows [5d Ah] (a pair of Aces)
Anchig: mucks hand
Capone_TS collected $53.50 from pot
*** SUMMARY ***
Total pot $54 | Rake $0.50
Board [4s Td Ac 2h 9d]
Seat 3: Capone_TS (button) (small blind) showed [5d Ah] and won ($53.50) with a pair of Aces
Seat 5: Anchig (big blind) mucked


PokerStars Hand #173947648859:  Hold'em Limit ($3/$6 USD) - 2017/08/05 9:21:02 ET
Table 'Geometria II' 6-max Seat #3 is the button
Seat 3: Capone_TS ($237.88 in chips)
Seat 5: Anchig ($122.42 in chips)
Capone_TS: posts small blind $1
Anchig: posts big blind $3
*** HOLE CARDS ***
Capone_TS: folds
Uncalled bet ($2) returned to Anchig
Anchig collected $2 from pot
Anchig: doesn't show hand
*** SUMMARY ***
Total pot $2 | Rake $0
Seat 3: Capone_TS (button) (small blind) folded before Flop
Seat 5: Anchig (big blind) collected ($2)


PokerStars Hand #173947638702:  Hold'em Limit ($3/$6 USD) - 2017/08/05 9:20:43 ET
Table 'Geometria II' 6-max Seat #5 is the button
Seat 3: Capone_TS ($273.88 in chips)
Seat 5: Anchig ($86.92 in chips)
Anchig: posts small blind $1
Capone_TS: posts big blind $3
*** HOLE CARDS ***
Anchig: raises $3 to $6
Capone_TS: calls $3
*** FLOP *** [9c 2h 6s]
Capone_TS: checks
Anchig: bets $3
Capone_TS: raises $3 to $6
Anchig: calls $3
*** TURN *** [9c 2h 6s] [7s]
Capone_TS: bets $6
Anchig: raises $6 to $12
Capone_TS: calls $6
*** RIVER *** [9c 2h 6s 7s] [7h]
Capone_TS: bets $6
Anchig: raises $6 to $12
Capone_TS: calls $6
*** SHOW DOWN ***
Anchig: shows [2s 2d] (a full house, Deuces full of Sevens)
Capone_TS: mucks hand
Anchig collected $71.50 from pot
*** SUMMARY ***
Total pot $72 | Rake $0.50
Board [9c 2h 6s 7s 7h]
Seat 3: Capone_TS (big blind) mucked
Seat 5: Anchig (button) (small blind) showed [2s 2d] and won ($71.50) with a full house, Deuces full of Sevens


PokerStars Hand #173947651347:  Hold'em Limit ($3/$6 USD) - 2017/08/05 9:21:07 ET
Table 'Geometria II' 6-max Seat #5 is the button
Seat 3: Capone_TS ($236.88 in chips)
Seat 5: Anchig ($123.42 in chips)
Anchig: posts small blind $1
Capone_TS: posts big blind $3
*** HOLE CARDS ***
Anchig: raises $3 to $6
Capone_TS: calls $3
*** FLOP *** [8d Jh 9c]
Capone_TS: checks
Anchig: checks
*** TURN *** [8d Jh 9c] [6s]
Capone_TS: bets $6
Anchig: calls $6
*** RIVER *** [8d Jh 9c 6s] [Th]
Capone_TS: bets $6
Anchig: raises $6 to $12
Capone_TS: calls $6
*** SHOW DOWN ***
Anchig: shows [5c Qs] (a straight, Eight to Queen)
Capone_TS: mucks hand
Anchig collected $47.50 from pot
*** SUMMARY ***
Total pot $48 | Rake $0.50
Board [8d Jh 9c 6s Th]
Seat 3: Capone_TS (big blind) mucked
Seat 5: Anchig (button) (small blind) showed [5c Qs] and won ($47.50) with a straight, Eight to Queen


PokerStars Hand #173947660864:  Hold'em Limit ($3/$6 USD) - 2017/08/05 9:21:24 ET
Table 'Geometria II' 6-max Seat #5 is the button
Seat 3: Capone_TS ($211.88 in chips)
Seat 5: Anchig ($147.92 in chips)
Anchig: posts small blind $1
Capone_TS: posts big blind $3
*** HOLE CARDS ***
Anchig: raises $3 to $6
Capone_TS: calls $3
*** FLOP *** [6s Qh 6c]
Capone_TS: checks
Anchig: bets $3
Capone_TS: calls $3
*** TURN *** [6s Qh 6c] [Td]
Capone_TS: checks
Anchig: checks
*** RIVER *** [6s Qh 6c Td] [Tc]
Capone_TS: bets $6
Anchig: calls $6
*** SHOW DOWN ***
Capone_TS: shows [Js Kh] (two pair, Tens and Sixes)
Anchig: shows [Ad 9d] (two pair, Tens and Sixes - Ace kicker)
Anchig collected $29.50 from pot
*** SUMMARY ***
Total pot $30 | Rake $0.50
Board [6s Qh 6c Td Tc]
Seat 3: Capone_TS (big blind) showed [Js Kh] and lost with two pair, Tens and Sixes
Seat 5: Anchig (button) (small blind) showed [Ad 9d] and won ($29.50) with two pair, Tens and Sixes


PokerStars Hand #173947657930:  Hold'em Limit ($3/$6 USD) - 2017/08/05 9:21:19 ET
Table 'Geometria II' 6-max Seat #3 is the button
Seat 3: Capone_TS ($212.88 in chips)
Seat 5: Anchig ($146.92 in chips)
Capone_TS: posts small blind $1
Anchig: posts big blind $3
*** HOLE CARDS ***
Capone_TS: folds
Uncalled bet ($2) returned to Anchig
Anchig collected $2 from pot
Anchig: doesn't show hand
*** SUMMARY ***
Total pot $2 | Rake $0
Seat 3: Capone_TS (button) (small blind) folded before Flop
Seat 5: Anchig (big blind) collected ($2)


PokerStars Hand #173947636189:  Hold'em Limit ($3/$6 USD) - 2017/08/05 9:20:38 ET
Table 'Geometria II' 6-max Seat #3 is the button
Seat 3: Capone_TS ($274.88 in chips)
Seat 5: Anchig ($85.92 in chips)
Capone_TS: posts small blind $1
Anchig: posts big blind $3
*** HOLE CARDS ***
Capone_TS: folds
Uncalled bet ($2) returned to Anchig
Anchig collected $2 from pot
Anchig: doesn't show hand
*** SUMMARY ***
Total pot $2 | Rake $0
Seat 3: Capone_TS (button) (small blind) folded before Flop
Seat 5: Anchig (big blind) collected ($2)


PokerStars Hand #173947691483:  Hold'em Limit ($3/$6 USD) - 2017/08/05 9:22:21 ET
Table 'Geometria II' 6-max Seat #5 is the button
Seat 3: Capone_TS ($190.40 in chips)
Seat 5: Anchig ($167.92 in chips)
Anchig: posts small blind $1
Capone_TS: posts big blind $3
*** HOLE CARDS ***
Anchig: raises $3 to $6
Capone_TS: calls $3
*** FLOP *** [Kc Tc 6d]
Capone_TS: checks
Anchig: bets $3
Capone_TS: calls $3
*** TURN *** [Kc Tc 6d] [8c]
Capone_TS: checks
Anchig: bets $6
Capone_TS: raises $6 to $12
Anchig: calls $6
*** RIVER *** [Kc Tc 6d 8c] [Td]
Capone_TS: bets $6
Anchig: calls $6
*** SHOW DOWN ***
Capone_TS: shows [Ks 5s] (two pair, Kings and Tens)
Anchig: mucks hand
Capone_TS collected $53.50 from pot
*** SUMMARY ***
Total pot $54 | Rake $0.50
Board [Kc Tc 6d 8c Td]
Seat 3: Capone_TS (big blind) showed [Ks 5s] and won ($53.50) with two pair, Kings and Tens
Seat 5: Anchig (button) (small blind) mucked


PokerStars Hand #173947674138:  Hold'em Limit ($3/$6 USD) - 2017/08/05 9:21:49 ET
Table 'Geometria II' 6-max Seat #5 is the button
Seat 3: Capone_TS ($202.64 in chips)
Seat 5: Anchig ($156.42 in chips)
Anchig: posts small blind $1
Capone_TS: posts big blind $3
*** HOLE CARDS ***
Anchig: raises $3 to $6
Capone_TS: calls $3
*** FLOP *** [2s 7h Tc]
Capone_TS: checks
Anchig: checks
*** TURN *** [2s 7h Tc] [5d]
Capone_TS: checks
Anchig: bets $6
Capone_TS: calls $6
*** RIVER *** [2s 7h Tc 5d] [4s]
Capone_TS: bets $6
Anchig: raises $6 to $12
Capone_TS: folds
Uncalled bet ($6) returned to Anchig
Anchig collected $35.50 from pot
Anchig: doesn't show hand
*** SUMMARY ***
Total pot $36 | Rake $0.50
Board [2s 7h Tc 5d 4s]
Seat 3: Capone_TS (big blind) folded on the River
Seat 5: Anchig (button) (small blind) collected ($35.50)


PokerStars Hand #173947685431:  Hold'em Limit ($3/$6 USD) - 2017/08/05 9:22:09 ET
Table 'Geometria II' 6-max Seat #3 is the button
Seat 3: Capone_TS ($184.64 in chips)
Seat 5: Anchig ($173.92 in chips)
Capone_TS: posts small blind $1
Anchig: posts big blind $3
*** HOLE CARDS ***
Capone_TS: raises $3 to $6
Anchig: calls $3
*** FLOP *** [3h Ad 4c]
Anchig: checks
Capone_TS: checks
*** TURN *** [3h Ad 4c] [9c]
Anchig: checks
Capone_TS: checks
*** RIVER *** [3h Ad 4c 9c] [As]
Anchig: checks
Capone_TS: checks
*** SHOW DOWN ***
Anchig: shows [5d 7s] (a pair of Aces)
Capone_TS: shows [Td Qd] (a pair of Aces - Queen kicker)
Capone_TS collected $11.76 from pot
*** SUMMARY ***
Total pot $12 | Rake $0.24
Board [3h Ad 4c 9c As]
Seat 3: Capone_TS (button) (small blind) showed [Td Qd] and won ($11.76) with a pair of Aces
Seat 5: Anchig (big blind) showed [5d 7s] and lost with a pair of Aces


PokerStars Hand #173947667551:  Hold'em Limit ($3/$6 USD) - 2017/08/05 9:21:37 ET
Table 'Geometria II' 6-max Seat #3 is the button
Seat 3: Capone_TS ($196.88 in chips)
Seat 5: Anchig ($162.42 in chips)
Capone_TS: posts small blind $1
Anchig: posts big blind $3
*** HOLE CARDS ***
Capone_TS: raises $3 to $6
Anchig: calls $3
*** FLOP *** [5c 3c Tc]
Anchig: checks
Capone_TS: bets $3
Anchig: folds
Uncalled bet ($3) returned to Capone_TS
Capone_TS collected $11.76 from pot
Capone_TS: doesn't show hand
*** SUMMARY ***
Total pot $12 | Rake $0.24
Board [5c 3c Tc]
Seat 3: Capone_TS (button) (small blind) collected ($11.76)
Seat 5: Anchig (big blind) folded on the Flop


PokerStars Hand #173947700130:  Hold'em Limit ($3/$6 USD) - 2017/08/05 9:22:37 ET
Table 'Geometria II' 6-max Seat #3 is the button
Seat 3: Capone_TS ($216.90 in chips)
Seat 5: Anchig ($140.92 in chips)
Capone_TS: posts small blind $1
Anchig: posts big blind $3
*** HOLE CARDS ***
Capone_TS: raises $3 to $6
Anchig: calls $3
*** FLOP *** [8d Kd 5h]
Anchig: checks
ShahramSep joins the table at seat #2
Capone_TS: bets $3
Anchig: calls $3
*** TURN *** [8d Kd 5h] [Th]
Anchig: checks
Capone_TS: checks
*** RIVER *** [8d Kd 5h Th] [4h]
Anchig: bets $6
Capone_TS: raises $6 to $12
Anchig: folds
Uncalled bet ($6) returned to Capone_TS
Capone_TS collected $29.50 from pot
*** SUMMARY ***
Total pot $30 | Rake $0.50
Board [8d Kd 5h Th 4h]
Seat 3: Capone_TS (button) (small blind) collected ($29.50)
Seat 5: Anchig (big blind) folded on the River


PokerStars Hand #173948038738:  Hold'em Limit ($3/$6 USD) - 2017/08/05 9:33:00 ET
Table 'Geometria II' 6-max Seat #6 is the button
Seat 4: Fetish73 ($137.73 in chips)
Seat 6: provim88 ($92.14 in chips)
provim88: posts small blind $1
Fetish73: posts big blind $3
*** HOLE CARDS ***
provim88: raises $3 to $6
Fetish73: calls $3
*** FLOP *** [Td 8d 9c]
Fetish73: checks
provim88: bets $3
Fetish73: calls $3
*** TURN *** [Td 8d 9c] [6c]
Fetish73: checks
provim88: checks
*** RIVER *** [Td 8d 9c 6c] [4d]
Fetish73: bets $6
provim88: folds
Uncalled bet ($6) returned to Fetish73
Fetish73 collected $17.64 from pot
*** SUMMARY ***
Total pot $18 | Rake $0.36
Board [Td 8d 9c 6c 4d]
Seat 4: Fetish73 (big blind) collected ($17.64)
Seat 6: provim88 (button) (small blind) folded on the River


PokerStars Hand #173948046476:  Hold'em Limit ($3/$6 USD) - 2017/08/05 9:33:14 ET
Table 'Geometria II' 6-max Seat #4 is the button
Seat 4: Fetish73 ($146.37 in chips)
Seat 6: provim88 ($83.14 in chips)
Fetish73: posts small blind $1
provim88: posts big blind $3
*** HOLE CARDS ***
Fetish73: raises $3 to $6
provim88: calls $3
*** FLOP *** [4c 7s Ks]
provim88: checks
Fetish73: bets $3
provim88: calls $3
*** TURN *** [4c 7s Ks] [Qh]
provim88: checks
Fetish73: checks
*** RIVER *** [4c 7s Ks Qh] [Ah]
provim88: bets $6
Fetish73: calls $6
*** SHOW DOWN ***
provim88: shows [Kh 2d] (a pair of Kings)
Fetish73: mucks hand
provim88 collected $29.50 from pot
*** SUMMARY ***
Total pot $30 | Rake $0.50
Board [4c 7s Ks Qh Ah]
Seat 4: Fetish73 (button) (small blind) mucked
Seat 6: provim88 (big blind) showed [Kh 2d] and won ($29.50) with a pair of Kings


PokerStars Hand #173948078526:  Hold'em Limit ($3/$6 USD) - 2017/08/05 9:34:13 ET
Table 'Geometria II' 6-max Seat #6 is the button
Seat 4: Fetish73 ($136.87 in chips)
Seat 6: provim88 ($91.14 in chips)
provim88: posts small blind $1
Fetish73: posts big blind $3
*** HOLE CARDS ***
provim88: folds
Uncalled bet ($2) returned to Fetish73
Fetish73 collected $2 from pot
*** SUMMARY ***
Total pot $2 | Rake $0
Seat 4: Fetish73 (big blind) collected ($2)
Seat 6: provim88 (button) (small blind) folded before Flop


PokerStars Hand #173948081503:  Hold'em Limit ($3/$6 USD) - 2017/08/05 9:34:19 ET
Table 'Geometria II' 6-max Seat #4 is the button
Seat 4: Fetish73 ($137.87 in chips)
Seat 6: provim88 ($90.14 in chips)
Fetish73: posts small blind $1
provim88: posts big blind $3
*** HOLE CARDS ***
Fetish73: raises $3 to $6
provim88: raises $3 to $9
Fetish73: calls $3
*** FLOP *** [2d Kh Ac]
provim88: bets $3
Fetish73: calls $3
*** TURN *** [2d Kh Ac] [9c]
provim88: bets $6
Fetish73: calls $6
*** RIVER *** [2d Kh Ac 9c] [3c]
provim88: checks
Fetish73: checks
*** SHOW DOWN ***
provim88: shows [7c 8c] (a flush, Ace high)
Fetish73: mucks hand
provim88 collected $35.50 from pot
*** SUMMARY ***
Total pot $36 | Rake $0.50
Board [2d Kh Ac 9c 3c]
Seat 4: Fetish73 (button) (small blind) mucked
Seat 6: provim88 (big blind) showed [7c 8c] and won ($35.50) with a flush, Ace high


PokerStars Hand #173948054539:  Hold'em Limit ($3/$6 USD) - 2017/08/05 9:33:29 ET
Table 'Geometria II' 6-max Seat #6 is the button
Seat 4: Fetish73 ($131.37 in chips)
Seat 6: provim88 ($97.64 in chips)
provim88: posts small blind $1
Fetish73: posts big blind $3
*** HOLE CARDS ***
provim88: raises $3 to $6
Fetish73: calls $3
*** FLOP *** [As Ks 5d]
Fetish73: checks
provim88: bets $3
Fetish73: calls $3
*** TURN *** [As Ks 5d] [Qh]
Fetish73: checks
provim88: bets $6
Fetish73: calls $6
*** RIVER *** [As Ks 5d Qh] [5c]
Fetish73: checks
provim88: bets $6
Fetish73: folds
Uncalled bet ($6) returned to provim88
provim88 collected $29.50 from pot
provim88: doesn't show hand
*** SUMMARY ***
Total pot $30 | Rake $0.50
Board [As Ks 5d Qh 5c]
Seat 4: Fetish73 (big blind) folded on the River
Seat 6: provim88 (button) (small blind) collected ($29.50)


PokerStars Hand #173948065147:  Hold'em Limit ($3/$6 USD) - 2017/08/05 9:33:49 ET
Table 'Geometria II' 6-max Seat #4 is the button
Seat 4: Fetish73 ($116.37 in chips)
Seat 6: provim88 ($112.14 in chips)
Fetish73: posts small blind $1
provim88: posts big blind $3
*** HOLE CARDS ***
Fetish73: raises $3 to $6
provim88: calls $3
*** FLOP *** [Ac Kc Th]
provim88: checks
Fetish73: bets $3
provim88: calls $3
*** TURN *** [Ac Kc Th] [7h]
provim88: checks
Fetish73: bets $6
provim88: calls $6
*** RIVER *** [Ac Kc Th 7h] [2s]
provim88: checks
Fetish73: bets $6
provim88: calls $6
*** SHOW DOWN ***
Fetish73: shows [Ah Kh] (two pair, Aces and Kings)
provim88: mucks hand
Fetish73 collected $41.50 from pot
*** SUMMARY ***
Total pot $42 | Rake $0.50
Board [Ac Kc Th 7h 2s]
Seat 4: Fetish73 (button) (small blind) showed [Ah Kh] and won ($41.50) with two pair, Aces and Kings
Seat 6: provim88 (big blind) mucked


PokerStars Hand #173948095928:  Hold'em Limit ($3/$6 USD) - 2017/08/05 9:34:45 ET
Table 'Geometria II' 6-max Seat #4 is the button
Seat 4: Fetish73 ($116.87 in chips)
Seat 6: provim88 ($110.64 in chips)
Fetish73: posts small blind $1
provim88: posts big blind $3
*** HOLE CARDS ***
Fetish73: raises $3 to $6
provim88: calls $3
*** FLOP *** [3h Jc Kd]
provim88: checks
Fetish73: bets $3
provim88: raises $3 to $6
Fetish73: folds
Uncalled bet ($3) returned to provim88
provim88 collected $17.64 from pot
provim88: doesn't show hand
*** SUMMARY ***
Total pot $18 | Rake $0.36
Board [3h Jc Kd]
Seat 4: Fetish73 (button) (small blind) folded on the Flop
Seat 6: provim88 (big blind) collected ($17.64)


PokerStars Hand #173948104551:  Hold'em Limit ($3/$6 USD) - 2017/08/05 9:35:01 ET
Table 'Geometria II' 6-max Seat #6 is the button
Seat 4: Fetish73 ($107.87 in chips)
Seat 6: provim88 ($119.28 in chips)
provim88: posts small blind $1
Fetish73: posts big blind $3
*** HOLE CARDS ***
provim88: raises $3 to $6
Fetish73: folds
Uncalled bet ($3) returned to provim88
provim88 collected $6 from pot
provim88: doesn't show hand
*** SUMMARY ***
Total pot $6 | Rake $0
Seat 4: Fetish73 (big blind) folded before Flop
Seat 6: provim88 (button) (small blind) collected ($6)


PokerStars Hand #173948091915:  Hold'em Limit ($3/$6 USD) - 2017/08/05 9:34:38 ET
Table 'Geometria II' 6-max Seat #6 is the button
Seat 4: Fetish73 ($119.87 in chips)
Seat 6: provim88 ($107.64 in chips)
provim88: posts small blind $1
Fetish73: posts big blind $3
*** HOLE CARDS ***
provim88: raises $3 to $6
Fetish73: folds
Uncalled bet ($3) returned to provim88
provim88 collected $6 from pot
provim88: doesn't show hand
*** SUMMARY ***
Total pot $6 | Rake $0
Seat 4: Fetish73 (big blind) folded before Flop
Seat 6: provim88 (button) (small blind) collected ($6)


PokerStars Hand #173948109562:  Hold'em Limit ($3/$6 USD) - 2017/08/05 9:35:10 ET
Table 'Geometria II' 6-max Seat #4 is the button
Seat 4: Fetish73 ($104.87 in chips)
Seat 6: provim88 ($122.28 in chips)
Fetish73: posts small blind $1
provim88: posts big blind $3
*** HOLE CARDS ***
Fetish73: raises $3 to $6
provim88: calls $3
*** FLOP *** [Jc 3s 2s]
provim88: checks
Fetish73: bets $3
provim88: raises $3 to $6
Fetish73: calls $3
*** TURN *** [Jc 3s 2s] [5h]
provim88: bets $6
Fetish73: calls $6
*** RIVER *** [Jc 3s 2s 5h] [Ts]
provim88: bets $6
Fetish73: folds
Uncalled bet ($6) returned to provim88
provim88 collected $35.50 from pot
provim88: doesn't show hand
*** SUMMARY ***
Total pot $36 | Rake $0.50
Board [Jc 3s 2s 5h Ts]
Seat 4: Fetish73 (button) (small blind) folded on the River
Seat 6: provim88 (big blind) collected ($35.50)


PokerStars Hand #173948146932:  Hold'em Limit ($3/$6 USD) - 2017/08/05 9:36:19 ET
Table 'Geometria II' 6-max Seat #4 is the button
Seat 4: Fetish73 ($84.37 in chips)
Seat 6: provim88 ($141.28 in chips)
Fetish73: posts small blind $1
provim88: posts big blind $3
*** HOLE CARDS ***
Fetish73: raises $3 to $6
provim88: calls $3
*** FLOP *** [8c 8h 7c]
provim88: checks
Fetish73: bets $3
provim88: folds
Uncalled bet ($3) returned to Fetish73
Fetish73 collected $11.76 from pot
*** SUMMARY ***
Total pot $12 | Rake $0.24
Board [8c 8h 7c]
Seat 4: Fetish73 (button) (small blind) collected ($11.76)
Seat 6: provim88 (big blind) folded on the Flop


PokerStars Hand #173948153075:  Hold'em Limit ($3/$6 USD) - 2017/08/05 9:36:30 ET
Table 'Geometria II' 6-max Seat #6 is the button
Seat 4: Fetish73 ($90.13 in chips)
Seat 6: provim88 ($135.28 in chips)
provim88: posts small blind $1
Fetish73: posts big blind $3
*** HOLE CARDS ***
provim88: raises $3 to $6
Fetish73: folds
Uncalled bet ($3) returned to provim88
provim88 collected $6 from pot
provim88: doesn't show hand
*** SUMMARY ***
Total pot $6 | Rake $0
Seat 4: Fetish73 (big blind) folded before Flop
Seat 6: provim88 (button) (small blind) collected ($6)


PokerStars Hand #173948143850:  Hold'em Limit ($3/$6 USD) - 2017/08/05 9:36:13 ET
Table 'Geometria II' 6-max Seat #6 is the button
Seat 4: Fetish73 ($83.37 in chips)
Seat 6: provim88 ($142.28 in chips)
provim88: posts small blind $1
Fetish73: posts big blind $3
*** HOLE CARDS ***
provim88: folds
Uncalled bet ($2) returned to Fetish73
Fetish73 collected $2 from pot
*** SUMMARY ***
Total pot $2 | Rake $0
Seat 4: Fetish73 (big blind) collected ($2)
Seat 6: provim88 (button) (small blind) folded before Flop


PokerStars Hand #173948132861:  Hold'em Limit ($3/$6 USD) - 2017/08/05 9:35:53 ET
Table 'Geometria II' 6-max Seat #4 is the button
Seat 4: Fetish73 ($107.37 in chips)
Seat 6: provim88 ($118.78 in chips)
Fetish73: posts small blind $1
provim88: posts big blind $3
*** HOLE CARDS ***
Fetish73: raises $3 to $6
provim88: raises $3 to $9
Fetish73: calls $3
*** FLOP *** [7c 8s 3c]
provim88: bets $3
Fetish73: calls $3
*** TURN *** [7c 8s 3c] [5d]
provim88: bets $6
Fetish73: calls $6
*** RIVER *** [7c 8s 3c 5d] [Ts]
provim88: bets $6
Fetish73: calls $6
*** SHOW DOWN ***
provim88: shows [Js Jd] (a pair of Jacks)
Fetish73: mucks hand
provim88 collected $47.50 from pot
*** SUMMARY ***
Total pot $48 | Rake $0.50
Board [7c 8s 3c 5d Ts]
Seat 4: Fetish73 (button) (small blind) mucked
Seat 6: provim88 (big blind) showed [Js Jd] and won ($47.50) with a pair of Jacks


PokerStars Hand #173948119592:  Hold'em Limit ($3/$6 USD) - 2017/08/05 9:35:29 ET
Table 'Geometria II' 6-max Seat #6 is the button
Seat 4: Fetish73 ($86.87 in chips)
Seat 6: provim88 ($139.78 in chips)
provim88: posts small blind $1
Fetish73: posts big blind $3
*** HOLE CARDS ***
provim88: calls $2
Fetish73: raises $3 to $6
provim88: calls $3
*** FLOP *** [Kc 3h Th]
Fetish73: bets $3
provim88: calls $3
*** TURN *** [Kc 3h Th] [2h]
Fetish73: bets $6
provim88: calls $6
*** RIVER *** [Kc 3h Th 2h] [9h]
Fetish73: bets $6
provim88: calls $6
*** SHOW DOWN ***
Fetish73: shows [Kh 6h] (a flush, King high)
provim88: mucks hand
Fetish73 collected $41.50 from pot
*** SUMMARY ***
Total pot $42 | Rake $0.50
Board [Kc 3h Th 2h 9h]
Seat 4: Fetish73 (big blind) showed [Kh 6h] and won ($41.50) with a flush, King high
Seat 6: provim88 (button) (small blind) mucked


