PokerStars Hand #147881936888:  Hold'em Limit ($3/$6 USD) - 2016/01/29 12:12:48 ET
Table 'Geometria II' 6-max Seat #3 is the button
Seat 3: PigStyles ($135.50 in chips)
Seat 4: AzureCaper ($72 in chips)
PigStyles: posts small blind $1
AzureCaper: posts big blind $3
*** HOLE CARDS ***
PigStyles: raises $3 to $6
AzureCaper: calls $3
*** FLOP *** [6h 8s 2c]
AzureCaper: checks
PigStyles: bets $3
SmellyToes4u joins the table at seat #5
AzureCaper: folds
Uncalled bet ($3) returned to PigStyles
PigStyles collected $11.76 from pot
PigStyles: doesn't show hand
*** SUMMARY ***
Total pot $12 | Rake $0.24
Board [6h 8s 2c]
Seat 3: PigStyles (button) (small blind) collected ($11.76)
Seat 4: AzureCaper (big blind) folded on the Flop


PokerStars Hand #147881932340:  Hold'em Limit ($3/$6 USD) - 2016/01/29 12:12:43 ET
Table 'Geometria II' 6-max Seat #4 is the button
Seat 3: PigStyles ($134.50 in chips)
Seat 4: AzureCaper ($72 in chips)
AzureCaper: posts small blind $1
PigStyles: posts big blind $3
*** HOLE CARDS ***
PigStyles said, "LOL"
AzureCaper: folds
Uncalled bet ($2) returned to PigStyles
PigStyles collected $2 from pot
PigStyles: doesn't show hand
*** SUMMARY ***
Total pot $2 | Rake $0
Seat 3: PigStyles (big blind) collected ($2)
Seat 4: AzureCaper (button) (small blind) folded before Flop


PokerStars Hand #147881894662:  Hold'em Limit ($3/$6 USD) - 2016/01/29 12:12:00 ET
Table 'Geometria II' 6-max Seat #3 is the button
Seat 3: PigStyles ($120 in chips)
Seat 4: AzureCaper ($72 in chips)
PigStyles: posts small blind $1
AzureCaper: posts big blind $3
*** HOLE CARDS ***
PigStyles said, "See if you can open your ******* and back onto all those ridiculous hands at 3/6"
PigStyles: raises $3 to $6
PigStyles said, "Scum"
AzureCaper: calls $3
*** FLOP *** [Jd 4d 5d]
PigStyles said, "Scummy fa g g o t Russian"
AzureCaper: checks
PigStyles: bets $3
AzureCaper: calls $3
*** TURN *** [Jd 4d 5d] [8h]
AzureCaper: checks
PigStyles: bets $6
AzureCaper: calls $6
*** RIVER *** [Jd 4d 5d 8h] [Qc]
AzureCaper: checks
PigStyles: checks
*** SHOW DOWN ***
AzureCaper: shows [7h 5s] (a pair of Fives)
PigStyles: shows [7s 7c] (a pair of Sevens)
PigStyles collected $29.50 from pot
*** SUMMARY ***
Total pot $30 | Rake $0.50
Board [Jd 4d 5d 8h Qc]
Seat 3: PigStyles (button) (small blind) showed [7s 7c] and won ($29.50) with a pair of Sevens
Seat 4: AzureCaper (big blind) showed [7h 5s] and lost with a pair of Fives


PokerStars Hand #147888097559:  Hold'em Limit ($3/$6 USD) - 2016/01/29 14:05:14 ET
Table 'Geometria II' 6-max Seat #1 is the button
Seat 1: SashaYuvelir ($79.33 in chips)
Seat 4: avraam888 ($244.75 in chips)
SashaYuvelir: posts small blind $1
Tibidear: is sitting out
avraam888: posts big blind $3
*** HOLE CARDS ***
SashaYuvelir: raises $3 to $6
avraam888: raises $3 to $9
SashaYuvelir: calls $3
*** FLOP *** [9s 6h 4c]
avraam888: bets $3
SashaYuvelir: folds
Uncalled bet ($3) returned to avraam888
avraam888 collected $17.64 from pot
*** SUMMARY ***
Total pot $18 | Rake $0.36
Board [9s 6h 4c]
Seat 1: SashaYuvelir (button) (small blind) folded on the Flop
Seat 4: avraam888 (big blind) collected ($17.64)


PokerStars Hand #147888115853:  Hold'em Limit ($3/$6 USD) - 2016/01/29 14:05:33 ET
Table 'Geometria II' 6-max Seat #4 is the button
Seat 1: SashaYuvelir ($72 in chips)
Seat 4: avraam888 ($253.39 in chips)
Tibidear leaves the table
avraam888: posts small blind $1
SashaYuvelir: posts big blind $3
*** HOLE CARDS ***
avraam888: folds
Uncalled bet ($2) returned to SashaYuvelir
SashaYuvelir collected $2 from pot
SashaYuvelir: doesn't show hand
*** SUMMARY ***
Total pot $2 | Rake $0
Seat 1: SashaYuvelir (big blind) collected ($2)
Seat 4: avraam888 (button) (small blind) folded before Flop


