PokerStars Hand #156238764530:  Hold'em Limit ($3/$6 USD) - 2016/07/20 21:23:41 ET
Table 'Georgia' 6-max Seat #2 is the button
Seat 1: byrgyi ($150.53 in chips)
Seat 2: 9superpoker9 ($53.80 in chips)
9superpoker9: posts small blind $1
byrgyi: posts big blind $3
*** HOLE CARDS ***
9superpoker9: raises $3 to $6
byrgyi: folds
Uncalled bet ($3) returned to 9superpoker9
9superpoker9 collected $6 from pot
*** SUMMARY ***
Total pot $6 | Rake $0
Seat 1: byrgyi (big blind) folded before Flop
Seat 2: 9superpoker9 (button) (small blind) collected ($6)


PokerStars Hand #156238759958:  Hold'em Limit ($3/$6 USD) - 2016/07/20 21:23:29 ET
Table 'Georgia' 6-max Seat #1 is the button
Seat 1: byrgyi ($147.65 in chips)
Seat 2: 9superpoker9 ($56.80 in chips)
byrgyi: posts small blind $1
9superpoker9: posts big blind $3
*** HOLE CARDS ***
byrgyi: calls $2
9superpoker9: checks
*** FLOP *** [Jh 7h 9d]
9superpoker9: checks
byrgyi: bets $3
9superpoker9: folds
Uncalled bet ($3) returned to byrgyi
byrgyi collected $5.88 from pot
*** SUMMARY ***
Total pot $6 | Rake $0.12
Board [Jh 7h 9d]
Seat 1: byrgyi (button) (small blind) collected ($5.88)
Seat 2: 9superpoker9 (big blind) folded on the Flop


PokerStars Hand #156238757220:  Hold'em Limit ($3/$6 USD) - 2016/07/20 21:23:22 ET
Table 'Georgia' 6-max Seat #2 is the button
Seat 1: byrgyi ($150.65 in chips)
Seat 2: 9superpoker9 ($53.80 in chips)
9superpoker9: posts small blind $1
byrgyi: posts big blind $3
*** HOLE CARDS ***
9superpoker9: raises $3 to $6
byrgyi: folds
Uncalled bet ($3) returned to 9superpoker9
9superpoker9 collected $6 from pot
*** SUMMARY ***
Total pot $6 | Rake $0
Seat 1: byrgyi (big blind) folded before Flop
Seat 2: 9superpoker9 (button) (small blind) collected ($6)


PokerStars Hand #156238755255:  Hold'em Limit ($3/$6 USD) - 2016/07/20 21:23:16 ET
Table 'Georgia' 6-max Seat #1 is the button
Seat 1: byrgyi ($151.65 in chips)
Seat 2: 9superpoker9 ($52.80 in chips)
byrgyi: posts small blind $1
9superpoker9: posts big blind $3
*** HOLE CARDS ***
byrgyi: folds
Uncalled bet ($2) returned to 9superpoker9
9superpoker9 collected $2 from pot
*** SUMMARY ***
Total pot $2 | Rake $0
Seat 1: byrgyi (button) (small blind) folded before Flop
Seat 2: 9superpoker9 (big blind) collected ($2)


PokerStars Hand #156238743511:  Hold'em Limit ($3/$6 USD) - 2016/07/20 21:22:46 ET
Table 'Georgia' 6-max Seat #2 is the button
Seat 1: byrgyi ($134.15 in chips)
Seat 2: 9superpoker9 ($70.80 in chips)
9superpoker9: posts small blind $1
byrgyi: posts big blind $3
*** HOLE CARDS ***
9superpoker9: raises $3 to $6
byrgyi: calls $3
*** FLOP *** [8s 5c 8c]
byrgyi: checks
9superpoker9: checks
*** TURN *** [8s 5c 8c] [9s]
byrgyi: bets $6
9superpoker9: raises $6 to $12
byrgyi: calls $6
*** RIVER *** [8s 5c 8c 9s] [4s]
byrgyi: bets $6
9superpoker9: folds
Uncalled bet ($6) returned to byrgyi
byrgyi collected $35.50 from pot
*** SUMMARY ***
Total pot $36 | Rake $0.50
Board [8s 5c 8c 9s 4s]
Seat 1: byrgyi (big blind) collected ($35.50)
Seat 2: 9superpoker9 (button) (small blind) folded on the River


PokerStars Hand #156238794651:  Hold'em Limit ($3/$6 USD) - 2016/07/20 21:24:46 ET
Table 'Georgia' 6-max Seat #2 is the button
Seat 1: byrgyi ($123.53 in chips)
Seat 2: 9superpoker9 ($79.94 in chips)
9superpoker9: posts small blind $1
byrgyi: posts big blind $3
*** HOLE CARDS ***
9superpoker9: folds
Uncalled bet ($2) returned to byrgyi
byrgyi collected $2 from pot
*** SUMMARY ***
Total pot $2 | Rake $0
Seat 1: byrgyi (big blind) collected ($2)
Seat 2: 9superpoker9 (button) (small blind) folded before Flop


PokerStars Hand #156238784311:  Hold'em Limit ($3/$6 USD) - 2016/07/20 21:24:33 ET
Table 'Georgia' 6-max Seat #1 is the button
Seat 1: byrgyi ($129.53 in chips)
Seat 2: 9superpoker9 ($74.18 in chips)
byrgyi: posts small blind $1
9superpoker9: posts big blind $3
*** HOLE CARDS ***
byrgyi: raises $3 to $6
9superpoker9: calls $3
*** FLOP *** [Kh Td 6s]
9superpoker9: checks
byrgyi: checks
*** TURN *** [Kh Td 6s] [4d]
9superpoker9: bets $6
byrgyi: folds
Uncalled bet ($6) returned to 9superpoker9
9superpoker9 collected $11.76 from pot
*** SUMMARY ***
Total pot $12 | Rake $0.24
Board [Kh Td 6s 4d]
Seat 1: byrgyi (button) (small blind) folded on the Turn
Seat 2: 9superpoker9 (big blind) collected ($11.76)


PokerStars Hand #156238775330:  Hold'em Limit ($3/$6 USD) - 2016/07/20 21:24:09 ET
Table 'Georgia' 6-max Seat #2 is the button
Seat 1: byrgyi ($144.53 in chips)
Seat 2: 9superpoker9 ($59.68 in chips)
9superpoker9: posts small blind $1
byrgyi: posts big blind $3
*** HOLE CARDS ***
9superpoker9: raises $3 to $6
byrgyi: calls $3
*** FLOP *** [As Kc 4d]
byrgyi: checks
9superpoker9: bets $3
byrgyi: calls $3
*** TURN *** [As Kc 4d] [7c]
byrgyi: checks
9superpoker9: bets $6
byrgyi: calls $6
*** RIVER *** [As Kc 4d 7c] [3d]
byrgyi: checks
9superpoker9: bets $6
byrgyi: folds
Uncalled bet ($6) returned to 9superpoker9
9superpoker9 collected $29.50 from pot
*** SUMMARY ***
Total pot $30 | Rake $0.50
Board [As Kc 4d 7c 3d]
Seat 1: byrgyi (big blind) folded on the River
Seat 2: 9superpoker9 (button) (small blind) collected ($29.50)


PokerStars Hand #156238766859:  Hold'em Limit ($3/$6 USD) - 2016/07/20 21:23:47 ET
Table 'Georgia' 6-max Seat #1 is the button
Seat 1: byrgyi ($147.53 in chips)
Seat 2: 9superpoker9 ($56.80 in chips)
byrgyi: posts small blind $1
9superpoker9: posts big blind $3
*** HOLE CARDS ***
byrgyi: calls $2
9superpoker9: checks
*** FLOP *** [2s Kh Qs]
9superpoker9: checks
byrgyi: checks
*** TURN *** [2s Kh Qs] [8d]
9superpoker9: checks
byrgyi: checks
*** RIVER *** [2s Kh Qs 8d] [Jc]
9superpoker9: checks
byrgyi: checks
*** SHOW DOWN ***
9superpoker9: shows [Td 4c] (high card King)
byrgyi: mucks hand
9superpoker9 collected $5.88 from pot
*** SUMMARY ***
Total pot $6 | Rake $0.12
Board [2s Kh Qs 8d Jc]
Seat 1: byrgyi (button) (small blind) mucked
Seat 2: 9superpoker9 (big blind) showed [Td 4c] and won ($5.88) with high card King


