PokerStars Hand #172892164143:  Hold'em Limit ($3/$6 USD) - 2017/07/11 10:21:15 ET
Table 'Georgia' 10-max Seat #7 is the button
Seat 3: sim5sim5 ($86.50 in chips)
Seat 7: TinaTurner72 ($105 in chips)
TinaTurner72: posts small blind $1
sim5sim5: posts big blind $3
*** HOLE CARDS ***
TinaTurner72: raises $3 to $6
sim5sim5: calls $3
*** FLOP *** [Kc 2d 6c]
sim5sim5: checks
TinaTurner72: bets $3
sim5sim5: folds
Uncalled bet ($3) returned to TinaTurner72
TinaTurner72 collected $11.76 from pot
TinaTurner72: doesn't show hand
*** SUMMARY ***
Total pot $12 | Rake $0.24
Board [Kc 2d 6c]
Seat 3: sim5sim5 (big blind) folded on the Flop
Seat 7: TinaTurner72 (button) (small blind) collected ($11.76)


PokerStars Hand #172892754517:  Hold'em Limit ($3/$6 USD) - 2017/07/11 10:38:26 ET
Table 'Georgia' 10-max Seat #3 is the button
Seat 3: sim5sim5 ($80.50 in chips)
Seat 4: patrikskjold ($30 in chips)
sim5sim5: posts small blind $1
patrikskjold: posts big blind $3
*** HOLE CARDS ***
sim5sim5: raises $3 to $6
patrikskjold: folds
Uncalled bet ($3) returned to sim5sim5
sim5sim5 collected $6 from pot
sim5sim5: doesn't show hand
*** SUMMARY ***
Total pot $6 | Rake $0
Seat 3: sim5sim5 (button) (small blind) collected ($6)
Seat 4: patrikskjold (big blind) folded before Flop


PokerStars Hand #172892799352:  Hold'em Limit ($3/$6 USD) - 2017/07/11 10:39:44 ET
Table 'Georgia' 10-max Seat #4 is the button
Seat 3: sim5sim5 ($75 in chips)
Seat 4: patrikskjold ($41.50 in chips)
patrikskjold: posts small blind $1
sim5sim5: posts big blind $3
*** HOLE CARDS ***
patrikskjold: raises $3 to $6
sim5sim5: folds
Uncalled bet ($3) returned to patrikskjold
patrikskjold collected $6 from pot
patrikskjold: doesn't show hand
*** SUMMARY ***
Total pot $6 | Rake $0
Seat 3: sim5sim5 (big blind) folded before Flop
Seat 4: patrikskjold (button) (small blind) collected ($6)


PokerStars Hand #172892794885:  Hold'em Limit ($3/$6 USD) - 2017/07/11 10:39:36 ET
Table 'Georgia' 10-max Seat #3 is the button
Seat 3: sim5sim5 ($72 in chips)
Seat 4: patrikskjold ($44.50 in chips)
sim5sim5: posts small blind $1
patrikskjold: posts big blind $3
*** HOLE CARDS ***
sim5sim5: raises $3 to $6
patrikskjold: folds
Uncalled bet ($3) returned to sim5sim5
sim5sim5 collected $6 from pot
sim5sim5: doesn't show hand
*** SUMMARY ***
Total pot $6 | Rake $0
Seat 3: sim5sim5 (button) (small blind) collected ($6)
Seat 4: patrikskjold (big blind) folded before Flop


PokerStars Hand #172892762129:  Hold'em Limit ($3/$6 USD) - 2017/07/11 10:38:39 ET
Table 'Georgia' 10-max Seat #4 is the button
Seat 3: sim5sim5 ($83.50 in chips)
Seat 4: patrikskjold ($27 in chips)
patrikskjold: posts small blind $1
sim5sim5: posts big blind $3
*** HOLE CARDS ***
patrikskjold: raises $3 to $6
sim5sim5: calls $3
*** FLOP *** [Kc 4h Qd]
sim5sim5: checks
patrikskjold: checks
*** TURN *** [Kc 4h Qd] [5s]
sim5sim5: bets $6
patrikskjold: raises $6 to $12
sim5sim5: calls $6
*** RIVER *** [Kc 4h Qd 5s] [Qs]
sim5sim5: checks
patrikskjold: bets $6
sim5sim5: folds
Uncalled bet ($6) returned to patrikskjold
patrikskjold collected $35.50 from pot
patrikskjold: doesn't show hand
*** SUMMARY ***
Total pot $36 | Rake $0.50
Board [Kc 4h Qd 5s Qs]
Seat 3: sim5sim5 (big blind) folded on the River
Seat 4: patrikskjold (button) (small blind) collected ($35.50)


PokerStars Hand #172892822436:  Hold'em Limit ($3/$6 USD) - 2017/07/11 10:40:24 ET
Table 'Georgia' 10-max Seat #4 is the button
Seat 3: sim5sim5 ($72 in chips)
Seat 4: patrikskjold ($68 in chips)
patrikskjold: posts small blind $1
sim5sim5: posts big blind $3
*** HOLE CARDS ***
patrikskjold: raises $3 to $6
sim5sim5: raises $3 to $9
patrikskjold: calls $3
*** FLOP *** [Qs 6d Tc]
sim5sim5: bets $3
patrikskjold: folds
Uncalled bet ($3) returned to sim5sim5
sim5sim5 collected $17.64 from pot
sim5sim5: doesn't show hand
*** SUMMARY ***
Total pot $18 | Rake $0.36
Board [Qs 6d Tc]
Seat 3: sim5sim5 (big blind) collected ($17.64)
Seat 4: patrikskjold (button) (small blind) folded on the Flop


PokerStars Hand #172892803842:  Hold'em Limit ($3/$6 USD) - 2017/07/11 10:39:52 ET
Table 'Georgia' 10-max Seat #3 is the button
Seat 3: sim5sim5 ($72 in chips)
Seat 4: patrikskjold ($44.50 in chips)
sim5sim5: posts small blind $1
patrikskjold: posts big blind $3
*** HOLE CARDS ***
sim5sim5: raises $3 to $6
patrikskjold: calls $3
*** FLOP *** [2h 4s Ah]
patrikskjold: checks
sim5sim5: bets $3
patrikskjold: raises $3 to $6
sim5sim5: calls $3
*** TURN *** [2h 4s Ah] [Td]
patrikskjold: bets $6
sim5sim5: calls $6
*** RIVER *** [2h 4s Ah Td] [Ad]
patrikskjold: bets $6
sim5sim5: calls $6
*** SHOW DOWN ***
patrikskjold: shows [Ac 7c] (three of a kind, Aces)
sim5sim5: mucks hand
patrikskjold collected $47.50 from pot
*** SUMMARY ***
Total pot $48 | Rake $0.50
Board [2h 4s Ah Td Ad]
Seat 3: sim5sim5 (button) (small blind) mucked
Seat 4: patrikskjold (big blind) showed [Ac 7c] and won ($47.50) with three of a kind, Aces


PokerStars Hand #172902432088:  Hold'em Limit ($3/$6 USD) - 2017/07/11 14:40:11 ET
Table 'Georgia' 10-max Seat #7 is the button
Seat 4: luckyzb ($104 in chips)
Seat 7: B_loJkl ($100.31 in chips)
EMALAYS will be allowed to play after the button
B_loJkl: posts small blind $1
1BETEP1: is sitting out
krytalex: is sitting out
luckyzb: posts big blind $3
*** HOLE CARDS ***
B_loJkl: raises $3 to $6
krytalex leaves the table
1BETEP1 leaves the table
luckyzb: calls $3
*** FLOP *** [8h 2h 5s]
luckyzb: checks
B_loJkl: bets $3
luckyzb: calls $3
*** TURN *** [8h 2h 5s] [5h]
luckyzb: checks
B_loJkl: bets $6
luckyzb: folds
Uncalled bet ($6) returned to B_loJkl
B_loJkl collected $17.64 from pot
B_loJkl: doesn't show hand
*** SUMMARY ***
Total pot $18 | Rake $0.36
Board [8h 2h 5s 5h]
Seat 4: luckyzb (big blind) folded on the Turn
Seat 7: B_loJkl (button) (small blind) collected ($17.64)


PokerStars Hand #172902466990:  Hold'em Limit ($3/$6 USD) - 2017/07/11 14:40:56 ET
Table 'Georgia' 10-max Seat #5 is the button
Seat 5: EMALAYS ($65.37 in chips)
Seat 7: B_loJkl ($108.95 in chips)
EMALAYS: posts small blind $1
B_loJkl: posts big blind $3
*** HOLE CARDS ***
EMALAYS: folds
Uncalled bet ($2) returned to B_loJkl
B_loJkl collected $2 from pot
B_loJkl: doesn't show hand
*** SUMMARY ***
Total pot $2 | Rake $0
Seat 5: EMALAYS (button) (small blind) folded before Flop
Seat 7: B_loJkl (big blind) collected ($2)


