PokerStars Hand #152110739483:  Hold'em Limit ($3/$6 USD) - 2016/04/18 15:57:28 ET
Table 'Georgia IV' 6-max Seat #6 is the button
Seat 3: GoliafUa ($143.26 in chips)
Seat 6: jaguar943 ($96 in chips)
jaguar943: posts small blind $1
GoliafUa: posts big blind $3
*** HOLE CARDS ***
jaguar943: calls $2
GoliafUa: checks
*** FLOP *** [3d As 8h]
GoliafUa: bets $3
jaguar943: calls $3
*** TURN *** [3d As 8h] [7s]
GoliafUa: bets $6
jaguar943: calls $6
*** RIVER *** [3d As 8h 7s] [7d]
GoliafUa: bets $6
jaguar943: folds
Uncalled bet ($6) returned to GoliafUa
GoliafUa collected $23.52 from pot
*** SUMMARY ***
Total pot $24 | Rake $0.48
Board [3d As 8h 7s 7d]
Seat 3: GoliafUa (big blind) collected ($23.52)
Seat 6: jaguar943 (button) (small blind) folded on the River


PokerStars Hand #152110731775:  Hold'em Limit ($3/$6 USD) - 2016/04/18 15:57:18 ET
Table 'Georgia IV' 6-max Seat #3 is the button
Seat 3: GoliafUa ($140.26 in chips)
Seat 6: jaguar943 ($99 in chips)
GoliafUa: posts small blind $1
jaguar943: posts big blind $3
*** HOLE CARDS ***
GoliafUa: raises $3 to $6
jaguar943: folds
Uncalled bet ($3) returned to GoliafUa
GoliafUa collected $6 from pot
*** SUMMARY ***
Total pot $6 | Rake $0
Seat 3: GoliafUa (button) (small blind) collected ($6)
Seat 6: jaguar943 (big blind) folded before Flop


PokerStars Hand #152110786636:  Hold'em Limit ($3/$6 USD) - 2016/04/18 15:58:30 ET
Table 'Georgia IV' 6-max Seat #6 is the button
Seat 3: GoliafUa ($175.28 in chips)
Seat 6: jaguar943 ($63 in chips)
jaguar943: posts small blind $1
GoliafUa: posts big blind $3
*** HOLE CARDS ***
jaguar943: folds
Uncalled bet ($2) returned to GoliafUa
GoliafUa collected $2 from pot
*** SUMMARY ***
Total pot $2 | Rake $0
Seat 3: GoliafUa (big blind) collected ($2)
Seat 6: jaguar943 (button) (small blind) folded before Flop


PokerStars Hand #152110758394:  Hold'em Limit ($3/$6 USD) - 2016/04/18 15:57:53 ET
Table 'Georgia IV' 6-max Seat #3 is the button
Seat 3: GoliafUa ($154.78 in chips)
Seat 6: jaguar943 ($84 in chips)
GoliafUa: posts small blind $1
jaguar943: posts big blind $3
*** HOLE CARDS ***
GoliafUa: raises $3 to $6
jaguar943: calls $3
*** FLOP *** [4c 5s 3s]
jaguar943: checks
GoliafUa: bets $3
jaguar943: calls $3
*** TURN *** [4c 5s 3s] [4h]
jaguar943: bets $6
GoliafUa: calls $6
*** RIVER *** [4c 5s 3s 4h] [7s]
jaguar943: bets $6
GoliafUa: calls $6
*** SHOW DOWN ***
jaguar943: shows [Jd Qs] (a pair of Fours)
GoliafUa: shows [2c Ks] (a pair of Fours - King kicker)
GoliafUa collected $41.50 from pot
*** SUMMARY ***
Total pot $42 | Rake $0.50
Board [4c 5s 3s 4h 7s]
Seat 3: GoliafUa (button) (small blind) showed [2c Ks] and won ($41.50) with a pair of Fours
Seat 6: jaguar943 (big blind) showed [Jd Qs] and lost with a pair of Fours


PokerStars Hand #152110792045:  Hold'em Limit ($3/$6 USD) - 2016/04/18 15:58:37 ET
Table 'Georgia IV' 6-max Seat #3 is the button
Seat 3: GoliafUa ($176.28 in chips)
Seat 6: jaguar943 ($62 in chips)
GoliafUa: posts small blind $1
jaguar943: posts big blind $3
*** HOLE CARDS ***
GoliafUa: raises $3 to $6
jaguar943: folds
Uncalled bet ($3) returned to GoliafUa
jaguar943 leaves the table
GoliafUa collected $6 from pot
*** SUMMARY ***
Total pot $6 | Rake $0
Seat 3: GoliafUa (button) (small blind) collected ($6)
Seat 6: jaguar943 (big blind) folded before Flop


