PokerStars Hand #164244876920:  Hold'em Limit ($3/$6 USD) - 2017/01/08 11:56:06 ET
Table 'Georgia II' 6-max Seat #3 is the button
Seat 3: Relax2008 ($75.67 in chips)
Seat 4: TbIP-TbIP 88 ($72 in chips)
Relax2008: posts small blind $1
TbIP-TbIP 88: posts big blind $3
*** HOLE CARDS ***
Relax2008: raises $3 to $6
TbIP-TbIP 88: calls $3
*** FLOP *** [Ks 8h 2s]
TbIP-TbIP 88: checks
Relax2008: bets $3
TbIP-TbIP 88: calls $3
*** TURN *** [Ks 8h 2s] [4s]
TbIP-TbIP 88: checks
Relax2008: bets $6
TbIP-TbIP 88: calls $6
*** RIVER *** [Ks 8h 2s 4s] [Qh]
TbIP-TbIP 88: checks
Relax2008: checks
*** SHOW DOWN ***
TbIP-TbIP 88: shows [Qd 6c] (a pair of Queens)
Relax2008: mucks hand
TbIP-TbIP 88 collected $29.50 from pot
*** SUMMARY ***
Total pot $30 | Rake $0.50
Board [Ks 8h 2s 4s Qh]
Seat 3: Relax2008 (button) (small blind) mucked
Seat 4: TbIP-TbIP 88 (big blind) showed [Qd 6c] and won ($29.50) with a pair of Queens


PokerStars Hand #164244910937:  Hold'em Limit ($3/$6 USD) - 2017/01/08 11:56:49 ET
Table 'Georgia II' 6-max Seat #4 is the button
Seat 3: Relax2008 ($60.67 in chips)
Seat 4: TbIP-TbIP 88 ($86.50 in chips)
TbIP-TbIP 88: posts small blind $1
Relax2008: posts big blind $3
*** HOLE CARDS ***
TbIP-TbIP 88: folds
Uncalled bet ($2) returned to Relax2008
Relax2008 collected $2 from pot
*** SUMMARY ***
Total pot $2 | Rake $0
Seat 3: Relax2008 (big blind) collected ($2)
Seat 4: TbIP-TbIP 88 (button) (small blind) folded before Flop


PokerStars Hand #164244965887:  Hold'em Limit ($3/$6 USD) - 2017/01/08 11:57:59 ET
Table 'Georgia II' 6-max Seat #3 is the button
Seat 3: Relax2008 ($58.17 in chips)
Seat 4: TbIP-TbIP 88 ($92.50 in chips)
Relax2008: posts small blind $1
TbIP-TbIP 88: posts big blind $3
*** HOLE CARDS ***
Relax2008: raises $3 to $6
TbIP-TbIP 88: calls $3
*** FLOP *** [Qs 2d Td]
TbIP-TbIP 88: checks
Relax2008: bets $3
TbIP-TbIP 88: folds
Uncalled bet ($3) returned to Relax2008
Relax2008 collected $11.76 from pot
*** SUMMARY ***
Total pot $12 | Rake $0.24
Board [Qs 2d Td]
Seat 3: Relax2008 (button) (small blind) collected ($11.76)
Seat 4: TbIP-TbIP 88 (big blind) folded on the Flop


PokerStars Hand #164244919420:  Hold'em Limit ($3/$6 USD) - 2017/01/08 11:57:00 ET
Table 'Georgia II' 6-max Seat #3 is the button
Seat 3: Relax2008 ($61.67 in chips)
Seat 4: TbIP-TbIP 88 ($85.50 in chips)
Relax2008: posts small blind $1
TbIP-TbIP 88: posts big blind $3
*** HOLE CARDS ***
Relax2008: raises $3 to $6
Relax2008 said, "sick"
TbIP-TbIP 88: calls $3
*** FLOP *** [4h 5h 9h]
TbIP-TbIP 88: checks
Relax2008: bets $3
TbIP-TbIP 88: raises $3 to $6
Relax2008: calls $3
*** TURN *** [4h 5h 9h] [Qs]
TbIP-TbIP 88: checks
Relax2008: bets $6
TbIP-TbIP 88: calls $6
*** RIVER *** [4h 5h 9h Qs] [5d]
TbIP-TbIP 88: checks
Relax2008: checks
*** SHOW DOWN ***
TbIP-TbIP 88: shows [Kc 6h] (a pair of Fives)
Relax2008: shows [4d 2s] (two pair, Fives and Fours)
Relax2008 collected $35.50 from pot
*** SUMMARY ***
Total pot $36 | Rake $0.50
Board [4h 5h 9h Qs 5d]
Seat 3: Relax2008 (button) (small blind) showed [4d 2s] and won ($35.50) with two pair, Fives and Fours
Seat 4: TbIP-TbIP 88 (big blind) showed [Kc 6h] and lost with a pair of Fives


PokerStars Hand #164244944256:  Hold'em Limit ($3/$6 USD) - 2017/01/08 11:57:32 ET
Table 'Georgia II' 6-max Seat #4 is the button
Seat 3: Relax2008 ($79.17 in chips)
Seat 4: TbIP-TbIP 88 ($72 in chips)
TbIP-TbIP 88: posts small blind $1
Relax2008: posts big blind $3
*** HOLE CARDS ***
TbIP-TbIP 88: raises $3 to $6
Relax2008: calls $3
*** FLOP *** [7s 9c 3d]
Relax2008: bets $3
TbIP-TbIP 88: calls $3
*** TURN *** [7s 9c 3d] [Ah]
Relax2008: bets $6
TbIP-TbIP 88: calls $6
*** RIVER *** [7s 9c 3d Ah] [7h]
Relax2008: bets $6
TbIP-TbIP 88: calls $6
*** SHOW DOWN ***
Relax2008: shows [2h 8d] (a pair of Sevens)
TbIP-TbIP 88: shows [3s Ks] (two pair, Sevens and Threes)
TbIP-TbIP 88 collected $41.50 from pot
*** SUMMARY ***
Total pot $42 | Rake $0.50
Board [7s 9c 3d Ah 7h]
Seat 3: Relax2008 (big blind) showed [2h 8d] and lost with a pair of Sevens
Seat 4: TbIP-TbIP 88 (button) (small blind) showed [3s Ks] and won ($41.50) with two pair, Sevens and Threes


PokerStars Hand #164244985458:  Hold'em Limit ($3/$6 USD) - 2017/01/08 11:58:13 ET
Table 'Georgia II' 6-max Seat #4 is the button
Seat 3: Relax2008 ($63.93 in chips)
Seat 4: TbIP-TbIP 88 ($86.50 in chips)
TbIP-TbIP 88: posts small blind $1
Relax2008: posts big blind $3
*** HOLE CARDS ***
TbIP-TbIP 88: raises $3 to $6
Relax2008: calls $3
*** FLOP *** [7h 2c 6h]
Relax2008: bets $3
TbIP-TbIP 88: calls $3
*** TURN *** [7h 2c 6h] [7d]
Relax2008: bets $6
TbIP-TbIP 88: calls $6
*** RIVER *** [7h 2c 6h 7d] [6s]
Relax2008: bets $6
TbIP-TbIP 88: calls $6
*** SHOW DOWN ***
Relax2008: shows [3h 2s] (two pair, Sevens and Sixes)
TbIP-TbIP 88: shows [Ac 9c] (two pair, Sevens and Sixes - Ace kicker)
TbIP-TbIP 88 collected $41.50 from pot
*** SUMMARY ***
Total pot $42 | Rake $0.50
Board [7h 2c 6h 7d 6s]
Seat 3: Relax2008 (big blind) showed [3h 2s] and lost with two pair, Sevens and Sixes
Seat 4: TbIP-TbIP 88 (button) (small blind) showed [Ac 9c] and won ($41.50) with two pair, Sevens and Sixes


PokerStars Hand #164244995983:  Hold'em Limit ($3/$6 USD) - 2017/01/08 11:58:27 ET
Table 'Georgia II' 6-max Seat #3 is the button
Seat 3: Relax2008 ($42.93 in chips)
Seat 4: TbIP-TbIP 88 ($107 in chips)
Relax2008: posts small blind $1
TbIP-TbIP 88: posts big blind $3
*** HOLE CARDS ***
Relax2008: raises $3 to $6
TbIP-TbIP 88: calls $3
*** FLOP *** [5c 2d Kc]
TbIP-TbIP 88: checks
Relax2008: checks
*** TURN *** [5c 2d Kc] [Ac]
TbIP-TbIP 88: checks
Relax2008: bets $6
TbIP-TbIP 88: calls $6
*** RIVER *** [5c 2d Kc Ac] [5h]
Fetish73 joins the table at seat #2
TbIP-TbIP 88: checks
Relax2008: bets $6
TbIP-TbIP 88: calls $6
*** SHOW DOWN ***
Relax2008: shows [Ah Jh] (two pair, Aces and Fives)
TbIP-TbIP 88: mucks hand
Relax2008 collected $35.50 from pot
*** SUMMARY ***
Total pot $36 | Rake $0.50
Board [5c 2d Kc Ac 5h]
Seat 3: Relax2008 (button) (small blind) showed [Ah Jh] and won ($35.50) with two pair, Aces and Fives
Seat 4: TbIP-TbIP 88 (big blind) mucked


