PokerStars Hand #156980606874:  Hold'em Limit ($3/$6 USD) - 2016/08/07 12:08:54 ET
Table 'Georgia' 6-max Seat #3 is the button
Seat 3: mylifeluvsol ($30 in chips)
Seat 4: BuzovaPro ($72 in chips)
mylifeluvsol: posts small blind $1
BuzovaPro: posts big blind $3
*** HOLE CARDS ***
mylifeluvsol: raises $3 to $6
BuzovaPro: raises $3 to $9
mylifeluvsol: calls $3
*** FLOP *** [Qd 6s Kd]
BuzovaPro: bets $3
mylifeluvsol is disconnected
mylifeluvsol is connected
mylifeluvsol: calls $3
*** TURN *** [Qd 6s Kd] [2s]
BuzovaPro: bets $6
mylifeluvsol: raises $6 to $12
BuzovaPro: folds
Uncalled bet ($6) returned to mylifeluvsol
mylifeluvsol collected $35.50 from pot
*** SUMMARY ***
Total pot $36 | Rake $0.50
Board [Qd 6s Kd 2s]
Seat 3: mylifeluvsol (button) (small blind) collected ($35.50)
Seat 4: BuzovaPro (big blind) folded on the Turn


PokerStars Hand #156980710531:  Hold'em Limit ($3/$6 USD) - 2016/08/07 12:11:19 ET
Table 'Georgia' 6-max Seat #4 is the button
Seat 3: mylifeluvsol ($36.50 in chips)
Seat 4: BuzovaPro ($82.76 in chips)
BuzovaPro: posts small blind $1
mylifeluvsol: posts big blind $3
*** HOLE CARDS ***
BuzovaPro: folds
Uncalled bet ($2) returned to mylifeluvsol
mylifeluvsol collected $2 from pot
*** SUMMARY ***
Total pot $2 | Rake $0
Seat 3: mylifeluvsol (big blind) collected ($2)
Seat 4: BuzovaPro (button) (small blind) folded before Flop


PokerStars Hand #156980663615:  Hold'em Limit ($3/$6 USD) - 2016/08/07 12:10:11 ET
Table 'Georgia' 6-max Seat #4 is the button
Seat 3: mylifeluvsol ($47.50 in chips)
Seat 4: BuzovaPro ($72 in chips)
BuzovaPro: posts small blind $1
mylifeluvsol: posts big blind $3
*** HOLE CARDS ***
BuzovaPro: raises $3 to $6
mylifeluvsol: calls $3
*** FLOP *** [2h 4d 3d]
mylifeluvsol: checks
BuzovaPro: checks
*** TURN *** [2h 4d 3d] [4s]
mylifeluvsol: checks
BuzovaPro: bets $6
mylifeluvsol: folds
Uncalled bet ($6) returned to BuzovaPro
BuzovaPro collected $11.76 from pot
BuzovaPro: doesn't show hand
*** SUMMARY ***
Total pot $12 | Rake $0.24
Board [2h 4d 3d 4s]
Seat 3: mylifeluvsol (big blind) folded on the Turn
Seat 4: BuzovaPro (button) (small blind) collected ($11.76)


PokerStars Hand #156980689916:  Hold'em Limit ($3/$6 USD) - 2016/08/07 12:10:49 ET
Table 'Georgia' 6-max Seat #3 is the button
Seat 3: mylifeluvsol ($41.50 in chips)
Seat 4: BuzovaPro ($77.76 in chips)
mylifeluvsol: posts small blind $1
BuzovaPro: posts big blind $3
*** HOLE CARDS ***
mylifeluvsol: folds
Uncalled bet ($2) returned to BuzovaPro
BuzovaPro collected $2 from pot
BuzovaPro: doesn't show hand
*** SUMMARY ***
Total pot $2 | Rake $0
Seat 3: mylifeluvsol (button) (small blind) folded before Flop
Seat 4: BuzovaPro (big blind) collected ($2)


PokerStars Hand #156980697592:  Hold'em Limit ($3/$6 USD) - 2016/08/07 12:11:00 ET
Table 'Georgia' 6-max Seat #3 is the button
Seat 3: mylifeluvsol ($41.50 in chips)
Seat 4: BuzovaPro ($77.76 in chips)
mylifeluvsol: posts small blind $1
BuzovaPro: posts big blind $3
*** HOLE CARDS ***
mylifeluvsol: folds
Uncalled bet ($2) returned to BuzovaPro
BuzovaPro collected $2 from pot
BuzovaPro: doesn't show hand
*** SUMMARY ***
Total pot $2 | Rake $0
Seat 3: mylifeluvsol (button) (small blind) folded before Flop
Seat 4: BuzovaPro (big blind) collected ($2)


PokerStars Hand #156980693873:  Hold'em Limit ($3/$6 USD) - 2016/08/07 12:10:55 ET
Table 'Georgia' 6-max Seat #4 is the button
Seat 3: mylifeluvsol ($40.50 in chips)
Seat 4: BuzovaPro ($78.76 in chips)
BuzovaPro: posts small blind $1
mylifeluvsol: posts big blind $3
*** HOLE CARDS ***
BuzovaPro: folds
Uncalled bet ($2) returned to mylifeluvsol
mylifeluvsol collected $2 from pot
*** SUMMARY ***
Total pot $2 | Rake $0
Seat 3: mylifeluvsol (big blind) collected ($2)
Seat 4: BuzovaPro (button) (small blind) folded before Flop


PokerStars Hand #156980706114:  Hold'em Limit ($3/$6 USD) - 2016/08/07 12:11:13 ET
Table 'Georgia' 6-max Seat #3 is the button
Seat 3: mylifeluvsol ($37.50 in chips)
Seat 4: BuzovaPro ($81.76 in chips)
mylifeluvsol: posts small blind $1
BuzovaPro: posts big blind $3
*** HOLE CARDS ***
mylifeluvsol: folds
Uncalled bet ($2) returned to BuzovaPro
BuzovaPro collected $2 from pot
BuzovaPro: doesn't show hand
*** SUMMARY ***
Total pot $2 | Rake $0
Seat 3: mylifeluvsol (button) (small blind) folded before Flop
Seat 4: BuzovaPro (big blind) collected ($2)


PokerStars Hand #156980701535:  Hold'em Limit ($3/$6 USD) - 2016/08/07 12:11:06 ET
Table 'Georgia' 6-max Seat #4 is the button
Seat 3: mylifeluvsol ($40.50 in chips)
Seat 4: BuzovaPro ($78.76 in chips)
BuzovaPro: posts small blind $1
mylifeluvsol: posts big blind $3
*** HOLE CARDS ***
BuzovaPro: raises $3 to $6
mylifeluvsol: folds
Uncalled bet ($3) returned to BuzovaPro
BuzovaPro collected $6 from pot
BuzovaPro: doesn't show hand
*** SUMMARY ***
Total pot $6 | Rake $0
Seat 3: mylifeluvsol (big blind) folded before Flop
Seat 4: BuzovaPro (button) (small blind) collected ($6)


PokerStars Hand #156980715801:  Hold'em Limit ($3/$6 USD) - 2016/08/07 12:11:27 ET
Table 'Georgia' 6-max Seat #3 is the button
Seat 3: mylifeluvsol ($37.50 in chips)
Seat 4: BuzovaPro ($81.76 in chips)
mylifeluvsol: posts small blind $1
BuzovaPro: posts big blind $3
*** HOLE CARDS ***
mylifeluvsol: raises $3 to $6
BuzovaPro: raises $3 to $9
mylifeluvsol: calls $3
*** FLOP *** [4h 8s 3h]
BuzovaPro: bets $3
mylifeluvsol: calls $3
*** TURN *** [4h 8s 3h] [9h]
BuzovaPro: bets $6
mylifeluvsol: calls $6
*** RIVER *** [4h 8s 3h 9h] [Th]
BuzovaPro: checks
mylifeluvsol: bets $6
chodzewXXL joins the table at seat #2
BuzovaPro: calls $6
*** SHOW DOWN ***
mylifeluvsol: shows [7s 6c] (a straight, Six to Ten)
BuzovaPro: shows [Jh Qd] (a flush, Jack high)
BuzovaPro collected $47.50 from pot
*** SUMMARY ***
Total pot $48 | Rake $0.50
Board [4h 8s 3h 9h Th]
Seat 3: mylifeluvsol (button) (small blind) showed [7s 6c] and lost with a straight, Six to Ten
Seat 4: BuzovaPro (big blind) showed [Jh Qd] and won ($47.50) with a flush, Jack high


PokerStars Hand #156980778961:  Hold'em Limit ($3/$6 USD) - 2016/08/07 12:12:59 ET
Table 'Georgia' 6-max Seat #4 is the button
Seat 2: chodzewXXL ($183.31 in chips)
Seat 4: BuzovaPro ($116.01 in chips)
BuzovaPro: posts small blind $1
chodzewXXL: posts big blind $3
*** HOLE CARDS ***
BuzovaPro: raises $3 to $6
chodzewXXL: calls $3
*** FLOP *** [Kd 5s 3d]
chodzewXXL: checks
BuzovaPro: bets $3
chodzewXXL: calls $3
*** TURN *** [Kd 5s 3d] [Jc]
chodzewXXL: checks
BuzovaPro: checks
*** RIVER *** [Kd 5s 3d Jc] [4s]
chodzewXXL: bets $6
mylifeluvsol leaves the table
BuzovaPro: calls $6
*** SHOW DOWN ***
chodzewXXL: shows [As 4d] (a pair of Fours)
BuzovaPro: shows [Qd Js] (a pair of Jacks)
BuzovaPro collected $29.50 from pot
*** SUMMARY ***
Total pot $30 | Rake $0.50
Board [Kd 5s 3d Jc 4s]
Seat 2: chodzewXXL (big blind) showed [As 4d] and lost with a pair of Fours
Seat 4: BuzovaPro (button) (small blind) showed [Qd Js] and won ($29.50) with a pair of Jacks


PokerStars Hand #156980836332:  Hold'em Limit ($3/$6 USD) - 2016/08/07 12:14:22 ET
Table 'Georgia' 6-max Seat #2 is the button
Seat 2: chodzewXXL ($170.83 in chips)
Seat 3: Kajind ($116.76 in chips)
chodzewXXL: posts small blind $1
Kajind: posts big blind $3
*** HOLE CARDS ***
chodzewXXL: folds
Uncalled bet ($2) returned to Kajind
Kajind collected $2 from pot
Kajind: doesn't show hand
*** SUMMARY ***
Total pot $2 | Rake $0
Seat 2: chodzewXXL (button) (small blind) folded before Flop
Seat 3: Kajind (big blind) collected ($2)


PokerStars Hand #156980823521:  Hold'em Limit ($3/$6 USD) - 2016/08/07 12:14:04 ET
Table 'Georgia' 6-max Seat #3 is the button
Seat 2: chodzewXXL ($162.19 in chips)
Seat 3: Kajind ($125.76 in chips)
Kajind: posts small blind $1
chodzewXXL: posts big blind $3
*** HOLE CARDS ***
Kajind: raises $3 to $6
chodzewXXL: calls $3
*** FLOP *** [8c Js 7c]
chodzewXXL: checks
Kajind: bets $3
chodzewXXL: calls $3
*** TURN *** [8c Js 7c] [9c]
chodzewXXL: checks
Kajind: checks
*** RIVER *** [8c Js 7c 9c] [Kc]
chodzewXXL: checks
Kajind: checks
*** SHOW DOWN ***
chodzewXXL: shows [9h Kd] (two pair, Kings and Nines)
Kajind: mucks hand
chodzewXXL collected $17.64 from pot
*** SUMMARY ***
Total pot $18 | Rake $0.36
Board [8c Js 7c 9c Kc]
Seat 2: chodzewXXL (big blind) showed [9h Kd] and won ($17.64) with two pair, Kings and Nines
Seat 3: Kajind (button) (small blind) mucked


PokerStars Hand #156980800631:  Hold'em Limit ($3/$6 USD) - 2016/08/07 12:13:30 ET
Table 'Georgia' 6-max Seat #2 is the button
Seat 2: chodzewXXL ($168.31 in chips)
Seat 3: Kajind ($120 in chips)
chodzewXXL: posts small blind $1
Kajind: posts big blind $3
*** HOLE CARDS ***
chodzewXXL: calls $2
Kajind: checks
*** FLOP *** [5h Jd Ac]
Kajind: checks
chodzewXXL: checks
*** TURN *** [5h Jd Ac] [Ad]
Kajind: checks
chodzewXXL: checks
*** RIVER *** [5h Jd Ac Ad] [7h]
Kajind: checks
chodzewXXL: checks
*** SHOW DOWN ***
Kajind: shows [6s Th] (a pair of Aces)
chodzewXXL: shows [3d Kc] (a pair of Aces - King kicker)
chodzewXXL collected $5.88 from pot
*** SUMMARY ***
Total pot $6 | Rake $0.12
Board [5h Jd Ac Ad 7h]
Seat 2: chodzewXXL (button) (small blind) showed [3d Kc] and won ($5.88) with a pair of Aces
Seat 3: Kajind (big blind) showed [6s Th] and lost with a pair of Aces


PokerStars Hand #156980811229:  Hold'em Limit ($3/$6 USD) - 2016/08/07 12:13:46 ET
Table 'Georgia' 6-max Seat #3 is the button
Seat 2: chodzewXXL ($171.19 in chips)
Seat 3: Kajind ($117 in chips)
Kajind: posts small blind $1
chodzewXXL: posts big blind $3
*** HOLE CARDS ***
Kajind: raises $3 to $6
chodzewXXL: folds
Uncalled bet ($3) returned to Kajind
Kajind collected $6 from pot
Kajind: doesn't show hand
*** SUMMARY ***
Total pot $6 | Rake $0
Seat 2: chodzewXXL (big blind) folded before Flop
Seat 3: Kajind (button) (small blind) collected ($6)


PokerStars Hand #156980815125:  Hold'em Limit ($3/$6 USD) - 2016/08/07 12:13:52 ET
Table 'Georgia' 6-max Seat #2 is the button
Seat 2: chodzewXXL ($168.19 in chips)
Seat 3: Kajind ($120 in chips)
chodzewXXL: posts small blind $1
Kajind: posts big blind $3
*** HOLE CARDS ***
chodzewXXL: raises $3 to $6
Kajind: calls $3
*** FLOP *** [2h 4c Ks]
Kajind: checks
chodzewXXL: checks
*** TURN *** [2h 4c Ks] [Kd]
Kajind: bets $6
chodzewXXL: folds
Uncalled bet ($6) returned to Kajind
Kajind collected $11.76 from pot
Kajind: doesn't show hand
*** SUMMARY ***
Total pot $12 | Rake $0.24
Board [2h 4c Ks Kd]
Seat 2: chodzewXXL (button) (small blind) folded on the Turn
Seat 3: Kajind (big blind) collected ($11.76)


PokerStars Hand #156980839442:  Hold'em Limit ($3/$6 USD) - 2016/08/07 12:14:27 ET
Table 'Georgia' 6-max Seat #3 is the button
Seat 2: chodzewXXL ($169.83 in chips)
Seat 3: Kajind ($117.76 in chips)
Kajind: posts small blind $1
chodzewXXL: posts big blind $3
*** HOLE CARDS ***
Kajind: raises $3 to $6
chodzewXXL: raises $3 to $9
Kajind: calls $3
*** FLOP *** [7s 3d Ac]
chodzewXXL: bets $3
Kajind: calls $3
*** TURN *** [7s 3d Ac] [6c]
chodzewXXL: bets $6
Kajind: calls $6
*** RIVER *** [7s 3d Ac 6c] [Kd]
chodzewXXL: bets $6
Kajind: calls $6
*** SHOW DOWN ***
chodzewXXL: shows [Ad 8c] (a pair of Aces)
Kajind: mucks hand
chodzewXXL collected $47.50 from pot
*** SUMMARY ***
Total pot $48 | Rake $0.50
Board [7s 3d Ac 6c Kd]
Seat 2: chodzewXXL (big blind) showed [Ad 8c] and won ($47.50) with a pair of Aces
Seat 3: Kajind (button) (small blind) mucked


PokerStars Hand #156980849569:  Hold'em Limit ($3/$6 USD) - 2016/08/07 12:14:41 ET
Table 'Georgia' 6-max Seat #2 is the button
Seat 2: chodzewXXL ($193.33 in chips)
Seat 3: Kajind ($93.76 in chips)
chodzewXXL: posts small blind $1
Kajind: posts big blind $3
*** HOLE CARDS ***
chodzewXXL: calls $2
Kajind: raises $3 to $6
chodzewXXL: calls $3
*** FLOP *** [Kh 5c As]
Kajind: bets $3
chodzewXXL: calls $3
*** TURN *** [Kh 5c As] [9h]
Kajind: checks
chodzewXXL: bets $6
Kajind: calls $6
*** RIVER *** [Kh 5c As 9h] [9s]
Kajind: checks
chodzewXXL: bets $6
Kajind: calls $6
*** SHOW DOWN ***
chodzewXXL: shows [9d Kc] (a full house, Nines full of Kings)
Kajind: mucks hand
chodzewXXL collected $41.50 from pot
*** SUMMARY ***
Total pot $42 | Rake $0.50
Board [Kh 5c As 9h 9s]
Seat 2: chodzewXXL (button) (small blind) showed [9d Kc] and won ($41.50) with a full house, Nines full of Kings
Seat 3: Kajind (big blind) mucked


PokerStars Hand #156980866071:  Hold'em Limit ($3/$6 USD) - 2016/08/07 12:15:05 ET
Table 'Georgia' 6-max Seat #3 is the button
Seat 2: chodzewXXL ($213.83 in chips)
Seat 3: Kajind ($72.76 in chips)
Kajind: posts small blind $1
chodzewXXL: posts big blind $3
*** HOLE CARDS ***
Kajind: raises $3 to $6
chodzewXXL: calls $3
*** FLOP *** [4s Kh 9h]
chodzewXXL: checks
Kajind: bets $3
chodzewXXL: raises $3 to $6
Kajind: calls $3
*** TURN *** [4s Kh 9h] [Qc]
chodzewXXL: bets $6
Kajind: calls $6
*** RIVER *** [4s Kh 9h Qc] [Qh]
chodzewXXL: bets $6
Kajind: calls $6
*** SHOW DOWN ***
chodzewXXL: shows [3c Kc] (two pair, Kings and Queens)
Kajind: mucks hand
chodzewXXL collected $47.50 from pot
*** SUMMARY ***
Total pot $48 | Rake $0.50
Board [4s Kh 9h Qc Qh]
Seat 2: chodzewXXL (big blind) showed [3c Kc] and won ($47.50) with two pair, Kings and Queens
Seat 3: Kajind (button) (small blind) mucked


PokerStars Hand #156980896833:  Hold'em Limit ($3/$6 USD) - 2016/08/07 12:15:50 ET
Table 'Georgia' 6-max Seat #2 is the button
Seat 2: chodzewXXL ($235.33 in chips)
Seat 3: Kajind ($73.88 in chips)
chodzewXXL: posts small blind $1
Kajind: posts big blind $3
*** HOLE CARDS ***
chodzewXXL: raises $3 to $6
Kajind: calls $3
*** FLOP *** [Js 2d As]
Kajind: checks
chodzewXXL: bets $3
Kajind: folds
Uncalled bet ($3) returned to chodzewXXL
chodzewXXL collected $11.76 from pot
chodzewXXL: doesn't show hand
*** SUMMARY ***
Total pot $12 | Rake $0.24
Board [Js 2d As]
Seat 2: chodzewXXL (button) (small blind) collected ($11.76)
Seat 3: Kajind (big blind) folded on the Flop


PokerStars Hand #156980893839:  Hold'em Limit ($3/$6 USD) - 2016/08/07 12:15:46 ET
Table 'Georgia' 6-max Seat #3 is the button
Seat 2: chodzewXXL ($234.33 in chips)
Seat 3: Kajind ($74.88 in chips)
Kajind: posts small blind $1
chodzewXXL: posts big blind $3
*** HOLE CARDS ***
Kajind: folds
Uncalled bet ($2) returned to chodzewXXL
chodzewXXL collected $2 from pot
chodzewXXL: doesn't show hand
*** SUMMARY ***
Total pot $2 | Rake $0
Seat 2: chodzewXXL (big blind) collected ($2)
Seat 3: Kajind (button) (small blind) folded before Flop


PokerStars Hand #156980890832:  Hold'em Limit ($3/$6 USD) - 2016/08/07 12:15:41 ET
Table 'Georgia' 6-max Seat #2 is the button
Seat 2: chodzewXXL ($235.33 in chips)
Seat 3: Kajind ($73.88 in chips)
chodzewXXL: posts small blind $1
Kajind: posts big blind $3
*** HOLE CARDS ***
chodzewXXL: folds
Uncalled bet ($2) returned to Kajind
Kajind collected $2 from pot
Kajind: doesn't show hand
*** SUMMARY ***
Total pot $2 | Rake $0
Seat 2: chodzewXXL (button) (small blind) folded before Flop
Seat 3: Kajind (big blind) collected ($2)


PokerStars Hand #156980887632:  Hold'em Limit ($3/$6 USD) - 2016/08/07 12:15:37 ET
Table 'Georgia' 6-max Seat #3 is the button
Seat 2: chodzewXXL ($234.33 in chips)
Seat 3: Kajind ($74.88 in chips)
Kajind: posts small blind $1
chodzewXXL: posts big blind $3
*** HOLE CARDS ***
Kajind: folds
Uncalled bet ($2) returned to chodzewXXL
chodzewXXL collected $2 from pot
chodzewXXL: doesn't show hand
*** SUMMARY ***
Total pot $2 | Rake $0
Seat 2: chodzewXXL (big blind) collected ($2)
Seat 3: Kajind (button) (small blind) folded before Flop


PokerStars Hand #156980915933:  Hold'em Limit ($3/$6 USD) - 2016/08/07 12:16:18 ET
Table 'Georgia' 6-max Seat #2 is the button
Seat 2: chodzewXXL ($267.59 in chips)
Seat 3: Kajind ($72 in chips)
chodzewXXL: posts small blind $1
Kajind: posts big blind $3
*** HOLE CARDS ***
chodzewXXL: folds
Uncalled bet ($2) returned to Kajind
Kajind collected $2 from pot
Kajind: doesn't show hand
*** SUMMARY ***
Total pot $2 | Rake $0
Seat 2: chodzewXXL (button) (small blind) folded before Flop
Seat 3: Kajind (big blind) collected ($2)


PokerStars Hand #156980878584:  Hold'em Limit ($3/$6 USD) - 2016/08/07 12:15:23 ET
Table 'Georgia' 6-max Seat #2 is the button
Seat 2: chodzewXXL ($237.33 in chips)
Seat 3: Kajind ($72 in chips)
chodzewXXL: posts small blind $1
Kajind: posts big blind $3
*** HOLE CARDS ***
chodzewXXL: calls $2
Kajind: checks
*** FLOP *** [8d 3h 7c]
Kajind: checks
chodzewXXL: checks
*** TURN *** [8d 3h 7c] [Tc]
Kajind: bets $6
chodzewXXL: folds
Uncalled bet ($6) returned to Kajind
Kajind collected $5.88 from pot
Kajind: doesn't show hand
*** SUMMARY ***
Total pot $6 | Rake $0.12
Board [8d 3h 7c Tc]
Seat 2: chodzewXXL (button) (small blind) folded on the Turn
Seat 3: Kajind (big blind) collected ($5.88)


PokerStars Hand #156980903840:  Hold'em Limit ($3/$6 USD) - 2016/08/07 12:16:00 ET
Table 'Georgia' 6-max Seat #3 is the button
Seat 2: chodzewXXL ($241.09 in chips)
Seat 3: Kajind ($72 in chips)
Kajind: posts small blind $1
chodzewXXL: posts big blind $3
*** HOLE CARDS ***
Kajind: raises $3 to $6
chodzewXXL: calls $3
*** FLOP *** [8h 2s 7s]
chodzewXXL: checks
Kajind: bets $3
chodzewXXL: calls $3
*** TURN *** [8h 2s 7s] [Qs]
chodzewXXL: checks
Kajind: bets $6
chodzewXXL: raises $6 to $12
Kajind: calls $6
*** RIVER *** [8h 2s 7s Qs] [3d]
chodzewXXL: bets $6
Kajind: calls $6
*** SHOW DOWN ***
chodzewXXL: shows [8s 7d] (two pair, Eights and Sevens)
Kajind: mucks hand
chodzewXXL collected $53.50 from pot
*** SUMMARY ***
Total pot $54 | Rake $0.50
Board [8h 2s 7s Qs 3d]
Seat 2: chodzewXXL (big blind) showed [8s 7d] and won ($53.50) with two pair, Eights and Sevens
Seat 3: Kajind (button) (small blind) mucked


PokerStars Hand #156980926411:  Hold'em Limit ($3/$6 USD) - 2016/08/07 12:16:33 ET
Table 'Georgia' 6-max Seat #2 is the button
Seat 2: chodzewXXL ($263.59 in chips)
Seat 3: Kajind ($76 in chips)
chodzewXXL: posts small blind $1
Kajind: posts big blind $3
*** HOLE CARDS ***
chodzewXXL: folds
Uncalled bet ($2) returned to Kajind
Kajind collected $2 from pot
Kajind: doesn't show hand
*** SUMMARY ***
Total pot $2 | Rake $0
Seat 2: chodzewXXL (button) (small blind) folded before Flop
Seat 3: Kajind (big blind) collected ($2)


PokerStars Hand #156980921986:  Hold'em Limit ($3/$6 USD) - 2016/08/07 12:16:26 ET
Table 'Georgia' 6-max Seat #3 is the button
Seat 2: chodzewXXL ($266.59 in chips)
Seat 3: Kajind ($73 in chips)
Kajind: posts small blind $1
chodzewXXL: posts big blind $3
*** HOLE CARDS ***
Kajind: raises $3 to $6
chodzewXXL: folds
Uncalled bet ($3) returned to Kajind
Kajind collected $6 from pot
Kajind: doesn't show hand
*** SUMMARY ***
Total pot $6 | Rake $0
Seat 2: chodzewXXL (big blind) folded before Flop
Seat 3: Kajind (button) (small blind) collected ($6)


PokerStars Hand #156980936380:  Hold'em Limit ($3/$6 USD) - 2016/08/07 12:16:47 ET
Table 'Georgia' 6-max Seat #2 is the button
Seat 2: chodzewXXL ($256.59 in chips)
Seat 3: Kajind ($82.76 in chips)
chodzewXXL: posts small blind $1
Kajind: posts big blind $3
*** HOLE CARDS ***
chodzewXXL: raises $3 to $6
Kajind: calls $3
*** FLOP *** [Qh 7c Ks]
Kajind: checks
chodzewXXL: bets $3
Kajind: calls $3
*** TURN *** [Qh 7c Ks] [Kc]
Kajind: checks
chodzewXXL: bets $6
Kajind: folds
Uncalled bet ($6) returned to chodzewXXL
chodzewXXL collected $17.64 from pot
chodzewXXL: doesn't show hand
*** SUMMARY ***
Total pot $18 | Rake $0.36
Board [Qh 7c Ks Kc]
Seat 2: chodzewXXL (button) (small blind) collected ($17.64)
Seat 3: Kajind (big blind) folded on the Turn


PokerStars Hand #156980929666:  Hold'em Limit ($3/$6 USD) - 2016/08/07 12:16:37 ET
Table 'Georgia' 6-max Seat #3 is the button
Seat 2: chodzewXXL ($262.59 in chips)
Seat 3: Kajind ($77 in chips)
Kajind: posts small blind $1
chodzewXXL: posts big blind $3
*** HOLE CARDS ***
Kajind: raises $3 to $6
chodzewXXL: calls $3
*** FLOP *** [2c 6s Qh]
chodzewXXL: checks
Kajind: bets $3
chodzewXXL: folds
Uncalled bet ($3) returned to Kajind
Kajind collected $11.76 from pot
Kajind: doesn't show hand
*** SUMMARY ***
Total pot $12 | Rake $0.24
Board [2c 6s Qh]
Seat 2: chodzewXXL (big blind) folded on the Flop
Seat 3: Kajind (button) (small blind) collected ($11.76)


PokerStars Hand #156983183234:  Hold'em Limit ($3/$6 USD) - 2016/08/07 13:09:41 ET
Table 'Georgia' 6-max Seat #2 is the button
Seat 2: fugu82 ($114 in chips)
Seat 3: siliciom ($77.76 in chips)
fugu82: posts small blind $1
siliciom: posts big blind $3
*** HOLE CARDS ***
fugu82: raises $3 to $6
siliciom: calls $3
*** FLOP *** [Qc 9h Jd]
siliciom: checks
fugu82: bets $3
siliciom: raises $3 to $6
fugu82: calls $3
*** TURN *** [Qc 9h Jd] [5h]
siliciom: bets $6
fugu82: calls $6
*** RIVER *** [Qc 9h Jd 5h] [8s]
siliciom: bets $6
fugu82: folds
Uncalled bet ($6) returned to siliciom
siliciom collected $35.50 from pot
*** SUMMARY ***
Total pot $36 | Rake $0.50
Board [Qc 9h Jd 5h 8s]
Seat 2: fugu82 (button) (small blind) folded on the River
Seat 3: siliciom (big blind) collected ($35.50)


PokerStars Hand #156985226493:  Hold'em Limit ($3/$6 USD) - 2016/08/07 13:52:35 ET
Table 'Georgia' 6-max Seat #4 is the button
Seat 1: M4st4Ac3AA ($60 in chips)
Seat 4: Murrrr_@T ($100 in chips)
Murrrr_@T: posts small blind $1
M4st4Ac3AA: posts big blind $3
*** HOLE CARDS ***
Murrrr_@T: raises $3 to $6
M4st4Ac3AA: calls $3
*** FLOP *** [2c 4h Js]
M4st4Ac3AA: checks
Murrrr_@T: bets $3
M4st4Ac3AA: calls $3
*** TURN *** [2c 4h Js] [5d]
M4st4Ac3AA: checks
Murrrr_@T: checks
*** RIVER *** [2c 4h Js 5d] [Jd]
M4st4Ac3AA: bets $6
Murrrr_@T: folds
Uncalled bet ($6) returned to M4st4Ac3AA
M4st4Ac3AA collected $17.64 from pot
M4st4Ac3AA: doesn't show hand
*** SUMMARY ***
Total pot $18 | Rake $0.36
Board [2c 4h Js 5d Jd]
Seat 1: M4st4Ac3AA (big blind) collected ($17.64)
Seat 4: Murrrr_@T (button) (small blind) folded on the River


PokerStars Hand #156985289907:  Hold'em Limit ($3/$6 USD) - 2016/08/07 13:53:55 ET
Table 'Georgia' 6-max Seat #4 is the button
Seat 1: M4st4Ac3AA ($76.14 in chips)
Seat 4: Murrrr_@T ($101 in chips)
Murrrr_@T: posts small blind $1
M4st4Ac3AA: posts big blind $3
*** HOLE CARDS ***
Murrrr_@T: raises $3 to $6
M4st4Ac3AA: calls $3
*** FLOP *** [Qh Td 5c]
M4st4Ac3AA: checks
Murrrr_@T: bets $3
M4st4Ac3AA: raises $3 to $6
Murrrr_@T: calls $3
*** TURN *** [Qh Td 5c] [Kh]
M4st4Ac3AA: bets $6
Murrrr_@T: raises $6 to $12
M4st4Ac3AA: folds
Uncalled bet ($6) returned to Murrrr_@T
Murrrr_@T collected $35.50 from pot
Murrrr_@T: doesn't show hand
*** SUMMARY ***
Total pot $36 | Rake $0.50
Board [Qh Td 5c Kh]
Seat 1: M4st4Ac3AA (big blind) folded on the Turn
Seat 4: Murrrr_@T (button) (small blind) collected ($35.50)


PokerStars Hand #156985285391:  Hold'em Limit ($3/$6 USD) - 2016/08/07 13:53:49 ET
Table 'Georgia' 6-max Seat #1 is the button
Seat 1: M4st4Ac3AA ($77.14 in chips)
Seat 4: Murrrr_@T ($100 in chips)
M4st4Ac3AA: posts small blind $1
Murrrr_@T: posts big blind $3
*** HOLE CARDS ***
M4st4Ac3AA: folds
Uncalled bet ($2) returned to Murrrr_@T
Murrrr_@T collected $2 from pot
Murrrr_@T: doesn't show hand
*** SUMMARY ***
Total pot $2 | Rake $0
Seat 1: M4st4Ac3AA (button) (small blind) folded before Flop
Seat 4: Murrrr_@T (big blind) collected ($2)


PokerStars Hand #156985269502:  Hold'em Limit ($3/$6 USD) - 2016/08/07 13:53:29 ET
Table 'Georgia' 6-max Seat #4 is the button
Seat 1: M4st4Ac3AA ($53.64 in chips)
Seat 4: Murrrr_@T ($114.50 in chips)
Murrrr_@T: posts small blind $1
M4st4Ac3AA: posts big blind $3
*** HOLE CARDS ***
Murrrr_@T: raises $3 to $6
M4st4Ac3AA: raises $3 to $9
Murrrr_@T: calls $3
*** FLOP *** [3s 5c Kc]
M4st4Ac3AA: bets $3
Murrrr_@T: calls $3
*** TURN *** [3s 5c Kc] [3h]
M4st4Ac3AA: bets $6
Murrrr_@T: calls $6
*** RIVER *** [3s 5c Kc 3h] [6s]
M4st4Ac3AA: bets $6
Murrrr_@T: calls $6
*** SHOW DOWN ***
M4st4Ac3AA: shows [Ah Kd] (two pair, Kings and Threes)
Murrrr_@T: mucks hand
M4st4Ac3AA collected $47.50 from pot
*** SUMMARY ***
Total pot $48 | Rake $0.50
Board [3s 5c Kc 3h 6s]
Seat 1: M4st4Ac3AA (big blind) showed [Ah Kd] and won ($47.50) with two pair, Kings and Threes
Seat 4: Murrrr_@T (button) (small blind) mucked


PokerStars Hand #156985250311:  Hold'em Limit ($3/$6 USD) - 2016/08/07 13:53:05 ET
Table 'Georgia' 6-max Seat #1 is the button
Seat 1: M4st4Ac3AA ($68.64 in chips)
Seat 4: Murrrr_@T ($100 in chips)
M4st4Ac3AA: posts small blind $1
Murrrr_@T: posts big blind $3
*** HOLE CARDS ***
M4st4Ac3AA: raises $3 to $6
Murrrr_@T: calls $3
*** FLOP *** [Jd 7s Ad]
Murrrr_@T: checks
M4st4Ac3AA: bets $3
Murrrr_@T: calls $3
*** TURN *** [Jd 7s Ad] [8c]
Murrrr_@T: checks
M4st4Ac3AA: bets $6
Murrrr_@T: calls $6
*** RIVER *** [Jd 7s Ad 8c] [8s]
Murrrr_@T: checks
M4st4Ac3AA: checks
*** SHOW DOWN ***
Murrrr_@T: shows [5c 7d] (two pair, Eights and Sevens)
M4st4Ac3AA: mucks hand
Murrrr_@T collected $29.50 from pot
*** SUMMARY ***
Total pot $30 | Rake $0.50
Board [Jd 7s Ad 8c 8s]
Seat 1: M4st4Ac3AA (button) (small blind) mucked
Seat 4: Murrrr_@T (big blind) showed [5c 7d] and won ($29.50) with two pair, Eights and Sevens


PokerStars Hand #156985315018:  Hold'em Limit ($3/$6 USD) - 2016/08/07 13:54:27 ET
Table 'Georgia' 6-max Seat #1 is the button
Seat 1: M4st4Ac3AA ($58.14 in chips)
Seat 4: Murrrr_@T ($118.50 in chips)
M4st4Ac3AA: posts small blind $1
Murrrr_@T: posts big blind $3
*** HOLE CARDS ***
M4st4Ac3AA: raises $3 to $6
Murrrr_@T: raises $3 to $9
M4st4Ac3AA: calls $3
*** FLOP *** [5d 7h Th]
Murrrr_@T: bets $3
M4st4Ac3AA: calls $3
*** TURN *** [5d 7h Th] [9s]
Murrrr_@T: checks
M4st4Ac3AA: checks
*** RIVER *** [5d 7h Th 9s] [2h]
Murrrr_@T: checks
M4st4Ac3AA: checks
*** SHOW DOWN ***
Murrrr_@T: shows [Qs Kd] (high card King)
M4st4Ac3AA: shows [Ad 3s] (high card Ace)
M4st4Ac3AA collected $23.52 from pot
*** SUMMARY ***
Total pot $24 | Rake $0.48
Board [5d 7h Th 9s 2h]
Seat 1: M4st4Ac3AA (button) (small blind) showed [Ad 3s] and won ($23.52) with high card Ace
Seat 4: Murrrr_@T (big blind) showed [Qs Kd] and lost with high card King


PokerStars Hand #156985368106:  Hold'em Limit ($3/$6 USD) - 2016/08/07 13:55:47 ET
Table 'Georgia' 6-max Seat #4 is the button
Seat 1: M4st4Ac3AA ($15.66 in chips)
Seat 4: Murrrr_@T ($159.64 in chips)
Murrrr_@T: posts small blind $1
M4st4Ac3AA: posts big blind $3
*** HOLE CARDS ***
Murrrr_@T: raises $3 to $6
M4st4Ac3AA: folds
Uncalled bet ($3) returned to Murrrr_@T
Murrrr_@T collected $6 from pot
Murrrr_@T: doesn't show hand
*** SUMMARY ***
Total pot $6 | Rake $0
Seat 1: M4st4Ac3AA (big blind) folded before Flop
Seat 4: Murrrr_@T (button) (small blind) collected ($6)


PokerStars Hand #156985360363:  Hold'em Limit ($3/$6 USD) - 2016/08/07 13:55:32 ET
Table 'Georgia' 6-max Seat #1 is the button
Seat 1: M4st4Ac3AA ($24.66 in chips)
Seat 4: Murrrr_@T ($151 in chips)
M4st4Ac3AA: posts small blind $1
Murrrr_@T: posts big blind $3
*** HOLE CARDS ***
tante_matild joins the table at seat #3
M4st4Ac3AA: raises $3 to $6
Murrrr_@T: calls $3
*** FLOP *** [5d 2s Qd]
Murrrr_@T: checks
M4st4Ac3AA: bets $3
Murrrr_@T: raises $3 to $6
M4st4Ac3AA: folds
Uncalled bet ($3) returned to Murrrr_@T
Murrrr_@T collected $17.64 from pot
Murrrr_@T: doesn't show hand
*** SUMMARY ***
Total pot $18 | Rake $0.36
Board [5d 2s Qd]
Seat 1: M4st4Ac3AA (button) (small blind) folded on the Flop
Seat 4: Murrrr_@T (big blind) collected ($17.64)


PokerStars Hand #156985338010:  Hold'em Limit ($3/$6 USD) - 2016/08/07 13:54:56 ET
Table 'Georgia' 6-max Seat #4 is the button
Seat 1: M4st4Ac3AA ($69.66 in chips)
Seat 4: Murrrr_@T ($106.50 in chips)
Murrrr_@T: posts small blind $1
M4st4Ac3AA: posts big blind $3
*** HOLE CARDS ***
Murrrr_@T: raises $3 to $6
M4st4Ac3AA: calls $3
*** FLOP *** [4s 5d 3h]
M4st4Ac3AA: checks
Murrrr_@T: bets $3
M4st4Ac3AA: raises $3 to $6
Murrrr_@T: raises $3 to $9
M4st4Ac3AA: calls $3
*** TURN *** [4s 5d 3h] [Tc]
M4st4Ac3AA: checks
Murrrr_@T: bets $6
M4st4Ac3AA: calls $6
*** RIVER *** [4s 5d 3h Tc] [As]
M4st4Ac3AA: bets $6
Murrrr_@T: raises $6 to $12
M4st4Ac3AA: raises $6 to $18
Murrrr_@T: raises $6 to $24
Betting is capped
M4st4Ac3AA: calls $6
*** SHOW DOWN ***
Murrrr_@T: shows [6h 7s] (a straight, Three to Seven)
M4st4Ac3AA: mucks hand
Murrrr_@T collected $89.50 from pot
*** SUMMARY ***
Total pot $90 | Rake $0.50
Board [4s 5d 3h Tc As]
Seat 1: M4st4Ac3AA (big blind) mucked
Seat 4: Murrrr_@T (button) (small blind) showed [6h 7s] and won ($89.50) with a straight, Three to Seven


PokerStars Hand #156990690872:  Hold'em Limit ($3/$6 USD) - 2016/08/07 15:44:29 ET
Table 'Georgia' 6-max Seat #2 is the button
Seat 2: Hannibal2211 ($144.33 in chips)
Seat 6: RaisemyNut$ ($60 in chips)
Hannibal2211: posts small blind $1
RaisemyNut$: posts big blind $3
*** HOLE CARDS ***
Hannibal2211: raises $3 to $6
RaisemyNut$: folds
Uncalled bet ($3) returned to Hannibal2211
Hannibal2211 collected $6 from pot
*** SUMMARY ***
Total pot $6 | Rake $0
Seat 2: Hannibal2211 (button) (small blind) collected ($6)
Seat 6: RaisemyNut$ (big blind) folded before Flop


PokerStars Hand #156990699696:  Hold'em Limit ($3/$6 USD) - 2016/08/07 15:44:39 ET
Table 'Georgia' 6-max Seat #6 is the button
Seat 2: Hannibal2211 ($147.33 in chips)
Seat 6: RaisemyNut$ ($60 in chips)
RaisemyNut$: posts small blind $1
Hannibal2211: posts big blind $3
*** HOLE CARDS ***
RaisemyNut$: raises $3 to $6
Hannibal2211: folds
Uncalled bet ($3) returned to RaisemyNut$
RaisemyNut$ collected $6 from pot
RaisemyNut$: doesn't show hand
*** SUMMARY ***
Total pot $6 | Rake $0
Seat 2: Hannibal2211 (big blind) folded before Flop
Seat 6: RaisemyNut$ (button) (small blind) collected ($6)


PokerStars Hand #156990708233:  Hold'em Limit ($3/$6 USD) - 2016/08/07 15:44:49 ET
Table 'Georgia' 6-max Seat #2 is the button
Seat 2: Hannibal2211 ($144.33 in chips)
Seat 6: RaisemyNut$ ($63 in chips)
Hannibal2211: posts small blind $1
RaisemyNut$: posts big blind $3
*** HOLE CARDS ***
Hannibal2211: raises $3 to $6
RaisemyNut$: folds
Uncalled bet ($3) returned to Hannibal2211
Hannibal2211 collected $6 from pot
*** SUMMARY ***
Total pot $6 | Rake $0
Seat 2: Hannibal2211 (button) (small blind) collected ($6)
Seat 6: RaisemyNut$ (big blind) folded before Flop


PokerStars Hand #156990720124:  Hold'em Limit ($3/$6 USD) - 2016/08/07 15:45:03 ET
Table 'Georgia' 6-max Seat #6 is the button
Seat 2: Hannibal2211 ($147.33 in chips)
Seat 6: RaisemyNut$ ($60 in chips)
RaisemyNut$: posts small blind $1
Hannibal2211: posts big blind $3
*** HOLE CARDS ***
RaisemyNut$: raises $3 to $6
Hannibal2211: calls $3
*** FLOP *** [Qd Tc 5d]
Hannibal2211: checks
RaisemyNut$: bets $3
Hannibal2211: raises $3 to $6
RaisemyNut$: folds
Uncalled bet ($3) returned to Hannibal2211
Hannibal2211 collected $17.64 from pot
*** SUMMARY ***
Total pot $18 | Rake $0.36
Board [Qd Tc 5d]
Seat 2: Hannibal2211 (big blind) collected ($17.64)
Seat 6: RaisemyNut$ (button) (small blind) folded on the Flop


PokerStars Hand #156990733602:  Hold'em Limit ($3/$6 USD) - 2016/08/07 15:45:19 ET
Table 'Georgia' 6-max Seat #2 is the button
Seat 2: Hannibal2211 ($155.97 in chips)
Seat 6: RaisemyNut$ ($60 in chips)
Hannibal2211: posts small blind $1
RaisemyNut$: posts big blind $3
*** HOLE CARDS ***
Hannibal2211: raises $3 to $6
RaisemyNut$: raises $3 to $9
Hannibal2211: raises $3 to $12
Betting is capped
RaisemyNut$: calls $3
*** FLOP *** [6h 7c Th]
RaisemyNut$: checks
Hannibal2211: bets $3
RaisemyNut$: raises $3 to $6
Hannibal2211: raises $3 to $9
RaisemyNut$: calls $3
*** TURN *** [6h 7c Th] [As]
RaisemyNut$: checks
Hannibal2211: bets $6
RaisemyNut$: calls $6
*** RIVER *** [6h 7c Th As] [3c]
RaisemyNut$: checks
Hannibal2211: bets $6
RaisemyNut$: folds
Uncalled bet ($6) returned to Hannibal2211
Hannibal2211 collected $53.50 from pot
*** SUMMARY ***
Total pot $54 | Rake $0.50
Board [6h 7c Th As 3c]
Seat 2: Hannibal2211 (button) (small blind) collected ($53.50)
Seat 6: RaisemyNut$ (big blind) folded on the River


