PokerStars Hand #156223767335:  Hold'em Limit ($3/$6 USD) - 2016/07/20 14:57:01 ET
Table 'Georgia' 6-max Seat #6 is the button
Seat 1: hairy1961 ($85.50 in chips)
Seat 6: MTails ($94 in chips)
MTails: posts small blind $1
hairy1961: posts big blind $3
*** HOLE CARDS ***
MTails: raises $3 to $6
hairy1961: calls $3
*** FLOP *** [Jc 4s 4c]
hairy1961: bets $3
MTails: raises $3 to $6
hairy1961: folds
Uncalled bet ($3) returned to MTails
MTails collected $17.64 from pot
*** SUMMARY ***
Total pot $18 | Rake $0.36
Board [Jc 4s 4c]
Seat 1: hairy1961 (big blind) folded on the Flop
Seat 6: MTails (button) (small blind) collected ($17.64)


PokerStars Hand #156223764064:  Hold'em Limit ($3/$6 USD) - 2016/07/20 14:56:56 ET
Table 'Georgia' 6-max Seat #1 is the button
Seat 1: hairy1961 ($86.50 in chips)
Seat 6: MTails ($93 in chips)
hairy1961: posts small blind $1
MTails: posts big blind $3
*** HOLE CARDS ***
hairy1961: folds
Uncalled bet ($2) returned to MTails
MTails collected $2 from pot
*** SUMMARY ***
Total pot $2 | Rake $0
Seat 1: hairy1961 (button) (small blind) folded before Flop
Seat 6: MTails (big blind) collected ($2)


PokerStars Hand #156223741978:  Hold'em Limit ($3/$6 USD) - 2016/07/20 14:56:17 ET
Table 'Georgia' 6-max Seat #6 is the button
Seat 1: hairy1961 ($60 in chips)
Seat 6: MTails ($120 in chips)
MTails: posts small blind $1
hairy1961: posts big blind $3
*** HOLE CARDS ***
MTails: raises $3 to $6
hairy1961: calls $3
*** FLOP *** [5s 5d 8c]
hairy1961: checks
MTails: bets $3
hairy1961: calls $3
*** TURN *** [5s 5d 8c] [4c]
hairy1961: checks
MTails: bets $6
hairy1961: raises $6 to $12
MTails: calls $6
*** RIVER *** [5s 5d 8c 4c] [2d]
hairy1961: bets $6
MTails: calls $6
*** SHOW DOWN ***
hairy1961: shows [4s 4h] (a full house, Fours full of Fives)
MTails: mucks hand
hairy1961 collected $53.50 from pot
*** SUMMARY ***
Total pot $54 | Rake $0.50
Board [5s 5d 8c 4c 2d]
Seat 1: hairy1961 (big blind) showed [4s 4h] and won ($53.50) with a full house, Fours full of Fives
Seat 6: MTails (button) (small blind) mucked


PokerStars Hand #156223811478:  Hold'em Limit ($3/$6 USD) - 2016/07/20 14:58:18 ET
Table 'Georgia' 6-max Seat #6 is the button
Seat 1: hairy1961 ($87.75 in chips)
Seat 6: MTails ($90.03 in chips)
MTails: posts small blind $1
hairy1961: posts big blind $3
*** HOLE CARDS ***
MTails: raises $3 to $6
hairy1961: folds
Uncalled bet ($3) returned to MTails
MTails collected $6 from pot
*** SUMMARY ***
Total pot $6 | Rake $0
Seat 1: hairy1961 (big blind) folded before Flop
Seat 6: MTails (button) (small blind) collected ($6)


PokerStars Hand #156223799457:  Hold'em Limit ($3/$6 USD) - 2016/07/20 14:57:57 ET
Table 'Georgia' 6-max Seat #1 is the button
Seat 1: hairy1961 ($67.25 in chips)
Seat 6: MTails ($111.03 in chips)
hairy1961: posts small blind $1
MTails: posts big blind $3
*** HOLE CARDS ***
hairy1961: raises $3 to $6
MTails: calls $3
*** FLOP *** [3c Qh 5c]
MTails: checks
hairy1961: bets $3
MTails: calls $3
*** TURN *** [3c Qh 5c] [5d]
MTails: checks
hairy1961: bets $6
MTails: calls $6
*** RIVER *** [3c Qh 5c 5d] [5s]
MTails: checks
hairy1961: bets $6
MTails: calls $6
*** SHOW DOWN ***
hairy1961: shows [Qd 6s] (a full house, Fives full of Queens)
MTails: mucks hand
hairy1961 collected $41.50 from pot
*** SUMMARY ***
Total pot $42 | Rake $0.50
Board [3c Qh 5c 5d 5s]
Seat 1: hairy1961 (button) (small blind) showed [Qd 6s] and won ($41.50) with a full house, Fives full of Queens
Seat 6: MTails (big blind) mucked


PokerStars Hand #156223785299:  Hold'em Limit ($3/$6 USD) - 2016/07/20 14:57:33 ET
Table 'Georgia' 6-max Seat #6 is the button
Seat 1: hairy1961 ($76.25 in chips)
Seat 6: MTails ($102.39 in chips)
MTails: posts small blind $1
hairy1961: posts big blind $3
*** HOLE CARDS ***
MTails: raises $3 to $6
hairy1961: calls $3
*** FLOP *** [Td 2s 7s]
hairy1961: checks
MTails: bets $3
hairy1961: calls $3
*** TURN *** [Td 2s 7s] [5s]
hairy1961: checks
MTails: bets $6
hairy1961: folds
Uncalled bet ($6) returned to MTails
MTails collected $17.64 from pot
*** SUMMARY ***
Total pot $18 | Rake $0.36
Board [Td 2s 7s 5s]
Seat 1: hairy1961 (big blind) folded on the Turn
Seat 6: MTails (button) (small blind) collected ($17.64)


PokerStars Hand #156223775479:  Hold'em Limit ($3/$6 USD) - 2016/07/20 14:57:16 ET
Table 'Georgia' 6-max Seat #1 is the button
Seat 1: hairy1961 ($76.50 in chips)
Seat 6: MTails ($102.64 in chips)
hairy1961: posts small blind $1
MTails: posts big blind $3
*** HOLE CARDS ***
hairy1961: raises $3 to $6
MTails: calls $3
*** FLOP *** [2s Ks 4s]
MTails: checks
hairy1961: bets $3
MTails: calls $3
*** TURN *** [2s Ks 4s] [Js]
MTails: checks
hairy1961: checks
*** RIVER *** [2s Ks 4s Js] [5s]
MTails: bets $6
hairy1961: calls $6
*** SHOW DOWN ***
MTails: shows [9h 2h] (a flush, King high)
hairy1961: shows [Kd Jc] (a flush, King high)
MTails collected $14.75 from pot
hairy1961 collected $14.75 from pot
*** SUMMARY ***
Total pot $30 | Rake $0.50
Board [2s Ks 4s Js 5s]
Seat 1: hairy1961 (button) (small blind) showed [Kd Jc] and won ($14.75) with a flush, King high
Seat 6: MTails (big blind) showed [9h 2h] and won ($14.75) with a flush, King high


PokerStars Hand #156223830079:  Hold'em Limit ($3/$6 USD) - 2016/07/20 14:58:50 ET
Table 'Georgia' 6-max Seat #6 is the button
Seat 1: hairy1961 ($114.25 in chips)
Seat 6: MTails ($63.03 in chips)
MTails: posts small blind $1
hairy1961: posts big blind $3
*** HOLE CARDS ***
MTails: raises $3 to $6
hairy1961: calls $3
*** FLOP *** [5d 3h 5c]
hairy1961: checks
MTails: bets $3
hairy1961: calls $3
*** TURN *** [5d 3h 5c] [7d]
hairy1961: checks
MTails: bets $6
hairy1961: calls $6
*** RIVER *** [5d 3h 5c 7d] [7h]
hairy1961: checks
MTails: bets $6
hairy1961: calls $6
*** SHOW DOWN ***
MTails: shows [9s 7s] (a full house, Sevens full of Fives)
hairy1961: mucks hand
MTails collected $41.50 from pot
*** SUMMARY ***
Total pot $42 | Rake $0.50
Board [5d 3h 5c 7d 7h]
Seat 1: hairy1961 (big blind) mucked
Seat 6: MTails (button) (small blind) showed [9s 7s] and won ($41.50) with a full house, Sevens full of Fives


PokerStars Hand #156223815255:  Hold'em Limit ($3/$6 USD) - 2016/07/20 14:58:25 ET
Table 'Georgia' 6-max Seat #1 is the button
Seat 1: hairy1961 ($84.75 in chips)
Seat 6: MTails ($93.03 in chips)
hairy1961: posts small blind $1
MTails: posts big blind $3
*** HOLE CARDS ***
hairy1961: raises $3 to $6
MTails: raises $3 to $9
hairy1961: calls $3
*** FLOP *** [3c 8h 7s]
MTails: bets $3
hairy1961: calls $3
*** TURN *** [3c 8h 7s] [5h]
MTails: checks
hairy1961: bets $6
Helland joins the table at seat #2
MTails: raises $6 to $12
hairy1961: calls $6
*** RIVER *** [3c 8h 7s 5h] [4c]
MTails: bets $6
hairy1961: calls $6
*** SHOW DOWN ***
MTails: shows [3h 3s] (three of a kind, Threes)
hairy1961: shows [4s 4d] (three of a kind, Fours)
hairy1961 collected $59.50 from pot
*** SUMMARY ***
Total pot $60 | Rake $0.50
Board [3c 8h 7s 5h 4c]
Seat 1: hairy1961 (button) (small blind) showed [4s 4d] and won ($59.50) with three of a kind, Fours
Seat 6: MTails (big blind) showed [3h 3s] and lost with three of a kind, Threes


PokerStars Hand #156223897251:  Hold'em Limit ($3/$6 USD) - 2016/07/20 15:00:42 ET
Table 'Georgia' 6-max Seat #1 is the button
Seat 1: hairy1961 ($87.99 in chips)
Seat 2: Helland ($128.38 in chips)
hairy1961: posts small blind $1
Helland: posts big blind $3
*** HOLE CARDS ***
9superpoker9 joins the table at seat #3
vitamin168 joins the table at seat #4
hairy1961: folds
Uncalled bet ($2) returned to Helland
Helland collected $2 from pot
Helland: doesn't show hand
Necromadx joins the table at seat #5
*** SUMMARY ***
Total pot $2 | Rake $0
Seat 1: hairy1961 (button) (small blind) folded before Flop
Seat 2: Helland (big blind) collected ($2)


PokerStars Hand #156223889443:  Hold'em Limit ($3/$6 USD) - 2016/07/20 15:00:30 ET
Table 'Georgia' 6-max Seat #2 is the button
Seat 1: hairy1961 ($93.99 in chips)
Seat 2: Helland ($122.62 in chips)
Helland: posts small blind $1
MTails: is sitting out
hairy1961: posts big blind $3
*** HOLE CARDS ***
Helland: raises $3 to $6
hairy1961: calls $3
*** FLOP *** [2d Ad Ks]
hairy1961: checks
Helland: bets $3
hairy1961: folds
Uncalled bet ($3) returned to Helland
Helland collected $11.76 from pot
Helland: doesn't show hand
*** SUMMARY ***
Total pot $12 | Rake $0.24
Board [2d Ad Ks]
Seat 1: hairy1961 (big blind) folded on the Flop
Seat 2: Helland (button) (small blind) collected ($11.76)


