PokerStars Hand #158202347768:  Hold'em Limit ($3/$6 USD) - 2016/09/05 14:03:40 ET
Table 'Geraldina' 6-max Seat #1 is the button
Seat 1: thenuts999 ($188.22 in chips)
Seat 5: krytalex ($75 in chips)
koque0554 joins the table at seat #3
thenuts999: posts small blind $1
Apanage: is sitting out
krytalex: posts big blind $3
*** HOLE CARDS ***
Apanage leaves the table
thenuts999: raises $3 to $6
ValeryRon joins the table at seat #4
krytalex: calls $3
*** FLOP *** [8c 2s Ad]
krytalex: checks
thenuts999: bets $3
krytalex: raises $3 to $6
thenuts999: calls $3
*** TURN *** [8c 2s Ad] [9s]
krytalex: bets $6
thenuts999: calls $6
*** RIVER *** [8c 2s Ad 9s] [6s]
krytalex: bets $6
thenuts999: calls $6
*** SHOW DOWN ***
krytalex: shows [9c 6c] (two pair, Nines and Sixes)
thenuts999: mucks hand
krytalex collected $47.50 from pot
*** SUMMARY ***
Total pot $48 | Rake $0.50
Board [8c 2s Ad 9s 6s]
Seat 1: thenuts999 (button) (small blind) mucked
Seat 5: krytalex (big blind) showed [9c 6c] and won ($47.50) with two pair, Nines and Sixes


PokerStars Hand #158203991854:  Hold'em Limit ($3/$6 USD) - 2016/09/05 14:34:42 ET
Table 'Geraldina' 6-max Seat #2 is the button
Seat 1: marmatixx ($34.89 in chips)
Seat 2: Wurst2000 ($121.65 in chips)
Wurst2000: posts small blind $1
wobetting: is sitting out
marmatixx: posts big blind $3
*** HOLE CARDS ***
Wurst2000: raises $3 to $6
marmatixx: raises $3 to $9
Wurst2000: calls $3
*** FLOP *** [2c 9d Kd]
marmatixx: bets $3
Wurst2000: folds
Uncalled bet ($3) returned to marmatixx
marmatixx collected $17.64 from pot
*** SUMMARY ***
Total pot $18 | Rake $0.36
Board [2c 9d Kd]
Seat 1: marmatixx (big blind) collected ($17.64)
Seat 2: Wurst2000 (button) (small blind) folded on the Flop


PokerStars Hand #158204003864:  Hold'em Limit ($3/$6 USD) - 2016/09/05 14:34:56 ET
Table 'Geraldina' 6-max Seat #1 is the button
Seat 1: marmatixx ($43.53 in chips)
Seat 2: Wurst2000 ($112.65 in chips)
marmatixx: posts small blind $1
Wurst2000: posts big blind $3
*** HOLE CARDS ***
marmatixx: folds
Uncalled bet ($2) returned to Wurst2000
wobetting leaves the table
Wurst2000 collected $2 from pot
Wurst2000: doesn't show hand
marmatixx leaves the table
*** SUMMARY ***
Total pot $2 | Rake $0
Seat 1: marmatixx (button) (small blind) folded before Flop
Seat 2: Wurst2000 (big blind) collected ($2)


