PokerStars Hand #156126312969:  Hold'em Limit ($3/$6 USD) - 2016/07/18 9:47:04 ET
Table 'Geraldina II' 6-max Seat #6 is the button
Seat 4: NicoBoko ($55.05 in chips)
Seat 6: krytalex ($205.17 in chips)
krytalex: posts small blind $1
musja_kusja: is sitting out
NicoBoko: posts big blind $3
*** HOLE CARDS ***
musja_kusja leaves the table
krytalex: raises $3 to $6
NicoBoko: raises $3 to $9
krytalex: calls $3
*** FLOP *** [6s 8s 8c]
NicoBoko: bets $3
krytalex: calls $3
*** TURN *** [6s 8s 8c] [5h]
NicoBoko: checks
krytalex: checks
*** RIVER *** [6s 8s 8c 5h] [2c]
NicoBoko: checks
krytalex: checks
*** SHOW DOWN ***
NicoBoko: shows [Td Kh] (a pair of Eights)
krytalex: mucks hand
NicoBoko collected $23.52 from pot
*** SUMMARY ***
Total pot $24 | Rake $0.48
Board [6s 8s 8c 5h 2c]
Seat 4: NicoBoko (big blind) showed [Td Kh] and won ($23.52) with a pair of Eights
Seat 6: krytalex (button) (small blind) mucked


PokerStars Hand #156126360324:  Hold'em Limit ($3/$6 USD) - 2016/07/18 9:48:10 ET
Table 'Geraldina II' 6-max Seat #4 is the button
Seat 4: NicoBoko ($66.57 in chips)
Seat 6: krytalex ($193.17 in chips)
NicoBoko: posts small blind $1
krytalex: posts big blind $3
*** HOLE CARDS ***
NicoBoko: raises $3 to $6
krytalex: folds
Uncalled bet ($3) returned to NicoBoko
NicoBoko collected $6 from pot
*** SUMMARY ***
Total pot $6 | Rake $0
Seat 4: NicoBoko (button) (small blind) collected ($6)
Seat 6: krytalex (big blind) folded before Flop


PokerStars Hand #156126364744:  Hold'em Limit ($3/$6 USD) - 2016/07/18 9:48:19 ET
Table 'Geraldina II' 6-max Seat #6 is the button
Seat 4: NicoBoko ($69.57 in chips)
Seat 6: krytalex ($190.17 in chips)
krytalex: posts small blind $1
NicoBoko: posts big blind $3
*** HOLE CARDS ***
krytalex: raises $3 to $6
NicoBoko: calls $3
*** FLOP *** [6d 9h 5c]
NicoBoko: checks
krytalex: bets $3
NicoBoko: raises $3 to $6
WillemDuit joins the table at seat #1
krytalex: calls $3
*** TURN *** [6d 9h 5c] [3c]
NicoBoko: bets $6
krytalex: calls $6
*** RIVER *** [6d 9h 5c 3c] [Ks]
NicoBoko: checks
krytalex: bets $6
NicoBoko: calls $6
*** SHOW DOWN ***
krytalex: shows [7c 7s] (a pair of Sevens)
NicoBoko: shows [Qh 9s] (a pair of Nines)
NicoBoko collected $47.50 from pot
*** SUMMARY ***
Total pot $48 | Rake $0.50
Board [6d 9h 5c 3c Ks]
Seat 4: NicoBoko (big blind) showed [Qh 9s] and won ($47.50) with a pair of Nines
Seat 6: krytalex (button) (small blind) showed [7c 7s] and lost with a pair of Sevens


PokerStars Hand #156126381107:  Hold'em Limit ($3/$6 USD) - 2016/07/18 9:48:49 ET
Table 'Geraldina II' 6-max Seat #4 is the button
Seat 4: NicoBoko ($93.07 in chips)
Seat 6: krytalex ($166.17 in chips)
NicoBoko: posts small blind $1
krytalex: posts big blind $3
*** HOLE CARDS ***
NicoBoko: folds
Uncalled bet ($2) returned to krytalex
krytalex collected $2 from pot
*** SUMMARY ***
Total pot $2 | Rake $0
Seat 4: NicoBoko (button) (small blind) folded before Flop
Seat 6: krytalex (big blind) collected ($2)


