PokerStars Hand #168254955112:  Hold'em Limit ($3/$6 USD) - 2017/03/28 18:37:54 ET
Table 'Geraldina' 6-max Seat #6 is the button
Seat 3: slurpppy ($120 in chips)
Seat 6: mambofox888 ($53.40 in chips)
mambofox888: posts small blind $1
slurpppy: posts big blind $3
*** HOLE CARDS ***
mambofox888: calls $2
slurpppy: raises $3 to $6
mambofox888: calls $3
*** FLOP *** [9h Qh Jc]
slurpppy: bets $3
mambofox888: calls $3
*** TURN *** [9h Qh Jc] [4h]
slurpppy: checks
B_loJkl joins the table at seat #4
mambofox888: checks
*** RIVER *** [9h Qh Jc 4h] [5s]
slurpppy: checks
mambofox888: checks
*** SHOW DOWN ***
slurpppy: shows [Kd 6d] (high card King)
mambofox888: mucks hand
slurpppy collected $17.64 from pot
*** SUMMARY ***
Total pot $18 | Rake $0.36
Board [9h Qh Jc 4h 5s]
Seat 3: slurpppy (big blind) showed [Kd 6d] and won ($17.64) with high card King
Seat 6: mambofox888 (button) (small blind) mucked


PokerStars Hand #168255006198:  Hold'em Limit ($3/$6 USD) - 2017/03/28 18:39:06 ET
Table 'Geraldina' 6-max Seat #3 is the button
Seat 3: slurpppy ($136.35 in chips)
Seat 4: B_loJkl ($183.64 in chips)
slurpppy: posts small blind $1
B_loJkl: posts big blind $3
*** HOLE CARDS ***
slurpppy: folds
Uncalled bet ($2) returned to B_loJkl
B_loJkl collected $2 from pot
B_loJkl: doesn't show hand
*** SUMMARY ***
Total pot $2 | Rake $0
Seat 3: slurpppy (button) (small blind) folded before Flop
Seat 4: B_loJkl (big blind) collected ($2)


PokerStars Hand #168255009579:  Hold'em Limit ($3/$6 USD) - 2017/03/28 18:39:11 ET
Table 'Geraldina' 6-max Seat #4 is the button
Seat 3: slurpppy ($135.35 in chips)
Seat 4: B_loJkl ($184.64 in chips)
B_loJkl: posts small blind $1
slurpppy: posts big blind $3
*** HOLE CARDS ***
mambofox888 leaves the table
B_loJkl: raises $3 to $6
slurpppy: folds
Uncalled bet ($3) returned to B_loJkl
B_loJkl collected $6 from pot
B_loJkl: doesn't show hand
*** SUMMARY ***
Total pot $6 | Rake $0
Seat 3: slurpppy (big blind) folded before Flop
Seat 4: B_loJkl (button) (small blind) collected ($6)


PokerStars Hand #168255015776:  Hold'em Limit ($3/$6 USD) - 2017/03/28 18:39:19 ET
Table 'Geraldina' 6-max Seat #3 is the button
Seat 3: slurpppy ($132.35 in chips)
Seat 4: B_loJkl ($187.64 in chips)
slurpppy: posts small blind $1
B_loJkl: posts big blind $3
*** HOLE CARDS ***
slurpppy: raises $3 to $6
B_loJkl: folds
Uncalled bet ($3) returned to slurpppy
slurpppy collected $6 from pot
slurpppy: doesn't show hand
*** SUMMARY ***
Total pot $6 | Rake $0
Seat 3: slurpppy (button) (small blind) collected ($6)
Seat 4: B_loJkl (big blind) folded before Flop


PokerStars Hand #168255022947:  Hold'em Limit ($3/$6 USD) - 2017/03/28 18:39:29 ET
Table 'Geraldina' 6-max Seat #4 is the button
Seat 3: slurpppy ($135.35 in chips)
Seat 4: B_loJkl ($184.64 in chips)
B_loJkl: posts small blind $1
slurpppy: posts big blind $3
*** HOLE CARDS ***
B_loJkl: raises $3 to $6
slurpppy: raises $3 to $9
B_loJkl: calls $3
*** FLOP *** [5s 8h 3c]
slurpppy: bets $3
B_loJkl: calls $3
*** TURN *** [5s 8h 3c] [8s]
slurpppy: bets $6
B_loJkl: calls $6
*** RIVER *** [5s 8h 3c 8s] [Kd]
slurpppy: bets $6
B_loJkl: calls $6
*** SHOW DOWN ***
slurpppy: shows [3d 6d] (two pair, Eights and Threes)
B_loJkl: shows [3h 7s] (two pair, Eights and Threes)
slurpppy collected $23.75 from pot
B_loJkl collected $23.75 from pot
*** SUMMARY ***
Total pot $48 | Rake $0.50
Board [5s 8h 3c 8s Kd]
Seat 3: slurpppy (big blind) showed [3d 6d] and won ($23.75) with two pair, Eights and Threes
Seat 4: B_loJkl (button) (small blind) showed [3h 7s] and won ($23.75) with two pair, Eights and Threes


PokerStars Hand #168255042770:  Hold'em Limit ($3/$6 USD) - 2017/03/28 18:39:57 ET
Table 'Geraldina' 6-max Seat #3 is the button
Seat 3: slurpppy ($135.10 in chips)
Seat 4: B_loJkl ($184.39 in chips)
slurpppy: posts small blind $1
B_loJkl: posts big blind $3
*** HOLE CARDS ***
slurpppy: raises $3 to $6
B_loJkl: calls $3
*** FLOP *** [Ad Jd 9c]
B_loJkl: checks
slurpppy: bets $3
B_loJkl: calls $3
*** TURN *** [Ad Jd 9c] [3s]
B_loJkl: checks
slurpppy: bets $6
B_loJkl: calls $6
*** RIVER *** [Ad Jd 9c 3s] [Th]
B_loJkl: checks
slurpppy: bets $6
B_loJkl: folds
Uncalled bet ($6) returned to slurpppy
slurpppy collected $29.50 from pot
slurpppy: doesn't show hand
*** SUMMARY ***
Total pot $30 | Rake $0.50
Board [Ad Jd 9c 3s Th]
Seat 3: slurpppy (button) (small blind) collected ($29.50)
Seat 4: B_loJkl (big blind) folded on the River


PokerStars Hand #168255071440:  Hold'em Limit ($3/$6 USD) - 2017/03/28 18:40:38 ET
Table 'Geraldina' 6-max Seat #4 is the button
Seat 3: slurpppy ($149.60 in chips)
Seat 4: B_loJkl ($169.39 in chips)
B_loJkl: posts small blind $1
slurpppy: posts big blind $3
*** HOLE CARDS ***
B_loJkl: raises $3 to $6
slurpppy: folds
Uncalled bet ($3) returned to B_loJkl
B_loJkl collected $6 from pot
B_loJkl: doesn't show hand
*** SUMMARY ***
Total pot $6 | Rake $0
Seat 3: slurpppy (big blind) folded before Flop
Seat 4: B_loJkl (button) (small blind) collected ($6)


PokerStars Hand #168255084094:  Hold'em Limit ($3/$6 USD) - 2017/03/28 18:40:56 ET
Table 'Geraldina' 6-max Seat #3 is the button
Seat 3: slurpppy ($146.60 in chips)
Seat 4: B_loJkl ($172.39 in chips)
slurpppy: posts small blind $1
B_loJkl: posts big blind $3
*** HOLE CARDS ***
slurpppy: raises $3 to $6
tttzzz joins the table at seat #2
B_loJkl: calls $3
*** FLOP *** [Qc 5d Kd]
B_loJkl: checks
slurpppy: bets $3
B_loJkl: calls $3
*** TURN *** [Qc 5d Kd] [3s]
B_loJkl: checks
slurpppy: bets $6
B_loJkl: calls $6
*** RIVER *** [Qc 5d Kd 3s] [8h]
B_loJkl: checks
slurpppy: bets $6
GRAILKO joins the table at seat #5
B_loJkl: calls $6
*** SHOW DOWN ***
slurpppy: shows [5s 4s] (a pair of Fives)
B_loJkl: mucks hand
slurpppy collected $41.50 from pot
*** SUMMARY ***
Total pot $42 | Rake $0.50
Board [Qc 5d Kd 3s 8h]
Seat 3: slurpppy (button) (small blind) showed [5s 4s] and won ($41.50) with a pair of Fives
Seat 4: B_loJkl (big blind) mucked


PokerStars Hand #168255562897:  Hold'em Limit ($3/$6 USD) - 2017/03/28 18:52:24 ET
Table 'Geraldina' 6-max Seat #1 is the button
Seat 1: flynny1111 ($122.24 in chips)
Seat 6: Frank_Stein ($118.08 in chips)
flynny1111: posts small blind $1
B_loJkl: is sitting out
GRAILKO: is sitting out
Frank_Stein: posts big blind $3
*** HOLE CARDS ***
flynny1111: folds
Uncalled bet ($2) returned to Frank_Stein
Frank_Stein collected $2 from pot
Frank_Stein: doesn't show hand
*** SUMMARY ***
Total pot $2 | Rake $0
Seat 1: flynny1111 (button) (small blind) folded before Flop
Seat 6: Frank_Stein (big blind) collected ($2)


