PokerStars Hand #148600294286:  Hold'em Limit ($3/$6 USD) - 2016/02/11 1:21:01 ET
Table 'Geraldina II' 10-max Seat #5 is the button
Seat 5: kulinichvm ($60.56 in chips)
Seat 6: Agrotait ($72 in chips)
kulinichvm: posts small blind $1
Agrotait: posts big blind $3
*** HOLE CARDS ***
kulinichvm: folds
Uncalled bet ($2) returned to Agrotait
Agrotait collected $2 from pot
Agrotait: doesn't show hand
*** SUMMARY ***
Total pot $2 | Rake $0
Seat 5: kulinichvm (button) (small blind) folded before Flop
Seat 6: Agrotait (big blind) collected ($2)


PokerStars Hand #148600296030:  Hold'em Limit ($3/$6 USD) - 2016/02/11 1:21:07 ET
Table 'Geraldina II' 10-max Seat #6 is the button
Seat 5: kulinichvm ($59.56 in chips)
Seat 6: Agrotait ($73 in chips)
Agrotait: posts small blind $1
kulinichvm: posts big blind $3
*** HOLE CARDS ***
Agrotait: raises $3 to $6
kulinichvm: calls $3
*** FLOP *** [4c 6s Kh]
kulinichvm: checks
Agrotait: bets $3
kulinichvm: calls $3
*** TURN *** [4c 6s Kh] [Th]
kulinichvm: checks
Agrotait: checks
*** RIVER *** [4c 6s Kh Th] [Tc]
kulinichvm: bets $6
Agrotait: calls $6
*** SHOW DOWN ***
kulinichvm: shows [8h Kc] (two pair, Kings and Tens)
Agrotait: mucks hand
kulinichvm collected $29.50 from pot
*** SUMMARY ***
Total pot $30 | Rake $0.50
Board [4c 6s Kh Th Tc]
Seat 5: kulinichvm (big blind) showed [8h Kc] and won ($29.50) with two pair, Kings and Tens
Seat 6: Agrotait (button) (small blind) mucked


PokerStars Hand #148600303746:  Hold'em Limit ($3/$6 USD) - 2016/02/11 1:21:35 ET
Table 'Geraldina II' 10-max Seat #5 is the button
Seat 5: kulinichvm ($74.06 in chips)
Seat 6: Agrotait ($72 in chips)
kulinichvm: posts small blind $1
Agrotait: posts big blind $3
*** HOLE CARDS ***
kulinichvm: calls $2
Agrotait: checks
*** FLOP *** [4h 6s 9c]
Agrotait: checks
kulinichvm: bets $3
Agrotait: calls $3
*** TURN *** [4h 6s 9c] [2s]
Agrotait: checks
kulinichvm: bets $6
Agrotait: calls $6
*** RIVER *** [4h 6s 9c 2s] [2c]
Agrotait: checks
kulinichvm: bets $6
Agrotait: folds
Uncalled bet ($6) returned to kulinichvm
kulinichvm collected $23.52 from pot
*** SUMMARY ***
Total pot $24 | Rake $0.48
Board [4h 6s 9c 2s 2c]
Seat 5: kulinichvm (button) (small blind) collected ($23.52)
Seat 6: Agrotait (big blind) folded on the River


PokerStars Hand #148600313979:  Hold'em Limit ($3/$6 USD) - 2016/02/11 1:22:09 ET
Table 'Geraldina II' 10-max Seat #5 is the button
Seat 5: kulinichvm ($82.58 in chips)
Seat 6: Agrotait ($63 in chips)
kulinichvm: posts small blind $1
Agrotait: posts big blind $3
*** HOLE CARDS ***
kulinichvm: calls $2
Agrotait: raises $3 to $6
kulinichvm: calls $3
*** FLOP *** [7d As 7c]
Agrotait: bets $3
kulinichvm: folds
Uncalled bet ($3) returned to Agrotait
Agrotait collected $11.76 from pot
Agrotait: doesn't show hand
*** SUMMARY ***
Total pot $12 | Rake $0.24
Board [7d As 7c]
Seat 5: kulinichvm (button) (small blind) folded on the Flop
Seat 6: Agrotait (big blind) collected ($11.76)


PokerStars Hand #148600317116:  Hold'em Limit ($3/$6 USD) - 2016/02/11 1:22:20 ET
Table 'Geraldina II' 10-max Seat #6 is the button
Seat 5: kulinichvm ($76.58 in chips)
Seat 6: Agrotait ($68.76 in chips)
Agrotait: posts small blind $1
kulinichvm: posts big blind $3
*** HOLE CARDS ***
Agrotait: raises $3 to $6
kulinichvm: calls $3
*** FLOP *** [8c 5c Ac]
kulinichvm: bets $3
Agrotait: calls $3
*** TURN *** [8c 5c Ac] [8d]
kulinichvm: bets $6
Agrotait: calls $6
*** RIVER *** [8c 5c Ac 8d] [Ts]
kulinichvm: bets $6
Agrotait: calls $6
*** SHOW DOWN ***
kulinichvm: shows [Qs Th] (two pair, Tens and Eights)
Agrotait: mucks hand
kulinichvm collected $41.50 from pot
*** SUMMARY ***
Total pot $42 | Rake $0.50
Board [8c 5c Ac 8d Ts]
Seat 5: kulinichvm (big blind) showed [Qs Th] and won ($41.50) with two pair, Tens and Eights
Seat 6: Agrotait (button) (small blind) mucked


PokerStars Hand #148600321478:  Hold'em Limit ($3/$6 USD) - 2016/02/11 1:22:35 ET
Table 'Geraldina II' 10-max Seat #5 is the button
Seat 5: kulinichvm ($97.08 in chips)
Seat 6: Agrotait ($72 in chips)
kulinichvm: posts small blind $1
Agrotait: posts big blind $3
*** HOLE CARDS ***
kulinichvm: folds
Uncalled bet ($2) returned to Agrotait
Agrotait collected $2 from pot
Agrotait: doesn't show hand
*** SUMMARY ***
Total pot $2 | Rake $0
Seat 5: kulinichvm (button) (small blind) folded before Flop
Seat 6: Agrotait (big blind) collected ($2)


PokerStars Hand #148600324719:  Hold'em Limit ($3/$6 USD) - 2016/02/11 1:22:47 ET
Table 'Geraldina II' 10-max Seat #5 is the button
Seat 5: kulinichvm ($93.08 in chips)
Seat 6: Agrotait ($76 in chips)
kulinichvm: posts small blind $1
Agrotait: posts big blind $3
*** HOLE CARDS ***
kulinichvm: calls $2
Agrotait: raises $3 to $6
kulinichvm: calls $3
*** FLOP *** [4c 8d 4s]
Agrotait: bets $3
kulinichvm: raises $3 to $6
Agrotait: calls $3
*** TURN *** [4c 8d 4s] [Qh]
Agrotait: checks
kulinichvm: bets $6
Agrotait: calls $6
*** RIVER *** [4c 8d 4s Qh] [6c]
Agrotait: checks
kulinichvm: bets $6
Agrotait: calls $6
*** SHOW DOWN ***
kulinichvm: shows [Qc Jd] (two pair, Queens and Fours)
Agrotait: mucks hand
kulinichvm collected $47.50 from pot
*** SUMMARY ***
Total pot $48 | Rake $0.50
Board [4c 8d 4s Qh 6c]
Seat 5: kulinichvm (button) (small blind) showed [Qc Jd] and won ($47.50) with two pair, Queens and Fours
Seat 6: Agrotait (big blind) mucked


PokerStars Hand #148600344198:  Hold'em Limit ($3/$6 USD) - 2016/02/11 1:23:54 ET
Table 'Geraldina II' 10-max Seat #5 is the button
Seat 5: kulinichvm ($137.08 in chips)
Seat 6: Agrotait ($72 in chips)
kulinichvm: posts small blind $1
Agrotait: posts big blind $3
*** HOLE CARDS ***
kulinichvm: folds
Uncalled bet ($2) returned to Agrotait
Agrotait collected $2 from pot
Agrotait: doesn't show hand
*** SUMMARY ***
Total pot $2 | Rake $0
Seat 5: kulinichvm (button) (small blind) folded before Flop
Seat 6: Agrotait (big blind) collected ($2)


PokerStars Hand #148600333102:  Hold'em Limit ($3/$6 USD) - 2016/02/11 1:23:16 ET
Table 'Geraldina II' 10-max Seat #6 is the button
Seat 5: kulinichvm ($116.58 in chips)
Seat 6: Agrotait ($72 in chips)
Agrotait: posts small blind $1
kulinichvm: posts big blind $3
*** HOLE CARDS ***
Agrotait: raises $3 to $6
kulinichvm: calls $3
*** FLOP *** [Qc 9s Kd]
kulinichvm: checks
Agrotait: bets $3
kulinichvm: calls $3
*** TURN *** [Qc 9s Kd] [8c]
kulinichvm: checks
Agrotait: bets $6
kulinichvm: calls $6
*** RIVER *** [Qc 9s Kd 8c] [7s]
kulinichvm: checks
Agrotait: bets $6
kulinichvm: raises $6 to $12
Agrotait: folds
Uncalled bet ($6) returned to kulinichvm
kulinichvm collected $41.50 from pot
*** SUMMARY ***
Total pot $42 | Rake $0.50
Board [Qc 9s Kd 8c 7s]
Seat 5: kulinichvm (big blind) collected ($41.50)
Seat 6: Agrotait (button) (small blind) folded on the River


PokerStars Hand #148600345704:  Hold'em Limit ($3/$6 USD) - 2016/02/11 1:23:59 ET
Table 'Geraldina II' 10-max Seat #6 is the button
Seat 5: kulinichvm ($136.08 in chips)
Seat 6: Agrotait ($73 in chips)
Agrotait: posts small blind $1
kulinichvm: posts big blind $3
*** HOLE CARDS ***
Agrotait: raises $3 to $6
kulinichvm: calls $3
*** FLOP *** [Jh Ks 8c]
kulinichvm: checks
Agrotait: bets $3
kulinichvm: folds
Uncalled bet ($3) returned to Agrotait
Agrotait collected $11.76 from pot
Agrotait: doesn't show hand
*** SUMMARY ***
Total pot $12 | Rake $0.24
Board [Jh Ks 8c]
Seat 5: kulinichvm (big blind) folded on the Flop
Seat 6: Agrotait (button) (small blind) collected ($11.76)


PokerStars Hand #148600350139:  Hold'em Limit ($3/$6 USD) - 2016/02/11 1:24:15 ET
Table 'Geraldina II' 10-max Seat #5 is the button
Seat 5: kulinichvm ($130.08 in chips)
Seat 6: Agrotait ($78.76 in chips)
kulinichvm: posts small blind $1
Agrotait: posts big blind $3
*** HOLE CARDS ***
kulinichvm: calls $2
Agrotait: checks
*** FLOP *** [8h Ah 3d]
Agrotait: bets $3
kulinichvm: calls $3
*** TURN *** [8h Ah 3d] [9d]
Agrotait: checks
kulinichvm: bets $6
Agrotait: folds
Uncalled bet ($6) returned to kulinichvm
kulinichvm collected $11.76 from pot
*** SUMMARY ***
Total pot $12 | Rake $0.24
Board [8h Ah 3d 9d]
Seat 5: kulinichvm (button) (small blind) collected ($11.76)
Seat 6: Agrotait (big blind) folded on the Turn


PokerStars Hand #148600354083:  Hold'em Limit ($3/$6 USD) - 2016/02/11 1:24:28 ET
Table 'Geraldina II' 10-max Seat #6 is the button
Seat 5: kulinichvm ($135.84 in chips)
Seat 6: Agrotait ($72.76 in chips)
Agrotait: posts small blind $1
kulinichvm: posts big blind $3
*** HOLE CARDS ***
Agrotait: raises $3 to $6
kulinichvm: calls $3
*** FLOP *** [Ad 2s 8c]
kulinichvm: bets $3
Agrotait: raises $3 to $6
kulinichvm: folds
Uncalled bet ($3) returned to Agrotait
Agrotait collected $17.64 from pot
Agrotait: doesn't show hand
*** SUMMARY ***
Total pot $18 | Rake $0.36
Board [Ad 2s 8c]
Seat 5: kulinichvm (big blind) folded on the Flop
Seat 6: Agrotait (button) (small blind) collected ($17.64)


PokerStars Hand #148600357695:  Hold'em Limit ($3/$6 USD) - 2016/02/11 1:24:41 ET
Table 'Geraldina II' 10-max Seat #5 is the button
Seat 5: kulinichvm ($126.84 in chips)
Seat 6: Agrotait ($81.40 in chips)
kulinichvm: posts small blind $1
Agrotait: posts big blind $3
*** HOLE CARDS ***
kulinichvm: raises $3 to $6
Agrotait: calls $3
*** FLOP *** [9d 3s 2d]
Agrotait: checks
kulinichvm: bets $3
Agrotait: folds
Uncalled bet ($3) returned to kulinichvm
kulinichvm collected $11.76 from pot
*** SUMMARY ***
Total pot $12 | Rake $0.24
Board [9d 3s 2d]
Seat 5: kulinichvm (button) (small blind) collected ($11.76)
Seat 6: Agrotait (big blind) folded on the Flop


PokerStars Hand #148600363147:  Hold'em Limit ($3/$6 USD) - 2016/02/11 1:25:00 ET
Table 'Geraldina II' 10-max Seat #6 is the button
Seat 5: kulinichvm ($132.60 in chips)
Seat 6: Agrotait ($75.40 in chips)
Agrotait: posts small blind $1
kulinichvm: posts big blind $3
*** HOLE CARDS ***
Agrotait: raises $3 to $6
kulinichvm: raises $3 to $9
Agrotait: calls $3
*** FLOP *** [Qd 8s Jd]
kulinichvm: bets $3
Agrotait: folds
Uncalled bet ($3) returned to kulinichvm
kulinichvm collected $17.64 from pot
*** SUMMARY ***
Total pot $18 | Rake $0.36
Board [Qd 8s Jd]
Seat 5: kulinichvm (big blind) collected ($17.64)
Seat 6: Agrotait (button) (small blind) folded on the Flop


PokerStars Hand #148600367079:  Hold'em Limit ($3/$6 USD) - 2016/02/11 1:25:13 ET
Table 'Geraldina II' 10-max Seat #5 is the button
Seat 5: kulinichvm ($141.24 in chips)
Seat 6: Agrotait ($66.40 in chips)
kulinichvm: posts small blind $1
Agrotait: posts big blind $3
*** HOLE CARDS ***
kulinichvm: calls $2
Agrotait: checks
*** FLOP *** [6c 8d Ad]
Agrotait: checks
kulinichvm: bets $3
Agrotait: folds
Uncalled bet ($3) returned to kulinichvm
kulinichvm collected $5.88 from pot
*** SUMMARY ***
Total pot $6 | Rake $0.12
Board [6c 8d Ad]
Seat 5: kulinichvm (button) (small blind) collected ($5.88)
Seat 6: Agrotait (big blind) folded on the Flop


PokerStars Hand #148600371279:  Hold'em Limit ($3/$6 USD) - 2016/02/11 1:25:28 ET
Table 'Geraldina II' 10-max Seat #6 is the button
Seat 5: kulinichvm ($144.12 in chips)
Seat 6: Agrotait ($63.40 in chips)
Agrotait: posts small blind $1
kulinichvm: posts big blind $3
*** HOLE CARDS ***
Agrotait: raises $3 to $6
kulinichvm: folds
Uncalled bet ($3) returned to Agrotait
Agrotait collected $6 from pot
Agrotait: doesn't show hand
*** SUMMARY ***
Total pot $6 | Rake $0
Seat 5: kulinichvm (big blind) folded before Flop
Seat 6: Agrotait (button) (small blind) collected ($6)


PokerStars Hand #148600373328:  Hold'em Limit ($3/$6 USD) - 2016/02/11 1:25:35 ET
Table 'Geraldina II' 10-max Seat #5 is the button
Seat 5: kulinichvm ($141.12 in chips)
Seat 6: Agrotait ($66.40 in chips)
kulinichvm: posts small blind $1
Agrotait: posts big blind $3
*** HOLE CARDS ***
kulinichvm: calls $2
Agrotait: checks
*** FLOP *** [Th 7h Kc]
Agrotait: checks
kulinichvm: bets $3
Agrotait: calls $3
*** TURN *** [Th 7h Kc] [Ts]
Agrotait: checks
kulinichvm: checks
*** RIVER *** [Th 7h Kc Ts] [4s]
Agrotait: bets $6
kulinichvm: raises $6 to $12
Agrotait: folds
Uncalled bet ($6) returned to kulinichvm
kulinichvm collected $23.52 from pot
*** SUMMARY ***
Total pot $24 | Rake $0.48
Board [Th 7h Kc Ts 4s]
Seat 5: kulinichvm (button) (small blind) collected ($23.52)
Seat 6: Agrotait (big blind) folded on the River


PokerStars Hand #148600382291:  Hold'em Limit ($3/$6 USD) - 2016/02/11 1:26:06 ET
Table 'Geraldina II' 10-max Seat #6 is the button
Seat 5: kulinichvm ($152.64 in chips)
Seat 6: Agrotait ($72 in chips)
Agrotait: posts small blind $1
kulinichvm: posts big blind $3
*** HOLE CARDS ***
karauscheAA joins the table at seat #10
Agrotait: raises $3 to $6
kulinichvm: calls $3
*** FLOP *** [Jh 8c 2d]
kulinichvm: checks
Agrotait: bets $3
kulinichvm: folds
Uncalled bet ($3) returned to Agrotait
Agrotait collected $11.76 from pot
Agrotait: doesn't show hand
*** SUMMARY ***
Total pot $12 | Rake $0.24
Board [Jh 8c 2d]
Seat 5: kulinichvm (big blind) folded on the Flop
Seat 6: Agrotait (button) (small blind) collected ($11.76)


PokerStars Hand #148600385990:  Hold'em Limit ($3/$6 USD) - 2016/02/11 1:26:19 ET
Table 'Geraldina II' 10-max Seat #5 is the button
Seat 5: kulinichvm ($146.64 in chips)
Seat 6: Agrotait ($77.76 in chips)
kulinichvm: posts small blind $1
Agrotait: posts big blind $3
*** HOLE CARDS ***
kulinichvm: calls $2
Agrotait: checks
*** FLOP *** [Qc Th 6c]
Agrotait: checks
kulinichvm: bets $3
Agrotait: folds
Uncalled bet ($3) returned to kulinichvm
kulinichvm collected $5.88 from pot
*** SUMMARY ***
Total pot $6 | Rake $0.12
Board [Qc Th 6c]
Seat 5: kulinichvm (button) (small blind) collected ($5.88)
Seat 6: Agrotait (big blind) folded on the Flop


PokerStars Hand #148600411124:  Hold'em Limit ($3/$6 USD) - 2016/02/11 1:27:47 ET
Table 'Geraldina II' 10-max Seat #1 is the button
Seat 1: Pandakey ($143.53 in chips)
Seat 10: karauscheAA ($46.43 in chips)
Pandakey: posts small blind $1
Agrotait: is sitting out
karauscheAA: posts big blind $3
*** HOLE CARDS ***
Pandakey: raises $3 to $6
karauscheAA: calls $3
*** FLOP *** [5d Jc Jd]
karauscheAA: checks
Pandakey: bets $3
karauscheAA: folds
Uncalled bet ($3) returned to Pandakey
Pandakey collected $11.76 from pot
Pandakey: doesn't show hand
*** SUMMARY ***
Total pot $12 | Rake $0.24
Board [5d Jc Jd]
Seat 1: Pandakey (button) (small blind) collected ($11.76)
Seat 10: karauscheAA (big blind) folded on the Flop


PokerStars Hand #148600414889:  Hold'em Limit ($3/$6 USD) - 2016/02/11 1:28:00 ET
Table 'Geraldina II' 10-max Seat #10 is the button
Seat 1: Pandakey ($149.29 in chips)
Seat 10: karauscheAA ($40.43 in chips)
karauscheAA: posts small blind $1
Pandakey: posts big blind $3
*** HOLE CARDS ***
karauscheAA: folds
Uncalled bet ($2) returned to Pandakey
Pandakey collected $2 from pot
Pandakey: doesn't show hand
*** SUMMARY ***
Total pot $2 | Rake $0
Seat 1: Pandakey (big blind) collected ($2)
Seat 10: karauscheAA (button) (small blind) folded before Flop


PokerStars Hand #148600450784:  Hold'em Limit ($3/$6 USD) - 2016/02/11 1:30:06 ET
Table 'Geraldina II' 10-max Seat #6 is the button
Seat 1: Pandakey ($157.36 in chips)
Seat 6: Agrotait ($97.60 in chips)
Agrotait: posts small blind $1
Pandakey: posts big blind $3
*** HOLE CARDS ***
Agrotait: raises $3 to $6
Headgtboy joins the table at seat #9
Pandakey: folds
Uncalled bet ($3) returned to Agrotait
Agrotait collected $6 from pot
Agrotait: doesn't show hand
*** SUMMARY ***
Total pot $6 | Rake $0
Seat 1: Pandakey (big blind) folded before Flop
Seat 6: Agrotait (button) (small blind) collected ($6)


