PokerStars Hand #147665800098:  Hold'em Limit ($3/$6 USD) - 2016/01/25 14:17:52 ET
Table 'Geramtina II' 2-max Seat #1 is the button
Seat 1: kairobs ($140.26 in chips)
Seat 2: ChrisTuff ($123 in chips)
kairobs: posts small blind $1
ChrisTuff: posts big blind $3
*** HOLE CARDS ***
kairobs: folds
Uncalled bet ($2) returned to ChrisTuff
ChrisTuff collected $2 from pot
ChrisTuff: doesn't show hand
*** SUMMARY ***
Total pot $2 | Rake $0
Seat 1: kairobs (button) (small blind) folded before Flop
Seat 2: ChrisTuff (big blind) collected ($2)


PokerStars Hand #147665795311:  Hold'em Limit ($3/$6 USD) - 2016/01/25 14:17:48 ET
Table 'Geramtina II' 2-max Seat #2 is the button
Seat 1: kairobs ($139.26 in chips)
Seat 2: ChrisTuff ($124 in chips)
ChrisTuff: posts small blind $1
kairobs: posts big blind $3
*** HOLE CARDS ***
ChrisTuff: folds
Uncalled bet ($2) returned to kairobs
kairobs collected $2 from pot
kairobs: doesn't show hand
*** SUMMARY ***
Total pot $2 | Rake $0
Seat 1: kairobs (big blind) collected ($2)
Seat 2: ChrisTuff (button) (small blind) folded before Flop


PokerStars Hand #147665788826:  Hold'em Limit ($3/$6 USD) - 2016/01/25 14:17:42 ET
Table 'Geramtina II' 2-max Seat #1 is the button
Seat 1: kairobs ($140.26 in chips)
Seat 2: ChrisTuff ($123 in chips)
kairobs: posts small blind $1
ChrisTuff: posts big blind $3
*** HOLE CARDS ***
kairobs: folds
Uncalled bet ($2) returned to ChrisTuff
ChrisTuff collected $2 from pot
ChrisTuff: doesn't show hand
*** SUMMARY ***
Total pot $2 | Rake $0
Seat 1: kairobs (button) (small blind) folded before Flop
Seat 2: ChrisTuff (big blind) collected ($2)


PokerStars Hand #147665782213:  Hold'em Limit ($3/$6 USD) - 2016/01/25 14:17:35 ET
Table 'Geramtina II' 2-max Seat #2 is the button
Seat 1: kairobs ($143.26 in chips)
Seat 2: ChrisTuff ($120 in chips)
ChrisTuff: posts small blind $1
kairobs: posts big blind $3
*** HOLE CARDS ***
ChrisTuff: raises $3 to $6
kairobs: folds
Uncalled bet ($3) returned to ChrisTuff
ChrisTuff collected $6 from pot
ChrisTuff: doesn't show hand
*** SUMMARY ***
Total pot $6 | Rake $0
Seat 1: kairobs (big blind) folded before Flop
Seat 2: ChrisTuff (button) (small blind) collected ($6)


PokerStars Hand #147665752618:  Hold'em Limit ($3/$6 USD) - 2016/01/25 14:17:08 ET
Table 'Geramtina II' 2-max Seat #1 is the button
Seat 1: kairobs ($125.76 in chips)
Seat 2: ChrisTuff ($120 in chips)
kairobs: posts small blind $1
ChrisTuff: posts big blind $3
*** HOLE CARDS ***
kairobs: raises $3 to $6
ChrisTuff: raises $3 to $9
kairobs: calls $3
*** FLOP *** [8s 9s 6s]
ChrisTuff: bets $3
kairobs: calls $3
*** TURN *** [8s 9s 6s] [Tc]
ChrisTuff: bets $6
kairobs: calls $6
*** RIVER *** [8s 9s 6s Tc] [5c]
ChrisTuff: checks
kairobs: bets $6
ChrisTuff: folds
Uncalled bet ($6) returned to kairobs
kairobs collected $35.50 from pot
kairobs: doesn't show hand
*** SUMMARY ***
Total pot $36 | Rake $0.50
Board [8s 9s 6s Tc 5c]
Seat 1: kairobs (button) (small blind) collected ($35.50)
Seat 2: ChrisTuff (big blind) folded on the River


PokerStars Hand #147665869138:  Hold'em Limit ($3/$6 USD) - 2016/01/25 14:18:56 ET
Table 'Geramtina II' 2-max Seat #1 is the button
Seat 1: kairobs ($97.26 in chips)
Seat 2: ChrisTuff ($164.76 in chips)
kairobs: posts small blind $1
ChrisTuff: posts big blind $3
*** HOLE CARDS ***
kairobs: raises $3 to $6
ChrisTuff: calls $3
*** FLOP *** [5s 7s 5d]
ChrisTuff: checks
kairobs: checks
*** TURN *** [5s 7s 5d] [Jh]
ChrisTuff: checks
kairobs: checks
*** RIVER *** [5s 7s 5d Jh] [Kd]
ChrisTuff: checks
kairobs: bets $6
ChrisTuff: calls $6
*** SHOW DOWN ***
kairobs: shows [Ks 3c] (two pair, Kings and Fives)
ChrisTuff: mucks hand
kairobs collected $23.52 from pot
*** SUMMARY ***
Total pot $24 | Rake $0.48
Board [5s 7s 5d Jh Kd]
Seat 1: kairobs (button) (small blind) showed [Ks 3c] and won ($23.52) with two pair, Kings and Fives
Seat 2: ChrisTuff (big blind) mucked


PokerStars Hand #147665845151:  Hold'em Limit ($3/$6 USD) - 2016/01/25 14:18:34 ET
Table 'Geramtina II' 2-max Seat #2 is the button
Seat 1: kairobs ($115.26 in chips)
Seat 2: ChrisTuff ($147.26 in chips)
ChrisTuff: posts small blind $1
kairobs: posts big blind $3
*** HOLE CARDS ***
ChrisTuff: raises $3 to $6
kairobs: raises $3 to $9
ChrisTuff: calls $3
*** FLOP *** [3c Td 2d]
kairobs: bets $3
ChrisTuff: calls $3
*** TURN *** [3c Td 2d] [5h]
kairobs: bets $6
ChrisTuff: raises $6 to $12
kairobs: folds
Uncalled bet ($6) returned to ChrisTuff
ChrisTuff collected $35.50 from pot
ChrisTuff: doesn't show hand
*** SUMMARY ***
Total pot $36 | Rake $0.50
Board [3c Td 2d 5h]
Seat 1: kairobs (big blind) folded on the Turn
Seat 2: ChrisTuff (button) (small blind) collected ($35.50)


PokerStars Hand #147665832593:  Hold'em Limit ($3/$6 USD) - 2016/01/25 14:18:22 ET
Table 'Geramtina II' 2-max Seat #1 is the button
Seat 1: kairobs ($133.26 in chips)
Seat 2: ChrisTuff ($129.76 in chips)
kairobs: posts small blind $1
ChrisTuff: posts big blind $3
*** HOLE CARDS ***
kairobs: raises $3 to $6
ChrisTuff: calls $3
*** FLOP *** [9d 8s Tc]
ChrisTuff: checks
kairobs: checks
*** TURN *** [9d 8s Tc] [5c]
ChrisTuff: bets $6
kairobs: calls $6
*** RIVER *** [9d 8s Tc 5c] [2d]
ChrisTuff: bets $6
kairobs: calls $6
*** SHOW DOWN ***
ChrisTuff: shows [8c 7s] (a pair of Eights)
kairobs: mucks hand
ChrisTuff collected $35.50 from pot
*** SUMMARY ***
Total pot $36 | Rake $0.50
Board [9d 8s Tc 5c 2d]
Seat 1: kairobs (button) (small blind) mucked
Seat 2: ChrisTuff (big blind) showed [8c 7s] and won ($35.50) with a pair of Eights


PokerStars Hand #147665811983:  Hold'em Limit ($3/$6 USD) - 2016/01/25 14:18:03 ET
Table 'Geramtina II' 2-max Seat #2 is the button
Seat 1: kairobs ($139.26 in chips)
Seat 2: ChrisTuff ($124 in chips)
ChrisTuff: posts small blind $1
kairobs: posts big blind $3
*** HOLE CARDS ***
ChrisTuff: raises $3 to $6
kairobs: calls $3
*** FLOP *** [Tc 5h 7d]
kairobs: checks
ChrisTuff: bets $3
kairobs: folds
Uncalled bet ($3) returned to ChrisTuff
ChrisTuff collected $11.76 from pot
ChrisTuff: doesn't show hand
*** SUMMARY ***
Total pot $12 | Rake $0.24
Board [Tc 5h 7d]
Seat 1: kairobs (big blind) folded on the Flop
Seat 2: ChrisTuff (button) (small blind) collected ($11.76)


PokerStars Hand #147665943922:  Hold'em Limit ($3/$6 USD) - 2016/01/25 14:20:05 ET
Table 'Geramtina II' 2-max Seat #1 is the button
Seat 1: kairobs ($115.92 in chips)
Seat 2: ChrisTuff ($144.26 in chips)
kairobs: posts small blind $1
ChrisTuff: posts big blind $3
*** HOLE CARDS ***
kairobs: raises $3 to $6
ChrisTuff: folds
Uncalled bet ($3) returned to kairobs
kairobs collected $6 from pot
kairobs: doesn't show hand
*** SUMMARY ***
Total pot $6 | Rake $0
Seat 1: kairobs (button) (small blind) collected ($6)
Seat 2: ChrisTuff (big blind) folded before Flop


PokerStars Hand #147665936491:  Hold'em Limit ($3/$6 USD) - 2016/01/25 14:19:59 ET
Table 'Geramtina II' 2-max Seat #2 is the button
Seat 1: kairobs ($118.92 in chips)
Seat 2: ChrisTuff ($141.26 in chips)
ChrisTuff: posts small blind $1
kairobs: posts big blind $3
*** HOLE CARDS ***
ChrisTuff: raises $3 to $6
kairobs: folds
Uncalled bet ($3) returned to ChrisTuff
ChrisTuff collected $6 from pot
ChrisTuff: doesn't show hand
*** SUMMARY ***
Total pot $6 | Rake $0
Seat 1: kairobs (big blind) folded before Flop
Seat 2: ChrisTuff (button) (small blind) collected ($6)


PokerStars Hand #147665930854:  Hold'em Limit ($3/$6 USD) - 2016/01/25 14:19:53 ET
Table 'Geramtina II' 2-max Seat #1 is the button
Seat 1: kairobs ($119.92 in chips)
Seat 2: ChrisTuff ($140.26 in chips)
kairobs: posts small blind $1
ChrisTuff: posts big blind $3
*** HOLE CARDS ***
kairobs: folds
Uncalled bet ($2) returned to ChrisTuff
ChrisTuff collected $2 from pot
ChrisTuff: doesn't show hand
*** SUMMARY ***
Total pot $2 | Rake $0
Seat 1: kairobs (button) (small blind) folded before Flop
Seat 2: ChrisTuff (big blind) collected ($2)


PokerStars Hand #147665916154:  Hold'em Limit ($3/$6 USD) - 2016/01/25 14:19:40 ET
Table 'Geramtina II' 2-max Seat #2 is the button
Seat 1: kairobs ($96.42 in chips)
Seat 2: ChrisTuff ($164.26 in chips)
ChrisTuff: posts small blind $1
kairobs: posts big blind $3
*** HOLE CARDS ***
ChrisTuff: raises $3 to $6
kairobs: raises $3 to $9
ChrisTuff: calls $3
*** FLOP *** [Jc Th 8c]
kairobs: bets $3
ChrisTuff: calls $3
*** TURN *** [Jc Th 8c] [Qh]
kairobs: bets $6
ChrisTuff: calls $6
*** RIVER *** [Jc Th 8c Qh] [2s]
kairobs: bets $6
ChrisTuff: calls $6
*** SHOW DOWN ***
kairobs: shows [9c Ah] (a straight, Eight to Queen)
ChrisTuff: mucks hand
kairobs collected $47.50 from pot
*** SUMMARY ***
Total pot $48 | Rake $0.50
Board [Jc Th 8c Qh 2s]
Seat 1: kairobs (big blind) showed [9c Ah] and won ($47.50) with a straight, Eight to Queen
Seat 2: ChrisTuff (button) (small blind) mucked


PokerStars Hand #147665900937:  Hold'em Limit ($3/$6 USD) - 2016/01/25 14:19:26 ET
Table 'Geramtina II' 2-max Seat #1 is the button
Seat 1: kairobs ($87.78 in chips)
Seat 2: ChrisTuff ($173.26 in chips)
kairobs: posts small blind $1
ChrisTuff: posts big blind $3
*** HOLE CARDS ***
kairobs: raises $3 to $6
ChrisTuff: calls $3
*** FLOP *** [6s 3d 3h]
ChrisTuff: checks
kairobs: bets $3
ChrisTuff: calls $3
*** TURN *** [6s 3d 3h] [Js]
ChrisTuff: checks
kairobs: bets $6
ChrisTuff: folds
Uncalled bet ($6) returned to kairobs
kairobs collected $17.64 from pot
kairobs: doesn't show hand
*** SUMMARY ***
Total pot $18 | Rake $0.36
Board [6s 3d 3h Js]
Seat 1: kairobs (button) (small blind) collected ($17.64)
Seat 2: ChrisTuff (big blind) folded on the Turn


PokerStars Hand #147665883452:  Hold'em Limit ($3/$6 USD) - 2016/01/25 14:19:10 ET
Table 'Geramtina II' 2-max Seat #2 is the button
Seat 1: kairobs ($108.78 in chips)
Seat 2: ChrisTuff ($152.76 in chips)
ChrisTuff: posts small blind $1
kairobs: posts big blind $3
*** HOLE CARDS ***
ChrisTuff: raises $3 to $6
kairobs: calls $3
*** FLOP *** [Jd 7c Js]
kairobs: checks
ChrisTuff: bets $3
kairobs: calls $3
*** TURN *** [Jd 7c Js] [5d]
kairobs: bets $6
ChrisTuff: calls $6
*** RIVER *** [Jd 7c Js 5d] [5c]
kairobs: bets $6
ChrisTuff: calls $6
*** SHOW DOWN ***
kairobs: shows [8h As] (two pair, Jacks and Fives)
ChrisTuff: shows [2s 7s] (two pair, Jacks and Sevens)
ChrisTuff collected $41.50 from pot
*** SUMMARY ***
Total pot $42 | Rake $0.50
Board [Jd 7c Js 5d 5c]
Seat 1: kairobs (big blind) showed [8h As] and lost with two pair, Jacks and Fives
Seat 2: ChrisTuff (button) (small blind) showed [2s 7s] and won ($41.50) with two pair, Jacks and Sevens


PokerStars Hand #147665953108:  Hold'em Limit ($3/$6 USD) - 2016/01/25 14:20:14 ET
Table 'Geramtina II' 2-max Seat #2 is the button
Seat 1: kairobs ($118.92 in chips)
Seat 2: ChrisTuff ($141.26 in chips)
ChrisTuff: posts small blind $1
kairobs: posts big blind $3
*** HOLE CARDS ***
ChrisTuff: raises $3 to $6
kairobs: raises $3 to $9
ChrisTuff: calls $3
*** FLOP *** [7h Jd 2c]
kairobs: checks
ChrisTuff: bets $3
kairobs: calls $3
*** TURN *** [7h Jd 2c] [Jc]
kairobs: bets $6
ChrisTuff: raises $6 to $12
kairobs: folds
Uncalled bet ($6) returned to ChrisTuff
ChrisTuff collected $35.50 from pot
ChrisTuff: doesn't show hand
*** SUMMARY ***
Total pot $36 | Rake $0.50
Board [7h Jd 2c Jc]
Seat 1: kairobs (big blind) folded on the Turn
Seat 2: ChrisTuff (button) (small blind) collected ($35.50)


PokerStars Hand #147665968872:  Hold'em Limit ($3/$6 USD) - 2016/01/25 14:20:29 ET
Table 'Geramtina II' 2-max Seat #1 is the button
Seat 1: kairobs ($100.92 in chips)
Seat 2: ChrisTuff ($158.76 in chips)
kairobs: posts small blind $1
ChrisTuff: posts big blind $3
*** HOLE CARDS ***
kairobs: raises $3 to $6
ChrisTuff: calls $3
*** FLOP *** [9c 8s Kc]
ChrisTuff: checks
kairobs: bets $3
ChrisTuff: folds
Uncalled bet ($3) returned to kairobs
kairobs collected $11.76 from pot
kairobs: doesn't show hand
*** SUMMARY ***
Total pot $12 | Rake $0.24
Board [9c 8s Kc]
Seat 1: kairobs (button) (small blind) collected ($11.76)
Seat 2: ChrisTuff (big blind) folded on the Flop


PokerStars Hand #147665984543:  Hold'em Limit ($3/$6 USD) - 2016/01/25 14:20:43 ET
Table 'Geramtina II' 2-max Seat #2 is the button
Seat 1: kairobs ($106.68 in chips)
Seat 2: ChrisTuff ($152.76 in chips)
ChrisTuff: posts small blind $1
kairobs: posts big blind $3
*** HOLE CARDS ***
ChrisTuff: raises $3 to $6
kairobs: calls $3
*** FLOP *** [5s 4h 2s]
kairobs: checks
ChrisTuff: bets $3
kairobs: folds
Uncalled bet ($3) returned to ChrisTuff
ChrisTuff collected $11.76 from pot
ChrisTuff: doesn't show hand
*** SUMMARY ***
Total pot $12 | Rake $0.24
Board [5s 4h 2s]
Seat 1: kairobs (big blind) folded on the Flop
Seat 2: ChrisTuff (button) (small blind) collected ($11.76)


PokerStars Hand #147666080422:  Hold'em Limit ($3/$6 USD) - 2016/01/25 14:22:13 ET
Table 'Geramtina II' 2-max Seat #1 is the button
Seat 1: kairobs ($89.82 in chips)
Seat 2: ChrisTuff ($167.52 in chips)
kairobs: posts small blind $1
ChrisTuff: posts big blind $3
*** HOLE CARDS ***
kairobs: folds
Uncalled bet ($2) returned to ChrisTuff
ChrisTuff collected $2 from pot
ChrisTuff: doesn't show hand
*** SUMMARY ***
Total pot $2 | Rake $0
Seat 1: kairobs (button) (small blind) folded before Flop
Seat 2: ChrisTuff (big blind) collected ($2)


PokerStars Hand #147666056870:  Hold'em Limit ($3/$6 USD) - 2016/01/25 14:21:51 ET
Table 'Geramtina II' 2-max Seat #2 is the button
Seat 1: kairobs ($113.82 in chips)
Seat 2: ChrisTuff ($144.02 in chips)
ChrisTuff: posts small blind $1
kairobs: posts big blind $3
*** HOLE CARDS ***
ChrisTuff: raises $3 to $6
kairobs: raises $3 to $9
ChrisTuff: calls $3
*** FLOP *** [3d 8d Ah]
kairobs: checks
ChrisTuff: bets $3
kairobs: calls $3
*** TURN *** [3d 8d Ah] [2c]
kairobs: checks
ChrisTuff: bets $6
kairobs: calls $6
*** RIVER *** [3d 8d Ah 2c] [5s]
kairobs: checks
ChrisTuff: bets $6
kairobs: calls $6
*** SHOW DOWN ***
ChrisTuff: shows [Ks 4c] (a straight, Ace to Five)
kairobs: mucks hand
ChrisTuff collected $47.50 from pot
*** SUMMARY ***
Total pot $48 | Rake $0.50
Board [3d 8d Ah 2c 5s]
Seat 1: kairobs (big blind) mucked
Seat 2: ChrisTuff (button) (small blind) showed [Ks 4c] and won ($47.50) with a straight, Ace to Five


PokerStars Hand #147666135302:  Hold'em Limit ($3/$6 USD) - 2016/01/25 14:23:04 ET
Table 'Geramtina II' 2-max Seat #2 is the button
Seat 1: kairobs ($83.32 in chips)
Seat 2: ChrisTuff ($172.78 in chips)
ChrisTuff: posts small blind $1
kairobs: posts big blind $3
*** HOLE CARDS ***
ChrisTuff: folds
Uncalled bet ($2) returned to kairobs
kairobs collected $2 from pot
kairobs: doesn't show hand
*** SUMMARY ***
Total pot $2 | Rake $0
Seat 1: kairobs (big blind) collected ($2)
Seat 2: ChrisTuff (button) (small blind) folded before Flop


PokerStars Hand #147666118951:  Hold'em Limit ($3/$6 USD) - 2016/01/25 14:22:48 ET
Table 'Geramtina II' 2-max Seat #1 is the button
Seat 1: kairobs ($59.82 in chips)
Seat 2: ChrisTuff ($196.78 in chips)
kairobs: posts small blind $1
ChrisTuff: posts big blind $3
*** HOLE CARDS ***
kairobs: raises $3 to $6
ChrisTuff: raises $3 to $9
kairobs: raises $3 to $12
Betting is capped
ChrisTuff: calls $3
*** FLOP *** [Qs 2d 6d]
ChrisTuff: checks
kairobs: checks
*** TURN *** [Qs 2d 6d] [Kd]
ChrisTuff: checks
kairobs: bets $6
ChrisTuff: calls $6
*** RIVER *** [Qs 2d 6d Kd] [Ts]
ChrisTuff: checks
kairobs: bets $6
ChrisTuff: calls $6
*** SHOW DOWN ***
kairobs: shows [Ad 3d] (a flush, Ace high)
ChrisTuff: mucks hand
kairobs collected $47.50 from pot
*** SUMMARY ***
Total pot $48 | Rake $0.50
Board [Qs 2d 6d Kd Ts]
Seat 1: kairobs (button) (small blind) showed [Ad 3d] and won ($47.50) with a flush, Ace high
Seat 2: ChrisTuff (big blind) mucked


PokerStars Hand #147666105318:  Hold'em Limit ($3/$6 USD) - 2016/01/25 14:22:36 ET
Table 'Geramtina II' 2-max Seat #2 is the button
Seat 1: kairobs ($83.82 in chips)
Seat 2: ChrisTuff ($173.28 in chips)
ChrisTuff: posts small blind $1
kairobs: posts big blind $3
*** HOLE CARDS ***
ChrisTuff: raises $3 to $6
kairobs: raises $3 to $9
ChrisTuff: calls $3
*** FLOP *** [Th 8s 2d]
kairobs: bets $3
ChrisTuff: calls $3
*** TURN *** [Th 8s 2d] [Jh]
kairobs: bets $6
ChrisTuff: calls $6
*** RIVER *** [Th 8s 2d Jh] [7s]
kairobs: bets $6
ChrisTuff: calls $6
*** SHOW DOWN ***
kairobs: shows [4s Qs] (high card Queen)
ChrisTuff: shows [Ah Td] (a pair of Tens)
ChrisTuff collected $47.50 from pot
*** SUMMARY ***
Total pot $48 | Rake $0.50
Board [Th 8s 2d Jh 7s]
Seat 1: kairobs (big blind) showed [4s Qs] and lost with high card Queen
Seat 2: ChrisTuff (button) (small blind) showed [Ah Td] and won ($47.50) with a pair of Tens


PokerStars Hand #147666094170:  Hold'em Limit ($3/$6 USD) - 2016/01/25 14:22:25 ET
Table 'Geramtina II' 2-max Seat #1 is the button
Seat 1: kairobs ($89.82 in chips)
Seat 2: ChrisTuff ($167.52 in chips)
kairobs: posts small blind $1
ChrisTuff: posts big blind $3
*** HOLE CARDS ***
kairobs: raises $3 to $6
ChrisTuff: calls $3
*** FLOP *** [3h Kh 9d]
ChrisTuff: checks
kairobs: checks
*** TURN *** [3h Kh 9d] [3s]
ChrisTuff: bets $6
kairobs: folds
Uncalled bet ($6) returned to ChrisTuff
ChrisTuff collected $11.76 from pot
ChrisTuff: doesn't show hand
*** SUMMARY ***
Total pot $12 | Rake $0.24
Board [3h Kh 9d 3s]
Seat 1: kairobs (button) (small blind) folded on the Turn
Seat 2: ChrisTuff (big blind) collected ($11.76)


PokerStars Hand #147666089602:  Hold'em Limit ($3/$6 USD) - 2016/01/25 14:22:21 ET
Table 'Geramtina II' 2-max Seat #2 is the button
Seat 1: kairobs ($88.82 in chips)
Seat 2: ChrisTuff ($168.52 in chips)
ChrisTuff: posts small blind $1
kairobs: posts big blind $3
*** HOLE CARDS ***
ChrisTuff: folds
Uncalled bet ($2) returned to kairobs
kairobs collected $2 from pot
kairobs: doesn't show hand
*** SUMMARY ***
Total pot $2 | Rake $0
Seat 1: kairobs (big blind) collected ($2)
Seat 2: ChrisTuff (button) (small blind) folded before Flop


PokerStars Hand #147666203181:  Hold'em Limit ($3/$6 USD) - 2016/01/25 14:24:06 ET
Table 'Geramtina II' 2-max Seat #2 is the button
Seat 1: kairobs ($85.82 in chips)
Seat 2: ChrisTuff ($169.30 in chips)
ChrisTuff: posts small blind $1
kairobs: posts big blind $3
*** HOLE CARDS ***
ChrisTuff: raises $3 to $6
kairobs: calls $3
*** FLOP *** [3d 8s Ad]
kairobs: checks
ChrisTuff: bets $3
kairobs: folds
Uncalled bet ($3) returned to ChrisTuff
ChrisTuff collected $11.76 from pot
ChrisTuff: doesn't show hand
*** SUMMARY ***
Total pot $12 | Rake $0.24
Board [3d 8s Ad]
Seat 1: kairobs (big blind) folded on the Flop
Seat 2: ChrisTuff (button) (small blind) collected ($11.76)


PokerStars Hand #147666197761:  Hold'em Limit ($3/$6 USD) - 2016/01/25 14:24:01 ET
Table 'Geramtina II' 2-max Seat #1 is the button
Seat 1: kairobs ($86.82 in chips)
Seat 2: ChrisTuff ($168.30 in chips)
kairobs: posts small blind $1
ChrisTuff: posts big blind $3
*** HOLE CARDS ***
kairobs: folds
Uncalled bet ($2) returned to ChrisTuff
ChrisTuff collected $2 from pot
ChrisTuff: doesn't show hand
*** SUMMARY ***
Total pot $2 | Rake $0
Seat 1: kairobs (button) (small blind) folded before Flop
Seat 2: ChrisTuff (big blind) collected ($2)


PokerStars Hand #147666168677:  Hold'em Limit ($3/$6 USD) - 2016/01/25 14:23:35 ET
Table 'Geramtina II' 2-max Seat #2 is the button
Seat 1: kairobs ($98.82 in chips)
Seat 2: ChrisTuff ($156.78 in chips)
ChrisTuff: posts small blind $1
kairobs: posts big blind $3
*** HOLE CARDS ***
ChrisTuff: raises $3 to $6
kairobs: raises $3 to $9
ChrisTuff: calls $3
*** FLOP *** [5h Kc Ac]
kairobs: checks
ChrisTuff: bets $3
kairobs: calls $3
*** TURN *** [5h Kc Ac] [Qc]
kairobs: checks
ChrisTuff: bets $6
kairobs: folds
Uncalled bet ($6) returned to ChrisTuff
ChrisTuff collected $23.52 from pot
*** SUMMARY ***
Total pot $24 | Rake $0.48
Board [5h Kc Ac Qc]
Seat 1: kairobs (big blind) folded on the Turn
Seat 2: ChrisTuff (button) (small blind) collected ($23.52)


PokerStars Hand #147666139922:  Hold'em Limit ($3/$6 USD) - 2016/01/25 14:23:08 ET
Table 'Geramtina II' 2-max Seat #1 is the button
Seat 1: kairobs ($84.32 in chips)
Seat 2: ChrisTuff ($171.78 in chips)
kairobs: posts small blind $1
ChrisTuff: posts big blind $3
*** HOLE CARDS ***
kairobs: raises $3 to $6
ChrisTuff: calls $3
*** FLOP *** [8h 7s Jh]
ChrisTuff: checks
kairobs: bets $3
ChrisTuff: calls $3
*** TURN *** [8h 7s Jh] [5c]
ChrisTuff: checks
kairobs: bets $6
ChrisTuff: calls $6
*** RIVER *** [8h 7s Jh 5c] [Td]
ChrisTuff: checks
kairobs: bets $6
ChrisTuff: folds
Uncalled bet ($6) returned to kairobs
kairobs collected $29.50 from pot
kairobs: doesn't show hand
*** SUMMARY ***
Total pot $30 | Rake $0.50
Board [8h 7s Jh 5c Td]
Seat 1: kairobs (button) (small blind) collected ($29.50)
Seat 2: ChrisTuff (big blind) folded on the River


PokerStars Hand #147666298775:  Hold'em Limit ($3/$6 USD) - 2016/01/25 14:25:35 ET
Table 'Geramtina II' 2-max Seat #2 is the button
Seat 1: kairobs ($62.32 in chips)
Seat 2: ChrisTuff ($191.56 in chips)
ChrisTuff: posts small blind $1
kairobs: posts big blind $3
*** HOLE CARDS ***
ChrisTuff: raises $3 to $6
kairobs: raises $3 to $9
ChrisTuff: raises $3 to $12
Betting is capped
kairobs: calls $3
*** FLOP *** [9d 2s 6c]
kairobs: checks
ChrisTuff: bets $3
kairobs: folds
Uncalled bet ($3) returned to ChrisTuff
ChrisTuff collected $23.52 from pot
ChrisTuff: doesn't show hand
*** SUMMARY ***
Total pot $24 | Rake $0.48
Board [9d 2s 6c]
Seat 1: kairobs (big blind) folded on the Flop
Seat 2: ChrisTuff (button) (small blind) collected ($23.52)


PokerStars Hand #147666263754:  Hold'em Limit ($3/$6 USD) - 2016/01/25 14:25:02 ET
Table 'Geramtina II' 2-max Seat #1 is the button
Seat 1: kairobs ($98.32 in chips)
Seat 2: ChrisTuff ($156.06 in chips)
kairobs: posts small blind $1
ChrisTuff: posts big blind $3
*** HOLE CARDS ***
kairobs: raises $3 to $6
ChrisTuff: raises $3 to $9
kairobs: raises $3 to $12
Betting is capped
ChrisTuff: calls $3
*** FLOP *** [7c 5d Jc]
ChrisTuff: checks
kairobs: bets $3
ChrisTuff: raises $3 to $6
kairobs: raises $3 to $9
ChrisTuff: raises $3 to $12
Betting is capped
kairobs: calls $3
*** TURN *** [7c 5d Jc] [4d]
ChrisTuff: bets $6
kairobs: calls $6
*** RIVER *** [7c 5d Jc 4d] [6h]
ChrisTuff: bets $6
kairobs: calls $6
*** SHOW DOWN ***
ChrisTuff: shows [Qs Qd] (a pair of Queens)
kairobs: mucks hand
ChrisTuff collected $71.50 from pot
*** SUMMARY ***
Total pot $72 | Rake $0.50
Board [7c 5d Jc 4d 6h]
Seat 1: kairobs (button) (small blind) mucked
Seat 2: ChrisTuff (big blind) showed [Qs Qd] and won ($71.50) with a pair of Queens


PokerStars Hand #147666333007:  Hold'em Limit ($3/$6 USD) - 2016/01/25 14:26:06 ET
Table 'Geramtina II' 2-max Seat #2 is the button
Seat 1: kairobs ($26.32 in chips)
Seat 2: ChrisTuff ($226.58 in chips)
ChrisTuff: posts small blind $1
kairobs: posts big blind $3
*** HOLE CARDS ***
ChrisTuff: raises $3 to $6
kairobs: folds
Uncalled bet ($3) returned to ChrisTuff
kairobs leaves the table
ChrisTuff collected $6 from pot
ChrisTuff was removed from the table for failing to post
*** SUMMARY ***
Total pot $6 | Rake $0
Seat 1: kairobs (big blind) folded before Flop
Seat 2: ChrisTuff (button) (small blind) collected ($6)


PokerStars Hand #147666314980:  Hold'em Limit ($3/$6 USD) - 2016/01/25 14:25:50 ET
Table 'Geramtina II' 2-max Seat #1 is the button
Seat 1: kairobs ($50.32 in chips)
Seat 2: ChrisTuff ($203.08 in chips)
kairobs: posts small blind $1
ChrisTuff: posts big blind $3
*** HOLE CARDS ***
kairobs: raises $3 to $6
ChrisTuff: calls $3
*** FLOP *** [6h 9d As]
ChrisTuff: checks
kairobs: checks
*** TURN *** [6h 9d As] [7s]
ChrisTuff: bets $6
kairobs: raises $6 to $12
ChrisTuff: raises $6 to $18
kairobs: calls $6
*** RIVER *** [6h 9d As 7s] [2s]
ChrisTuff: bets $6
kairobs: folds
Uncalled bet ($6) returned to ChrisTuff
ChrisTuff collected $47.50 from pot
ChrisTuff: doesn't show hand
*** SUMMARY ***
Total pot $48 | Rake $0.50
Board [6h 9d As 7s 2s]
Seat 1: kairobs (button) (small blind) folded on the River
Seat 2: ChrisTuff (big blind) collected ($47.50)


