PokerStars Hand #172159135354:  Hold'em Limit ($3/$6 USD) - 2017/06/23 20:26:06 ET
Table 'Geranium' 6-max Seat #1 is the button
Seat 1: Velbor107 ($314.50 in chips)
Seat 2: bigblaasmvp ($104.76 in chips)
Velbor107: posts small blind $1
bigblaasmvp: posts big blind $3
*** HOLE CARDS ***
Velbor107: raises $3 to $6
bigblaasmvp: folds
Uncalled bet ($3) returned to Velbor107
Velbor107 collected $6 from pot
*** SUMMARY ***
Total pot $6 | Rake $0
Seat 1: Velbor107 (button) (small blind) collected ($6)
Seat 2: bigblaasmvp (big blind) folded before Flop


PokerStars Hand #172159128739:  Hold'em Limit ($3/$6 USD) - 2017/06/23 20:25:52 ET
Table 'Geranium' 6-max Seat #2 is the button
Seat 1: Velbor107 ($320.50 in chips)
Seat 2: bigblaasmvp ($99 in chips)
bigblaasmvp: posts small blind $1
Velbor107: posts big blind $3
*** HOLE CARDS ***
bigblaasmvp: raises $3 to $6
Velbor107: calls $3
*** FLOP *** [Kh Qh Ad]
belik555 joins the table at seat #3
Velbor107: checks
bigblaasmvp: bets $3
Velbor107: folds
Uncalled bet ($3) returned to bigblaasmvp
Jack_Wu1985 joins the table at seat #4
bigblaasmvp collected $11.76 from pot
bigblaasmvp: doesn't show hand
*** SUMMARY ***
Total pot $12 | Rake $0.24
Board [Kh Qh Ad]
Seat 1: Velbor107 (big blind) folded on the Flop
Seat 2: bigblaasmvp (button) (small blind) collected ($11.76)


PokerStars Hand #172159110809:  Hold'em Limit ($3/$6 USD) - 2017/06/23 20:25:14 ET
Table 'Geranium' 6-max Seat #1 is the button
Seat 1: Velbor107 ($300 in chips)
Seat 2: bigblaasmvp ($120 in chips)
Velbor107: posts small blind $1
bigblaasmvp: posts big blind $3
*** HOLE CARDS ***
Velbor107: raises $3 to $6
bigblaasmvp: calls $3
*** FLOP *** [3h 4c 3d]
bigblaasmvp: checks
Velbor107: bets $3
bigblaasmvp: calls $3
*** TURN *** [3h 4c 3d] [Jc]
bigblaasmvp: checks
Velbor107: bets $6
bigblaasmvp: calls $6
*** RIVER *** [3h 4c 3d Jc] [6c]
bigblaasmvp: checks
Velbor107: bets $6
bigblaasmvp: calls $6
*** SHOW DOWN ***
Velbor107: shows [7c Tc] (a flush, Jack high)
bigblaasmvp: mucks hand
Velbor107 collected $41.50 from pot
*** SUMMARY ***
Total pot $42 | Rake $0.50
Board [3h 4c 3d Jc 6c]
Seat 1: Velbor107 (button) (small blind) showed [7c Tc] and won ($41.50) with a flush, Jack high
Seat 2: bigblaasmvp (big blind) mucked


PokerStars Hand #172159393568:  Hold'em Limit ($3/$6 USD) - 2017/06/23 20:35:08 ET
Table 'Geranium' 6-max Seat #3 is the button
Seat 3: belik555 ($111.10 in chips)
Seat 5: Pete81 ($107.04 in chips)
belik555: posts small blind $1
Jack_Wu1985: is sitting out
Pete81: posts big blind $3
*** HOLE CARDS ***
belik555: raises $3 to $6
Pete81: raises $3 to $9
belik555: calls $3
*** FLOP *** [Th 4d 3c]
Pete81: bets $3
belik555: folds
Uncalled bet ($3) returned to Pete81
Pete81 collected $17.64 from pot
Pete81: doesn't show hand
*** SUMMARY ***
Total pot $18 | Rake $0.36
Board [Th 4d 3c]
Seat 3: belik555 (button) (small blind) folded on the Flop
Seat 5: Pete81 (big blind) collected ($17.64)


PokerStars Hand #172159420734:  Hold'em Limit ($3/$6 USD) - 2017/06/23 20:36:08 ET
Table 'Geranium' 6-max Seat #5 is the button
Seat 3: belik555 ($92.85 in chips)
Seat 5: Pete81 ($124.07 in chips)
Pete81: posts small blind $1
belik555: posts big blind $3
*** HOLE CARDS ***
Pete81: folds
Uncalled bet ($2) returned to belik555
belik555 collected $2 from pot
belik555: doesn't show hand
*** SUMMARY ***
Total pot $2 | Rake $0
Seat 3: belik555 (big blind) collected ($2)
Seat 5: Pete81 (button) (small blind) folded before Flop


PokerStars Hand #172159414089:  Hold'em Limit ($3/$6 USD) - 2017/06/23 20:35:53 ET
Table 'Geranium' 6-max Seat #3 is the button
Seat 3: belik555 ($101.85 in chips)
Seat 5: Pete81 ($115.43 in chips)
belik555: posts small blind $1
Pete81: posts big blind $3
*** HOLE CARDS ***
belik555: raises $3 to $6
Pete81: calls $3
*** FLOP *** [Kh 9h Th]
Pete81: checks
belik555: bets $3
Pete81: raises $3 to $6
belik555: folds
Uncalled bet ($3) returned to Pete81
Pete81 collected $17.64 from pot
Pete81: doesn't show hand
*** SUMMARY ***
Total pot $18 | Rake $0.36
Board [Kh 9h Th]
Seat 3: belik555 (button) (small blind) folded on the Flop
Seat 5: Pete81 (big blind) collected ($17.64)


PokerStars Hand #172159400826:  Hold'em Limit ($3/$6 USD) - 2017/06/23 20:35:24 ET
Table 'Geranium' 6-max Seat #5 is the button
Seat 3: belik555 ($102.10 in chips)
Seat 5: Pete81 ($115.68 in chips)
Pete81: posts small blind $1
belik555: posts big blind $3
*** HOLE CARDS ***
Pete81: raises $3 to $6
belik555: calls $3
*** FLOP *** [Qh Td 6d]
belik555: checks
Pete81: bets $3
belik555: calls $3
*** TURN *** [Qh Td 6d] [Qc]
belik555: checks
Pete81: bets $6
belik555: calls $6
*** RIVER *** [Qh Td 6d Qc] [Th]
belik555: checks
Pete81: bets $6
belik555: calls $6
*** SHOW DOWN ***
Pete81: shows [Ks Jh] (two pair, Queens and Tens)
belik555: shows [9h Kh] (two pair, Queens and Tens)
belik555 collected $20.75 from pot
Pete81 collected $20.75 from pot
*** SUMMARY ***
Total pot $42 | Rake $0.50
Board [Qh Td 6d Qc Th]
Seat 3: belik555 (big blind) showed [9h Kh] and won ($20.75) with two pair, Queens and Tens
Seat 5: Pete81 (button) (small blind) showed [Ks Jh] and won ($20.75) with two pair, Queens and Tens


PokerStars Hand #172159448090:  Hold'em Limit ($3/$6 USD) - 2017/06/23 20:37:07 ET
Table 'Geranium' 6-max Seat #5 is the button
Seat 3: belik555 ($111.35 in chips)
Seat 5: Pete81 ($105.07 in chips)
Pete81: posts small blind $1
belik555: posts big blind $3
*** HOLE CARDS ***
Pete81: folds
Uncalled bet ($2) returned to belik555
belik555 collected $2 from pot
belik555: doesn't show hand
*** SUMMARY ***
Total pot $2 | Rake $0
Seat 3: belik555 (big blind) collected ($2)
Seat 5: Pete81 (button) (small blind) folded before Flop


PokerStars Hand #172159422748:  Hold'em Limit ($3/$6 USD) - 2017/06/23 20:36:12 ET
Table 'Geranium' 6-max Seat #3 is the button
Seat 3: belik555 ($93.85 in chips)
Seat 5: Pete81 ($123.07 in chips)
belik555: posts small blind $1
Pete81: posts big blind $3
*** HOLE CARDS ***
belik555: raises $3 to $6
Pete81: raises $3 to $9
belik555: calls $3
*** FLOP *** [8h 6c 3d]
Pete81: bets $3
belik555: calls $3
*** TURN *** [8h 6c 3d] [Qh]
Pete81: bets $6
belik555: calls $6
*** RIVER *** [8h 6c 3d Qh] [Td]
Pete81: checks
belik555: checks
*** SHOW DOWN ***
Pete81: shows [Ac 5c] (high card Ace)
belik555: shows [Ad Jd] (high card Ace - Queen+Jack kicker)
belik555 collected $35.50 from pot
*** SUMMARY ***
Total pot $36 | Rake $0.50
Board [8h 6c 3d Qh Td]
Seat 3: belik555 (button) (small blind) showed [Ad Jd] and won ($35.50) with high card Ace
Seat 5: Pete81 (big blind) showed [Ac 5c] and lost with high card Ace


PokerStars Hand #172159451605:  Hold'em Limit ($3/$6 USD) - 2017/06/23 20:37:15 ET
Table 'Geranium' 6-max Seat #3 is the button
Seat 3: belik555 ($112.35 in chips)
Seat 5: Pete81 ($104.07 in chips)
belik555: posts small blind $1
Pete81: posts big blind $3
*** HOLE CARDS ***
belik555: raises $3 to $6
Pete81: calls $3
*** FLOP *** [3c Ac 9s]
Pete81: checks
belik555: bets $3
Pete81: calls $3
*** TURN *** [3c Ac 9s] [3d]
Pete81: checks
belik555: checks
*** RIVER *** [3c Ac 9s 3d] [Qc]
Pete81: bets $6
belik555: calls $6
*** SHOW DOWN ***
Pete81: shows [2s 4s] (a pair of Threes)
belik555: shows [Kh Kc] (two pair, Kings and Threes)
belik555 collected $29.50 from pot
*** SUMMARY ***
Total pot $30 | Rake $0.50
Board [3c Ac 9s 3d Qc]
Seat 3: belik555 (button) (small blind) showed [Kh Kc] and won ($29.50) with two pair, Kings and Threes
Seat 5: Pete81 (big blind) showed [2s 4s] and lost with a pair of Threes


PokerStars Hand #172159474632:  Hold'em Limit ($3/$6 USD) - 2017/06/23 20:38:06 ET
Table 'Geranium' 6-max Seat #3 is the button
Seat 3: belik555 ($120.85 in chips)
Seat 5: Pete81 ($94.83 in chips)
belik555: posts small blind $1
Pete81: posts big blind $3
*** HOLE CARDS ***
belik555: folds
Uncalled bet ($2) returned to Pete81
Pete81 collected $2 from pot
Pete81: doesn't show hand
*** SUMMARY ***
Total pot $2 | Rake $0
Seat 3: belik555 (button) (small blind) folded before Flop
Seat 5: Pete81 (big blind) collected ($2)


PokerStars Hand #172159464620:  Hold'em Limit ($3/$6 USD) - 2017/06/23 20:37:44 ET
Table 'Geranium' 6-max Seat #5 is the button
Seat 3: belik555 ($126.85 in chips)
Seat 5: Pete81 ($89.07 in chips)
Pete81: posts small blind $1
belik555: posts big blind $3
*** HOLE CARDS ***
Pete81: raises $3 to $6
belik555: calls $3
*** FLOP *** [Th Qc 5d]
belik555: checks
Pete81: bets $3
belik555: folds
Uncalled bet ($3) returned to Pete81
Pete81 collected $11.76 from pot
Pete81: doesn't show hand
*** SUMMARY ***
Total pot $12 | Rake $0.24
Board [Th Qc 5d]
Seat 3: belik555 (big blind) folded on the Flop
Seat 5: Pete81 (button) (small blind) collected ($11.76)


PokerStars Hand #172159496921:  Hold'em Limit ($3/$6 USD) - 2017/06/23 20:38:55 ET
Table 'Geranium' 6-max Seat #3 is the button
Seat 3: belik555 ($143.35 in chips)
Seat 5: Pete81 ($71.83 in chips)
belik555: posts small blind $1
Pete81: posts big blind $3
*** HOLE CARDS ***
belik555: raises $3 to $6
Pete81: calls $3
*** FLOP *** [9c Qh Qc]
Pete81: checks
belik555: bets $3
Pete81: folds
Uncalled bet ($3) returned to belik555
belik555 collected $11.76 from pot
belik555: doesn't show hand
*** SUMMARY ***
Total pot $12 | Rake $0.24
Board [9c Qh Qc]
Seat 3: belik555 (button) (small blind) collected ($11.76)
Seat 5: Pete81 (big blind) folded on the Flop


PokerStars Hand #172159482785:  Hold'em Limit ($3/$6 USD) - 2017/06/23 20:38:24 ET
Table 'Geranium' 6-max Seat #5 is the button
Seat 3: belik555 ($119.85 in chips)
Seat 5: Pete81 ($95.83 in chips)
Pete81: posts small blind $1
belik555: posts big blind $3
*** HOLE CARDS ***
Pete81: raises $3 to $6
belik555: calls $3
*** FLOP *** [8d 5s 9d]
belik555: checks
Pete81: checks
*** TURN *** [8d 5s 9d] [9c]
belik555: bets $6
Pete81: raises $6 to $12
belik555: calls $6
*** RIVER *** [8d 5s 9d 9c] [Js]
belik555: bets $6
Pete81: calls $6
*** SHOW DOWN ***
belik555: shows [Ts 7d] (a straight, Seven to Jack)
Pete81: mucks hand
belik555 collected $47.50 from pot
*** SUMMARY ***
Total pot $48 | Rake $0.50
Board [8d 5s 9d 9c Js]
Seat 3: belik555 (big blind) showed [Ts 7d] and won ($47.50) with a straight, Seven to Jack
Seat 5: Pete81 (button) (small blind) mucked


PokerStars Hand #172163764697:  Hold'em Limit ($3/$6 USD) - 2017/06/23 23:57:44 ET
Table 'Geranium' 6-max Seat #1 is the button
Seat 1: Jcamp12 ($96.30 in chips)
Seat 5: Chessnok ($138.11 in chips)
Jcamp12: posts small blind $1
Chessnok: posts big blind $3
*** HOLE CARDS ***
Jcamp12: raises $3 to $6
Chessnok: raises $3 to $9
Jcamp12: raises $3 to $12
Betting is capped
Chessnok: calls $3
*** FLOP *** [2h Jh Kh]
Chessnok: checks
Jcamp12: bets $3
Chessnok: calls $3
*** TURN *** [2h Jh Kh] [Qc]
Chessnok: checks
Jcamp12: bets $6
Chessnok: calls $6
*** RIVER *** [2h Jh Kh Qc] [4d]
Chessnok: bets $6
Jcamp12: calls $6
*** SHOW DOWN ***
Chessnok: shows [Qd 9c] (a pair of Queens)
Jcamp12: shows [Qs 9d] (a pair of Queens)
Chessnok collected $26.75 from pot
Jcamp12 collected $26.75 from pot
*** SUMMARY ***
Total pot $54 | Rake $0.50
Board [2h Jh Kh Qc 4d]
Seat 1: Jcamp12 (button) (small blind) showed [Qs 9d] and won ($26.75) with a pair of Queens
Seat 5: Chessnok (big blind) showed [Qd 9c] and won ($26.75) with a pair of Queens


PokerStars Hand #172163777123:  Hold'em Limit ($3/$6 USD) - 2017/06/23 23:58:32 ET
Table 'Geranium' 6-max Seat #1 is the button
Seat 1: Jcamp12 ($90.05 in chips)
Seat 5: Chessnok ($143.62 in chips)
Jcamp12: posts small blind $1
Chessnok: posts big blind $3
*** HOLE CARDS ***
Jcamp12: raises $3 to $6
Chessnok: folds
Uncalled bet ($3) returned to Jcamp12
Jcamp12 collected $6 from pot
Jcamp12: doesn't show hand
*** SUMMARY ***
Total pot $6 | Rake $0
Seat 1: Jcamp12 (button) (small blind) collected ($6)
Seat 5: Chessnok (big blind) folded before Flop


PokerStars Hand #172163774150:  Hold'em Limit ($3/$6 USD) - 2017/06/23 23:58:21 ET
Table 'Geranium' 6-max Seat #5 is the button
Seat 1: Jcamp12 ($96.05 in chips)
Seat 5: Chessnok ($137.86 in chips)
Chessnok: posts small blind $1
Jcamp12: posts big blind $3
*** HOLE CARDS ***
Chessnok: raises $3 to $6
Jcamp12: calls $3
*** FLOP *** [Ks 3h 9c]
Jcamp12: checks
Chessnok: bets $3
Jcamp12: folds
Uncalled bet ($3) returned to Chessnok
Chessnok collected $11.76 from pot
Chessnok: doesn't show hand
*** SUMMARY ***
Total pot $12 | Rake $0.24
Board [Ks 3h 9c]
Seat 1: Jcamp12 (big blind) folded on the Flop
Seat 5: Chessnok (button) (small blind) collected ($11.76)


PokerStars Hand #172163788999:  Hold'em Limit ($3/$6 USD) - 2017/06/23 23:59:19 ET
Table 'Geranium' 6-max Seat #1 is the button
Seat 1: Jcamp12 ($88.69 in chips)
Seat 5: Chessnok ($144.14 in chips)
Jcamp12: posts small blind $1
Chessnok: posts big blind $3
*** HOLE CARDS ***
Jcamp12: raises $3 to $6
Chessnok: folds
Uncalled bet ($3) returned to Jcamp12
Jcamp12 collected $6 from pot
Jcamp12: doesn't show hand
*** SUMMARY ***
Total pot $6 | Rake $0
Seat 1: Jcamp12 (button) (small blind) collected ($6)
Seat 5: Chessnok (big blind) folded before Flop


PokerStars Hand #172163786406:  Hold'em Limit ($3/$6 USD) - 2017/06/23 23:59:09 ET
Table 'Geranium' 6-max Seat #5 is the button
Seat 1: Jcamp12 ($80.05 in chips)
Seat 5: Chessnok ($153.14 in chips)
Chessnok: posts small blind $1
Jcamp12: posts big blind $3
*** HOLE CARDS ***
Chessnok: raises $3 to $6
Jcamp12: raises $3 to $9
Chessnok: calls $3
*** FLOP *** [Kd 2h Qs]
Jcamp12: bets $3
Chessnok: folds
Uncalled bet ($3) returned to Jcamp12
Jcamp12 collected $17.64 from pot
Jcamp12: doesn't show hand
*** SUMMARY ***
Total pot $18 | Rake $0.36
Board [Kd 2h Qs]
Seat 1: Jcamp12 (big blind) collected ($17.64)
Seat 5: Chessnok (button) (small blind) folded on the Flop


PokerStars Hand #172163784164:  Hold'em Limit ($3/$6 USD) - 2017/06/23 23:59:00 ET
Table 'Geranium' 6-max Seat #1 is the button
Seat 1: Jcamp12 ($81.05 in chips)
Seat 5: Chessnok ($152.14 in chips)
Jcamp12: posts small blind $1
Chessnok: posts big blind $3
*** HOLE CARDS ***
Jcamp12: folds
Uncalled bet ($2) returned to Chessnok
Chessnok collected $2 from pot
Chessnok: doesn't show hand
*** SUMMARY ***
Total pot $2 | Rake $0
Seat 1: Jcamp12 (button) (small blind) folded before Flop
Seat 5: Chessnok (big blind) collected ($2)


PokerStars Hand #172163778743:  Hold'em Limit ($3/$6 USD) - 2017/06/23 23:58:39 ET
Table 'Geranium' 6-max Seat #5 is the button
Seat 1: Jcamp12 ($93.05 in chips)
Seat 5: Chessnok ($140.62 in chips)
Chessnok: posts small blind $1
Jcamp12: posts big blind $3
*** HOLE CARDS ***
Chessnok: raises $3 to $6
Jcamp12: raises $3 to $9
Chessnok: calls $3
*** FLOP *** [Th Qh Ad]
Jcamp12: bets $3
Chessnok: calls $3
*** TURN *** [Th Qh Ad] [8h]
Jcamp12: checks
Chessnok: bets $6
Jcamp12: folds
Uncalled bet ($6) returned to Chessnok
Chessnok collected $23.52 from pot
Chessnok: doesn't show hand
*** SUMMARY ***
Total pot $24 | Rake $0.48
Board [Th Qh Ad 8h]
Seat 1: Jcamp12 (big blind) folded on the Turn
Seat 5: Chessnok (button) (small blind) collected ($23.52)


PokerStars Hand #172163802957:  Hold'em Limit ($3/$6 USD) - 2017/06/24 0:00:13 ET
Table 'Geranium' 6-max Seat #1 is the button
Seat 1: Jcamp12 ($111.19 in chips)
Seat 5: Chessnok ($120.90 in chips)
Jcamp12: posts small blind $1
Chessnok: posts big blind $3
*** HOLE CARDS ***
Jcamp12: folds
Uncalled bet ($2) returned to Chessnok
Chessnok collected $2 from pot
Chessnok: doesn't show hand
*** SUMMARY ***
Total pot $2 | Rake $0
Seat 1: Jcamp12 (button) (small blind) folded before Flop
Seat 5: Chessnok (big blind) collected ($2)


PokerStars Hand #172163801377:  Hold'em Limit ($3/$6 USD) - 2017/06/24 0:00:07 ET
Table 'Geranium' 6-max Seat #5 is the button
Seat 1: Jcamp12 ($114.19 in chips)
Seat 5: Chessnok ($117.90 in chips)
Chessnok: posts small blind $1
Jcamp12: posts big blind $3
*** HOLE CARDS ***
Chessnok: raises $3 to $6
Jcamp12: folds
Uncalled bet ($3) returned to Chessnok
Chessnok collected $6 from pot
Chessnok: doesn't show hand
*** SUMMARY ***
Total pot $6 | Rake $0
Seat 1: Jcamp12 (big blind) folded before Flop
Seat 5: Chessnok (button) (small blind) collected ($6)


PokerStars Hand #172163799811:  Hold'em Limit ($3/$6 USD) - 2017/06/24 0:00:02 ET
Table 'Geranium' 6-max Seat #1 is the button
Seat 1: Jcamp12 ($115.19 in chips)
Seat 5: Chessnok ($116.90 in chips)
Jcamp12: posts small blind $1
Chessnok: posts big blind $3
*** HOLE CARDS ***
Jcamp12: folds
Uncalled bet ($2) returned to Chessnok
Chessnok collected $2 from pot
Chessnok: doesn't show hand
*** SUMMARY ***
Total pot $2 | Rake $0
Seat 1: Jcamp12 (button) (small blind) folded before Flop
Seat 5: Chessnok (big blind) collected ($2)


PokerStars Hand #172163795153:  Hold'em Limit ($3/$6 USD) - 2017/06/23 23:59:43 ET
Table 'Geranium' 6-max Seat #5 is the button
Seat 1: Jcamp12 ($88.69 in chips)
Seat 5: Chessnok ($143.90 in chips)
Chessnok: posts small blind $1
Jcamp12: posts big blind $3
*** HOLE CARDS ***
Chessnok: raises $3 to $6
Jcamp12: calls $3
*** FLOP *** [9d 4h 3c]
Jcamp12: bets $3
Chessnok: calls $3
*** TURN *** [9d 4h 3c] [2d]
Jcamp12: bets $6
Chessnok: raises $6 to $12
Jcamp12: calls $6
*** RIVER *** [9d 4h 3c 2d] [Td]
Jcamp12: checks
Chessnok: bets $6
Jcamp12: calls $6
*** SHOW DOWN ***
Chessnok: shows [5c Qs] (high card Queen)
Jcamp12: shows [8c 9s] (a pair of Nines)
Jcamp12 collected $53.50 from pot
*** SUMMARY ***
Total pot $54 | Rake $0.50
Board [9d 4h 3c 2d Td]
Seat 1: Jcamp12 (big blind) showed [8c 9s] and won ($53.50) with a pair of Nines
Seat 5: Chessnok (button) (small blind) showed [5c Qs] and lost with high card Queen


PokerStars Hand #172163793657:  Hold'em Limit ($3/$6 USD) - 2017/06/23 23:59:37 ET
Table 'Geranium' 6-max Seat #1 is the button
Seat 1: Jcamp12 ($85.69 in chips)
Seat 5: Chessnok ($146.90 in chips)
Jcamp12: posts small blind $1
Chessnok: posts big blind $3
*** HOLE CARDS ***
Jcamp12: raises $3 to $6
Chessnok: folds
Uncalled bet ($3) returned to Jcamp12
Jcamp12 collected $6 from pot
Jcamp12: doesn't show hand
*** SUMMARY ***
Total pot $6 | Rake $0
Seat 1: Jcamp12 (button) (small blind) collected ($6)
Seat 5: Chessnok (big blind) folded before Flop


PokerStars Hand #172163790756:  Hold'em Limit ($3/$6 USD) - 2017/06/23 23:59:26 ET
Table 'Geranium' 6-max Seat #5 is the button
Seat 1: Jcamp12 ($91.69 in chips)
Seat 5: Chessnok ($141.14 in chips)
Chessnok: posts small blind $1
Jcamp12: posts big blind $3
*** HOLE CARDS ***
Chessnok: raises $3 to $6
Jcamp12: calls $3
*** FLOP *** [Qs 8h Jc]
Jcamp12: checks
Chessnok: bets $3
Jcamp12: folds
Uncalled bet ($3) returned to Chessnok
Chessnok collected $11.76 from pot
Chessnok: doesn't show hand
*** SUMMARY ***
Total pot $12 | Rake $0.24
Board [Qs 8h Jc]
Seat 1: Jcamp12 (big blind) folded on the Flop
Seat 5: Chessnok (button) (small blind) collected ($11.76)


PokerStars Hand #172163804336:  Hold'em Limit ($3/$6 USD) - 2017/06/24 0:00:19 ET
Table 'Geranium' 6-max Seat #5 is the button
Seat 1: Jcamp12 ($110.19 in chips)
Seat 5: Chessnok ($121.90 in chips)
Chessnok: posts small blind $1
Jcamp12: posts big blind $3
*** HOLE CARDS ***
Chessnok: folds
Uncalled bet ($2) returned to Jcamp12
Jcamp12 collected $2 from pot
*** SUMMARY ***
Total pot $2 | Rake $0
Seat 1: Jcamp12 (big blind) collected ($2)
Seat 5: Chessnok (button) (small blind) folded before Flop


PokerStars Hand #172163816425:  Hold'em Limit ($3/$6 USD) - 2017/06/24 0:01:04 ET
Table 'Geranium' 6-max Seat #5 is the button
Seat 1: Jcamp12 ($114.69 in chips)
Seat 5: Chessnok ($116.42 in chips)
Chessnok: posts small blind $1
Jcamp12: posts big blind $3
*** HOLE CARDS ***
Chessnok: raises $3 to $6
Jcamp12: folds
Uncalled bet ($3) returned to Chessnok
Chessnok collected $6 from pot
Chessnok: doesn't show hand
*** SUMMARY ***
Total pot $6 | Rake $0
Seat 1: Jcamp12 (big blind) folded before Flop
Seat 5: Chessnok (button) (small blind) collected ($6)


PokerStars Hand #172163811847:  Hold'em Limit ($3/$6 USD) - 2017/06/24 0:00:47 ET
Table 'Geranium' 6-max Seat #1 is the button
Seat 1: Jcamp12 ($126.69 in chips)
Seat 5: Chessnok ($104.90 in chips)
Jcamp12: posts small blind $1
Chessnok: posts big blind $3
*** HOLE CARDS ***
Jcamp12: raises $3 to $6
Chessnok: calls $3
*** FLOP *** [4c 2s 7c]
Chessnok: checks
Jcamp12: bets $3
Chessnok: raises $3 to $6
Jcamp12: calls $3
*** TURN *** [4c 2s 7c] [Ts]
Chessnok: bets $6
Jcamp12: folds
Uncalled bet ($6) returned to Chessnok
Chessnok collected $23.52 from pot
Chessnok: doesn't show hand
*** SUMMARY ***
Total pot $24 | Rake $0.48
Board [4c 2s 7c Ts]
Seat 1: Jcamp12 (button) (small blind) folded on the Turn
Seat 5: Chessnok (big blind) collected ($23.52)


PokerStars Hand #172163810345:  Hold'em Limit ($3/$6 USD) - 2017/06/24 0:00:41 ET
Table 'Geranium' 6-max Seat #5 is the button
Seat 1: Jcamp12 ($125.69 in chips)
Seat 5: Chessnok ($105.90 in chips)
Chessnok: posts small blind $1
Jcamp12: posts big blind $3
*** HOLE CARDS ***
Chessnok: folds
Uncalled bet ($2) returned to Jcamp12
Jcamp12 collected $2 from pot
Jcamp12: doesn't show hand
*** SUMMARY ***
Total pot $2 | Rake $0
Seat 1: Jcamp12 (big blind) collected ($2)
Seat 5: Chessnok (button) (small blind) folded before Flop


PokerStars Hand #172163805714:  Hold'em Limit ($3/$6 USD) - 2017/06/24 0:00:24 ET
Table 'Geranium' 6-max Seat #1 is the button
Seat 1: Jcamp12 ($111.19 in chips)
Seat 5: Chessnok ($120.90 in chips)
Jcamp12: posts small blind $1
Chessnok: posts big blind $3
*** HOLE CARDS ***
Jcamp12: raises $3 to $6
Chessnok: calls $3
*** FLOP *** [Th 9c 6d]
Chessnok: checks
Jcamp12: bets $3
Chessnok: calls $3
*** TURN *** [Th 9c 6d] [Js]
Chessnok: checks
Jcamp12: bets $6
Chessnok: calls $6
*** RIVER *** [Th 9c 6d Js] [9s]
Chessnok: checks
Jcamp12: bets $6
Chessnok: folds
Uncalled bet ($6) returned to Jcamp12
Jcamp12 collected $29.50 from pot
Jcamp12: doesn't show hand
*** SUMMARY ***
Total pot $30 | Rake $0.50
Board [Th 9c 6d Js 9s]
Seat 1: Jcamp12 (button) (small blind) collected ($29.50)
Seat 5: Chessnok (big blind) folded on the River


PokerStars Hand #172163821452:  Hold'em Limit ($3/$6 USD) - 2017/06/24 0:01:22 ET
Table 'Geranium' 6-max Seat #5 is the button
Seat 1: Jcamp12 ($117.45 in chips)
Seat 5: Chessnok ($113.42 in chips)
Chessnok: posts small blind $1
Jcamp12: posts big blind $3
*** HOLE CARDS ***
Chessnok: folds
Uncalled bet ($2) returned to Jcamp12
Jcamp12 collected $2 from pot
Jcamp12: doesn't show hand
*** SUMMARY ***
Total pot $2 | Rake $0
Seat 1: Jcamp12 (big blind) collected ($2)
Seat 5: Chessnok (button) (small blind) folded before Flop


PokerStars Hand #172163818075:  Hold'em Limit ($3/$6 USD) - 2017/06/24 0:01:10 ET
Table 'Geranium' 6-max Seat #1 is the button
Seat 1: Jcamp12 ($111.69 in chips)
Seat 5: Chessnok ($119.42 in chips)
Jcamp12: posts small blind $1
Chessnok: posts big blind $3
*** HOLE CARDS ***
Jcamp12: raises $3 to $6
Chessnok: calls $3
*** FLOP *** [7c 7h Kc]
Chessnok: checks
Jcamp12: bets $3
Chessnok: folds
Uncalled bet ($3) returned to Jcamp12
Jcamp12 collected $11.76 from pot
Jcamp12: doesn't show hand
*** SUMMARY ***
Total pot $12 | Rake $0.24
Board [7c 7h Kc]
Seat 1: Jcamp12 (button) (small blind) collected ($11.76)
Seat 5: Chessnok (big blind) folded on the Flop


PokerStars Hand #172163833651:  Hold'em Limit ($3/$6 USD) - 2017/06/24 0:02:05 ET
Table 'Geranium' 6-max Seat #5 is the button
Seat 1: Jcamp12 ($137.61 in chips)
Seat 5: Chessnok ($92.42 in chips)
Chessnok: posts small blind $1
Jcamp12: posts big blind $3
*** HOLE CARDS ***
Chessnok: raises $3 to $6
Jcamp12: raises $3 to $9
Chessnok: raises $3 to $12
Betting is capped
Jcamp12: calls $3
*** FLOP *** [2d Tc 7d]
Jcamp12: bets $3
Chessnok: calls $3
*** TURN *** [2d Tc 7d] [5h]
Jcamp12: bets $6
Chessnok: raises $6 to $12
Jcamp12: calls $6
*** RIVER *** [2d Tc 7d 5h] [3c]
Jcamp12: checks
Chessnok: bets $6
Jcamp12: folds
Uncalled bet ($6) returned to Chessnok
Chessnok collected $53.50 from pot
Chessnok: doesn't show hand
*** SUMMARY ***
Total pot $54 | Rake $0.50
Board [2d Tc 7d 5h 3c]
Seat 1: Jcamp12 (big blind) folded on the River
Seat 5: Chessnok (button) (small blind) collected ($53.50)


PokerStars Hand #172163823399:  Hold'em Limit ($3/$6 USD) - 2017/06/24 0:01:29 ET
Table 'Geranium' 6-max Seat #1 is the button
Seat 1: Jcamp12 ($118.45 in chips)
Seat 5: Chessnok ($112.42 in chips)
Jcamp12: posts small blind $1
Chessnok: posts big blind $3
*** HOLE CARDS ***
Jcamp12: folds
Uncalled bet ($2) returned to Chessnok
Chessnok collected $2 from pot
Chessnok: doesn't show hand
*** SUMMARY ***
Total pot $2 | Rake $0
Seat 1: Jcamp12 (button) (small blind) folded before Flop
Seat 5: Chessnok (big blind) collected ($2)


PokerStars Hand #172163824860:  Hold'em Limit ($3/$6 USD) - 2017/06/24 0:01:34 ET
Table 'Geranium' 6-max Seat #5 is the button
Seat 1: Jcamp12 ($117.45 in chips)
Seat 5: Chessnok ($113.42 in chips)
Chessnok: posts small blind $1
Jcamp12: posts big blind $3
*** HOLE CARDS ***
Chessnok: raises $3 to $6
Jcamp12: raises $3 to $9
Chessnok: calls $3
*** FLOP *** [3h Kh 6d]
Jcamp12: bets $3
Chessnok: folds
Uncalled bet ($3) returned to Jcamp12
Jcamp12 collected $17.64 from pot
Jcamp12: doesn't show hand
*** SUMMARY ***
Total pot $18 | Rake $0.36
Board [3h Kh 6d]
Seat 1: Jcamp12 (big blind) collected ($17.64)
Seat 5: Chessnok (button) (small blind) folded on the Flop


PokerStars Hand #172163828272:  Hold'em Limit ($3/$6 USD) - 2017/06/24 0:01:46 ET
Table 'Geranium' 6-max Seat #1 is the button
Seat 1: Jcamp12 ($126.09 in chips)
Seat 5: Chessnok ($104.42 in chips)
Jcamp12: posts small blind $1
Chessnok: posts big blind $3
*** HOLE CARDS ***
Jcamp12: raises $3 to $6
Chessnok: calls $3
*** FLOP *** [Kh Ac Th]
Chessnok: checks
Jcamp12: checks
*** TURN *** [Kh Ac Th] [Ah]
Chessnok: bets $6
Jcamp12: calls $6
*** RIVER *** [Kh Ac Th Ah] [Jd]
Chessnok: checks
Jcamp12: checks
*** SHOW DOWN ***
Chessnok: shows [Tc 4h] (two pair, Aces and Tens)
Jcamp12: shows [8s Js] (two pair, Aces and Jacks)
Jcamp12 collected $23.52 from pot
*** SUMMARY ***
Total pot $24 | Rake $0.48
Board [Kh Ac Th Ah Jd]
Seat 1: Jcamp12 (button) (small blind) showed [8s Js] and won ($23.52) with two pair, Aces and Jacks
Seat 5: Chessnok (big blind) showed [Tc 4h] and lost with two pair, Aces and Tens


PokerStars Hand #172163841189:  Hold'em Limit ($3/$6 USD) - 2017/06/24 0:02:32 ET
Table 'Geranium' 6-max Seat #5 is the button
Seat 1: Jcamp12 ($113.61 in chips)
Seat 5: Chessnok ($115.92 in chips)
Chessnok: posts small blind $1
Jcamp12: posts big blind $3
*** HOLE CARDS ***
Chessnok: raises $3 to $6
Jcamp12: calls $3
*** FLOP *** [Ad 9c 9d]
Jcamp12: checks
Chessnok: bets $3
Jcamp12: folds
Uncalled bet ($3) returned to Chessnok
Chessnok collected $11.76 from pot
Chessnok: doesn't show hand
*** SUMMARY ***
Total pot $12 | Rake $0.24
Board [Ad 9c 9d]
Seat 1: Jcamp12 (big blind) folded on the Flop
Seat 5: Chessnok (button) (small blind) collected ($11.76)


PokerStars Hand #172163839479:  Hold'em Limit ($3/$6 USD) - 2017/06/24 0:02:25 ET
Table 'Geranium' 6-max Seat #1 is the button
Seat 1: Jcamp12 ($110.61 in chips)
Seat 5: Chessnok ($118.92 in chips)
Jcamp12: posts small blind $1
Chessnok: posts big blind $3
*** HOLE CARDS ***
Jcamp12: raises $3 to $6
Chessnok: folds
Uncalled bet ($3) returned to Jcamp12
Jcamp12 collected $6 from pot
Jcamp12: doesn't show hand
*** SUMMARY ***
Total pot $6 | Rake $0
Seat 1: Jcamp12 (button) (small blind) collected ($6)
Seat 5: Chessnok (big blind) folded before Flop


PokerStars Hand #172163855900:  Hold'em Limit ($3/$6 USD) - 2017/06/24 0:03:24 ET
Table 'Geranium' 6-max Seat #5 is the button
Seat 1: Jcamp12 ($97.36 in chips)
Seat 5: Chessnok ($131.07 in chips)
Chessnok: posts small blind $1
Jcamp12: posts big blind $3
*** HOLE CARDS ***
Chessnok: raises $3 to $6
Jcamp12: folds
Uncalled bet ($3) returned to Chessnok
Chessnok collected $6 from pot
Chessnok: doesn't show hand
*** SUMMARY ***
Total pot $6 | Rake $0
Seat 1: Jcamp12 (big blind) folded before Flop
Seat 5: Chessnok (button) (small blind) collected ($6)


PokerStars Hand #172163852097:  Hold'em Limit ($3/$6 USD) - 2017/06/24 0:03:11 ET
Table 'Geranium' 6-max Seat #1 is the button
Seat 1: Jcamp12 ($106.36 in chips)
Seat 5: Chessnok ($122.43 in chips)
Jcamp12: posts small blind $1
Chessnok: posts big blind $3
*** HOLE CARDS ***
Jcamp12: raises $3 to $6
Chessnok: raises $3 to $9
Jcamp12: calls $3
*** FLOP *** [6s 5c Ks]
Chessnok: bets $3
Jcamp12: folds
Uncalled bet ($3) returned to Chessnok
Chessnok collected $17.64 from pot
Chessnok: doesn't show hand
*** SUMMARY ***
Total pot $18 | Rake $0.36
Board [6s 5c Ks]
Seat 1: Jcamp12 (button) (small blind) folded on the Flop
Seat 5: Chessnok (big blind) collected ($17.64)


PokerStars Hand #172163845776:  Hold'em Limit ($3/$6 USD) - 2017/06/24 0:02:48 ET
Table 'Geranium' 6-max Seat #5 is the button
Seat 1: Jcamp12 ($106.61 in chips)
Seat 5: Chessnok ($122.68 in chips)
Chessnok: posts small blind $1
Jcamp12: posts big blind $3
*** HOLE CARDS ***
Chessnok: raises $3 to $6
Jcamp12: raises $3 to $9
Chessnok: calls $3
*** FLOP *** [As 9d Qs]
Jcamp12: bets $3
Chessnok: calls $3
*** TURN *** [As 9d Qs] [8d]
Jcamp12: bets $6
Chessnok: calls $6
*** RIVER *** [As 9d Qs 8d] [Ts]
Jcamp12: bets $6
Chessnok: raises $6 to $12
Jcamp12: raises $6 to $18
Chessnok: calls $6
*** SHOW DOWN ***
Jcamp12: shows [Js Ah] (a straight, Eight to Queen)
Chessnok: shows [Jh Qd] (a straight, Eight to Queen)
Jcamp12 collected $35.75 from pot
Chessnok collected $35.75 from pot
*** SUMMARY ***
Total pot $72 | Rake $0.50
Board [As 9d Qs 8d Ts]
Seat 1: Jcamp12 (big blind) showed [Js Ah] and won ($35.75) with a straight, Eight to Queen
Seat 5: Chessnok (button) (small blind) showed [Jh Qd] and won ($35.75) with a straight, Eight to Queen


PokerStars Hand #172163867713:  Hold'em Limit ($3/$6 USD) - 2017/06/24 0:04:03 ET
Table 'Geranium' 6-max Seat #1 is the button
Seat 1: Jcamp12 ($132.36 in chips)
Seat 5: Chessnok ($95.07 in chips)
Jcamp12: posts small blind $1
Chessnok: posts big blind $3
*** HOLE CARDS ***
Jcamp12: raises $3 to $6
Chessnok: folds
Uncalled bet ($3) returned to Jcamp12
Jcamp12 collected $6 from pot
Jcamp12: doesn't show hand
*** SUMMARY ***
Total pot $6 | Rake $0
Seat 1: Jcamp12 (button) (small blind) collected ($6)
Seat 5: Chessnok (big blind) folded before Flop


PokerStars Hand #172163870052:  Hold'em Limit ($3/$6 USD) - 2017/06/24 0:04:12 ET
Table 'Geranium' 6-max Seat #5 is the button
Seat 1: Jcamp12 ($135.36 in chips)
Seat 5: Chessnok ($92.07 in chips)
Chessnok: posts small blind $1
Jcamp12: posts big blind $3
*** HOLE CARDS ***
Chessnok: raises $3 to $6
Jcamp12: calls $3
*** FLOP *** [4d Ks 2c]
Jcamp12: bets $3
Chessnok: calls $3
*** TURN *** [4d Ks 2c] [4s]
Jcamp12: bets $6
Chessnok: folds
Uncalled bet ($6) returned to Jcamp12
Jcamp12 collected $17.64 from pot
Jcamp12: doesn't show hand
*** SUMMARY ***
Total pot $18 | Rake $0.36
Board [4d Ks 2c 4s]
Seat 1: Jcamp12 (big blind) collected ($17.64)
Seat 5: Chessnok (button) (small blind) folded on the Turn


PokerStars Hand #172163857465:  Hold'em Limit ($3/$6 USD) - 2017/06/24 0:03:30 ET
Table 'Geranium' 6-max Seat #1 is the button
Seat 1: Jcamp12 ($94.36 in chips)
Seat 5: Chessnok ($134.07 in chips)
Jcamp12: posts small blind $1
Chessnok: posts big blind $3
*** HOLE CARDS ***
Jcamp12: raises $3 to $6
Chessnok: raises $3 to $9
Jcamp12: raises $3 to $12
Betting is capped
Chessnok: calls $3
*** FLOP *** [8s 7c Kd]
Chessnok: checks
Jcamp12: bets $3
Chessnok: calls $3
*** TURN *** [8s 7c Kd] [5c]
Chessnok: checks
Jcamp12: bets $6
Chessnok: folds
Uncalled bet ($6) returned to Jcamp12
Jcamp12 collected $29.50 from pot
Jcamp12: doesn't show hand
*** SUMMARY ***
Total pot $30 | Rake $0.50
Board [8s 7c Kd 5c]
Seat 1: Jcamp12 (button) (small blind) collected ($29.50)
Seat 5: Chessnok (big blind) folded on the Turn


PokerStars Hand #172163862929:  Hold'em Limit ($3/$6 USD) - 2017/06/24 0:03:47 ET
Table 'Geranium' 6-max Seat #5 is the button
Seat 1: Jcamp12 ($108.86 in chips)
Seat 5: Chessnok ($119.07 in chips)
Chessnok: posts small blind $1
Jcamp12: posts big blind $3
*** HOLE CARDS ***
Chessnok: raises $3 to $6
Jcamp12: raises $3 to $9
Chessnok: calls $3
*** FLOP *** [8d Ac 5s]
Jcamp12: bets $3
Chessnok: calls $3
*** TURN *** [8d Ac 5s] [2s]
Jcamp12: bets $6
Chessnok: calls $6
*** RIVER *** [8d Ac 5s 2s] [As]
Jcamp12: bets $6
Chessnok: calls $6
*** SHOW DOWN ***
Jcamp12: shows [Js 8h] (two pair, Aces and Eights)
Chessnok: mucks hand
Jcamp12 collected $47.50 from pot
*** SUMMARY ***
Total pot $48 | Rake $0.50
Board [8d Ac 5s 2s As]
Seat 1: Jcamp12 (big blind) showed [Js 8h] and won ($47.50) with two pair, Aces and Eights
Seat 5: Chessnok (button) (small blind) mucked


PokerStars Hand #172163877182:  Hold'em Limit ($3/$6 USD) - 2017/06/24 0:04:37 ET
Table 'Geranium' 6-max Seat #5 is the button
Seat 1: Jcamp12 ($135 in chips)
Seat 5: Chessnok ($91.71 in chips)
Chessnok: posts small blind $1
Jcamp12: posts big blind $3
*** HOLE CARDS ***
Chessnok: raises $3 to $6
Jcamp12: calls $3
*** FLOP *** [2s 6d 9h]
Jcamp12: checks
Chessnok: bets $3
Jcamp12: raises $3 to $6
Chessnok: calls $3
*** TURN *** [2s 6d 9h] [Js]
Jcamp12: bets $6
Chessnok: raises $6 to $12
Jcamp12: folds
Uncalled bet ($6) returned to Chessnok
Chessnok collected $35.50 from pot
Chessnok: doesn't show hand
*** SUMMARY ***
Total pot $36 | Rake $0.50
Board [2s 6d 9h Js]
Seat 1: Jcamp12 (big blind) folded on the Turn
Seat 5: Chessnok (button) (small blind) collected ($35.50)


PokerStars Hand #172163874442:  Hold'em Limit ($3/$6 USD) - 2017/06/24 0:04:27 ET
Table 'Geranium' 6-max Seat #1 is the button
Seat 1: Jcamp12 ($144 in chips)
Seat 5: Chessnok ($83.07 in chips)
Jcamp12: posts small blind $1
Chessnok: posts big blind $3
*** HOLE CARDS ***
Jcamp12: raises $3 to $6
Chessnok: raises $3 to $9
Jcamp12: calls $3
*** FLOP *** [Kd Qd 8c]
Chessnok: bets $3
Jcamp12: folds
Uncalled bet ($3) returned to Chessnok
Chessnok collected $17.64 from pot
Chessnok: doesn't show hand
*** SUMMARY ***
Total pot $18 | Rake $0.36
Board [Kd Qd 8c]
Seat 1: Jcamp12 (button) (small blind) folded on the Flop
Seat 5: Chessnok (big blind) collected ($17.64)


PokerStars Hand #172163885739:  Hold'em Limit ($3/$6 USD) - 2017/06/24 0:05:08 ET
Table 'Geranium' 6-max Seat #1 is the button
Seat 1: Jcamp12 ($119.76 in chips)
Seat 5: Chessnok ($106.21 in chips)
Jcamp12: posts small blind $1
Chessnok: posts big blind $3
*** HOLE CARDS ***
Jcamp12: raises $3 to $6
Chessnok: raises $3 to $9
Jcamp12: raises $3 to $12
Betting is capped
Chessnok: calls $3
*** FLOP *** [Ts 5d Qh]
Chessnok: checks
Jcamp12: bets $3
Chessnok: raises $3 to $6
Jcamp12: folds
Uncalled bet ($3) returned to Chessnok
Chessnok collected $29.50 from pot
Chessnok: doesn't show hand
*** SUMMARY ***
Total pot $30 | Rake $0.50
Board [Ts 5d Qh]
Seat 1: Jcamp12 (button) (small blind) folded on the Flop
Seat 5: Chessnok (big blind) collected ($29.50)


PokerStars Hand #172163884178:  Hold'em Limit ($3/$6 USD) - 2017/06/24 0:05:03 ET
Table 'Geranium' 6-max Seat #5 is the button
Seat 1: Jcamp12 ($122.76 in chips)
Seat 5: Chessnok ($103.21 in chips)
Chessnok: posts small blind $1
Jcamp12: posts big blind $3
*** HOLE CARDS ***
Chessnok: raises $3 to $6
Jcamp12: folds
Uncalled bet ($3) returned to Chessnok
Chessnok collected $6 from pot
Chessnok: doesn't show hand
*** SUMMARY ***
Total pot $6 | Rake $0
Seat 1: Jcamp12 (big blind) folded before Flop
Seat 5: Chessnok (button) (small blind) collected ($6)


PokerStars Hand #172163881301:  Hold'em Limit ($3/$6 USD) - 2017/06/24 0:04:52 ET
Table 'Geranium' 6-max Seat #1 is the button
Seat 1: Jcamp12 ($117 in chips)
Seat 5: Chessnok ($109.21 in chips)
Jcamp12: posts small blind $1
Chessnok: posts big blind $3
*** HOLE CARDS ***
Jcamp12: raises $3 to $6
Chessnok: calls $3
*** FLOP *** [Ts 2d 2h]
Chessnok: checks
Jcamp12: bets $3
Chessnok: folds
Uncalled bet ($3) returned to Jcamp12
Jcamp12 collected $11.76 from pot
Jcamp12: doesn't show hand
*** SUMMARY ***
Total pot $12 | Rake $0.24
Board [Ts 2d 2h]
Seat 1: Jcamp12 (button) (small blind) collected ($11.76)
Seat 5: Chessnok (big blind) folded on the Flop


PokerStars Hand #172163896876:  Hold'em Limit ($3/$6 USD) - 2017/06/24 0:05:48 ET
Table 'Geranium' 6-max Seat #1 is the button
Seat 1: Jcamp12 ($74.76 in chips)
Seat 5: Chessnok ($150.21 in chips)
Jcamp12: posts small blind $1
Chessnok: posts big blind $3
*** HOLE CARDS ***
Jcamp12: folds
Uncalled bet ($2) returned to Chessnok
Chessnok collected $2 from pot
Chessnok: doesn't show hand
*** SUMMARY ***
Total pot $2 | Rake $0
Seat 1: Jcamp12 (button) (small blind) folded before Flop
Seat 5: Chessnok (big blind) collected ($2)


PokerStars Hand #172163940383:  Hold'em Limit ($3/$6 USD) - 2017/06/24 0:07:53 ET
Table 'Geranium' 6-max Seat #1 is the button
Seat 1: Jcamp12 ($71.76 in chips)
Seat 5: Chessnok ($198.90 in chips)
Jcamp12: posts small blind $1
Chessnok: posts big blind $3
*** HOLE CARDS ***
Jcamp12: raises $3 to $6
Chessnok: raises $3 to $9
Jcamp12: raises $3 to $12
Betting is capped
Chessnok: calls $3
*** FLOP *** [5c Jd Ks]
Chessnok: checks
Jcamp12: bets $3
Chessnok: calls $3
*** TURN *** [5c Jd Ks] [3s]
Chessnok: checks
Jcamp12: bets $6
Chessnok: calls $6
*** RIVER *** [5c Jd Ks 3s] [Tc]
Chessnok: checks
Jcamp12: bets $6
Chessnok: calls $6
*** SHOW DOWN ***
Jcamp12: shows [6s 8h] (high card King)
Chessnok: shows [Ad 2d] (high card Ace)
Chessnok collected $53.50 from pot
*** SUMMARY ***
Total pot $54 | Rake $0.50
Board [5c Jd Ks 3s Tc]
Seat 1: Jcamp12 (button) (small blind) showed [6s 8h] and lost with high card King
Seat 5: Chessnok (big blind) showed [Ad 2d] and won ($53.50) with high card Ace


PokerStars Hand #172163937439:  Hold'em Limit ($3/$6 USD) - 2017/06/24 0:07:43 ET
Table 'Geranium' 6-max Seat #1 is the button
Seat 1: Jcamp12 ($71.76 in chips)
Seat 5: Chessnok ($198.90 in chips)
Jcamp12: posts small blind $1
Chessnok: posts big blind $3
*** HOLE CARDS ***
Jcamp12: folds
Uncalled bet ($2) returned to Chessnok
Chessnok collected $2 from pot
Chessnok: doesn't show hand
*** SUMMARY ***
Total pot $2 | Rake $0
Seat 1: Jcamp12 (button) (small blind) folded before Flop
Seat 5: Chessnok (big blind) collected ($2)


PokerStars Hand #172163939040:  Hold'em Limit ($3/$6 USD) - 2017/06/24 0:07:49 ET
Table 'Geranium' 6-max Seat #5 is the button
Seat 1: Jcamp12 ($70.76 in chips)
Seat 5: Chessnok ($199.90 in chips)
Chessnok: posts small blind $1
Jcamp12: posts big blind $3
*** HOLE CARDS ***
Chessnok: folds
Uncalled bet ($2) returned to Jcamp12
Jcamp12 collected $2 from pot
Jcamp12: doesn't show hand
*** SUMMARY ***
Total pot $2 | Rake $0
Seat 1: Jcamp12 (big blind) collected ($2)
Seat 5: Chessnok (button) (small blind) folded before Flop


PokerStars Hand #172163947161:  Hold'em Limit ($3/$6 USD) - 2017/06/24 0:08:18 ET
Table 'Geranium' 6-max Seat #5 is the button
Seat 1: Jcamp12 ($44.76 in chips)
Seat 5: Chessnok ($225.40 in chips)
Chessnok: posts small blind $1
Jcamp12: posts big blind $3
*** HOLE CARDS ***
Chessnok: raises $3 to $6
Jcamp12: raises $3 to $9
Chessnok: calls $3
*** FLOP *** [5c Qc 5d]
Jcamp12: bets $3
Chessnok: calls $3
*** TURN *** [5c Qc 5d] [Ac]
Jcamp12: bets $6
Chessnok: raises $6 to $12
Jcamp12: raises $6 to $18
Chessnok: calls $6
*** RIVER *** [5c Qc 5d Ac] [6d]
Jcamp12: bets $6
Chessnok: folds
Uncalled bet ($6) returned to Jcamp12
Jcamp12 collected $59.50 from pot
*** SUMMARY ***
Total pot $60 | Rake $0.50
Board [5c Qc 5d Ac 6d]
Seat 1: Jcamp12 (big blind) collected ($59.50)
Seat 5: Chessnok (button) (small blind) folded on the River


PokerStars Hand #172164006561:  Hold'em Limit ($3/$6 USD) - 2017/06/24 0:11:49 ET
Table 'Geranium' 6-max Seat #3 is the button
Seat 3: xxcoolAsIcexx ($117.08 in chips)
Seat 5: Chessnok ($230.03 in chips)
xxcoolAsIcexx: posts small blind $1
Chessnok: posts big blind $3
*** HOLE CARDS ***
xxcoolAsIcexx: folds
Uncalled bet ($2) returned to Chessnok
Chessnok collected $2 from pot
Chessnok: doesn't show hand
*** SUMMARY ***
Total pot $2 | Rake $0
Seat 3: xxcoolAsIcexx (button) (small blind) folded before Flop
Seat 5: Chessnok (big blind) collected ($2)


PokerStars Hand #172164008227:  Hold'em Limit ($3/$6 USD) - 2017/06/24 0:11:55 ET
Table 'Geranium' 6-max Seat #5 is the button
Seat 3: xxcoolAsIcexx ($116.08 in chips)
Seat 5: Chessnok ($231.03 in chips)
Chessnok: posts small blind $1
xxcoolAsIcexx: posts big blind $3
*** HOLE CARDS ***
Chessnok: raises $3 to $6
xxcoolAsIcexx: calls $3
*** FLOP *** [Ah 6h 5d]
xxcoolAsIcexx: bets $3
Chessnok: calls $3
*** TURN *** [Ah 6h 5d] [7h]
xxcoolAsIcexx: bets $6
Chessnok: calls $6
*** RIVER *** [Ah 6h 5d 7h] [Qh]
xxcoolAsIcexx: bets $6
Chessnok: raises $6 to $12
xxcoolAsIcexx: calls $6
*** SHOW DOWN ***
Chessnok: shows [Kh 6d] (a flush, Ace high)
xxcoolAsIcexx: mucks hand
Chessnok collected $53.50 from pot
*** SUMMARY ***
Total pot $54 | Rake $0.50
Board [Ah 6h 5d 7h Qh]
Seat 3: xxcoolAsIcexx (big blind) mucked
Seat 5: Chessnok (button) (small blind) showed [Kh 6d] and won ($53.50) with a flush, Ace high


PokerStars Hand #172164025378:  Hold'em Limit ($3/$6 USD) - 2017/06/24 0:12:57 ET
Table 'Geranium' 6-max Seat #5 is the button
Seat 3: xxcoolAsIcexx ($65.08 in chips)
Seat 5: Chessnok ($281.03 in chips)
Chessnok: posts small blind $1
xxcoolAsIcexx: posts big blind $3
*** HOLE CARDS ***
Chessnok: raises $3 to $6
xxcoolAsIcexx: calls $3
*** FLOP *** [7d 9d 8d]
xxcoolAsIcexx: bets $3
Chessnok: raises $3 to $6
xxcoolAsIcexx: calls $3
*** TURN *** [7d 9d 8d] [2d]
xxcoolAsIcexx: checks
Chessnok: checks
*** RIVER *** [7d 9d 8d 2d] [5s]
xxcoolAsIcexx: bets $6
Chessnok: folds
Uncalled bet ($6) returned to xxcoolAsIcexx
xxcoolAsIcexx collected $23.52 from pot
*** SUMMARY ***
Total pot $24 | Rake $0.48
Board [7d 9d 8d 2d 5s]
Seat 3: xxcoolAsIcexx (big blind) collected ($23.52)
Seat 5: Chessnok (button) (small blind) folded on the River


PokerStars Hand #172164015432:  Hold'em Limit ($3/$6 USD) - 2017/06/24 0:12:21 ET
Table 'Geranium' 6-max Seat #3 is the button
Seat 3: xxcoolAsIcexx ($89.08 in chips)
Seat 5: Chessnok ($257.53 in chips)
xxcoolAsIcexx: posts small blind $1
Chessnok: posts big blind $3
*** HOLE CARDS ***
xxcoolAsIcexx: raises $3 to $6
Chessnok: calls $3
*** FLOP *** [8d Js 5h]
Chessnok: checks
xxcoolAsIcexx: checks
*** TURN *** [8d Js 5h] [2s]
Chessnok: bets $6
xxcoolAsIcexx: raises $6 to $12
Chessnok: calls $6
*** RIVER *** [8d Js 5h 2s] [3c]
Chessnok: checks
xxcoolAsIcexx: bets $6
Chessnok: calls $6
*** SHOW DOWN ***
xxcoolAsIcexx: shows [Th 9s] (high card Jack)
Chessnok: shows [8c Kh] (a pair of Eights)
Chessnok collected $47.50 from pot
*** SUMMARY ***
Total pot $48 | Rake $0.50
Board [8d Js 5h 2s 3c]
Seat 3: xxcoolAsIcexx (button) (small blind) showed [Th 9s] and lost with high card Jack
Seat 5: Chessnok (big blind) showed [8c Kh] and won ($47.50) with a pair of Eights


PokerStars Hand #172164034762:  Hold'em Limit ($3/$6 USD) - 2017/06/24 0:13:32 ET
Table 'Geranium' 6-max Seat #3 is the button
Seat 3: xxcoolAsIcexx ($76.60 in chips)
Seat 5: Chessnok ($269.03 in chips)
xxcoolAsIcexx: posts small blind $1
Chessnok: posts big blind $3
*** HOLE CARDS ***
xxcoolAsIcexx: calls $2
Chessnok: raises $3 to $6
xxcoolAsIcexx: calls $3
*** FLOP *** [2s Ks 6s]
Chessnok: bets $3
xxcoolAsIcexx: calls $3
*** TURN *** [2s Ks 6s] [5h]
Chessnok: bets $6
xxcoolAsIcexx: raises $6 to $12
Chessnok: folds
Uncalled bet ($6) returned to xxcoolAsIcexx
xxcoolAsIcexx collected $29.50 from pot
xxcoolAsIcexx: doesn't show hand
*** SUMMARY ***
Total pot $30 | Rake $0.50
Board [2s Ks 6s 5h]
Seat 3: xxcoolAsIcexx (button) (small blind) collected ($29.50)
Seat 5: Chessnok (big blind) folded on the Turn


PokerStars Hand #172164041144:  Hold'em Limit ($3/$6 USD) - 2017/06/24 0:13:55 ET
Table 'Geranium' 6-max Seat #5 is the button
Seat 3: xxcoolAsIcexx ($91.10 in chips)
Seat 5: Chessnok ($254.03 in chips)
Chessnok: posts small blind $1
xxcoolAsIcexx: posts big blind $3
*** HOLE CARDS ***
Chessnok: raises $3 to $6
xxcoolAsIcexx: calls $3
*** FLOP *** [3s 8h As]
xxcoolAsIcexx: checks
Chessnok: bets $3
xxcoolAsIcexx: calls $3
*** TURN *** [3s 8h As] [3h]
xxcoolAsIcexx: checks
Chessnok: checks
*** RIVER *** [3s 8h As 3h] [Kh]
xxcoolAsIcexx: checks
Chessnok: bets $6
xxcoolAsIcexx: calls $6
*** SHOW DOWN ***
Chessnok: shows [9h 8d] (two pair, Eights and Threes)
xxcoolAsIcexx: shows [Qh 8s] (two pair, Eights and Threes)
xxcoolAsIcexx collected $14.75 from pot
Chessnok collected $14.75 from pot
*** SUMMARY ***
Total pot $30 | Rake $0.50
Board [3s 8h As 3h Kh]
Seat 3: xxcoolAsIcexx (big blind) showed [Qh 8s] and won ($14.75) with two pair, Eights and Threes
Seat 5: Chessnok (button) (small blind) showed [9h 8d] and won ($14.75) with two pair, Eights and Threes


PokerStars Hand #172164055071:  Hold'em Limit ($3/$6 USD) - 2017/06/24 0:14:46 ET
Table 'Geranium' 6-max Seat #3 is the button
Seat 3: xxcoolAsIcexx ($69.85 in chips)
Seat 5: Chessnok ($274.04 in chips)
xxcoolAsIcexx: posts small blind $1
Chessnok: posts big blind $3
*** HOLE CARDS ***
xxcoolAsIcexx: folds
Uncalled bet ($2) returned to Chessnok
Chessnok collected $2 from pot
Chessnok: doesn't show hand
*** SUMMARY ***
Total pot $2 | Rake $0
Seat 3: xxcoolAsIcexx (button) (small blind) folded before Flop
Seat 5: Chessnok (big blind) collected ($2)


PokerStars Hand #172164051756:  Hold'em Limit ($3/$6 USD) - 2017/06/24 0:14:33 ET
Table 'Geranium' 6-max Seat #5 is the button
Seat 3: xxcoolAsIcexx ($75.85 in chips)
Seat 5: Chessnok ($268.28 in chips)
Chessnok: posts small blind $1
xxcoolAsIcexx: posts big blind $3
*** HOLE CARDS ***
Chessnok: raises $3 to $6
xxcoolAsIcexx: calls $3
*** FLOP *** [4h 7s Ad]
xxcoolAsIcexx: checks
Chessnok: bets $3
xxcoolAsIcexx: folds
Uncalled bet ($3) returned to Chessnok
Chessnok collected $11.76 from pot
Chessnok: doesn't show hand
*** SUMMARY ***
Total pot $12 | Rake $0.24
Board [4h 7s Ad]
Seat 3: xxcoolAsIcexx (big blind) folded on the Flop
Seat 5: Chessnok (button) (small blind) collected ($11.76)


PokerStars Hand #172164058142:  Hold'em Limit ($3/$6 USD) - 2017/06/24 0:14:57 ET
Table 'Geranium' 6-max Seat #3 is the button
Seat 3: xxcoolAsIcexx ($65.85 in chips)
Seat 5: Chessnok ($278.04 in chips)
xxcoolAsIcexx: posts small blind $1
Chessnok: posts big blind $3
*** HOLE CARDS ***
xxcoolAsIcexx: raises $3 to $6
Chessnok: calls $3
*** FLOP *** [Tc 4c Th]
Chessnok: checks
xxcoolAsIcexx: bets $3
Chessnok: folds
Uncalled bet ($3) returned to xxcoolAsIcexx
xxcoolAsIcexx collected $11.76 from pot
xxcoolAsIcexx: doesn't show hand
*** SUMMARY ***
Total pot $12 | Rake $0.24
Board [Tc 4c Th]
Seat 3: xxcoolAsIcexx (button) (small blind) collected ($11.76)
Seat 5: Chessnok (big blind) folded on the Flop


PokerStars Hand #172164062000:  Hold'em Limit ($3/$6 USD) - 2017/06/24 0:15:11 ET
Table 'Geranium' 6-max Seat #5 is the button
Seat 3: xxcoolAsIcexx ($71.61 in chips)
Seat 5: Chessnok ($272.04 in chips)
Chessnok: posts small blind $1
xxcoolAsIcexx: posts big blind $3
*** HOLE CARDS ***
Chessnok: raises $3 to $6
xxcoolAsIcexx: calls $3
*** FLOP *** [Qs 3c Kd]
xxcoolAsIcexx: checks
Chessnok: bets $3
xxcoolAsIcexx: folds
Uncalled bet ($3) returned to Chessnok
Chessnok collected $11.76 from pot
Chessnok: doesn't show hand
*** SUMMARY ***
Total pot $12 | Rake $0.24
Board [Qs 3c Kd]
Seat 3: xxcoolAsIcexx (big blind) folded on the Flop
Seat 5: Chessnok (button) (small blind) collected ($11.76)


PokerStars Hand #172164064828:  Hold'em Limit ($3/$6 USD) - 2017/06/24 0:15:21 ET
Table 'Geranium' 6-max Seat #3 is the button
Seat 3: xxcoolAsIcexx ($65.61 in chips)
Seat 5: Chessnok ($277.80 in chips)
xxcoolAsIcexx: posts small blind $1
Chessnok: posts big blind $3
*** HOLE CARDS ***
xxcoolAsIcexx: folds
Uncalled bet ($2) returned to Chessnok
Chessnok collected $2 from pot
Chessnok: doesn't show hand
*** SUMMARY ***
Total pot $2 | Rake $0
Seat 3: xxcoolAsIcexx (button) (small blind) folded before Flop
Seat 5: Chessnok (big blind) collected ($2)


PokerStars Hand #172164046058:  Hold'em Limit ($3/$6 USD) - 2017/06/24 0:14:13 ET
Table 'Geranium' 6-max Seat #3 is the button
Seat 3: xxcoolAsIcexx ($90.85 in chips)
Seat 5: Chessnok ($253.78 in chips)
xxcoolAsIcexx: posts small blind $1
Chessnok: posts big blind $3
*** HOLE CARDS ***
xxcoolAsIcexx: raises $3 to $6
Chessnok: calls $3
*** FLOP *** [Ah Jd 9h]
Chessnok: checks
xxcoolAsIcexx: bets $3
Chessnok: calls $3
*** TURN *** [Ah Jd 9h] [5s]
Chessnok: checks
xxcoolAsIcexx: bets $6
Chessnok: calls $6
*** RIVER *** [Ah Jd 9h 5s] [Jc]
Chessnok: checks
xxcoolAsIcexx: checks
*** SHOW DOWN ***
Chessnok: shows [9s Td] (two pair, Jacks and Nines)
xxcoolAsIcexx: mucks hand
Chessnok collected $29.50 from pot
*** SUMMARY ***
Total pot $30 | Rake $0.50
Board [Ah Jd 9h 5s Jc]
Seat 3: xxcoolAsIcexx (button) (small blind) mucked
Seat 5: Chessnok (big blind) showed [9s Td] and won ($29.50) with two pair, Jacks and Nines


PokerStars Hand #172164080077:  Hold'em Limit ($3/$6 USD) - 2017/06/24 0:16:17 ET
Table 'Geranium' 6-max Seat #5 is the button
Seat 3: xxcoolAsIcexx ($44.72 in chips)
Seat 5: Chessnok ($297.69 in chips)
Chessnok: posts small blind $1
xxcoolAsIcexx: posts big blind $3
*** HOLE CARDS ***
Chessnok: raises $3 to $6
xxcoolAsIcexx: calls $3
*** FLOP *** [9c 2c Jd]
xxcoolAsIcexx: checks
Chessnok: bets $3
xxcoolAsIcexx: folds
Uncalled bet ($3) returned to Chessnok
Chessnok collected $11.76 from pot
Chessnok: doesn't show hand
*** SUMMARY ***
Total pot $12 | Rake $0.24
Board [9c 2c Jd]
Seat 3: xxcoolAsIcexx (big blind) folded on the Flop
Seat 5: Chessnok (button) (small blind) collected ($11.76)


PokerStars Hand #172164073001:  Hold'em Limit ($3/$6 USD) - 2017/06/24 0:15:51 ET
Table 'Geranium' 6-max Seat #3 is the button
Seat 3: xxcoolAsIcexx ($22.61 in chips)
Seat 5: Chessnok ($320.30 in chips)
xxcoolAsIcexx: posts small blind $1
Chessnok: posts big blind $3
*** HOLE CARDS ***
xxcoolAsIcexx: raises $3 to $6
Chessnok: raises $3 to $9
xxcoolAsIcexx: raises $3 to $12
Betting is capped
Chessnok: calls $3
*** FLOP *** [6d As 2d]
Chessnok: checks
xxcoolAsIcexx: bets $3
Chessnok: calls $3
*** TURN *** [6d As 2d] [Th]
Chessnok: checks
xxcoolAsIcexx: bets $6
Chessnok: calls $6
*** RIVER *** [6d As 2d Th] [4s]
Chessnok: checks
xxcoolAsIcexx: bets $1.61 and is all-in
Chessnok: calls $1.61
*** SHOW DOWN ***
xxcoolAsIcexx: shows [Jc 6s] (a pair of Sixes)
Chessnok: shows [Qs Jd] (high card Ace)
xxcoolAsIcexx collected $44.72 from pot
*** SUMMARY ***
Total pot $45.22 | Rake $0.50
Board [6d As 2d Th 4s]
Seat 3: xxcoolAsIcexx (button) (small blind) showed [Jc 6s] and won ($44.72) with a pair of Sixes
Seat 5: Chessnok (big blind) showed [Qs Jd] and lost with high card Ace


PokerStars Hand #172164093983:  Hold'em Limit ($3/$6 USD) - 2017/06/24 0:17:08 ET
Table 'Geranium' 6-max Seat #5 is the button
Seat 3: xxcoolAsIcexx ($47.24 in chips)
Seat 5: Chessnok ($294.45 in chips)
Chessnok: posts small blind $1
xxcoolAsIcexx: posts big blind $3
*** HOLE CARDS ***
Chessnok: raises $3 to $6
xxcoolAsIcexx: raises $3 to $9
Chessnok: calls $3
*** FLOP *** [3h Kh 3s]
xxcoolAsIcexx: bets $3
Chessnok: calls $3
*** TURN *** [3h Kh 3s] [Jd]
xxcoolAsIcexx: bets $6
Chessnok: calls $6
*** RIVER *** [3h Kh 3s Jd] [5d]
xxcoolAsIcexx: bets $6
Chessnok: calls $6
*** SHOW DOWN ***
xxcoolAsIcexx: shows [2s 8d] (a pair of Threes)
Chessnok: shows [Ah 4c] (a pair of Threes - Ace kicker)
Chessnok collected $47.50 from pot
*** SUMMARY ***
Total pot $48 | Rake $0.50
Board [3h Kh 3s Jd 5d]
Seat 3: xxcoolAsIcexx (big blind) showed [2s 8d] and lost with a pair of Threes
Seat 5: Chessnok (button) (small blind) showed [Ah 4c] and won ($47.50) with a pair of Threes


PokerStars Hand #172164089849:  Hold'em Limit ($3/$6 USD) - 2017/06/24 0:16:53 ET
Table 'Geranium' 6-max Seat #3 is the button
Seat 3: xxcoolAsIcexx ($41.48 in chips)
Seat 5: Chessnok ($300.45 in chips)
xxcoolAsIcexx: posts small blind $1
Chessnok: posts big blind $3
*** HOLE CARDS ***
xxcoolAsIcexx: raises $3 to $6
Chessnok: calls $3
*** FLOP *** [Td 8d 3s]
Chessnok: checks
xxcoolAsIcexx: bets $3
Chessnok: folds
Uncalled bet ($3) returned to xxcoolAsIcexx
xxcoolAsIcexx collected $11.76 from pot
xxcoolAsIcexx: doesn't show hand
*** SUMMARY ***
Total pot $12 | Rake $0.24
Board [Td 8d 3s]
Seat 3: xxcoolAsIcexx (button) (small blind) collected ($11.76)
Seat 5: Chessnok (big blind) folded on the Flop


PokerStars Hand #172164084132:  Hold'em Limit ($3/$6 USD) - 2017/06/24 0:16:32 ET
Table 'Geranium' 6-max Seat #3 is the button
Seat 3: xxcoolAsIcexx ($38.72 in chips)
Seat 5: Chessnok ($303.45 in chips)
xxcoolAsIcexx: posts small blind $1
Chessnok: posts big blind $3
*** HOLE CARDS ***
xxcoolAsIcexx: raises $3 to $6
Chessnok: calls $3
*** FLOP *** [2c 5h Jd]
Chessnok: checks
xxcoolAsIcexx: bets $3
Chessnok: folds
Uncalled bet ($3) returned to xxcoolAsIcexx
xxcoolAsIcexx collected $11.76 from pot
xxcoolAsIcexx: doesn't show hand
*** SUMMARY ***
Total pot $12 | Rake $0.24
Board [2c 5h Jd]
Seat 3: xxcoolAsIcexx (button) (small blind) collected ($11.76)
Seat 5: Chessnok (big blind) folded on the Flop


PokerStars Hand #172164105659:  Hold'em Limit ($3/$6 USD) - 2017/06/24 0:17:50 ET
Table 'Geranium' 6-max Seat #3 is the button
Seat 3: xxcoolAsIcexx ($23 in chips)
Seat 5: Chessnok ($317.71 in chips)
xxcoolAsIcexx: posts small blind $1
Chessnok: posts big blind $3
*** HOLE CARDS ***
xxcoolAsIcexx: raises $3 to $6
Chessnok: raises $3 to $9
xxcoolAsIcexx: calls $3
*** FLOP *** [Kc Kh 7h]
Chessnok: bets $3
xxcoolAsIcexx: calls $3
*** TURN *** [Kc Kh 7h] [9s]
Chessnok: checks
xxcoolAsIcexx: bets $6
Chessnok: calls $6
*** RIVER *** [Kc Kh 7h 9s] [2s]
Chessnok: checks
xxcoolAsIcexx: bets $5 and is all-in
Chessnok: calls $5
*** SHOW DOWN ***
xxcoolAsIcexx: shows [9c 8h] (two pair, Kings and Nines)
Chessnok: shows [Ts Qs] (a pair of Kings)
xxcoolAsIcexx collected $45.50 from pot
*** SUMMARY ***
Total pot $46 | Rake $0.50
Board [Kc Kh 7h 9s 2s]
Seat 3: xxcoolAsIcexx (button) (small blind) showed [9c 8h] and won ($45.50) with two pair, Kings and Nines
Seat 5: Chessnok (big blind) showed [Ts Qs] and lost with a pair of Kings


PokerStars Hand #172164099197:  Hold'em Limit ($3/$6 USD) - 2017/06/24 0:17:27 ET
Table 'Geranium' 6-max Seat #3 is the button
Seat 3: xxcoolAsIcexx ($23.24 in chips)
Seat 5: Chessnok ($317.95 in chips)
xxcoolAsIcexx: posts small blind $1
Chessnok: posts big blind $3
*** HOLE CARDS ***
xxcoolAsIcexx: raises $3 to $6
Chessnok: calls $3
*** FLOP *** [9s As 2c]
Chessnok: checks
xxcoolAsIcexx: bets $3
Chessnok: folds
Uncalled bet ($3) returned to xxcoolAsIcexx
xxcoolAsIcexx collected $11.76 from pot
xxcoolAsIcexx: doesn't show hand
*** SUMMARY ***
Total pot $12 | Rake $0.24
Board [9s As 2c]
Seat 3: xxcoolAsIcexx (button) (small blind) collected ($11.76)
Seat 5: Chessnok (big blind) folded on the Flop


PokerStars Hand #172164102512:  Hold'em Limit ($3/$6 USD) - 2017/06/24 0:17:39 ET
Table 'Geranium' 6-max Seat #5 is the button
Seat 3: xxcoolAsIcexx ($29 in chips)
Seat 5: Chessnok ($311.95 in chips)
Chessnok: posts small blind $1
xxcoolAsIcexx: posts big blind $3
*** HOLE CARDS ***
Chessnok: raises $3 to $6
xxcoolAsIcexx: calls $3
*** FLOP *** [Kh Tc 8h]
xxcoolAsIcexx: checks
Chessnok: bets $3
xxcoolAsIcexx: folds
Uncalled bet ($3) returned to Chessnok
Chessnok collected $11.76 from pot
Chessnok: doesn't show hand
*** SUMMARY ***
Total pot $12 | Rake $0.24
Board [Kh Tc 8h]
Seat 3: xxcoolAsIcexx (big blind) folded on the Flop
Seat 5: Chessnok (button) (small blind) collected ($11.76)


PokerStars Hand #172164118464:  Hold'em Limit ($3/$6 USD) - 2017/06/24 0:18:36 ET
Table 'Geranium' 6-max Seat #3 is the button
Seat 3: xxcoolAsIcexx ($66 in chips)
Seat 5: Chessnok ($273.71 in chips)
xxcoolAsIcexx: posts small blind $1
Chessnok: posts big blind $3
*** HOLE CARDS ***
xxcoolAsIcexx: folds
Uncalled bet ($2) returned to Chessnok
Chessnok collected $2 from pot
Chessnok: doesn't show hand
*** SUMMARY ***
Total pot $2 | Rake $0
Seat 3: xxcoolAsIcexx (button) (small blind) folded before Flop
Seat 5: Chessnok (big blind) collected ($2)


PokerStars Hand #172164111655:  Hold'em Limit ($3/$6 USD) - 2017/06/24 0:18:12 ET
Table 'Geranium' 6-max Seat #5 is the button
Seat 3: xxcoolAsIcexx ($45.50 in chips)
Seat 5: Chessnok ($294.71 in chips)
Chessnok: posts small blind $1
xxcoolAsIcexx: posts big blind $3
*** HOLE CARDS ***
Chessnok: raises $3 to $6
xxcoolAsIcexx: calls $3
*** FLOP *** [Th 4s Kd]
xxcoolAsIcexx: checks
Chessnok: bets $3
xxcoolAsIcexx: calls $3
*** TURN *** [Th 4s Kd] [4h]
xxcoolAsIcexx: checks
Chessnok: bets $6
xxcoolAsIcexx: calls $6
*** RIVER *** [Th 4s Kd 4h] [5d]
xxcoolAsIcexx: checks
Chessnok: bets $6
xxcoolAsIcexx: calls $6
*** SHOW DOWN ***
Chessnok: shows [6h 6c] (two pair, Sixes and Fours)
xxcoolAsIcexx: shows [7h 7c] (two pair, Sevens and Fours)
xxcoolAsIcexx collected $41.50 from pot
*** SUMMARY ***
Total pot $42 | Rake $0.50
Board [Th 4s Kd 4h 5d]
Seat 3: xxcoolAsIcexx (big blind) showed [7h 7c] and won ($41.50) with two pair, Sevens and Fours
Seat 5: Chessnok (button) (small blind) showed [6h 6c] and lost with two pair, Sixes and Fours


PokerStars Hand #172164127538:  Hold'em Limit ($3/$6 USD) - 2017/06/24 0:19:10 ET
Table 'Geranium' 6-max Seat #3 is the button
Seat 3: xxcoolAsIcexx ($47 in chips)
Seat 5: Chessnok ($292.21 in chips)
xxcoolAsIcexx: posts small blind $1
Chessnok: posts big blind $3
*** HOLE CARDS ***
xxcoolAsIcexx: raises $3 to $6
Chessnok: calls $3
*** FLOP *** [2s Qc 7s]
Chessnok: checks
xxcoolAsIcexx: bets $3
Chessnok: calls $3
*** TURN *** [2s Qc 7s] [Ts]
Chessnok: checks
xxcoolAsIcexx: bets $6
Chessnok: raises $6 to $12
xxcoolAsIcexx: raises $6 to $18
Chessnok: calls $6
*** RIVER *** [2s Qc 7s Ts] [2h]
Chessnok: checks
xxcoolAsIcexx: bets $6
Chessnok: calls $6
*** SHOW DOWN ***
xxcoolAsIcexx: shows [Qd Tc] (two pair, Queens and Tens)
Chessnok: mucks hand
xxcoolAsIcexx collected $65.50 from pot
*** SUMMARY ***
Total pot $66 | Rake $0.50
Board [2s Qc 7s Ts 2h]
Seat 3: xxcoolAsIcexx (button) (small blind) showed [Qd Tc] and won ($65.50) with two pair, Queens and Tens
Seat 5: Chessnok (big blind) mucked


PokerStars Hand #172164119913:  Hold'em Limit ($3/$6 USD) - 2017/06/24 0:18:42 ET
Table 'Geranium' 6-max Seat #5 is the button
Seat 3: xxcoolAsIcexx ($65 in chips)
Seat 5: Chessnok ($274.71 in chips)
Chessnok: posts small blind $1
xxcoolAsIcexx: posts big blind $3
*** HOLE CARDS ***
Chessnok: raises $3 to $6
xxcoolAsIcexx: calls $3
*** FLOP *** [3d 2c Ts]
xxcoolAsIcexx: checks
Chessnok: bets $3
xxcoolAsIcexx: raises $3 to $6
Chessnok: calls $3
*** TURN *** [3d 2c Ts] [7h]
xxcoolAsIcexx: bets $6
Chessnok: raises $6 to $12
xxcoolAsIcexx: folds
Uncalled bet ($6) returned to Chessnok
Chessnok collected $35.50 from pot
Chessnok: doesn't show hand
*** SUMMARY ***
Total pot $36 | Rake $0.50
Board [3d 2c Ts 7h]
Seat 3: xxcoolAsIcexx (big blind) folded on the Turn
Seat 5: Chessnok (button) (small blind) collected ($35.50)


PokerStars Hand #172164138642:  Hold'em Limit ($3/$6 USD) - 2017/06/24 0:19:50 ET
Table 'Geranium' 6-max Seat #3 is the button
Seat 3: xxcoolAsIcexx ($64.50 in chips)
Seat 5: Chessnok ($273.71 in chips)
xxcoolAsIcexx: posts small blind $1
Chessnok: posts big blind $3
*** HOLE CARDS ***
xxcoolAsIcexx: raises $3 to $6
Chessnok: calls $3
*** FLOP *** [Js Kd 7d]
Chessnok: checks
xxcoolAsIcexx: bets $3
Chessnok: calls $3
*** TURN *** [Js Kd 7d] [Kh]
Chessnok: checks
xxcoolAsIcexx: bets $6
Chessnok: calls $6
*** RIVER *** [Js Kd 7d Kh] [5h]
Chessnok: checks
xxcoolAsIcexx: bets $6
Chessnok: folds
Uncalled bet ($6) returned to xxcoolAsIcexx
xxcoolAsIcexx collected $29.50 from pot
xxcoolAsIcexx: doesn't show hand
*** SUMMARY ***
Total pot $30 | Rake $0.50
Board [Js Kd 7d Kh 5h]
Seat 3: xxcoolAsIcexx (button) (small blind) collected ($29.50)
Seat 5: Chessnok (big blind) folded on the River


PokerStars Hand #172164133465:  Hold'em Limit ($3/$6 USD) - 2017/06/24 0:19:31 ET
Table 'Geranium' 6-max Seat #5 is the button
Seat 3: xxcoolAsIcexx ($79.50 in chips)
Seat 5: Chessnok ($259.21 in chips)
Chessnok: posts small blind $1
xxcoolAsIcexx: posts big blind $3
*** HOLE CARDS ***
Chessnok: raises $3 to $6
xxcoolAsIcexx: calls $3
*** FLOP *** [Kd Ts Td]
xxcoolAsIcexx: checks
Chessnok: bets $3
xxcoolAsIcexx: calls $3
*** TURN *** [Kd Ts Td] [4s]
xxcoolAsIcexx: checks
Chessnok: checks
*** RIVER *** [Kd Ts Td 4s] [7h]
xxcoolAsIcexx: bets $6
Chessnok: calls $6
*** SHOW DOWN ***
xxcoolAsIcexx: shows [6h Jh] (a pair of Tens)
Chessnok: shows [Qh 9d] (a pair of Tens - King+Queen kicker)
Chessnok collected $29.50 from pot
*** SUMMARY ***
Total pot $30 | Rake $0.50
Board [Kd Ts Td 4s 7h]
Seat 3: xxcoolAsIcexx (big blind) showed [6h Jh] and lost with a pair of Tens
Seat 5: Chessnok (button) (small blind) showed [Qh 9d] and won ($29.50) with a pair of Tens


PokerStars Hand #172164143457:  Hold'em Limit ($3/$6 USD) - 2017/06/24 0:20:08 ET
Table 'Geranium' 6-max Seat #5 is the button
Seat 3: xxcoolAsIcexx ($79 in chips)
Seat 5: Chessnok ($258.71 in chips)
Chessnok: posts small blind $1
xxcoolAsIcexx: posts big blind $3
*** HOLE CARDS ***
Chessnok: raises $3 to $6
xxcoolAsIcexx: calls $3
*** FLOP *** [5c 5d Qd]
xxcoolAsIcexx: checks
Chessnok: bets $3
xxcoolAsIcexx: folds
Uncalled bet ($3) returned to Chessnok
Chessnok collected $11.76 from pot
Chessnok: doesn't show hand
*** SUMMARY ***
Total pot $12 | Rake $0.24
Board [5c 5d Qd]
Seat 3: xxcoolAsIcexx (big blind) folded on the Flop
Seat 5: Chessnok (button) (small blind) collected ($11.76)


PokerStars Hand #172164147133:  Hold'em Limit ($3/$6 USD) - 2017/06/24 0:20:21 ET
Table 'Geranium' 6-max Seat #3 is the button
Seat 3: xxcoolAsIcexx ($73 in chips)
Seat 5: Chessnok ($264.47 in chips)
xxcoolAsIcexx: posts small blind $1
Chessnok: posts big blind $3
*** HOLE CARDS ***
xxcoolAsIcexx: calls $2
Chessnok: checks
*** FLOP *** [4s 2s 6d]
Chessnok: bets $3
xxcoolAsIcexx: calls $3
*** TURN *** [4s 2s 6d] [3h]
Chessnok: bets $6
xxcoolAsIcexx: calls $6
*** RIVER *** [4s 2s 6d 3h] [5d]
Chessnok: checks
xxcoolAsIcexx: bets $6
Chessnok: calls $6
*** SHOW DOWN ***
xxcoolAsIcexx: shows [Qc As] (a straight, Deuce to Six)
Chessnok: shows [Td 3s] (a straight, Deuce to Six)
Chessnok collected $17.75 from pot
xxcoolAsIcexx collected $17.75 from pot
*** SUMMARY ***
Total pot $36 | Rake $0.50
Board [4s 2s 6d 3h 5d]
Seat 3: xxcoolAsIcexx (button) (small blind) showed [Qc As] and won ($17.75) with a straight, Deuce to Six
Seat 5: Chessnok (big blind) showed [Td 3s] and won ($17.75) with a straight, Deuce to Six


PokerStars Hand #172164160208:  Hold'em Limit ($3/$6 USD) - 2017/06/24 0:21:08 ET
Table 'Geranium' 6-max Seat #3 is the button
Seat 3: xxcoolAsIcexx ($72.50 in chips)
Seat 5: Chessnok ($263.97 in chips)
xxcoolAsIcexx: posts small blind $1
Chessnok: posts big blind $3
*** HOLE CARDS ***
xxcoolAsIcexx: raises $3 to $6
Chessnok: calls $3
*** FLOP *** [5s 7d Kh]
Chessnok: checks
xxcoolAsIcexx: bets $3
Chessnok: calls $3
*** TURN *** [5s 7d Kh] [Ts]
Chessnok: checks
xxcoolAsIcexx: bets $6
Chessnok: calls $6
*** RIVER *** [5s 7d Kh Ts] [6s]
Chessnok: checks
xxcoolAsIcexx: bets $6
Chessnok: calls $6
*** SHOW DOWN ***
xxcoolAsIcexx: shows [Qh As] (high card Ace)
Chessnok: shows [Jc 5c] (a pair of Fives)
Chessnok collected $41.50 from pot
*** SUMMARY ***
Total pot $42 | Rake $0.50
Board [5s 7d Kh Ts 6s]
Seat 3: xxcoolAsIcexx (button) (small blind) showed [Qh As] and lost with high card Ace
Seat 5: Chessnok (big blind) showed [Jc 5c] and won ($41.50) with a pair of Fives


PokerStars Hand #172164153448:  Hold'em Limit ($3/$6 USD) - 2017/06/24 0:20:44 ET
Table 'Geranium' 6-max Seat #5 is the button
Seat 3: xxcoolAsIcexx ($72.75 in chips)
Seat 5: Chessnok ($264.22 in chips)
Chessnok: posts small blind $1
xxcoolAsIcexx: posts big blind $3
*** HOLE CARDS ***
Chessnok: raises $3 to $6
xxcoolAsIcexx: calls $3
*** FLOP *** [6d 5d 7d]
xxcoolAsIcexx: bets $3
Chessnok: calls $3
*** TURN *** [6d 5d 7d] [4c]
xxcoolAsIcexx: checks
Chessnok: bets $6
xxcoolAsIcexx: raises $6 to $12
Chessnok: calls $6
*** RIVER *** [6d 5d 7d 4c] [8d]
xxcoolAsIcexx: bets $6
Chessnok: calls $6
*** SHOW DOWN ***
xxcoolAsIcexx: shows [2c 8c] (a straight, Four to Eight)
Chessnok: shows [3s Qs] (a straight, Four to Eight)
xxcoolAsIcexx collected $26.75 from pot
Chessnok collected $26.75 from pot
*** SUMMARY ***
Total pot $54 | Rake $0.50
Board [6d 5d 7d 4c 8d]
Seat 3: xxcoolAsIcexx (big blind) showed [2c 8c] and won ($26.75) with a straight, Four to Eight
Seat 5: Chessnok (button) (small blind) showed [3s Qs] and won ($26.75) with a straight, Four to Eight


PokerStars Hand #172164172057:  Hold'em Limit ($3/$6 USD) - 2017/06/24 0:21:52 ET
Table 'Geranium' 6-max Seat #5 is the button
Seat 3: xxcoolAsIcexx ($61.14 in chips)
Seat 5: Chessnok ($274.47 in chips)
Chessnok: posts small blind $1
xxcoolAsIcexx: posts big blind $3
*** HOLE CARDS ***
Chessnok: raises $3 to $6
xxcoolAsIcexx: calls $3
*** FLOP *** [6d Ac 3h]
xxcoolAsIcexx: checks
Chessnok: bets $3
xxcoolAsIcexx: calls $3
*** TURN *** [6d Ac 3h] [4c]
xxcoolAsIcexx: checks
Chessnok: bets $6
xxcoolAsIcexx: calls $6
*** RIVER *** [6d Ac 3h 4c] [2d]
xxcoolAsIcexx: checks
Chessnok: bets $6
xxcoolAsIcexx: raises $6 to $12
Chessnok: raises $6 to $18
xxcoolAsIcexx: raises $6 to $24
Betting is capped
Chessnok: calls $6
*** SHOW DOWN ***
xxcoolAsIcexx: shows [5d 5s] (a straight, Deuce to Six)
Chessnok: shows [5c Ad] (a straight, Deuce to Six)
xxcoolAsIcexx collected $38.75 from pot
Chessnok collected $38.75 from pot
*** SUMMARY ***
Total pot $78 | Rake $0.50
Board [6d Ac 3h 4c 2d]
Seat 3: xxcoolAsIcexx (big blind) showed [5d 5s] and won ($38.75) with a straight, Deuce to Six
Seat 5: Chessnok (button) (small blind) showed [5c Ad] and won ($38.75) with a straight, Deuce to Six


PokerStars Hand #172164167465:  Hold'em Limit ($3/$6 USD) - 2017/06/24 0:21:35 ET
Table 'Geranium' 6-max Seat #3 is the button
Seat 3: xxcoolAsIcexx ($52.50 in chips)
Seat 5: Chessnok ($283.47 in chips)
xxcoolAsIcexx: posts small blind $1
Chessnok: posts big blind $3
*** HOLE CARDS ***
xxcoolAsIcexx: raises $3 to $6
Chessnok: calls $3
*** FLOP *** [Qd 5c 7c]
Chessnok: checks
xxcoolAsIcexx: bets $3
Chessnok: calls $3
*** TURN *** [Qd 5c 7c] [Ad]
Chessnok: checks
xxcoolAsIcexx: bets $6
Chessnok: folds
Uncalled bet ($6) returned to xxcoolAsIcexx
xxcoolAsIcexx collected $17.64 from pot
xxcoolAsIcexx: doesn't show hand
*** SUMMARY ***
Total pot $18 | Rake $0.36
Board [Qd 5c 7c Ad]
Seat 3: xxcoolAsIcexx (button) (small blind) collected ($17.64)
Seat 5: Chessnok (big blind) folded on the Turn


PokerStars Hand #172164179649:  Hold'em Limit ($3/$6 USD) - 2017/06/24 0:22:19 ET
Table 'Geranium' 6-max Seat #3 is the button
Seat 3: xxcoolAsIcexx ($60.89 in chips)
Seat 5: Chessnok ($274.22 in chips)
xxcoolAsIcexx: posts small blind $1
Chessnok: posts big blind $3
*** HOLE CARDS ***
xxcoolAsIcexx: folds
Uncalled bet ($2) returned to Chessnok
Chessnok collected $2 from pot
Chessnok: doesn't show hand
*** SUMMARY ***
Total pot $2 | Rake $0
Seat 3: xxcoolAsIcexx (button) (small blind) folded before Flop
Seat 5: Chessnok (big blind) collected ($2)


PokerStars Hand #172164166125:  Hold'em Limit ($3/$6 USD) - 2017/06/24 0:21:30 ET
Table 'Geranium' 6-max Seat #5 is the button
Seat 3: xxcoolAsIcexx ($51.50 in chips)
Seat 5: Chessnok ($284.47 in chips)
Chessnok: posts small blind $1
xxcoolAsIcexx: posts big blind $3
*** HOLE CARDS ***
Chessnok: folds
Uncalled bet ($2) returned to xxcoolAsIcexx
xxcoolAsIcexx collected $2 from pot
xxcoolAsIcexx: doesn't show hand
*** SUMMARY ***
Total pot $2 | Rake $0
Seat 3: xxcoolAsIcexx (big blind) collected ($2)
Seat 5: Chessnok (button) (small blind) folded before Flop


PokerStars Hand #172164181714:  Hold'em Limit ($3/$6 USD) - 2017/06/24 0:22:27 ET
Table 'Geranium' 6-max Seat #5 is the button
Seat 3: xxcoolAsIcexx ($59.89 in chips)
Seat 5: Chessnok ($275.22 in chips)
Chessnok: posts small blind $1
xxcoolAsIcexx: posts big blind $3
*** HOLE CARDS ***
Chessnok: raises $3 to $6
xxcoolAsIcexx: raises $3 to $9
Chessnok: calls $3
*** FLOP *** [Js 5h 4c]
xxcoolAsIcexx: bets $3
Chessnok: calls $3
*** TURN *** [Js 5h 4c] [Kd]
xxcoolAsIcexx: bets $6
Chessnok: calls $6
*** RIVER *** [Js 5h 4c Kd] [2d]
xxcoolAsIcexx: bets $6
Chessnok: calls $6
*** SHOW DOWN ***
xxcoolAsIcexx: shows [Kh Jd] (two pair, Kings and Jacks)
Chessnok: mucks hand
xxcoolAsIcexx collected $47.50 from pot
*** SUMMARY ***
Total pot $48 | Rake $0.50
Board [Js 5h 4c Kd 2d]
Seat 3: xxcoolAsIcexx (big blind) showed [Kh Jd] and won ($47.50) with two pair, Kings and Jacks
Seat 5: Chessnok (button) (small blind) mucked


PokerStars Hand #172164198293:  Hold'em Limit ($3/$6 USD) - 2017/06/24 0:23:27 ET
Table 'Geranium' 6-max Seat #3 is the button
Seat 3: xxcoolAsIcexx ($76.89 in chips)
Seat 5: Chessnok ($256.72 in chips)
xxcoolAsIcexx: posts small blind $1
Chessnok: posts big blind $3
*** HOLE CARDS ***
xxcoolAsIcexx: folds
Uncalled bet ($2) returned to Chessnok
Chessnok collected $2 from pot
Chessnok: doesn't show hand
*** SUMMARY ***
Total pot $2 | Rake $0
Seat 3: xxcoolAsIcexx (button) (small blind) folded before Flop
Seat 5: Chessnok (big blind) collected ($2)


PokerStars Hand #172164192367:  Hold'em Limit ($3/$6 USD) - 2017/06/24 0:23:06 ET
Table 'Geranium' 6-max Seat #5 is the button
Seat 3: xxcoolAsIcexx ($47.39 in chips)
Seat 5: Chessnok ($286.72 in chips)
Chessnok: posts small blind $1
xxcoolAsIcexx: posts big blind $3
*** HOLE CARDS ***
Chessnok: raises $3 to $6
xxcoolAsIcexx: raises $3 to $9
Chessnok: calls $3
*** FLOP *** [8h Kh 7d]
xxcoolAsIcexx: bets $3
Chessnok: calls $3
*** TURN *** [8h Kh 7d] [Kc]
xxcoolAsIcexx: bets $6
Chessnok: calls $6
*** RIVER *** [8h Kh 7d Kc] [As]
xxcoolAsIcexx: bets $6
Chessnok: raises $6 to $12
xxcoolAsIcexx: calls $6
*** SHOW DOWN ***
Chessnok: shows [5h 9h] (a pair of Kings)
xxcoolAsIcexx: shows [7c Jc] (two pair, Kings and Sevens)
xxcoolAsIcexx collected $59.50 from pot
*** SUMMARY ***
Total pot $60 | Rake $0.50
Board [8h Kh 7d Kc As]
Seat 3: xxcoolAsIcexx (big blind) showed [7c Jc] and won ($59.50) with two pair, Kings and Sevens
Seat 5: Chessnok (button) (small blind) showed [5h 9h] and lost with a pair of Kings


PokerStars Hand #172164186563:  Hold'em Limit ($3/$6 USD) - 2017/06/24 0:22:45 ET
Table 'Geranium' 6-max Seat #3 is the button
Seat 3: xxcoolAsIcexx ($83.39 in chips)
Seat 5: Chessnok ($251.22 in chips)
xxcoolAsIcexx: posts small blind $1
Chessnok: posts big blind $3
*** HOLE CARDS ***
xxcoolAsIcexx: raises $3 to $6
Chessnok: calls $3
*** FLOP *** [6d 9d Qs]
Chessnok: checks
xxcoolAsIcexx: checks
*** TURN *** [6d 9d Qs] [8d]
Chessnok: checks
xxcoolAsIcexx: bets $6
Chessnok: raises $6 to $12
xxcoolAsIcexx: raises $6 to $18
Chessnok: raises $6 to $24
Betting is capped
xxcoolAsIcexx: calls $6
*** RIVER *** [6d 9d Qs 8d] [4s]
Chessnok: bets $6
xxcoolAsIcexx: calls $6
*** SHOW DOWN ***
Chessnok: shows [5s 7s] (a straight, Five to Nine)
xxcoolAsIcexx: mucks hand
Chessnok collected $71.50 from pot
*** SUMMARY ***
Total pot $72 | Rake $0.50
Board [6d 9d Qs 8d 4s]
Seat 3: xxcoolAsIcexx (button) (small blind) mucked
Seat 5: Chessnok (big blind) showed [5s 7s] and won ($71.50) with a straight, Five to Nine


PokerStars Hand #172164204653:  Hold'em Limit ($3/$6 USD) - 2017/06/24 0:23:51 ET
Table 'Geranium' 6-max Seat #3 is the button
Seat 3: xxcoolAsIcexx ($90.39 in chips)
Seat 5: Chessnok ($242.72 in chips)
xxcoolAsIcexx: posts small blind $1
Chessnok: posts big blind $3
*** HOLE CARDS ***
xxcoolAsIcexx: raises $3 to $6
Chessnok: calls $3
*** FLOP *** [7s 7d 3h]
Chessnok: checks
xxcoolAsIcexx: bets $3
Chessnok: calls $3
*** TURN *** [7s 7d 3h] [8s]
Chessnok: checks
xxcoolAsIcexx: bets $6
Chessnok: calls $6
*** RIVER *** [7s 7d 3h 8s] [6s]
Chessnok: checks
xxcoolAsIcexx: checks
*** SHOW DOWN ***
Chessnok: shows [4s Kh] (a pair of Sevens)
xxcoolAsIcexx: shows [9c 6h] (two pair, Sevens and Sixes)
xxcoolAsIcexx collected $29.50 from pot
*** SUMMARY ***
Total pot $30 | Rake $0.50
Board [7s 7d 3h 8s 6s]
Seat 3: xxcoolAsIcexx (button) (small blind) showed [9c 6h] and won ($29.50) with two pair, Sevens and Sixes
Seat 5: Chessnok (big blind) showed [4s Kh] and lost with a pair of Sevens


PokerStars Hand #172164199750:  Hold'em Limit ($3/$6 USD) - 2017/06/24 0:23:33 ET
Table 'Geranium' 6-max Seat #5 is the button
Seat 3: xxcoolAsIcexx ($75.89 in chips)
Seat 5: Chessnok ($257.72 in chips)
Chessnok: posts small blind $1
xxcoolAsIcexx: posts big blind $3
*** HOLE CARDS ***
Chessnok: raises $3 to $6
xxcoolAsIcexx: calls $3
*** FLOP *** [Jc Kd Td]
xxcoolAsIcexx: checks
Chessnok: bets $3
xxcoolAsIcexx: calls $3
*** TURN *** [Jc Kd Td] [Qd]
xxcoolAsIcexx: checks
Chessnok: checks
*** RIVER *** [Jc Kd Td Qd] [2c]
xxcoolAsIcexx: bets $6
Chessnok: calls $6
*** SHOW DOWN ***
xxcoolAsIcexx: shows [Kh 9s] (a straight, Nine to King)
Chessnok: mucks hand
xxcoolAsIcexx collected $29.50 from pot
*** SUMMARY ***
Total pot $30 | Rake $0.50
Board [Jc Kd Td Qd 2c]
Seat 3: xxcoolAsIcexx (big blind) showed [Kh 9s] and won ($29.50) with a straight, Nine to King
Seat 5: Chessnok (button) (small blind) mucked


PokerStars Hand #172164221258:  Hold'em Limit ($3/$6 USD) - 2017/06/24 0:24:52 ET
Table 'Geranium' 6-max Seat #5 is the button
Seat 3: xxcoolAsIcexx ($74.89 in chips)
Seat 5: Chessnok ($256.98 in chips)
Chessnok: posts small blind $1
xxcoolAsIcexx: posts big blind $3
*** HOLE CARDS ***
Chessnok: raises $3 to $6
xxcoolAsIcexx: calls $3
*** FLOP *** [Kc Ac Kh]
xxcoolAsIcexx: checks
Chessnok: bets $3
xxcoolAsIcexx: calls $3
*** TURN *** [Kc Ac Kh] [Th]
xxcoolAsIcexx: checks
Chessnok: checks
*** RIVER *** [Kc Ac Kh Th] [Jh]
xxcoolAsIcexx: checks
Chessnok: checks
*** SHOW DOWN ***
xxcoolAsIcexx: shows [6s 6h] (two pair, Kings and Sixes)
Chessnok: shows [5s Ts] (two pair, Kings and Tens)
Chessnok collected $17.64 from pot
*** SUMMARY ***
Total pot $18 | Rake $0.36
Board [Kc Ac Kh Th Jh]
Seat 3: xxcoolAsIcexx (big blind) showed [6s 6h] and lost with two pair, Kings and Sixes
Seat 5: Chessnok (button) (small blind) showed [5s Ts] and won ($17.64) with two pair, Kings and Tens


PokerStars Hand #172164210154:  Hold'em Limit ($3/$6 USD) - 2017/06/24 0:24:11 ET
Table 'Geranium' 6-max Seat #5 is the button
Seat 3: xxcoolAsIcexx ($104.89 in chips)
Seat 5: Chessnok ($227.72 in chips)
Chessnok: posts small blind $1
xxcoolAsIcexx: posts big blind $3
*** HOLE CARDS ***
Chessnok: raises $3 to $6
xxcoolAsIcexx: calls $3
*** FLOP *** [7s 7h 5d]
xxcoolAsIcexx: checks
Chessnok: bets $3
xxcoolAsIcexx: raises $3 to $6
Chessnok: calls $3
*** TURN *** [7s 7h 5d] [9h]
xxcoolAsIcexx: checks
Chessnok: bets $6
xxcoolAsIcexx: calls $6
*** RIVER *** [7s 7h 5d 9h] [Qc]
xxcoolAsIcexx: checks
Chessnok: bets $6
xxcoolAsIcexx: calls $6
*** SHOW DOWN ***
Chessnok: shows [6s 6d] (two pair, Sevens and Sixes)
xxcoolAsIcexx: mucks hand
Chessnok collected $47.50 from pot
*** SUMMARY ***
Total pot $48 | Rake $0.50
Board [7s 7h 5d 9h Qc]
Seat 3: xxcoolAsIcexx (big blind) mucked
Seat 5: Chessnok (button) (small blind) showed [6s 6d] and won ($47.50) with two pair, Sevens and Sixes


PokerStars Hand #172164237876:  Hold'em Limit ($3/$6 USD) - 2017/06/24 0:25:53 ET
Table 'Geranium' 6-max Seat #5 is the button
Seat 3: xxcoolAsIcexx ($78.41 in chips)
Seat 5: Chessnok ($252.62 in chips)
Chessnok: posts small blind $1
xxcoolAsIcexx: posts big blind $3
*** HOLE CARDS ***
Chessnok: raises $3 to $6
xxcoolAsIcexx: calls $3
*** FLOP *** [3s 3h 8c]
xxcoolAsIcexx: checks
Chessnok: bets $3
xxcoolAsIcexx: calls $3
*** TURN *** [3s 3h 8c] [7c]
xxcoolAsIcexx: checks
Chessnok: bets $6
xxcoolAsIcexx: calls $6
*** RIVER *** [3s 3h 8c 7c] [5s]
xxcoolAsIcexx: checks
Chessnok: bets $6
xxcoolAsIcexx: calls $6
*** SHOW DOWN ***
Chessnok: shows [5h 8h] (two pair, Eights and Fives)
xxcoolAsIcexx: mucks hand
Chessnok collected $41.50 from pot
*** SUMMARY ***
Total pot $42 | Rake $0.50
Board [3s 3h 8c 7c 5s]
Seat 3: xxcoolAsIcexx (big blind) mucked
Seat 5: Chessnok (button) (small blind) showed [5h 8h] and won ($41.50) with two pair, Eights and Fives


PokerStars Hand #172164235178:  Hold'em Limit ($3/$6 USD) - 2017/06/24 0:25:43 ET
Table 'Geranium' 6-max Seat #3 is the button
Seat 3: xxcoolAsIcexx ($72.65 in chips)
Seat 5: Chessnok ($258.62 in chips)
xxcoolAsIcexx: posts small blind $1
Chessnok: posts big blind $3
*** HOLE CARDS ***
xxcoolAsIcexx: raises $3 to $6
Chessnok: calls $3
*** FLOP *** [Ah 7c Qd]
Chessnok: checks
xxcoolAsIcexx: bets $3
Chessnok: folds
Uncalled bet ($3) returned to xxcoolAsIcexx
xxcoolAsIcexx collected $11.76 from pot
xxcoolAsIcexx: doesn't show hand
*** SUMMARY ***
Total pot $12 | Rake $0.24
Board [Ah 7c Qd]
Seat 3: xxcoolAsIcexx (button) (small blind) collected ($11.76)
Seat 5: Chessnok (big blind) folded on the Flop


PokerStars Hand #172164233862:  Hold'em Limit ($3/$6 USD) - 2017/06/24 0:25:38 ET
Table 'Geranium' 6-max Seat #5 is the button
Seat 3: xxcoolAsIcexx ($71.65 in chips)
Seat 5: Chessnok ($259.62 in chips)
Chessnok: posts small blind $1
xxcoolAsIcexx: posts big blind $3
*** HOLE CARDS ***
Chessnok: folds
Uncalled bet ($2) returned to xxcoolAsIcexx
xxcoolAsIcexx collected $2 from pot
xxcoolAsIcexx: doesn't show hand
*** SUMMARY ***
Total pot $2 | Rake $0
Seat 3: xxcoolAsIcexx (big blind) collected ($2)
Seat 5: Chessnok (button) (small blind) folded before Flop


PokerStars Hand #172164227549:  Hold'em Limit ($3/$6 USD) - 2017/06/24 0:25:15 ET
Table 'Geranium' 6-max Seat #3 is the button
Seat 3: xxcoolAsIcexx ($65.89 in chips)
Seat 5: Chessnok ($265.62 in chips)
xxcoolAsIcexx: posts small blind $1
Chessnok: posts big blind $3
*** HOLE CARDS ***
xxcoolAsIcexx: raises $3 to $6
Chessnok: calls $3
*** FLOP *** [8s 5c 3h]
Chessnok: checks
xxcoolAsIcexx: bets $3
Chessnok: folds
Uncalled bet ($3) returned to xxcoolAsIcexx
xxcoolAsIcexx collected $11.76 from pot
xxcoolAsIcexx: doesn't show hand
*** SUMMARY ***
Total pot $12 | Rake $0.24
Board [8s 5c 3h]
Seat 3: xxcoolAsIcexx (button) (small blind) collected ($11.76)
Seat 5: Chessnok (big blind) folded on the Flop


PokerStars Hand #172164260979:  Hold'em Limit ($3/$6 USD) - 2017/06/24 0:27:17 ET
Table 'Geranium' 6-max Seat #5 is the button
Seat 3: xxcoolAsIcexx ($65.55 in chips)
Seat 5: Chessnok ($263.62 in chips)
Chessnok: posts small blind $1
xxcoolAsIcexx: posts big blind $3
*** HOLE CARDS ***
Chessnok: raises $3 to $6
xxcoolAsIcexx: calls $3
*** FLOP *** [4s 5d Qc]
xxcoolAsIcexx: checks
Chessnok: bets $3
xxcoolAsIcexx: calls $3
*** TURN *** [4s 5d Qc] [9s]
xxcoolAsIcexx: checks
Chessnok: checks
*** RIVER *** [4s 5d Qc 9s] [Kd]
xxcoolAsIcexx: bets $6
Chessnok: calls $6
*** SHOW DOWN ***
xxcoolAsIcexx: shows [Js Qd] (a pair of Queens)
Chessnok: mucks hand
xxcoolAsIcexx collected $29.50 from pot
*** SUMMARY ***
Total pot $30 | Rake $0.50
Board [4s 5d Qc 9s Kd]
Seat 3: xxcoolAsIcexx (big blind) showed [Js Qd] and won ($29.50) with a pair of Queens
Seat 5: Chessnok (button) (small blind) mucked


PokerStars Hand #172164254105:  Hold'em Limit ($3/$6 USD) - 2017/06/24 0:26:52 ET
Table 'Geranium' 6-max Seat #3 is the button
Seat 3: xxcoolAsIcexx ($42.05 in chips)
Seat 5: Chessnok ($287.62 in chips)
xxcoolAsIcexx: posts small blind $1
Chessnok: posts big blind $3
*** HOLE CARDS ***
xxcoolAsIcexx: raises $3 to $6
Chessnok: raises $3 to $9
xxcoolAsIcexx: calls $3
*** FLOP *** [2h 3d 8d]
Chessnok: bets $3
xxcoolAsIcexx: calls $3
*** TURN *** [2h 3d 8d] [9s]
Chessnok: bets $6
xxcoolAsIcexx: calls $6
*** RIVER *** [2h 3d 8d 9s] [2d]
Chessnok: bets $6
xxcoolAsIcexx: raises $6 to $12
Chessnok: folds
Uncalled bet ($6) returned to xxcoolAsIcexx
xxcoolAsIcexx collected $47.50 from pot
xxcoolAsIcexx: doesn't show hand
*** SUMMARY ***
Total pot $48 | Rake $0.50
Board [2h 3d 8d 9s 2d]
Seat 3: xxcoolAsIcexx (button) (small blind) collected ($47.50)
Seat 5: Chessnok (big blind) folded on the River


PokerStars Hand #172164251108:  Hold'em Limit ($3/$6 USD) - 2017/06/24 0:26:41 ET
Table 'Geranium' 6-max Seat #5 is the button
Seat 3: xxcoolAsIcexx ($33.41 in chips)
Seat 5: Chessnok ($296.62 in chips)
Chessnok: posts small blind $1
xxcoolAsIcexx: posts big blind $3
*** HOLE CARDS ***
Chessnok: raises $3 to $6
xxcoolAsIcexx: raises $3 to $9
Chessnok: calls $3
*** FLOP *** [Ah 3c Qd]
xxcoolAsIcexx: bets $3
Chessnok: folds
Uncalled bet ($3) returned to xxcoolAsIcexx
xxcoolAsIcexx collected $17.64 from pot
xxcoolAsIcexx: doesn't show hand
*** SUMMARY ***
Total pot $18 | Rake $0.36
Board [Ah 3c Qd]
Seat 3: xxcoolAsIcexx (big blind) collected ($17.64)
Seat 5: Chessnok (button) (small blind) folded on the Flop


PokerStars Hand #172164242790:  Hold'em Limit ($3/$6 USD) - 2017/06/24 0:26:11 ET
Table 'Geranium' 6-max Seat #3 is the button
Seat 3: xxcoolAsIcexx ($57.41 in chips)
Seat 5: Chessnok ($273.12 in chips)
xxcoolAsIcexx: posts small blind $1
Chessnok: posts big blind $3
*** HOLE CARDS ***
xxcoolAsIcexx: raises $3 to $6
Chessnok: calls $3
*** FLOP *** [8d 9c 9h]
Chessnok: checks
xxcoolAsIcexx: bets $3
Chessnok: raises $3 to $6
xxcoolAsIcexx: calls $3
*** TURN *** [8d 9c 9h] [2c]
Chessnok: bets $6
xxcoolAsIcexx: calls $6
*** RIVER *** [8d 9c 9h 2c] [3s]
Chessnok: bets $6
xxcoolAsIcexx: calls $6
*** SHOW DOWN ***
Chessnok: shows [8s Qh] (two pair, Nines and Eights)
xxcoolAsIcexx: mucks hand
Chessnok collected $47.50 from pot
*** SUMMARY ***
Total pot $48 | Rake $0.50
Board [8d 9c 9h 2c 3s]
Seat 3: xxcoolAsIcexx (button) (small blind) mucked
Seat 5: Chessnok (big blind) showed [8s Qh] and won ($47.50) with two pair, Nines and Eights


PokerStars Hand #172164265438:  Hold'em Limit ($3/$6 USD) - 2017/06/24 0:27:34 ET
Table 'Geranium' 6-max Seat #3 is the button
Seat 3: xxcoolAsIcexx ($80.05 in chips)
Seat 5: Chessnok ($248.62 in chips)
xxcoolAsIcexx: posts small blind $1
Chessnok: posts big blind $3
*** HOLE CARDS ***
xxcoolAsIcexx: folds
Uncalled bet ($2) returned to Chessnok
Chessnok collected $2 from pot
Chessnok: doesn't show hand
*** SUMMARY ***
Total pot $2 | Rake $0
Seat 3: xxcoolAsIcexx (button) (small blind) folded before Flop
Seat 5: Chessnok (big blind) collected ($2)


PokerStars Hand #172164272978:  Hold'em Limit ($3/$6 USD) - 2017/06/24 0:28:01 ET
Table 'Geranium' 6-max Seat #3 is the button
Seat 3: xxcoolAsIcexx ($93.55 in chips)
Seat 5: Chessnok ($234.62 in chips)
xxcoolAsIcexx: posts small blind $1
Chessnok: posts big blind $3
*** HOLE CARDS ***
xxcoolAsIcexx: raises $3 to $6
Chessnok: raises $3 to $9
xxcoolAsIcexx: calls $3
*** FLOP *** [6d 9c Tc]
Chessnok: bets $3
xxcoolAsIcexx: calls $3
*** TURN *** [6d 9c Tc] [Ac]
Chessnok: checks
xxcoolAsIcexx: bets $6
Chessnok: calls $6
*** RIVER *** [6d 9c Tc Ac] [7c]
Chessnok: checks
xxcoolAsIcexx: checks
*** SHOW DOWN ***
Chessnok: shows [5d Ks] (high card Ace)
xxcoolAsIcexx: shows [Qh Ah] (a pair of Aces)
xxcoolAsIcexx collected $35.50 from pot
*** SUMMARY ***
Total pot $36 | Rake $0.50
Board [6d 9c Tc Ac 7c]
Seat 3: xxcoolAsIcexx (button) (small blind) showed [Qh Ah] and won ($35.50) with a pair of Aces
Seat 5: Chessnok (big blind) showed [5d Ks] and lost with high card Ace


PokerStars Hand #172164267032:  Hold'em Limit ($3/$6 USD) - 2017/06/24 0:27:40 ET
Table 'Geranium' 6-max Seat #5 is the button
Seat 3: xxcoolAsIcexx ($79.05 in chips)
Seat 5: Chessnok ($249.62 in chips)
Chessnok: posts small blind $1
xxcoolAsIcexx: posts big blind $3
*** HOLE CARDS ***
Chessnok: raises $3 to $6
xxcoolAsIcexx: calls $3
*** FLOP *** [Jh 5c 2h]
xxcoolAsIcexx: checks
Chessnok: bets $3
xxcoolAsIcexx: calls $3
*** TURN *** [Jh 5c 2h] [3s]
xxcoolAsIcexx: checks
Chessnok: checks
*** RIVER *** [Jh 5c 2h 3s] [6c]
xxcoolAsIcexx: bets $6
Chessnok: calls $6
*** SHOW DOWN ***
xxcoolAsIcexx: shows [Td Tc] (a pair of Tens)
Chessnok: mucks hand
xxcoolAsIcexx collected $29.50 from pot
*** SUMMARY ***
Total pot $30 | Rake $0.50
Board [Jh 5c 2h 3s 6c]
Seat 3: xxcoolAsIcexx (big blind) showed [Td Tc] and won ($29.50) with a pair of Tens
Seat 5: Chessnok (button) (small blind) mucked


PokerStars Hand #172164292981:  Hold'em Limit ($3/$6 USD) - 2017/06/24 0:29:15 ET
Table 'Geranium' 6-max Seat #3 is the button
Seat 3: xxcoolAsIcexx ($134.31 in chips)
Seat 5: Chessnok ($192.38 in chips)
xxcoolAsIcexx: posts small blind $1
Chessnok: posts big blind $3
*** HOLE CARDS ***
xxcoolAsIcexx: raises $3 to $6
Chessnok: raises $3 to $9
xxcoolAsIcexx: calls $3
*** FLOP *** [5c Qc Ad]
Chessnok: bets $3
xxcoolAsIcexx: calls $3
*** TURN *** [5c Qc Ad] [8h]
Chessnok: bets $6
xxcoolAsIcexx: calls $6
*** RIVER *** [5c Qc Ad 8h] [4d]
Chessnok: bets $6
xxcoolAsIcexx: calls $6
*** SHOW DOWN ***
Chessnok: shows [Ts Ah] (a pair of Aces)
xxcoolAsIcexx: mucks hand
Chessnok collected $47.50 from pot
*** SUMMARY ***
Total pot $48 | Rake $0.50
Board [5c Qc Ad 8h 4d]
Seat 3: xxcoolAsIcexx (button) (small blind) mucked
Seat 5: Chessnok (big blind) showed [Ts Ah] and won ($47.50) with a pair of Aces


PokerStars Hand #172164279119:  Hold'em Limit ($3/$6 USD) - 2017/06/24 0:28:24 ET
Table 'Geranium' 6-max Seat #5 is the button
Seat 3: xxcoolAsIcexx ($111.05 in chips)
Seat 5: Chessnok ($216.62 in chips)
Chessnok: posts small blind $1
xxcoolAsIcexx: posts big blind $3
*** HOLE CARDS ***
Chessnok: raises $3 to $6
xxcoolAsIcexx: calls $3
*** FLOP *** [Jc Ac Kc]
xxcoolAsIcexx: checks
Chessnok: bets $3
xxcoolAsIcexx: raises $3 to $6
Chessnok: calls $3
*** TURN *** [Jc Ac Kc] [4d]
xxcoolAsIcexx: bets $6
Chessnok: calls $6
*** RIVER *** [Jc Ac Kc 4d] [Ts]
xxcoolAsIcexx: bets $6
Chessnok: calls $6
*** SHOW DOWN ***
xxcoolAsIcexx: shows [Qs 3d] (a straight, Ten to Ace)
Chessnok: mucks hand
xxcoolAsIcexx collected $47.50 from pot
*** SUMMARY ***
Total pot $48 | Rake $0.50
Board [Jc Ac Kc 4d Ts]
Seat 3: xxcoolAsIcexx (big blind) showed [Qs 3d] and won ($47.50) with a straight, Ten to Ace
Seat 5: Chessnok (button) (small blind) mucked


PokerStars Hand #172164308099:  Hold'em Limit ($3/$6 USD) - 2017/06/24 0:30:10 ET
Table 'Geranium' 6-max Seat #3 is the button
Seat 3: xxcoolAsIcexx ($125.71 in chips)
Seat 5: Chessnok ($199.88 in chips)
xxcoolAsIcexx: posts small blind $1
kayway6 joins the table at seat #4
Chessnok: posts big blind $3
*** HOLE CARDS ***
xxcoolAsIcexx: raises $3 to $6
Chessnok: calls $3
*** FLOP *** [8c Jc 6s]
Chessnok: checks
xxcoolAsIcexx: bets $3
Chessnok: raises $3 to $6
xxcoolAsIcexx: folds
Uncalled bet ($3) returned to Chessnok
Chessnok collected $17.64 from pot
Chessnok: doesn't show hand
*** SUMMARY ***
Total pot $18 | Rake $0.36
Board [8c Jc 6s]
Seat 3: xxcoolAsIcexx (button) (small blind) folded on the Flop
Seat 5: Chessnok (big blind) collected ($17.64)


PokerStars Hand #172164306865:  Hold'em Limit ($3/$6 USD) - 2017/06/24 0:30:06 ET
Table 'Geranium' 6-max Seat #5 is the button
Seat 3: xxcoolAsIcexx ($124.71 in chips)
Seat 5: Chessnok ($200.88 in chips)
Chessnok: posts small blind $1
xxcoolAsIcexx: posts big blind $3
*** HOLE CARDS ***
Chessnok: folds
Uncalled bet ($2) returned to xxcoolAsIcexx
xxcoolAsIcexx collected $2 from pot
xxcoolAsIcexx: doesn't show hand
*** SUMMARY ***
Total pot $2 | Rake $0
Seat 3: xxcoolAsIcexx (big blind) collected ($2)
Seat 5: Chessnok (button) (small blind) folded before Flop


PokerStars Hand #172164298451:  Hold'em Limit ($3/$6 USD) - 2017/06/24 0:29:35 ET
Table 'Geranium' 6-max Seat #5 is the button
Seat 3: xxcoolAsIcexx ($110.31 in chips)
Seat 5: Chessnok ($215.88 in chips)
Chessnok: posts small blind $1
xxcoolAsIcexx: posts big blind $3
*** HOLE CARDS ***
Chessnok: raises $3 to $6
xxcoolAsIcexx: calls $3
*** FLOP *** [5h Kh 4s]
xxcoolAsIcexx: checks
Chessnok: bets $3
xxcoolAsIcexx: calls $3
*** TURN *** [5h Kh 4s] [Td]
xxcoolAsIcexx: checks
Chessnok: checks
*** RIVER *** [5h Kh 4s Td] [Jd]
xxcoolAsIcexx: checks
Chessnok: checks
*** SHOW DOWN ***
xxcoolAsIcexx: shows [Ac 9c] (high card Ace)
Chessnok: mucks hand
xxcoolAsIcexx collected $17.64 from pot
*** SUMMARY ***
Total pot $18 | Rake $0.36
Board [5h Kh 4s Td Jd]
Seat 3: xxcoolAsIcexx (big blind) showed [Ac 9c] and won ($17.64) with high card Ace
Seat 5: Chessnok (button) (small blind) mucked


