PokerStars Hand #172233369308:  Hold'em Limit ($3/$6 USD) - 2017/06/25 15:36:27 ET
Table 'Geranium' 6-max Seat #4 is the button
Seat 4: Actionni13 ($248.89 in chips)
Seat 6: nedo1414 ($93.89 in chips)
Actionni13: posts small blind $1
nedo1414: posts big blind $3
*** HOLE CARDS ***
Actionni13: raises $3 to $6
pegu66 joins the table at seat #5
nedo1414: calls $3
*** FLOP *** [8h Qs 2c]
nedo1414: checks
Actionni13: bets $3
Jojje_G joins the table at seat #3
nedo1414: folds
Uncalled bet ($3) returned to Actionni13
Actionni13 collected $11.76 from pot
Actionni13: doesn't show hand
*** SUMMARY ***
Total pot $12 | Rake $0.24
Board [8h Qs 2c]
Seat 4: Actionni13 (button) (small blind) collected ($11.76)
Seat 6: nedo1414 (big blind) folded on the Flop


PokerStars Hand #172233347399:  Hold'em Limit ($3/$6 USD) - 2017/06/25 15:36:02 ET
Table 'Geranium' 6-max Seat #6 is the button
Seat 4: Actionni13 ($225.39 in chips)
Seat 6: nedo1414 ($117.89 in chips)
nedo1414: posts small blind $1
Ale4o: is sitting out
Actionni13: posts big blind $3
masterblstr8 joins the table at seat #2
*** HOLE CARDS ***
nedo1414: raises $3 to $6
Ale4o leaves the table
Actionni13: raises $3 to $9
masterblstr8 leaves the table
nedo1414: calls $3
*** FLOP *** [2h Ac 2s]
Actionni13: bets $3
nedo1414: calls $3
*** TURN *** [2h Ac 2s] [9d]
masterblstr8 joins the table at seat #1
Actionni13: checks
nedo1414: bets $6
Actionni13: calls $6
*** RIVER *** [2h Ac 2s 9d] [Jd]
Actionni13: checks
nedo1414: bets $6
Actionni13: raises $6 to $12
nedo1414: folds
Uncalled bet ($6) returned to Actionni13
Actionni13 collected $47.50 from pot
Actionni13: doesn't show hand
*** SUMMARY ***
Total pot $48 | Rake $0.50
Board [2h Ac 2s 9d Jd]
Seat 4: Actionni13 (big blind) collected ($47.50)
Seat 6: nedo1414 (button) (small blind) folded on the River


