PokerStars Hand #155581574760:  Hold'em Limit ($3/$6 USD) - 2016/07/05 3:02:47 ET
Table 'Geraldina' 6-max Seat #1 is the button
Seat 1: Siwy56 ($120 in chips)
Seat 3: WhatArunAA ($55 in chips)
Siwy56: posts small blind $1
WhatArunAA: posts big blind $3
*** HOLE CARDS ***
Siwy56: raises $3 to $6
WhatArunAA: calls $3
*** FLOP *** [9s Td Kd]
WhatArunAA: checks
Siwy56: checks
*** TURN *** [9s Td Kd] [Ac]
WhatArunAA: checks
Siwy56: bets $6
WhatArunAA: folds
Uncalled bet ($6) returned to Siwy56
Siwy56 collected $11.76 from pot
Siwy56: doesn't show hand
*** SUMMARY ***
Total pot $12 | Rake $0.24
Board [9s Td Kd Ac]
Seat 1: Siwy56 (button) (small blind) collected ($11.76)
Seat 3: WhatArunAA (big blind) folded on the Turn


PokerStars Hand #155581582917:  Hold'em Limit ($3/$6 USD) - 2016/07/05 3:03:21 ET
Table 'Geraldina' 6-max Seat #1 is the button
Seat 1: Siwy56 ($119.76 in chips)
Seat 3: WhatArunAA ($54.76 in chips)
Siwy56: posts small blind $1
WhatArunAA: posts big blind $3
*** HOLE CARDS ***
Siwy56: calls $2
WhatArunAA: raises $3 to $6
Siwy56: calls $3
*** FLOP *** [2c Kd 4c]
WhatArunAA: bets $3
Siwy56: folds
Uncalled bet ($3) returned to WhatArunAA
WhatArunAA collected $11.76 from pot
*** SUMMARY ***
Total pot $12 | Rake $0.24
Board [2c Kd 4c]
Seat 1: Siwy56 (button) (small blind) folded on the Flop
Seat 3: WhatArunAA (big blind) collected ($11.76)


PokerStars Hand #155581579511:  Hold'em Limit ($3/$6 USD) - 2016/07/05 3:03:07 ET
Table 'Geraldina' 6-max Seat #3 is the button
Seat 1: Siwy56 ($125.76 in chips)
Seat 3: WhatArunAA ($49 in chips)
WhatArunAA: posts small blind $1
Siwy56: posts big blind $3
*** HOLE CARDS ***
WhatArunAA: raises $3 to $6
Siwy56: calls $3
*** FLOP *** [Ad Jd 3d]
Siwy56: checks
WhatArunAA: bets $3
Siwy56: folds
Uncalled bet ($3) returned to WhatArunAA
WhatArunAA collected $11.76 from pot
BrownieSpy joins the table at seat #4
*** SUMMARY ***
Total pot $12 | Rake $0.24
Board [Ad Jd 3d]
Seat 1: Siwy56 (big blind) folded on the Flop
Seat 3: WhatArunAA (button) (small blind) collected ($11.76)


PokerStars Hand #155582066207:  Hold'em Limit ($3/$6 USD) - 2016/07/05 3:34:18 ET
Table 'Geraldina' 6-max Seat #4 is the button
Seat 2: Murrrr_@T ($204.26 in chips)
Seat 4: manly70 ($70.77 in chips)
manly70: posts small blind $1
Murrrr_@T: posts big blind $3
*** HOLE CARDS ***
manly70: raises $3 to $6
Murrrr_@T: raises $3 to $9
manly70: calls $3
*** FLOP *** [Th Kc Kh]
Murrrr_@T: bets $3
manly70: calls $3
*** TURN *** [Th Kc Kh] [8s]
Murrrr_@T: checks
manly70: bets $6
Murrrr_@T: calls $6
*** RIVER *** [Th Kc Kh 8s] [5h]
Murrrr_@T: checks
manly70: checks
*** SHOW DOWN ***
Murrrr_@T: shows [Ac 4c] (a pair of Kings)
manly70: shows [2s 2d] (two pair, Kings and Deuces)
manly70 collected $35.50 from pot
*** SUMMARY ***
Total pot $36 | Rake $0.50
Board [Th Kc Kh 8s 5h]
Seat 2: Murrrr_@T (big blind) showed [Ac 4c] and lost with a pair of Kings
Seat 4: manly70 (button) (small blind) showed [2s 2d] and won ($35.50) with two pair, Kings and Deuces


PokerStars Hand #155582083955:  Hold'em Limit ($3/$6 USD) - 2016/07/05 3:35:25 ET
Table 'Geraldina' 6-max Seat #4 is the button
Seat 2: Murrrr_@T ($200.76 in chips)
Seat 4: manly70 ($73.27 in chips)
manly70: posts small blind $1
Murrrr_@T: posts big blind $3
*** HOLE CARDS ***
manly70: raises $3 to $6
Murrrr_@T: calls $3
*** FLOP *** [Ts 2c Qs]
Murrrr_@T: checks
manly70: checks
*** TURN *** [Ts 2c Qs] [Ah]
Murrrr_@T: checks
manly70: bets $6
Murrrr_@T: calls $6
*** RIVER *** [Ts 2c Qs Ah] [Th]
Murrrr_@T: checks
manly70: bets $6
Murrrr_@T: folds
Uncalled bet ($6) returned to manly70
manly70 collected $23.52 from pot
*** SUMMARY ***
Total pot $24 | Rake $0.48
Board [Ts 2c Qs Ah Th]
Seat 2: Murrrr_@T (big blind) folded on the River
Seat 4: manly70 (button) (small blind) collected ($23.52)


PokerStars Hand #155582073726:  Hold'em Limit ($3/$6 USD) - 2016/07/05 3:34:46 ET
Table 'Geraldina' 6-max Seat #2 is the button
Seat 2: Murrrr_@T ($186.26 in chips)
Seat 4: manly70 ($88.27 in chips)
Murrrr_@T: posts small blind $1
manly70: posts big blind $3
*** HOLE CARDS ***
Murrrr_@T: raises $3 to $6
manly70: calls $3
*** FLOP *** [Qd 6s 5d]
manly70: checks
Murrrr_@T: bets $3
manly70: calls $3
*** TURN *** [Qd 6s 5d] [5c]
manly70: checks
Murrrr_@T: checks
*** RIVER *** [Qd 6s 5d 5c] [5s]
manly70: checks
Murrrr_@T: bets $6
manly70: calls $6
*** SHOW DOWN ***
Murrrr_@T: shows [9d As] (three of a kind, Fives)
manly70: mucks hand
Murrrr_@T collected $29.50 from pot
*** SUMMARY ***
Total pot $30 | Rake $0.50
Board [Qd 6s 5d 5c 5s]
Seat 2: Murrrr_@T (button) (small blind) showed [9d As] and won ($29.50) with three of a kind, Fives
Seat 4: manly70 (big blind) mucked


PokerStars Hand #155582091476:  Hold'em Limit ($3/$6 USD) - 2016/07/05 3:35:53 ET
Table 'Geraldina' 6-max Seat #4 is the button
Seat 2: Murrrr_@T ($187.76 in chips)
Seat 4: manly70 ($85.79 in chips)
manly70: posts small blind $1
Murrrr_@T: posts big blind $3
*** HOLE CARDS ***
manly70: raises $3 to $6
Murrrr_@T: calls $3
*** FLOP *** [As 8c 4d]
Murrrr_@T: checks
manly70: bets $3
Murrrr_@T: raises $3 to $6
manly70: calls $3
*** TURN *** [As 8c 4d] [3d]
Murrrr_@T: bets $6
manly70: folds
Uncalled bet ($6) returned to Murrrr_@T
Murrrr_@T collected $23.52 from pot
Murrrr_@T: doesn't show hand
*** SUMMARY ***
Total pot $24 | Rake $0.48
Board [As 8c 4d 3d]
Seat 2: Murrrr_@T (big blind) collected ($23.52)
Seat 4: manly70 (button) (small blind) folded on the Turn


PokerStars Hand #155582089594:  Hold'em Limit ($3/$6 USD) - 2016/07/05 3:35:46 ET
Table 'Geraldina' 6-max Seat #2 is the button
Seat 2: Murrrr_@T ($188.76 in chips)
Seat 4: manly70 ($84.79 in chips)
Murrrr_@T: posts small blind $1
manly70: posts big blind $3
*** HOLE CARDS ***
Murrrr_@T: folds
Uncalled bet ($2) returned to manly70
manly70 collected $2 from pot
*** SUMMARY ***
Total pot $2 | Rake $0
Seat 2: Murrrr_@T (button) (small blind) folded before Flop
Seat 4: manly70 (big blind) collected ($2)


PokerStars Hand #155582100170:  Hold'em Limit ($3/$6 USD) - 2016/07/05 3:36:25 ET
Table 'Geraldina' 6-max Seat #2 is the button
Seat 2: Murrrr_@T ($199.28 in chips)
Seat 4: manly70 ($73.79 in chips)
Murrrr_@T: posts small blind $1
manly70: posts big blind $3
*** HOLE CARDS ***
Murrrr_@T: raises $3 to $6
manly70: calls $3
*** FLOP *** [2h 8c 7d]
manly70: checks
Murrrr_@T: bets $3
manly70: calls $3
*** TURN *** [2h 8c 7d] [7h]
manly70: checks
Murrrr_@T: checks
*** RIVER *** [2h 8c 7d 7h] [9h]
manly70: checks
Murrrr_@T: bets $6
manly70: calls $6
*** SHOW DOWN ***
Murrrr_@T: shows [6s Ts] (a straight, Six to Ten)
manly70: mucks hand
Murrrr_@T collected $29.50 from pot
*** SUMMARY ***
Total pot $30 | Rake $0.50
Board [2h 8c 7d 7h 9h]
Seat 2: Murrrr_@T (button) (small blind) showed [6s Ts] and won ($29.50) with a straight, Six to Ten
Seat 4: manly70 (big blind) mucked


PokerStars Hand #155582118642:  Hold'em Limit ($3/$6 USD) - 2016/07/05 3:37:35 ET
Table 'Geraldina' 6-max Seat #2 is the button
Seat 2: Murrrr_@T ($198.78 in chips)
Seat 4: manly70 ($73.29 in chips)
Murrrr_@T: posts small blind $1
manly70: posts big blind $3
*** HOLE CARDS ***
Murrrr_@T: raises $3 to $6
manly70: calls $3
*** FLOP *** [5c 7c 5h]
manly70: checks
Murrrr_@T: bets $3
manly70: calls $3
*** TURN *** [5c 7c 5h] [2s]
manly70: checks
Murrrr_@T: checks
*** RIVER *** [5c 7c 5h 2s] [9d]
manly70: checks
Murrrr_@T: checks
*** SHOW DOWN ***
manly70: shows [6s Th] (a pair of Fives)
Murrrr_@T: shows [4d Js] (a pair of Fives - Jack kicker)
Murrrr_@T collected $17.64 from pot
*** SUMMARY ***
Total pot $18 | Rake $0.36
Board [5c 7c 5h 2s 9d]
Seat 2: Murrrr_@T (button) (small blind) showed [4d Js] and won ($17.64) with a pair of Fives
Seat 4: manly70 (big blind) showed [6s Th] and lost with a pair of Fives


PokerStars Hand #155582110041:  Hold'em Limit ($3/$6 USD) - 2016/07/05 3:37:02 ET
Table 'Geraldina' 6-max Seat #4 is the button
Seat 2: Murrrr_@T ($213.78 in chips)
Seat 4: manly70 ($58.79 in chips)
manly70: posts small blind $1
Murrrr_@T: posts big blind $3
*** HOLE CARDS ***
manly70: raises $3 to $6
Murrrr_@T: calls $3
*** FLOP *** [Qh 7c 8s]
Murrrr_@T: checks
manly70: bets $3
Murrrr_@T: calls $3
*** TURN *** [Qh 7c 8s] [2h]
Murrrr_@T: checks
manly70: bets $6
Murrrr_@T: calls $6
*** RIVER *** [Qh 7c 8s 2h] [Kh]
Murrrr_@T: checks
manly70: bets $6
Murrrr_@T: folds
Uncalled bet ($6) returned to manly70
manly70 collected $29.50 from pot
*** SUMMARY ***
Total pot $30 | Rake $0.50
Board [Qh 7c 8s 2h Kh]
Seat 2: Murrrr_@T (big blind) folded on the River
Seat 4: manly70 (button) (small blind) collected ($29.50)


PokerStars Hand #155582246534:  Hold'em Limit ($3/$6 USD) - 2016/07/05 3:45:32 ET
Table 'Geraldina' 6-max Seat #4 is the button
Seat 2: Murrrr_@T ($188.76 in chips)
Seat 4: manly70 ($150.53 in chips)
manly70: posts small blind $1
Murrrr_@T: posts big blind $3
*** HOLE CARDS ***
manly70: folds
Uncalled bet ($2) returned to Murrrr_@T
Murrrr_@T collected $2 from pot
Murrrr_@T: doesn't show hand
*** SUMMARY ***
Total pot $2 | Rake $0
Seat 2: Murrrr_@T (big blind) collected ($2)
Seat 4: manly70 (button) (small blind) folded before Flop


PokerStars Hand #155582248135:  Hold'em Limit ($3/$6 USD) - 2016/07/05 3:45:38 ET
Table 'Geraldina' 6-max Seat #2 is the button
Seat 2: Murrrr_@T ($189.76 in chips)
Seat 4: manly70 ($149.53 in chips)
Murrrr_@T: posts small blind $1
manly70: posts big blind $3
*** HOLE CARDS ***
Murrrr_@T: raises $3 to $6
manly70: calls $3
*** FLOP *** [4d 5c 5d]
manly70: checks
Murrrr_@T: bets $3
manly70: calls $3
*** TURN *** [4d 5c 5d] [6d]
manly70: checks
Murrrr_@T: bets $6
manly70: calls $6
*** RIVER *** [4d 5c 5d 6d] [Qc]
manly70: checks
Murrrr_@T: bets $6
manly70: calls $6
*** SHOW DOWN ***
Murrrr_@T: shows [6h 5s] (a full house, Fives full of Sixes)
manly70: mucks hand
Murrrr_@T collected $41.50 from pot
*** SUMMARY ***
Total pot $42 | Rake $0.50
Board [4d 5c 5d 6d Qc]
Seat 2: Murrrr_@T (button) (small blind) showed [6h 5s] and won ($41.50) with a full house, Fives full of Sixes
Seat 4: manly70 (big blind) mucked


PokerStars Hand #155582256711:  Hold'em Limit ($3/$6 USD) - 2016/07/05 3:46:10 ET
Table 'Geraldina' 6-max Seat #4 is the button
Seat 2: Murrrr_@T ($210.26 in chips)
Seat 4: manly70 ($128.53 in chips)
manly70: posts small blind $1
zimin10 was removed from the table for failing to post
Murrrr_@T: posts big blind $3
*** HOLE CARDS ***
manly70: folds
Uncalled bet ($2) returned to Murrrr_@T
Murrrr_@T collected $2 from pot
Murrrr_@T: doesn't show hand
*** SUMMARY ***
Total pot $2 | Rake $0
Seat 2: Murrrr_@T (big blind) collected ($2)
Seat 4: manly70 (button) (small blind) folded before Flop


PokerStars Hand #155582258157:  Hold'em Limit ($3/$6 USD) - 2016/07/05 3:46:15 ET
Table 'Geraldina' 6-max Seat #2 is the button
Seat 2: Murrrr_@T ($211.26 in chips)
Seat 4: manly70 ($127.53 in chips)
Murrrr_@T: posts small blind $1
manly70: posts big blind $3
*** HOLE CARDS ***
Murrrr_@T: raises $3 to $6
manly70: folds
Uncalled bet ($3) returned to Murrrr_@T
Murrrr_@T collected $6 from pot
Murrrr_@T: doesn't show hand
*** SUMMARY ***
Total pot $6 | Rake $0
Seat 2: Murrrr_@T (button) (small blind) collected ($6)
Seat 4: manly70 (big blind) folded before Flop


PokerStars Hand #155582266993:  Hold'em Limit ($3/$6 USD) - 2016/07/05 3:46:48 ET
Table 'Geraldina' 6-max Seat #2 is the button
Seat 2: Murrrr_@T ($222.90 in chips)
Seat 4: manly70 ($115.53 in chips)
Murrrr_@T: posts small blind $1
manly70: posts big blind $3
*** HOLE CARDS ***
Murrrr_@T: raises $3 to $6
manly70: calls $3
*** FLOP *** [6d Ah As]
manly70: checks
Murrrr_@T: bets $3
manly70: calls $3
*** TURN *** [6d Ah As] [9c]
manly70: checks
Murrrr_@T: bets $6
manly70: folds
Uncalled bet ($6) returned to Murrrr_@T
Murrrr_@T collected $17.64 from pot
Murrrr_@T: doesn't show hand
*** SUMMARY ***
Total pot $18 | Rake $0.36
Board [6d Ah As 9c]
Seat 2: Murrrr_@T (button) (small blind) collected ($17.64)
Seat 4: manly70 (big blind) folded on the Turn


PokerStars Hand #155582260011:  Hold'em Limit ($3/$6 USD) - 2016/07/05 3:46:22 ET
Table 'Geraldina' 6-max Seat #4 is the button
Seat 2: Murrrr_@T ($214.26 in chips)
Seat 4: manly70 ($124.53 in chips)
manly70: posts small blind $1
Murrrr_@T: posts big blind $3
*** HOLE CARDS ***
manly70: raises $3 to $6
manon889 joins the table at seat #6
Murrrr_@T: raises $3 to $9
manly70: calls $3
*** FLOP *** [As 6h 2h]
Murrrr_@T: bets $3
manly70: folds
Uncalled bet ($3) returned to Murrrr_@T
Murrrr_@T collected $17.64 from pot
Murrrr_@T: doesn't show hand
*** SUMMARY ***
Total pot $18 | Rake $0.36
Board [As 6h 2h]
Seat 2: Murrrr_@T (big blind) collected ($17.64)
Seat 4: manly70 (button) (small blind) folded on the Flop


