PokerStars Hand #171715754027:  Hold'em Limit ($3/$6 USD) - 2017/06/13 7:11:05 ET
Table 'Gerarda' 6-max Seat #3 is the button
Seat 3: sim5sim5 ($96.57 in chips)
Seat 5: Ale4o ($135.81 in chips)
sim5sim5: posts small blind $1
Ale4o: posts big blind $3
*** HOLE CARDS ***
sim5sim5: raises $3 to $6
Ale4o: folds
Uncalled bet ($3) returned to sim5sim5
sim5sim5 collected $6 from pot
sim5sim5: doesn't show hand
*** SUMMARY ***
Total pot $6 | Rake $0
Seat 3: sim5sim5 (button) (small blind) collected ($6)
Seat 5: Ale4o (big blind) folded before Flop


PokerStars Hand #171715757403:  Hold'em Limit ($3/$6 USD) - 2017/06/13 7:11:13 ET
Table 'Gerarda' 6-max Seat #5 is the button
Seat 3: sim5sim5 ($99.57 in chips)
Seat 5: Ale4o ($132.81 in chips)
Ale4o: posts small blind $1
sim5sim5: posts big blind $3
*** HOLE CARDS ***
Ale4o: raises $3 to $6
sim5sim5: raises $3 to $9
Ale4o: raises $3 to $12
Betting is capped
sim5sim5: calls $3
*** FLOP *** [Td Th 7d]
sim5sim5: checks
Ale4o: bets $3
sim5sim5: calls $3
*** TURN *** [Td Th 7d] [5d]
sim5sim5: checks
Ale4o: checks
*** RIVER *** [Td Th 7d 5d] [3c]
sim5sim5: checks
Ale4o: checks
*** SHOW DOWN ***
sim5sim5: shows [Kh Qh] (a pair of Tens)
Ale4o: shows [Qc Ac] (a pair of Tens - Ace kicker)
Ale4o collected $29.50 from pot
*** SUMMARY ***
Total pot $30 | Rake $0.50
Board [Td Th 7d 5d 3c]
Seat 3: sim5sim5 (big blind) showed [Kh Qh] and lost with a pair of Tens
Seat 5: Ale4o (button) (small blind) showed [Qc Ac] and won ($29.50) with a pair of Tens


PokerStars Hand #171715816029:  Hold'em Limit ($3/$6 USD) - 2017/06/13 7:13:34 ET
Table 'Gerarda' 6-max Seat #3 is the button
Seat 1: Auge72 ($120 in chips)
Seat 3: sim5sim5 ($84.57 in chips)
sim5sim5: posts small blind $1
Auge72: posts big blind $3
*** HOLE CARDS ***
sim5sim5: folds
Uncalled bet ($2) returned to Auge72
Auge72 collected $2 from pot
*** SUMMARY ***
Total pot $2 | Rake $0
Seat 1: Auge72 (big blind) collected ($2)
Seat 3: sim5sim5 (button) (small blind) folded before Flop


PokerStars Hand #171715818814:  Hold'em Limit ($3/$6 USD) - 2017/06/13 7:13:41 ET
Table 'Gerarda' 6-max Seat #1 is the button
Seat 1: Auge72 ($121 in chips)
Seat 3: sim5sim5 ($83.57 in chips)
Auge72: posts small blind $1
sim5sim5: posts big blind $3
*** HOLE CARDS ***
Auge72: raises $3 to $6
sim5sim5: raises $3 to $9
Auge72: raises $3 to $12
Betting is capped
sim5sim5: calls $3
*** FLOP *** [3d 9c Qd]
sim5sim5: checks
Auge72: checks
*** TURN *** [3d 9c Qd] [Kh]
sim5sim5: checks
Auge72: checks
*** RIVER *** [3d 9c Qd Kh] [Th]
sim5sim5: bets $6
Auge72: calls $6
*** SHOW DOWN ***
sim5sim5: shows [Ah Qs] (a pair of Queens)
Auge72: mucks hand
sim5sim5 collected $35.50 from pot
*** SUMMARY ***
Total pot $36 | Rake $0.50
Board [3d 9c Qd Kh Th]
Seat 1: Auge72 (button) (small blind) mucked
Seat 3: sim5sim5 (big blind) showed [Ah Qs] and won ($35.50) with a pair of Queens


PokerStars Hand #171715829675:  Hold'em Limit ($3/$6 USD) - 2017/06/13 7:14:07 ET
Table 'Gerarda' 6-max Seat #3 is the button
Seat 1: Auge72 ($103 in chips)
Seat 3: sim5sim5 ($101.07 in chips)
sim5sim5: posts small blind $1
Auge72: posts big blind $3
*** HOLE CARDS ***
sim5sim5: folds
Uncalled bet ($2) returned to Auge72
Auge72 collected $2 from pot
*** SUMMARY ***
Total pot $2 | Rake $0
Seat 1: Auge72 (big blind) collected ($2)
Seat 3: sim5sim5 (button) (small blind) folded before Flop


PokerStars Hand #171715832121:  Hold'em Limit ($3/$6 USD) - 2017/06/13 7:14:13 ET
Table 'Gerarda' 6-max Seat #1 is the button
Seat 1: Auge72 ($104 in chips)
Seat 3: sim5sim5 ($100.07 in chips)
Auge72: posts small blind $1
sim5sim5: posts big blind $3
*** HOLE CARDS ***
Auge72: raises $3 to $6
sim5sim5: calls $3
*** FLOP *** [3d 3c 7h]
sim5sim5: checks
Auge72: bets $3
sim5sim5: calls $3
*** TURN *** [3d 3c 7h] [6s]
sim5sim5: checks
Auge72: bets $6
sim5sim5: calls $6
*** RIVER *** [3d 3c 7h 6s] [2c]
sim5sim5: checks
Auge72: bets $6
sim5sim5: folds
Uncalled bet ($6) returned to Auge72
Auge72 collected $29.50 from pot
*** SUMMARY ***
Total pot $30 | Rake $0.50
Board [3d 3c 7h 6s 2c]
Seat 1: Auge72 (button) (small blind) collected ($29.50)
Seat 3: sim5sim5 (big blind) folded on the River


PokerStars Hand #171715842826:  Hold'em Limit ($3/$6 USD) - 2017/06/13 7:14:39 ET
Table 'Gerarda' 6-max Seat #3 is the button
Seat 1: Auge72 ($118.50 in chips)
Seat 3: sim5sim5 ($85.07 in chips)
sim5sim5: posts small blind $1
Auge72: posts big blind $3
*** HOLE CARDS ***
sim5sim5: raises $3 to $6
Auge72: calls $3
*** FLOP *** [2s 4h 2c]
Auge72: checks
sim5sim5: bets $3
Auge72: calls $3
*** TURN *** [2s 4h 2c] [Kh]
Auge72: checks
sim5sim5: bets $6
Auge72: folds
Uncalled bet ($6) returned to sim5sim5
sim5sim5 collected $17.64 from pot
sim5sim5: doesn't show hand
*** SUMMARY ***
Total pot $18 | Rake $0.36
Board [2s 4h 2c Kh]
Seat 1: Auge72 (big blind) folded on the Turn
Seat 3: sim5sim5 (button) (small blind) collected ($17.64)


PokerStars Hand #171715858963:  Hold'em Limit ($3/$6 USD) - 2017/06/13 7:15:18 ET
Table 'Gerarda' 6-max Seat #3 is the button
Seat 1: Auge72 ($108.50 in chips)
Seat 3: sim5sim5 ($94.71 in chips)
sim5sim5: posts small blind $1
Auge72: posts big blind $3
*** HOLE CARDS ***
sim5sim5: raises $3 to $6
Auge72: folds
Uncalled bet ($3) returned to sim5sim5
Auge72 leaves the table
sim5sim5 collected $6 from pot
sim5sim5: doesn't show hand
*** SUMMARY ***
Total pot $6 | Rake $0
Seat 1: Auge72 (big blind) folded before Flop
Seat 3: sim5sim5 (button) (small blind) collected ($6)


PokerStars Hand #171715855651:  Hold'em Limit ($3/$6 USD) - 2017/06/13 7:15:10 ET
Table 'Gerarda' 6-max Seat #1 is the button
Seat 1: Auge72 ($109.50 in chips)
Seat 3: sim5sim5 ($93.71 in chips)
Auge72: posts small blind $1
sim5sim5: posts big blind $3
*** HOLE CARDS ***
Auge72: folds
Uncalled bet ($2) returned to sim5sim5
sim5sim5 collected $2 from pot
sim5sim5: doesn't show hand
*** SUMMARY ***
Total pot $2 | Rake $0
Seat 1: Auge72 (button) (small blind) folded before Flop
Seat 3: sim5sim5 (big blind) collected ($2)


