PokerStars Hand #168521254123:  Hold'em Limit ($3/$6 USD) - 2017/04/03 11:47:02 ET
Table 'Gerarda II' 6-max Seat #5 is the button
Seat 2: hookonhook ($101.61 in chips)
Seat 5: Great_Kang ($121 in chips)
Great_Kang: posts small blind $1
hookonhook: posts big blind $3
*** HOLE CARDS ***
B_loJkl joins the table at seat #3
Great_Kang: raises $3 to $6
hookonhook: raises $3 to $9
Great_Kang: calls $3
*** FLOP *** [Th 2c As]
hookonhook: bets $3
Great_Kang: calls $3
*** TURN *** [Th 2c As] [Ac]
hookonhook: bets $6
Great_Kang: calls $6
*** RIVER *** [Th 2c As Ac] [Qh]
hookonhook: bets $6
Great_Kang: folds
Uncalled bet ($6) returned to hookonhook
hookonhook collected $35.50 from pot
*** SUMMARY ***
Total pot $36 | Rake $0.50
Board [Th 2c As Ac Qh]
Seat 2: hookonhook (big blind) collected ($35.50)
Seat 5: Great_Kang (button) (small blind) folded on the River


PokerStars Hand #168521291315:  Hold'em Limit ($3/$6 USD) - 2017/04/03 11:47:58 ET
Table 'Gerarda II' 6-max Seat #3 is the button
Seat 2: hookonhook ($138.94 in chips)
Seat 3: B_loJkl ($147 in chips)
B_loJkl: posts small blind $1
Great_Kang: is sitting out
hookonhook: posts big blind $3
*** HOLE CARDS ***
B_loJkl: raises $3 to $6
hookonhook: calls $3
*** FLOP *** [Jc As 4d]
hookonhook: checks
Great_Kang leaves the table
B_loJkl: bets $3
hookonhook: raises $3 to $6
B_loJkl: folds
Uncalled bet ($3) returned to hookonhook
hookonhook collected $17.64 from pot
*** SUMMARY ***
Total pot $18 | Rake $0.36
Board [Jc As 4d]
Seat 2: hookonhook (big blind) collected ($17.64)
Seat 3: B_loJkl (button) (small blind) folded on the Flop


PokerStars Hand #168521316451:  Hold'em Limit ($3/$6 USD) - 2017/04/03 11:48:35 ET
Table 'Gerarda II' 6-max Seat #2 is the button
Seat 2: hookonhook ($147.58 in chips)
Seat 3: B_loJkl ($138 in chips)
hookonhook: posts small blind $1
B_loJkl: posts big blind $3
*** HOLE CARDS ***
hookonhook: raises $3 to $6
B_loJkl: raises $3 to $9
hookonhook: calls $3
*** FLOP *** [Jc 4c 2h]
B_loJkl: bets $3
hookonhook: raises $3 to $6
B_loJkl: calls $3
*** TURN *** [Jc 4c 2h] [3h]
B_loJkl: checks
hookonhook: checks
*** RIVER *** [Jc 4c 2h 3h] [8s]
B_loJkl: bets $6
hookonhook: raises $6 to $12
B_loJkl: calls $6
*** SHOW DOWN ***
hookonhook: shows [8d Ah] (a pair of Eights)
B_loJkl: shows [9s 9h] (a pair of Nines)
B_loJkl collected $53.50 from pot
*** SUMMARY ***
Total pot $54 | Rake $0.50
Board [Jc 4c 2h 3h 8s]
Seat 2: hookonhook (button) (small blind) showed [8d Ah] and lost with a pair of Eights
Seat 3: B_loJkl (big blind) showed [9s 9h] and won ($53.50) with a pair of Nines


PokerStars Hand #168521341894:  Hold'em Limit ($3/$6 USD) - 2017/04/03 11:49:14 ET
Table 'Gerarda II' 6-max Seat #3 is the button
Seat 2: hookonhook ($120.58 in chips)
Seat 3: B_loJkl ($164.50 in chips)
B_loJkl: posts small blind $1
hookonhook: posts big blind $3
*** HOLE CARDS ***
B_loJkl: raises $3 to $6
hookonhook: folds
Uncalled bet ($3) returned to B_loJkl
B_loJkl collected $6 from pot
B_loJkl: doesn't show hand
*** SUMMARY ***
Total pot $6 | Rake $0
Seat 2: hookonhook (big blind) folded before Flop
Seat 3: B_loJkl (button) (small blind) collected ($6)


PokerStars Hand #168521371074:  Hold'em Limit ($3/$6 USD) - 2017/04/03 11:49:57 ET
Table 'Gerarda II' 6-max Seat #3 is the button
Seat 2: hookonhook ($123.34 in chips)
Seat 3: B_loJkl ($161.50 in chips)
B_loJkl: posts small blind $1
hookonhook: posts big blind $3
*** HOLE CARDS ***
B_loJkl: raises $3 to $6
hookonhook: calls $3
*** FLOP *** [4c 8s 5h]
hookonhook: checks
B_loJkl: checks
*** TURN *** [4c 8s 5h] [As]
hookonhook: checks
B_loJkl: bets $6
hookonhook: calls $6
*** RIVER *** [4c 8s 5h As] [Ts]
hookonhook: checks
B_loJkl: checks
*** SHOW DOWN ***
hookonhook: shows [4d Td] (two pair, Tens and Fours)
B_loJkl: mucks hand
hookonhook collected $23.52 from pot
*** SUMMARY ***
Total pot $24 | Rake $0.48
Board [4c 8s 5h As Ts]
Seat 2: hookonhook (big blind) showed [4d Td] and won ($23.52) with two pair, Tens and Fours
Seat 3: B_loJkl (button) (small blind) mucked


PokerStars Hand #168521396328:  Hold'em Limit ($3/$6 USD) - 2017/04/03 11:50:35 ET
Table 'Gerarda II' 6-max Seat #2 is the button
Seat 2: hookonhook ($134.86 in chips)
Seat 3: B_loJkl ($149.50 in chips)
hookonhook: posts small blind $1
B_loJkl: posts big blind $3
*** HOLE CARDS ***
hookonhook: raises $3 to $6
B_loJkl: calls $3
*** FLOP *** [7d 9d 2c]
B_loJkl: checks
hookonhook: bets $3
B_loJkl: calls $3
*** TURN *** [7d 9d 2c] [3d]
B_loJkl: checks
hookonhook: bets $6
B_loJkl: calls $6
*** RIVER *** [7d 9d 2c 3d] [9c]
B_loJkl: checks
hookonhook: checks
*** SHOW DOWN ***
B_loJkl: shows [Ad Qs] (a pair of Nines)
hookonhook: mucks hand
B_loJkl collected $29.50 from pot
*** SUMMARY ***
Total pot $30 | Rake $0.50
Board [7d 9d 2c 3d 9c]
Seat 2: hookonhook (button) (small blind) mucked
Seat 3: B_loJkl (big blind) showed [Ad Qs] and won ($29.50) with a pair of Nines


PokerStars Hand #168521414914:  Hold'em Limit ($3/$6 USD) - 2017/04/03 11:51:02 ET
Table 'Gerarda II' 6-max Seat #3 is the button
Seat 2: hookonhook ($119.86 in chips)
Seat 3: B_loJkl ($164 in chips)
B_loJkl: posts small blind $1
hookonhook: posts big blind $3
*** HOLE CARDS ***
B_loJkl: raises $3 to $6
hookonhook: raises $3 to $9
B_loJkl: calls $3
*** FLOP *** [Td 8s Kh]
hookonhook: bets $3
B_loJkl: calls $3
*** TURN *** [Td 8s Kh] [4s]
hookonhook: bets $6
B_loJkl: calls $6
*** RIVER *** [Td 8s Kh 4s] [Qc]
hookonhook: bets $6
B_loJkl: folds
Uncalled bet ($6) returned to hookonhook
hookonhook collected $35.50 from pot
*** SUMMARY ***
Total pot $36 | Rake $0.50
Board [Td 8s Kh 4s Qc]
Seat 2: hookonhook (big blind) collected ($35.50)
Seat 3: B_loJkl (button) (small blind) folded on the River


