PokerStars Hand #171803549487:  Hold'em Limit ($3/$6 USD) - 2017/06/15 10:33:58 ET
Table 'Geramtina II' 6-max Seat #1 is the button
Seat 1: igorkabmw ($35.44 in chips)
Seat 2: Ale4o ($116.88 in chips)
igorkabmw: posts small blind $1
Ale4o: posts big blind $3
*** HOLE CARDS ***
igorkabmw: raises $3 to $6
Ale4o: calls $3
*** FLOP *** [2d 3s Tc]
Ale4o: checks
igorkabmw: bets $3
Ale4o: folds
Uncalled bet ($3) returned to igorkabmw
igorkabmw collected $11.76 from pot
*** SUMMARY ***
Total pot $12 | Rake $0.24
Board [2d 3s Tc]
Seat 1: igorkabmw (button) (small blind) collected ($11.76)
Seat 2: Ale4o (big blind) folded on the Flop


PokerStars Hand #171803543547:  Hold'em Limit ($3/$6 USD) - 2017/06/15 10:33:48 ET
Table 'Geramtina II' 6-max Seat #2 is the button
Seat 1: igorkabmw ($38.44 in chips)
Seat 2: Ale4o ($114 in chips)
Ale4o: posts small blind $1
igorkabmw: posts big blind $3
*** HOLE CARDS ***
Ale4o: calls $2
igorkabmw: checks
*** FLOP *** [7s 8s 2d]
igorkabmw: checks
Ale4o: bets $3
igorkabmw: folds
Uncalled bet ($3) returned to Ale4o
Ale4o collected $5.88 from pot
Ale4o: doesn't show hand
Cowgirlgea joins the table at seat #4
*** SUMMARY ***
Total pot $6 | Rake $0.12
Board [7s 8s 2d]
Seat 1: igorkabmw (big blind) folded on the Flop
Seat 2: Ale4o (button) (small blind) collected ($5.88)


PokerStars Hand #171803535885:  Hold'em Limit ($3/$6 USD) - 2017/06/15 10:33:35 ET
Table 'Geramtina II' 6-max Seat #1 is the button
Seat 1: igorkabmw ($35.56 in chips)
Seat 2: Ale4o ($117 in chips)
igorkabmw: posts small blind $1
Ale4o: posts big blind $3
*** HOLE CARDS ***
igorkabmw: calls $2
Ale4o: checks
*** FLOP *** [6c 7h 9d]
Ale4o: checks
igorkabmw: checks
*** TURN *** [6c 7h 9d] [Ad]
Ale4o: checks
igorkabmw: checks
*** RIVER *** [6c 7h 9d Ad] [3s]
Ale4o: checks
igorkabmw: checks
*** SHOW DOWN ***
Ale4o: shows [5c 2d] (high card Ace)
igorkabmw: shows [2c Qc] (high card Ace - Queen kicker)
igorkabmw collected $5.88 from pot
*** SUMMARY ***
Total pot $6 | Rake $0.12
Board [6c 7h 9d Ad 3s]
Seat 1: igorkabmw (button) (small blind) showed [2c Qc] and won ($5.88) with high card Ace
Seat 2: Ale4o (big blind) showed [5c 2d] and lost with high card Ace


PokerStars Hand #171803519979:  Hold'em Limit ($3/$6 USD) - 2017/06/15 10:33:08 ET
Table 'Geramtina II' 6-max Seat #2 is the button
Seat 1: igorkabmw ($32.68 in chips)
Seat 2: Ale4o ($120 in chips)
Ale4o: posts small blind $1
sim5sim5: is sitting out
igorkabmw: posts big blind $3
*** HOLE CARDS ***
Ale4o: calls $2
igorkabmw: checks
*** FLOP *** [Jc 8s 8h]
igorkabmw: checks
Ale4o: checks
*** TURN *** [Jc 8s 8h] [6h]
igorkabmw: checks
Ale4o: checks
*** RIVER *** [Jc 8s 8h 6h] [Ad]
igorkabmw: checks
Ale4o: checks
*** SHOW DOWN ***
igorkabmw: shows [7c Qs] (a pair of Eights)
Ale4o: mucks hand
igorkabmw collected $5.88 from pot
*** SUMMARY ***
Total pot $6 | Rake $0.12
Board [Jc 8s 8h 6h Ad]
Seat 1: igorkabmw (big blind) showed [7c Qs] and won ($5.88) with a pair of Eights
Seat 2: Ale4o (button) (small blind) mucked


PokerStars Hand #171803714698:  Hold'em Limit ($3/$6 USD) - 2017/06/15 10:38:31 ET
Table 'Geramtina II' 6-max Seat #2 is the button
Seat 2: Ale4o ($120 in chips)
Seat 4: Cowgirlgea ($166.46 in chips)
nolim8ts will be allowed to play after the button
Ale4o: posts small blind $1
DismasX: is sitting out
Cowgirlgea: posts big blind $3
*** HOLE CARDS ***
Ale4o: raises $3 to $6
Cowgirlgea: calls $3
*** FLOP *** [4c 2d As]
Cowgirlgea: checks
Ale4o: checks
*** TURN *** [4c 2d As] [3c]
Cowgirlgea: bets $6
Ale4o: calls $6
*** RIVER *** [4c 2d As 3c] [8h]
Cowgirlgea: bets $6
Ale4o: calls $6
*** SHOW DOWN ***
Cowgirlgea: shows [9h 7s] (high card Ace)
Ale4o: shows [Kd Kh] (a pair of Kings)
Ale4o collected $35.50 from pot
*** SUMMARY ***
Total pot $36 | Rake $0.50
Board [4c 2d As 3c 8h]
Seat 2: Ale4o (button) (small blind) showed [Kd Kh] and won ($35.50) with a pair of Kings
Seat 4: Cowgirlgea (big blind) showed [9h 7s] and lost with high card Ace


