PokerStars Hand #160993211256:  Hold'em Limit ($3/$6 USD) - 2016/11/06 11:16:42 ET
Table 'Gerarda' 6-max Seat #1 is the button
Seat 1: LifeisagameX ($113.28 in chips)
Seat 3: vitamin168 ($87.68 in chips)
LifeisagameX: posts small blind $1
vitamin168: posts big blind $3
*** HOLE CARDS ***
LifeisagameX: raises $3 to $6
vitamin168: calls $3
*** FLOP *** [6c 4s 9s]
vitamin168: checks
jackRizzar joins the table at seat #4
LifeisagameX: checks
*** TURN *** [6c 4s 9s] [Td]
vitamin168: bets $6
LifeisagameX: calls $6
*** RIVER *** [6c 4s 9s Td] [Qd]
vitamin168: bets $6
LifeisagameX: calls $6
*** SHOW DOWN ***
vitamin168: shows [7s Th] (a pair of Tens)
LifeisagameX: mucks hand
vitamin168 collected $35.50 from pot
*** SUMMARY ***
Total pot $36 | Rake $0.50
Board [6c 4s 9s Td Qd]
Seat 1: LifeisagameX (button) (small blind) mucked
Seat 3: vitamin168 (big blind) showed [7s Th] and won ($35.50) with a pair of Tens


PokerStars Hand #160999611519:  Hold'em Limit ($3/$6 USD) - 2016/11/06 13:10:49 ET
Table 'Gerarda' 6-max Seat #4 is the button
Seat 4: jackRizzar ($616.02 in chips)
Seat 6: kamikaze77 ($47 in chips)
jackRizzar: posts small blind $1
kamikaze77: posts big blind $3
*** HOLE CARDS ***
jackRizzar: raises $3 to $6
kamikaze77: folds
Uncalled bet ($3) returned to jackRizzar
jackRizzar collected $6 from pot
jackRizzar: doesn't show hand
*** SUMMARY ***
Total pot $6 | Rake $0
Seat 4: jackRizzar (button) (small blind) collected ($6)
Seat 6: kamikaze77 (big blind) folded before Flop


