PokerStars Hand #169408679230:  Hold'em Limit ($3/$6 USD) - 2017/04/22 14:21:26 ET
Table 'Gerda' 6-max Seat #2 is the button
Seat 2: RaisemyNut$ ($75.19 in chips)
Seat 3: hooverr ($188.91 in chips)
RaisemyNut$: posts small blind $1
hooverr: posts big blind $3
*** HOLE CARDS ***
RaisemyNut$: raises $3 to $6
hooverr: calls $3
*** FLOP *** [7d 5s Jc]
hooverr: checks
RaisemyNut$: bets $3
hooverr: calls $3
*** TURN *** [7d 5s Jc] [2c]
hooverr: checks
krossguard leaves the table
RaisemyNut$: bets $6
hooverr: folds
Uncalled bet ($6) returned to RaisemyNut$
RaisemyNut$ collected $17.64 from pot
RaisemyNut$: doesn't show hand
*** SUMMARY ***
Total pot $18 | Rake $0.36
Board [7d 5s Jc 2c]
Seat 2: RaisemyNut$ (button) (small blind) collected ($17.64)
Seat 3: hooverr (big blind) folded on the Turn


PokerStars Hand #169408698441:  Hold'em Limit ($3/$6 USD) - 2017/04/22 14:21:50 ET
Table 'Gerda' 6-max Seat #3 is the button
Seat 2: RaisemyNut$ ($83.83 in chips)
Seat 3: hooverr ($179.91 in chips)
hooverr: posts small blind $1
RaisemyNut$: posts big blind $3
*** HOLE CARDS ***
hooverr: raises $3 to $6
RaisemyNut$: calls $3
*** FLOP *** [Jc 9h 4s]
RaisemyNut$: checks
hooverr: bets $3
RaisemyNut$: calls $3
*** TURN *** [Jc 9h 4s] [5s]
RaisemyNut$: checks
hooverr: bets $6
RaisemyNut$: calls $6
*** RIVER *** [Jc 9h 4s 5s] [6s]
RaisemyNut$: checks
hooverr: checks
*** SHOW DOWN ***
RaisemyNut$: shows [Kh Qc] (high card King)
hooverr: shows [9d 8c] (a pair of Nines)
hooverr collected $29.50 from pot
*** SUMMARY ***
Total pot $30 | Rake $0.50
Board [Jc 9h 4s 5s 6s]
Seat 2: RaisemyNut$ (big blind) showed [Kh Qc] and lost with high card King
Seat 3: hooverr (button) (small blind) showed [9d 8c] and won ($29.50) with a pair of Nines


PokerStars Hand #169408673378:  Hold'em Limit ($3/$6 USD) - 2017/04/22 14:21:19 ET
Table 'Gerda' 6-max Seat #3 is the button
Seat 2: RaisemyNut$ ($74.19 in chips)
Seat 3: hooverr ($189.91 in chips)
hooverr: posts small blind $1
krossguard: is sitting out
RaisemyNut$: posts big blind $3
*** HOLE CARDS ***
hooverr: folds
Uncalled bet ($2) returned to RaisemyNut$
RaisemyNut$ collected $2 from pot
RaisemyNut$: doesn't show hand
*** SUMMARY ***
Total pot $2 | Rake $0
Seat 2: RaisemyNut$ (big blind) collected ($2)
Seat 3: hooverr (button) (small blind) folded before Flop


PokerStars Hand #169408736975:  Hold'em Limit ($3/$6 USD) - 2017/04/22 14:22:38 ET
Table 'Gerda' 6-max Seat #2 is the button
Seat 2: RaisemyNut$ ($72.83 in chips)
Seat 3: hooverr ($190.41 in chips)
RaisemyNut$: posts small blind $1
hooverr: posts big blind $3
*** HOLE CARDS ***
krossguard joins the table at seat #6
RaisemyNut$: raises $3 to $6
hooverr: calls $3
*** FLOP *** [8d 3c 5h]
hooverr: checks
RaisemyNut$: bets $3
hooverr: calls $3
*** TURN *** [8d 3c 5h] [Jh]
hooverr: checks
RaisemyNut$: bets $6
hooverr: folds
Uncalled bet ($6) returned to RaisemyNut$
RaisemyNut$ collected $17.64 from pot
RaisemyNut$: doesn't show hand
*** SUMMARY ***
Total pot $18 | Rake $0.36
Board [8d 3c 5h Jh]
Seat 2: RaisemyNut$ (button) (small blind) collected ($17.64)
Seat 3: hooverr (big blind) folded on the Turn


PokerStars Hand #169408729748:  Hold'em Limit ($3/$6 USD) - 2017/04/22 14:22:29 ET
Table 'Gerda' 6-max Seat #3 is the button
Seat 2: RaisemyNut$ ($71.83 in chips)
Seat 3: hooverr ($191.41 in chips)
hooverr: posts small blind $1
RaisemyNut$: posts big blind $3
*** HOLE CARDS ***
hooverr: folds
Uncalled bet ($2) returned to RaisemyNut$
RaisemyNut$ collected $2 from pot
RaisemyNut$: doesn't show hand
*** SUMMARY ***
Total pot $2 | Rake $0
Seat 2: RaisemyNut$ (big blind) collected ($2)
Seat 3: hooverr (button) (small blind) folded before Flop


PokerStars Hand #169408724691:  Hold'em Limit ($3/$6 USD) - 2017/04/22 14:22:23 ET
Table 'Gerda' 6-max Seat #2 is the button
Seat 2: RaisemyNut$ ($68.83 in chips)
Seat 3: hooverr ($194.41 in chips)
RaisemyNut$: posts small blind $1
hooverr: posts big blind $3
*** HOLE CARDS ***
RaisemyNut$: raises $3 to $6
hooverr: folds
Uncalled bet ($3) returned to RaisemyNut$
RaisemyNut$ collected $6 from pot
RaisemyNut$: doesn't show hand
*** SUMMARY ***
Total pot $6 | Rake $0
Seat 2: RaisemyNut$ (button) (small blind) collected ($6)
Seat 3: hooverr (big blind) folded before Flop


PokerStars Hand #169408880058:  Hold'em Limit ($3/$6 USD) - 2017/04/22 14:25:34 ET
Table 'Gerda' 6-max Seat #2 is the button
Seat 2: RaisemyNut$ ($80.90 in chips)
Seat 3: hooverr ($139.41 in chips)
RaisemyNut$: posts small blind $1
hooverr: posts big blind $3
*** HOLE CARDS ***
RaisemyNut$: raises $3 to $6
hooverr: calls $3
*** FLOP *** [7h 4c 2c]
hooverr: checks
RaisemyNut$: bets $3
hooverr: calls $3
*** TURN *** [7h 4c 2c] [5s]
hooverr: checks
RaisemyNut$: bets $6
hooverr: calls $6
*** RIVER *** [7h 4c 2c 5s] [6s]
hooverr: bets $6
RaisemyNut$: folds
Uncalled bet ($6) returned to hooverr
hooverr collected $29.50 from pot
hooverr: doesn't show hand
*** SUMMARY ***
Total pot $30 | Rake $0.50
Board [7h 4c 2c 5s 6s]
Seat 2: RaisemyNut$ (button) (small blind) folded on the River
Seat 3: hooverr (big blind) collected ($29.50)


PokerStars Hand #169408871083:  Hold'em Limit ($3/$6 USD) - 2017/04/22 14:25:23 ET
Table 'Gerda' 6-max Seat #3 is the button
Seat 2: RaisemyNut$ ($79.90 in chips)
Seat 3: hooverr ($140.41 in chips)
hooverr: posts small blind $1
krossguard: is sitting out
RaisemyNut$: posts big blind $3
*** HOLE CARDS ***
krossguard leaves the table
hooverr: folds
Uncalled bet ($2) returned to RaisemyNut$
RaisemyNut$ collected $2 from pot
RaisemyNut$: doesn't show hand
*** SUMMARY ***
Total pot $2 | Rake $0
Seat 2: RaisemyNut$ (big blind) collected ($2)
Seat 3: hooverr (button) (small blind) folded before Flop


PokerStars Hand #169408903561:  Hold'em Limit ($3/$6 USD) - 2017/04/22 14:26:03 ET
Table 'Gerda' 6-max Seat #3 is the button
Seat 2: RaisemyNut$ ($65.90 in chips)
Seat 3: hooverr ($153.91 in chips)
hooverr: posts small blind $1
RaisemyNut$: posts big blind $3
*** HOLE CARDS ***
hooverr: raises $3 to $6
RaisemyNut$: calls $3
*** FLOP *** [8c 2s 7c]
RaisemyNut$: checks
hooverr: checks
*** TURN *** [8c 2s 7c] [7s]
RaisemyNut$: bets $6
hooverr: calls $6
*** RIVER *** [8c 2s 7c 7s] [3h]
RaisemyNut$: checks
hooverr: checks
*** SHOW DOWN ***
RaisemyNut$: shows [Ah 4c] (a pair of Sevens)
hooverr: mucks hand
RaisemyNut$ collected $23.52 from pot
*** SUMMARY ***
Total pot $24 | Rake $0.48
Board [8c 2s 7c 7s 3h]
Seat 2: RaisemyNut$ (big blind) showed [Ah 4c] and won ($23.52) with a pair of Sevens
Seat 3: hooverr (button) (small blind) mucked


PokerStars Hand #169408918419:  Hold'em Limit ($3/$6 USD) - 2017/04/22 14:26:21 ET
Table 'Gerda' 6-max Seat #2 is the button
Seat 2: RaisemyNut$ ($77.42 in chips)
Seat 3: hooverr ($141.91 in chips)
RaisemyNut$: posts small blind $1
hooverr: posts big blind $3
*** HOLE CARDS ***
RaisemyNut$: raises $3 to $6
hooverr: calls $3
*** FLOP *** [Qd 2d 4d]
hooverr: checks
RaisemyNut$: bets $3
hooverr: calls $3
*** TURN *** [Qd 2d 4d] [Jh]
hooverr: checks
RaisemyNut$: checks
*** RIVER *** [Qd 2d 4d Jh] [As]
hooverr: checks
RaisemyNut$: checks
*** SHOW DOWN ***
hooverr: shows [3s Ah] (a pair of Aces)
RaisemyNut$: mucks hand
hooverr collected $17.64 from pot
*** SUMMARY ***
Total pot $18 | Rake $0.36
Board [Qd 2d 4d Jh As]
Seat 2: RaisemyNut$ (button) (small blind) mucked
Seat 3: hooverr (big blind) showed [3s Ah] and won ($17.64) with a pair of Aces


PokerStars Hand #169408947751:  Hold'em Limit ($3/$6 USD) - 2017/04/22 14:26:57 ET
Table 'Gerda' 6-max Seat #2 is the button
Seat 2: RaisemyNut$ ($65.42 in chips)
Seat 3: hooverr ($153.55 in chips)
RaisemyNut$: posts small blind $1
hooverr: posts big blind $3
*** HOLE CARDS ***
RaisemyNut$: raises $3 to $6
hooverr: folds
Uncalled bet ($3) returned to RaisemyNut$
RaisemyNut$ collected $6 from pot
RaisemyNut$: doesn't show hand
*** SUMMARY ***
Total pot $6 | Rake $0
Seat 2: RaisemyNut$ (button) (small blind) collected ($6)
Seat 3: hooverr (big blind) folded before Flop


PokerStars Hand #169408939946:  Hold'em Limit ($3/$6 USD) - 2017/04/22 14:26:48 ET
Table 'Gerda' 6-max Seat #3 is the button
Seat 2: RaisemyNut$ ($68.42 in chips)
Seat 3: hooverr ($150.55 in chips)
hooverr: posts small blind $1
RaisemyNut$: posts big blind $3
*** HOLE CARDS ***
hooverr: raises $3 to $6
RaisemyNut$: folds
Uncalled bet ($3) returned to hooverr
hooverr collected $6 from pot
hooverr: doesn't show hand
*** SUMMARY ***
Total pot $6 | Rake $0
Seat 2: RaisemyNut$ (big blind) folded before Flop
Seat 3: hooverr (button) (small blind) collected ($6)


PokerStars Hand #169408953160:  Hold'em Limit ($3/$6 USD) - 2017/04/22 14:27:04 ET
Table 'Gerda' 6-max Seat #3 is the button
Seat 2: RaisemyNut$ ($68.42 in chips)
Seat 3: hooverr ($150.55 in chips)
hooverr: posts small blind $1
RaisemyNut$: posts big blind $3
*** HOLE CARDS ***
hooverr: raises $3 to $6
RaisemyNut$: raises $3 to $9
hooverr: calls $3
*** FLOP *** [7s 8h Js]
RaisemyNut$: bets $3
hooverr: folds
Uncalled bet ($3) returned to RaisemyNut$
RaisemyNut$ collected $17.64 from pot
*** SUMMARY ***
Total pot $18 | Rake $0.36
Board [7s 8h Js]
Seat 2: RaisemyNut$ (big blind) collected ($17.64)
Seat 3: hooverr (button) (small blind) folded on the Flop


PokerStars Hand #169408968626:  Hold'em Limit ($3/$6 USD) - 2017/04/22 14:27:23 ET
Table 'Gerda' 6-max Seat #2 is the button
Seat 2: RaisemyNut$ ($77.06 in chips)
Seat 3: hooverr ($141.55 in chips)
RaisemyNut$: posts small blind $1
hooverr: posts big blind $3
*** HOLE CARDS ***
RaisemyNut$: raises $3 to $6
hooverr: calls $3
*** FLOP *** [9h Qd 9d]
hooverr: checks
RaisemyNut$: bets $3
hooverr: folds
Uncalled bet ($3) returned to RaisemyNut$
RaisemyNut$ collected $11.76 from pot
RaisemyNut$: doesn't show hand
*** SUMMARY ***
Total pot $12 | Rake $0.24
Board [9h Qd 9d]
Seat 2: RaisemyNut$ (button) (small blind) collected ($11.76)
Seat 3: hooverr (big blind) folded on the Flop


PokerStars Hand #169408981641:  Hold'em Limit ($3/$6 USD) - 2017/04/22 14:27:39 ET
Table 'Gerda' 6-max Seat #3 is the button
Seat 2: RaisemyNut$ ($82.82 in chips)
Seat 3: hooverr ($135.55 in chips)
hooverr: posts small blind $1
RaisemyNut$: posts big blind $3
*** HOLE CARDS ***
hooverr: raises $3 to $6
RaisemyNut$: calls $3
*** FLOP *** [4h 7h Th]
RaisemyNut$: checks
hooverr: bets $3
RaisemyNut$: raises $3 to $6
hooverr: calls $3
*** TURN *** [4h 7h Th] [Ad]
RaisemyNut$: checks
hooverr: bets $6
RaisemyNut$: calls $6
*** RIVER *** [4h 7h Th Ad] [3d]
RaisemyNut$: checks
hooverr: checks
*** SHOW DOWN ***
RaisemyNut$: shows [7s 9c] (a pair of Sevens)
hooverr: mucks hand
RaisemyNut$ collected $35.50 from pot
*** SUMMARY ***
Total pot $36 | Rake $0.50
Board [4h 7h Th Ad 3d]
Seat 2: RaisemyNut$ (big blind) showed [7s 9c] and won ($35.50) with a pair of Sevens
Seat 3: hooverr (button) (small blind) mucked


PokerStars Hand #169409001140:  Hold'em Limit ($3/$6 USD) - 2017/04/22 14:28:04 ET
Table 'Gerda' 6-max Seat #2 is the button
Seat 2: RaisemyNut$ ($100.32 in chips)
Seat 3: hooverr ($117.55 in chips)
RaisemyNut$: posts small blind $1
hooverr: posts big blind $3
*** HOLE CARDS ***
RaisemyNut$: raises $3 to $6
hooverr: folds
Uncalled bet ($3) returned to RaisemyNut$
RaisemyNut$ collected $6 from pot
RaisemyNut$: doesn't show hand
*** SUMMARY ***
Total pot $6 | Rake $0
Seat 2: RaisemyNut$ (button) (small blind) collected ($6)
Seat 3: hooverr (big blind) folded before Flop


PokerStars Hand #169409053223:  Hold'em Limit ($3/$6 USD) - 2017/04/22 14:29:08 ET
Table 'Gerda' 6-max Seat #3 is the button
Seat 2: RaisemyNut$ ($70.32 in chips)
Seat 3: hooverr ($146.69 in chips)
hooverr: posts small blind $1
RaisemyNut$: posts big blind $3
*** HOLE CARDS ***
hooverr: folds
Uncalled bet ($2) returned to RaisemyNut$
RaisemyNut$ collected $2 from pot
RaisemyNut$: doesn't show hand
*** SUMMARY ***
Total pot $2 | Rake $0
Seat 2: RaisemyNut$ (big blind) collected ($2)
Seat 3: hooverr (button) (small blind) folded before Flop


PokerStars Hand #169409049248:  Hold'em Limit ($3/$6 USD) - 2017/04/22 14:29:03 ET
Table 'Gerda' 6-max Seat #2 is the button
Seat 2: RaisemyNut$ ($71.32 in chips)
Seat 3: hooverr ($145.69 in chips)
RaisemyNut$: posts small blind $1
hooverr: posts big blind $3
*** HOLE CARDS ***
RaisemyNut$: folds
Uncalled bet ($2) returned to hooverr
hooverr collected $2 from pot
hooverr: doesn't show hand
*** SUMMARY ***
Total pot $2 | Rake $0
Seat 2: RaisemyNut$ (button) (small blind) folded before Flop
Seat 3: hooverr (big blind) collected ($2)


PokerStars Hand #169409044596:  Hold'em Limit ($3/$6 USD) - 2017/04/22 14:28:58 ET
Table 'Gerda' 6-max Seat #3 is the button
Seat 2: RaisemyNut$ ($70.32 in chips)
Seat 3: hooverr ($146.69 in chips)
hooverr: posts small blind $1
RaisemyNut$: posts big blind $3
*** HOLE CARDS ***
hooverr: folds
Uncalled bet ($2) returned to RaisemyNut$
RaisemyNut$ collected $2 from pot
RaisemyNut$: doesn't show hand
*** SUMMARY ***
Total pot $2 | Rake $0
Seat 2: RaisemyNut$ (big blind) collected ($2)
Seat 3: hooverr (button) (small blind) folded before Flop


PokerStars Hand #169409026909:  Hold'em Limit ($3/$6 USD) - 2017/04/22 14:28:36 ET
Table 'Gerda' 6-max Seat #2 is the button
Seat 2: RaisemyNut$ ($79.32 in chips)
Seat 3: hooverr ($138.05 in chips)
RaisemyNut$: posts small blind $1
hooverr: posts big blind $3
*** HOLE CARDS ***
RaisemyNut$: raises $3 to $6
hooverr: raises $3 to $9
RaisemyNut$: calls $3
*** FLOP *** [3d 2c Js]
hooverr: bets $3
RaisemyNut$: folds
Uncalled bet ($3) returned to hooverr
hooverr collected $17.64 from pot
hooverr: doesn't show hand
*** SUMMARY ***
Total pot $18 | Rake $0.36
Board [3d 2c Js]
Seat 2: RaisemyNut$ (button) (small blind) folded on the Flop
Seat 3: hooverr (big blind) collected ($17.64)


PokerStars Hand #169409007002:  Hold'em Limit ($3/$6 USD) - 2017/04/22 14:28:11 ET
Table 'Gerda' 6-max Seat #3 is the button
Seat 2: RaisemyNut$ ($103.32 in chips)
Seat 3: hooverr ($114.55 in chips)
hooverr: posts small blind $1
RaisemyNut$: posts big blind $3
*** HOLE CARDS ***
hooverr: raises $3 to $6
RaisemyNut$: calls $3
*** FLOP *** [Qc 4c 9c]
RaisemyNut$: checks
hooverr: bets $3
RaisemyNut$: raises $3 to $6
hooverr: calls $3
*** TURN *** [Qc 4c 9c] [8h]
RaisemyNut$: bets $6
hooverr: calls $6
*** RIVER *** [Qc 4c 9c 8h] [3c]
RaisemyNut$: checks
hooverr: bets $6
RaisemyNut$: calls $6
*** SHOW DOWN ***
hooverr: shows [Jc As] (a flush, Queen high)
RaisemyNut$: mucks hand
hooverr collected $47.50 from pot
*** SUMMARY ***
Total pot $48 | Rake $0.50
Board [Qc 4c 9c 8h 3c]
Seat 2: RaisemyNut$ (big blind) mucked
Seat 3: hooverr (button) (small blind) showed [Jc As] and won ($47.50) with a flush, Queen high


PokerStars Hand #169409057430:  Hold'em Limit ($3/$6 USD) - 2017/04/22 14:29:14 ET
Table 'Gerda' 6-max Seat #2 is the button
Seat 2: RaisemyNut$ ($71.32 in chips)
Seat 3: hooverr ($145.69 in chips)
RaisemyNut$: posts small blind $1
hooverr: posts big blind $3
*** HOLE CARDS ***
RaisemyNut$: raises $3 to $6
hooverr: calls $3
*** FLOP *** [Kh 3h 5d]
hooverr: checks
RaisemyNut$: bets $3
hooverr: folds
Uncalled bet ($3) returned to RaisemyNut$
RaisemyNut$ collected $11.76 from pot
RaisemyNut$: doesn't show hand
*** SUMMARY ***
Total pot $12 | Rake $0.24
Board [Kh 3h 5d]
Seat 2: RaisemyNut$ (button) (small blind) collected ($11.76)
Seat 3: hooverr (big blind) folded on the Flop


PokerStars Hand #169409080345:  Hold'em Limit ($3/$6 USD) - 2017/04/22 14:29:42 ET
Table 'Gerda' 6-max Seat #3 is the button
Seat 2: RaisemyNut$ ($77.08 in chips)
Seat 3: hooverr ($139.69 in chips)
hooverr: posts small blind $1
RaisemyNut$: posts big blind $3
*** HOLE CARDS ***
hooverr: raises $3 to $6
RaisemyNut$: calls $3
*** FLOP *** [Ah 2d Tc]
RaisemyNut$: checks
hooverr: bets $3
RaisemyNut$: calls $3
*** TURN *** [Ah 2d Tc] [4s]
RaisemyNut$: checks
hooverr: bets $6
RaisemyNut$: calls $6
*** RIVER *** [Ah 2d Tc 4s] [6c]
RaisemyNut$: checks
hooverr: bets $6
RaisemyNut$: folds
Uncalled bet ($6) returned to hooverr
hooverr collected $29.50 from pot
hooverr: doesn't show hand
*** SUMMARY ***
Total pot $30 | Rake $0.50
Board [Ah 2d Tc 4s 6c]
Seat 2: RaisemyNut$ (big blind) folded on the River
Seat 3: hooverr (button) (small blind) collected ($29.50)


PokerStars Hand #169409105070:  Hold'em Limit ($3/$6 USD) - 2017/04/22 14:30:13 ET
Table 'Gerda' 6-max Seat #2 is the button
Seat 2: RaisemyNut$ ($62.08 in chips)
Seat 3: hooverr ($154.19 in chips)
RaisemyNut$: posts small blind $1
hooverr: posts big blind $3
*** HOLE CARDS ***
RaisemyNut$: folds
Uncalled bet ($2) returned to hooverr
hooverr collected $2 from pot
hooverr: doesn't show hand
*** SUMMARY ***
Total pot $2 | Rake $0
Seat 2: RaisemyNut$ (button) (small blind) folded before Flop
Seat 3: hooverr (big blind) collected ($2)


PokerStars Hand #169409108550:  Hold'em Limit ($3/$6 USD) - 2017/04/22 14:30:17 ET
Table 'Gerda' 6-max Seat #3 is the button
Seat 2: RaisemyNut$ ($61.08 in chips)
Seat 3: hooverr ($155.19 in chips)
hooverr: posts small blind $1
RaisemyNut$: posts big blind $3
*** HOLE CARDS ***
hooverr: raises $3 to $6
RaisemyNut$: calls $3
*** FLOP *** [6s Ah Ac]
RaisemyNut$: checks
hooverr: checks
*** TURN *** [6s Ah Ac] [7c]
RaisemyNut$: bets $6
hooverr: calls $6
*** RIVER *** [6s Ah Ac 7c] [Td]
RaisemyNut$: checks
hooverr: bets $6
RaisemyNut$: folds
Uncalled bet ($6) returned to hooverr
hooverr collected $23.52 from pot
hooverr: doesn't show hand
*** SUMMARY ***
Total pot $24 | Rake $0.48
Board [6s Ah Ac 7c Td]
Seat 2: RaisemyNut$ (big blind) folded on the River
Seat 3: hooverr (button) (small blind) collected ($23.52)


PokerStars Hand #169409126426:  Hold'em Limit ($3/$6 USD) - 2017/04/22 14:30:39 ET
Table 'Gerda' 6-max Seat #2 is the button
Seat 2: RaisemyNut$ ($60 in chips)
Seat 3: hooverr ($166.71 in chips)
RaisemyNut$: posts small blind $1
hooverr: posts big blind $3
*** HOLE CARDS ***
RaisemyNut$: raises $3 to $6
hooverr: raises $3 to $9
RaisemyNut$: calls $3
*** FLOP *** [Ac 4s Td]
hooverr: bets $3
RaisemyNut$: folds
Uncalled bet ($3) returned to hooverr
Silentium111 joins the table at seat #4
hooverr collected $17.64 from pot
hooverr: doesn't show hand
*** SUMMARY ***
Total pot $18 | Rake $0.36
Board [Ac 4s Td]
Seat 2: RaisemyNut$ (button) (small blind) folded on the Flop
Seat 3: hooverr (big blind) collected ($17.64)


PokerStars Hand #169409717343:  Hold'em Limit ($3/$6 USD) - 2017/04/22 14:42:44 ET
Table 'Gerda' 6-max Seat #1 is the button
Seat 1: igmade ($114.72 in chips)
Seat 2: RaisemyNut$ ($67.10 in chips)
igmade: posts small blind $1
RaisemyNut$: posts big blind $3
*** HOLE CARDS ***
igmade: raises $3 to $6
RaisemyNut$: calls $3
*** FLOP *** [7c 5h 5d]
RaisemyNut$: checks
igmade: bets $3
RaisemyNut$: calls $3
*** TURN *** [7c 5h 5d] [2s]
RaisemyNut$: checks
igmade: bets $6
HIGHIQ74 joins the table at seat #4
RaisemyNut$: raises $6 to $12
igmade: calls $6
*** RIVER *** [7c 5h 5d 2s] [2h]
RaisemyNut$: bets $6
igmade: calls $6
*** SHOW DOWN ***
RaisemyNut$: shows [6d 4c] (two pair, Fives and Deuces)
igmade: shows [Ah Kd] (two pair, Fives and Deuces - Ace kicker)
yamaxerm joins the table at seat #5
igmade collected $53.50 from pot
HAOYUN88888 joins the table at seat #6
*** SUMMARY ***
Total pot $54 | Rake $0.50
Board [7c 5h 5d 2s 2h]
Seat 1: igmade (button) (small blind) showed [Ah Kd] and won ($53.50) with two pair, Fives and Deuces
Seat 2: RaisemyNut$ (big blind) showed [6d 4c] and lost with two pair, Fives and Deuces


PokerStars Hand #169409711082:  Hold'em Limit ($3/$6 USD) - 2017/04/22 14:42:36 ET
Table 'Gerda' 6-max Seat #2 is the button
Seat 1: igmade ($113.72 in chips)
Seat 2: RaisemyNut$ ($68.10 in chips)
RaisemyNut$: posts small blind $1
igmade: posts big blind $3
*** HOLE CARDS ***
RaisemyNut$: folds
Uncalled bet ($2) returned to igmade
igmade collected $2 from pot
igmade: doesn't show hand
*** SUMMARY ***
Total pot $2 | Rake $0
Seat 1: igmade (big blind) collected ($2)
Seat 2: RaisemyNut$ (button) (small blind) folded before Flop


PokerStars Hand #169409707447:  Hold'em Limit ($3/$6 USD) - 2017/04/22 14:42:32 ET
Table 'Gerda' 6-max Seat #1 is the button
Seat 1: igmade ($114.72 in chips)
Seat 2: RaisemyNut$ ($67.10 in chips)
igmade: posts small blind $1
RaisemyNut$: posts big blind $3
*** HOLE CARDS ***
igmade: folds
Uncalled bet ($2) returned to RaisemyNut$
RaisemyNut$ collected $2 from pot
RaisemyNut$: doesn't show hand
*** SUMMARY ***
Total pot $2 | Rake $0
Seat 1: igmade (button) (small blind) folded before Flop
Seat 2: RaisemyNut$ (big blind) collected ($2)


PokerStars Hand #169409701046:  Hold'em Limit ($3/$6 USD) - 2017/04/22 14:42:24 ET
Table 'Gerda' 6-max Seat #2 is the button
Seat 1: igmade ($113.72 in chips)
Seat 2: RaisemyNut$ ($68.10 in chips)
RaisemyNut$: posts small blind $1
zxkz: is sitting out
igmade: posts big blind $3
*** HOLE CARDS ***
RaisemyNut$: folds
Uncalled bet ($2) returned to igmade
zxkz leaves the table
igmade collected $2 from pot
igmade: doesn't show hand
*** SUMMARY ***
Total pot $2 | Rake $0
Seat 1: igmade (big blind) collected ($2)
Seat 2: RaisemyNut$ (button) (small blind) folded before Flop


PokerStars Hand #169418646838:  Hold'em Limit ($3/$6 USD) - 2017/04/22 17:44:24 ET
Table 'Gerda' 6-max Seat #6 is the button
Seat 2: RaisemyNut$ ($116.23 in chips)
Seat 6: NAV_SERGG ($185.34 in chips)
NAV_SERGG: posts small blind $1
RaisemyNut$: posts big blind $3
*** HOLE CARDS ***
HIGHIQ74 joins the table at seat #4
NAV_SERGG: folds
Uncalled bet ($2) returned to RaisemyNut$
RaisemyNut$ collected $2 from pot
RaisemyNut$: doesn't show hand
*** SUMMARY ***
Total pot $2 | Rake $0
Seat 2: RaisemyNut$ (big blind) collected ($2)
Seat 6: NAV_SERGG (button) (small blind) folded before Flop


PokerStars Hand #169418641070:  Hold'em Limit ($3/$6 USD) - 2017/04/22 17:44:16 ET
Table 'Gerda' 6-max Seat #2 is the button
Seat 2: RaisemyNut$ ($113.23 in chips)
Seat 6: NAV_SERGG ($188.34 in chips)
RaisemyNut$: posts small blind $1
NAV_SERGG: posts big blind $3
*** HOLE CARDS ***
RaisemyNut$: raises $3 to $6
NAV_SERGG: folds
Uncalled bet ($3) returned to RaisemyNut$
RaisemyNut$ collected $6 from pot
RaisemyNut$: doesn't show hand
*** SUMMARY ***
Total pot $6 | Rake $0
Seat 2: RaisemyNut$ (button) (small blind) collected ($6)
Seat 6: NAV_SERGG (big blind) folded before Flop


PokerStars Hand #169422537177:  Hold'em Limit ($3/$6 USD) - 2017/04/22 19:17:41 ET
Table 'Gerda' 6-max Seat #5 is the button
Seat 4: HIGHIQ74 ($210.30 in chips)
Seat 5: makimaki ($65.33 in chips)
makimaki: posts small blind $1
Velbor107: is sitting out
HIGHIQ74: posts big blind $3
*** HOLE CARDS ***
Velbor107 leaves the table
makimaki: raises $3 to $6
HIGHIQ74: calls $3
*** FLOP *** [7c 3s 3d]
HIGHIQ74: checks
makimaki: bets $3
HIGHIQ74: folds
Uncalled bet ($3) returned to makimaki
makimaki collected $11.76 from pot
makimaki: doesn't show hand
*** SUMMARY ***
Total pot $12 | Rake $0.24
Board [7c 3s 3d]
Seat 4: HIGHIQ74 (big blind) folded on the Flop
Seat 5: makimaki (button) (small blind) collected ($11.76)


PokerStars Hand #169422575448:  Hold'em Limit ($3/$6 USD) - 2017/04/22 19:18:43 ET
Table 'Gerda' 6-max Seat #5 is the button
Seat 4: HIGHIQ74 ($206.06 in chips)
Seat 5: makimaki ($69.09 in chips)
makimaki: posts small blind $1
Larooo was removed from the table for failing to post
HIGHIQ74: posts big blind $3
*** HOLE CARDS ***
makimaki: raises $3 to $6
HIGHIQ74: folds
Uncalled bet ($3) returned to makimaki
makimaki collected $6 from pot
makimaki: doesn't show hand
*** SUMMARY ***
Total pot $6 | Rake $0
Seat 4: HIGHIQ74 (big blind) folded before Flop
Seat 5: makimaki (button) (small blind) collected ($6)


PokerStars Hand #169422572195:  Hold'em Limit ($3/$6 USD) - 2017/04/22 19:18:38 ET
Table 'Gerda' 6-max Seat #4 is the button
Seat 4: HIGHIQ74 ($207.06 in chips)
Seat 5: makimaki ($68.09 in chips)
HIGHIQ74: posts small blind $1
makimaki: posts big blind $3
*** HOLE CARDS ***
HIGHIQ74: folds
Uncalled bet ($2) returned to makimaki
makimaki collected $2 from pot
makimaki: doesn't show hand
*** SUMMARY ***
Total pot $2 | Rake $0
Seat 4: HIGHIQ74 (button) (small blind) folded before Flop
Seat 5: makimaki (big blind) collected ($2)


PokerStars Hand #169422566173:  Hold'em Limit ($3/$6 USD) - 2017/04/22 19:18:28 ET
Table 'Gerda' 6-max Seat #5 is the button
Seat 4: HIGHIQ74 ($210.06 in chips)
Seat 5: makimaki ($65.09 in chips)
makimaki: posts small blind $1
HIGHIQ74: posts big blind $3
*** HOLE CARDS ***
makimaki: raises $3 to $6
HIGHIQ74: folds
Uncalled bet ($3) returned to makimaki
makimaki collected $6 from pot
makimaki: doesn't show hand
*** SUMMARY ***
Total pot $6 | Rake $0
Seat 4: HIGHIQ74 (big blind) folded before Flop
Seat 5: makimaki (button) (small blind) collected ($6)


PokerStars Hand #169422550214:  Hold'em Limit ($3/$6 USD) - 2017/04/22 19:18:02 ET
Table 'Gerda' 6-max Seat #4 is the button
Seat 4: HIGHIQ74 ($204.30 in chips)
Seat 5: makimaki ($71.09 in chips)
HIGHIQ74: posts small blind $1
makimaki: posts big blind $3
*** HOLE CARDS ***
HIGHIQ74: raises $3 to $6
makimaki: calls $3
*** FLOP *** [8c 8d 3s]
makimaki: checks
HIGHIQ74: bets $3
makimaki: folds
Uncalled bet ($3) returned to HIGHIQ74
HIGHIQ74 collected $11.76 from pot
*** SUMMARY ***
Total pot $12 | Rake $0.24
Board [8c 8d 3s]
Seat 4: HIGHIQ74 (button) (small blind) collected ($11.76)
Seat 5: makimaki (big blind) folded on the Flop


PokerStars Hand #169422580685:  Hold'em Limit ($3/$6 USD) - 2017/04/22 19:18:52 ET
Table 'Gerda' 6-max Seat #4 is the button
Seat 4: HIGHIQ74 ($203.06 in chips)
Seat 5: makimaki ($72.09 in chips)
HIGHIQ74: posts small blind $1
makimaki: posts big blind $3
*** HOLE CARDS ***
HIGHIQ74: raises $3 to $6
makimaki: calls $3
*** FLOP *** [Jc 2s Ad]
makimaki: checks
HIGHIQ74: bets $3
makimaki: calls $3
*** TURN *** [Jc 2s Ad] [Js]
makimaki: checks
HIGHIQ74: bets $6
makimaki: folds
Uncalled bet ($6) returned to HIGHIQ74
HIGHIQ74 collected $17.64 from pot
*** SUMMARY ***
Total pot $18 | Rake $0.36
Board [Jc 2s Ad Js]
Seat 4: HIGHIQ74 (button) (small blind) collected ($17.64)
Seat 5: makimaki (big blind) folded on the Turn


PokerStars Hand #169422614337:  Hold'em Limit ($3/$6 USD) - 2017/04/22 19:19:46 ET
Table 'Gerda' 6-max Seat #4 is the button
Seat 4: HIGHIQ74 ($226.20 in chips)
Seat 5: makimaki ($48.09 in chips)
HIGHIQ74: posts small blind $1
makimaki: posts big blind $3
*** HOLE CARDS ***
HIGHIQ74: raises $3 to $6
makimaki: calls $3
*** FLOP *** [Qd 9d 4h]
makimaki: checks
HIGHIQ74: checks
*** TURN *** [Qd 9d 4h] [7d]
makimaki: checks
HIGHIQ74: checks
*** RIVER *** [Qd 9d 4h 7d] [9c]
makimaki: checks
HIGHIQ74: checks
*** SHOW DOWN ***
makimaki: shows [Jd 5s] (a pair of Nines)
HIGHIQ74: shows [Kd 5c] (a pair of Nines - King kicker)
HIGHIQ74 collected $11.76 from pot
*** SUMMARY ***
Total pot $12 | Rake $0.24
Board [Qd 9d 4h 7d 9c]
Seat 4: HIGHIQ74 (button) (small blind) showed [Kd 5c] and won ($11.76) with a pair of Nines
Seat 5: makimaki (big blind) showed [Jd 5s] and lost with a pair of Nines


PokerStars Hand #169422597549:  Hold'em Limit ($3/$6 USD) - 2017/04/22 19:19:19 ET
Table 'Gerda' 6-max Seat #5 is the button
Seat 4: HIGHIQ74 ($211.70 in chips)
Seat 5: makimaki ($63.09 in chips)
makimaki: posts small blind $1
NAV_SERGG was removed from the table for failing to post
HIGHIQ74: posts big blind $3
*** HOLE CARDS ***
makimaki: raises $3 to $6
HIGHIQ74: calls $3
*** FLOP *** [4h 8c 8d]
HIGHIQ74: checks
makimaki: bets $3
HIGHIQ74: calls $3
*** TURN *** [4h 8c 8d] [Qs]
HIGHIQ74: checks
makimaki: checks
*** RIVER *** [4h 8c 8d Qs] [9h]
HIGHIQ74: bets $6
makimaki: calls $6
*** SHOW DOWN ***
HIGHIQ74: shows [Td 8s] (three of a kind, Eights)
makimaki: mucks hand
HIGHIQ74 collected $29.50 from pot
*** SUMMARY ***
Total pot $30 | Rake $0.50
Board [4h 8c 8d Qs 9h]
Seat 4: HIGHIQ74 (big blind) showed [Td 8s] and won ($29.50) with three of a kind, Eights
Seat 5: makimaki (button) (small blind) mucked


PokerStars Hand #169422649506:  Hold'em Limit ($3/$6 USD) - 2017/04/22 19:20:42 ET
Table 'Gerda' 6-max Seat #5 is the button
Seat 4: HIGHIQ74 ($239.60 in chips)
Seat 5: makimaki ($34.09 in chips)
makimaki: posts small blind $1
HIGHIQ74: posts big blind $3
*** HOLE CARDS ***
makimaki: folds
Uncalled bet ($2) returned to HIGHIQ74
HIGHIQ74 collected $2 from pot
*** SUMMARY ***
Total pot $2 | Rake $0
Seat 4: HIGHIQ74 (big blind) collected ($2)
Seat 5: makimaki (button) (small blind) folded before Flop


PokerStars Hand #169422646759:  Hold'em Limit ($3/$6 USD) - 2017/04/22 19:20:38 ET
Table 'Gerda' 6-max Seat #4 is the button
Seat 4: HIGHIQ74 ($240.60 in chips)
Seat 5: makimaki ($33.09 in chips)
HIGHIQ74: posts small blind $1
makimaki: posts big blind $3
*** HOLE CARDS ***
HIGHIQ74: folds
Uncalled bet ($2) returned to makimaki
makimaki collected $2 from pot
makimaki: doesn't show hand
*** SUMMARY ***
Total pot $2 | Rake $0
Seat 4: HIGHIQ74 (button) (small blind) folded before Flop
Seat 5: makimaki (big blind) collected ($2)


PokerStars Hand #169422627286:  Hold'em Limit ($3/$6 USD) - 2017/04/22 19:20:06 ET
Table 'Gerda' 6-max Seat #5 is the button
Seat 4: HIGHIQ74 ($231.96 in chips)
Seat 5: makimaki ($42.09 in chips)
makimaki: posts small blind $1
HIGHIQ74: posts big blind $3
*** HOLE CARDS ***
makimaki: raises $3 to $6
HIGHIQ74: calls $3
*** FLOP *** [Jd 6d 8c]
HIGHIQ74: checks
makimaki: bets $3
HIGHIQ74: calls $3
*** TURN *** [Jd 6d 8c] [9h]
HIGHIQ74: checks
makimaki: checks
*** RIVER *** [Jd 6d 8c 9h] [7c]
HIGHIQ74: bets $6
makimaki: folds
Uncalled bet ($6) returned to HIGHIQ74
HIGHIQ74 collected $17.64 from pot
*** SUMMARY ***
Total pot $18 | Rake $0.36
Board [Jd 6d 8c 9h 7c]
Seat 4: HIGHIQ74 (big blind) collected ($17.64)
Seat 5: makimaki (button) (small blind) folded on the River


PokerStars Hand #169422642479:  Hold'em Limit ($3/$6 USD) - 2017/04/22 19:20:31 ET
Table 'Gerda' 6-max Seat #5 is the button
Seat 4: HIGHIQ74 ($239.60 in chips)
Seat 5: makimaki ($34.09 in chips)
makimaki: posts small blind $1
HIGHIQ74: posts big blind $3
*** HOLE CARDS ***
makimaki: folds
Uncalled bet ($2) returned to HIGHIQ74
HIGHIQ74 collected $2 from pot
*** SUMMARY ***
Total pot $2 | Rake $0
Seat 4: HIGHIQ74 (big blind) collected ($2)
Seat 5: makimaki (button) (small blind) folded before Flop


PokerStars Hand #169422639670:  Hold'em Limit ($3/$6 USD) - 2017/04/22 19:20:26 ET
Table 'Gerda' 6-max Seat #4 is the button
Seat 4: HIGHIQ74 ($240.60 in chips)
Seat 5: makimaki ($33.09 in chips)
HIGHIQ74: posts small blind $1
makimaki: posts big blind $3
*** HOLE CARDS ***
HIGHIQ74: folds
Uncalled bet ($2) returned to makimaki
makimaki collected $2 from pot
makimaki: doesn't show hand
*** SUMMARY ***
Total pot $2 | Rake $0
Seat 4: HIGHIQ74 (button) (small blind) folded before Flop
Seat 5: makimaki (big blind) collected ($2)


PokerStars Hand #169422693275:  Hold'em Limit ($3/$6 USD) - 2017/04/22 19:21:53 ET
Table 'Gerda' 6-max Seat #5 is the button
Seat 4: HIGHIQ74 ($227.03 in chips)
Seat 5: makimaki ($45.68 in chips)
makimaki: posts small blind $1
HIGHIQ74: posts big blind $3
*** HOLE CARDS ***
makimaki: raises $3 to $6
HIGHIQ74: folds
Uncalled bet ($3) returned to makimaki
makimaki collected $6 from pot
makimaki: doesn't show hand
*** SUMMARY ***
Total pot $6 | Rake $0
Seat 4: HIGHIQ74 (big blind) folded before Flop
Seat 5: makimaki (button) (small blind) collected ($6)


PokerStars Hand #169422683779:  Hold'em Limit ($3/$6 USD) - 2017/04/22 19:21:38 ET
Table 'Gerda' 6-max Seat #4 is the button
Seat 4: HIGHIQ74 ($250.12 in chips)
Seat 5: makimaki ($23.09 in chips)
HIGHIQ74: posts small blind $1
makimaki: posts big blind $3
*** HOLE CARDS ***
HIGHIQ74: raises $3 to $6
makimaki: raises $3 to $9
HIGHIQ74: calls $3
*** FLOP *** [Ac 8s 7d]
makimaki: bets $3
HIGHIQ74: calls $3
*** TURN *** [Ac 8s 7d] [2h]
makimaki: bets $6
HIGHIQ74: raises $6 to $12
makimaki: calls $5.09 and is all-in
Uncalled bet ($0.91) returned to HIGHIQ74
*** RIVER *** [Ac 8s 7d 2h] [4c]
*** SHOW DOWN ***
makimaki: shows [8d 8h] (three of a kind, Eights)
HIGHIQ74: shows [As Qc] (a pair of Aces)
makimaki collected $45.68 from pot
*** SUMMARY ***
Total pot $46.18 | Rake $0.50
Board [Ac 8s 7d 2h 4c]
Seat 4: HIGHIQ74 (button) (small blind) showed [As Qc] and lost with a pair of Aces
Seat 5: makimaki (big blind) showed [8d 8h] and won ($45.68) with three of a kind, Eights


PokerStars Hand #169422680899:  Hold'em Limit ($3/$6 USD) - 2017/04/22 19:21:33 ET
Table 'Gerda' 6-max Seat #5 is the button
Seat 4: HIGHIQ74 ($249.12 in chips)
Seat 5: makimaki ($24.09 in chips)
makimaki: posts small blind $1
HIGHIQ74: posts big blind $3
*** HOLE CARDS ***
makimaki: folds
Uncalled bet ($2) returned to HIGHIQ74
HIGHIQ74 collected $2 from pot
*** SUMMARY ***
Total pot $2 | Rake $0
Seat 4: HIGHIQ74 (big blind) collected ($2)
Seat 5: makimaki (button) (small blind) folded before Flop


PokerStars Hand #169422670795:  Hold'em Limit ($3/$6 USD) - 2017/04/22 19:21:17 ET
Table 'Gerda' 6-max Seat #4 is the button
Seat 4: HIGHIQ74 ($240.48 in chips)
Seat 5: makimaki ($33.09 in chips)
HIGHIQ74: posts small blind $1
makimaki: posts big blind $3
*** HOLE CARDS ***
HIGHIQ74: calls $2
makimaki: checks
*** FLOP *** [5d 9c 7d]
makimaki: bets $3
HIGHIQ74: raises $3 to $6
makimaki: calls $3
*** TURN *** [5d 9c 7d] [2c]
makimaki: checks
HIGHIQ74: bets $6
makimaki: folds
Uncalled bet ($6) returned to HIGHIQ74
HIGHIQ74 collected $17.64 from pot
*** SUMMARY ***
Total pot $18 | Rake $0.36
Board [5d 9c 7d 2c]
Seat 4: HIGHIQ74 (button) (small blind) collected ($17.64)
Seat 5: makimaki (big blind) folded on the Turn


PokerStars Hand #169422667282:  Hold'em Limit ($3/$6 USD) - 2017/04/22 19:21:11 ET
Table 'Gerda' 6-max Seat #5 is the button
Seat 4: HIGHIQ74 ($243.48 in chips)
Seat 5: makimaki ($30.09 in chips)
makimaki: posts small blind $1
HIGHIQ74: posts big blind $3
*** HOLE CARDS ***
makimaki: raises $3 to $6
HIGHIQ74: folds
Uncalled bet ($3) returned to makimaki
makimaki collected $6 from pot
makimaki: doesn't show hand
*** SUMMARY ***
Total pot $6 | Rake $0
Seat 4: HIGHIQ74 (big blind) folded before Flop
Seat 5: makimaki (button) (small blind) collected ($6)


PokerStars Hand #169422655134:  Hold'em Limit ($3/$6 USD) - 2017/04/22 19:20:51 ET
Table 'Gerda' 6-max Seat #4 is the button
Seat 4: HIGHIQ74 ($240.60 in chips)
Seat 5: makimaki ($33.09 in chips)
HIGHIQ74: posts small blind $1
makimaki: posts big blind $3
*** HOLE CARDS ***
HIGHIQ74: calls $2
makimaki: checks
*** FLOP *** [5h 7h 9h]
makimaki: checks
HIGHIQ74: bets $3
makimaki: folds
Uncalled bet ($3) returned to HIGHIQ74
HIGHIQ74 collected $5.88 from pot
*** SUMMARY ***
Total pot $6 | Rake $0.12
Board [5h 7h 9h]
Seat 4: HIGHIQ74 (button) (small blind) collected ($5.88)
Seat 5: makimaki (big blind) folded on the Flop


PokerStars Hand #169422696741:  Hold'em Limit ($3/$6 USD) - 2017/04/22 19:21:59 ET
Table 'Gerda' 6-max Seat #4 is the button
Seat 4: HIGHIQ74 ($224.03 in chips)
Seat 5: makimaki ($48.68 in chips)
HIGHIQ74: posts small blind $1
makimaki: posts big blind $3
*** HOLE CARDS ***
HIGHIQ74: calls $2
makimaki: checks
*** FLOP *** [5c 6h 3c]
makimaki: checks
HIGHIQ74: bets $3
makimaki: calls $3
*** TURN *** [5c 6h 3c] [2c]
makimaki: checks
HIGHIQ74: checks
*** RIVER *** [5c 6h 3c 2c] [2h]
makimaki: checks
HIGHIQ74: bets $6
makimaki: calls $6
*** SHOW DOWN ***
HIGHIQ74: shows [6s 8c] (two pair, Sixes and Deuces)
makimaki: mucks hand
HIGHIQ74 collected $23.52 from pot
*** SUMMARY ***
Total pot $24 | Rake $0.48
Board [5c 6h 3c 2c 2h]
Seat 4: HIGHIQ74 (button) (small blind) showed [6s 8c] and won ($23.52) with two pair, Sixes and Deuces
Seat 5: makimaki (big blind) mucked


PokerStars Hand #169422714421:  Hold'em Limit ($3/$6 USD) - 2017/04/22 19:22:28 ET
Table 'Gerda' 6-max Seat #5 is the button
Seat 4: HIGHIQ74 ($235.55 in chips)
Seat 5: makimaki ($36.68 in chips)
makimaki: posts small blind $1
HIGHIQ74: posts big blind $3
*** HOLE CARDS ***
makimaki: raises $3 to $6
HIGHIQ74: calls $3
*** FLOP *** [2h 4h Th]
HIGHIQ74: checks
makimaki: bets $3
HIGHIQ74: calls $3
*** TURN *** [2h 4h Th] [4c]
HIGHIQ74: checks
makimaki: bets $6
HIGHIQ74: calls $6
*** RIVER *** [2h 4h Th 4c] [Qc]
HIGHIQ74: checks
makimaki: checks
*** SHOW DOWN ***
HIGHIQ74: shows [2d 5s] (two pair, Fours and Deuces)
makimaki: mucks hand
HIGHIQ74 collected $29.50 from pot
*** SUMMARY ***
Total pot $30 | Rake $0.50
Board [2h 4h Th 4c Qc]
Seat 4: HIGHIQ74 (big blind) showed [2d 5s] and won ($29.50) with two pair, Fours and Deuces
Seat 5: makimaki (button) (small blind) mucked


PokerStars Hand #169422732422:  Hold'em Limit ($3/$6 USD) - 2017/04/22 19:22:57 ET
Table 'Gerda' 6-max Seat #4 is the button
Seat 4: HIGHIQ74 ($250.05 in chips)
Seat 5: makimaki ($21.68 in chips)
HIGHIQ74: posts small blind $1
makimaki: posts big blind $3
*** HOLE CARDS ***
HIGHIQ74: calls $2
makimaki: checks
*** FLOP *** [Qh 5h 7s]
makimaki: checks
HIGHIQ74: bets $3
makimaki: folds
Uncalled bet ($3) returned to HIGHIQ74
HIGHIQ74 collected $5.88 from pot
*** SUMMARY ***
Total pot $6 | Rake $0.12
Board [Qh 5h 7s]
Seat 4: HIGHIQ74 (button) (small blind) collected ($5.88)
Seat 5: makimaki (big blind) folded on the Flop


PokerStars Hand #169422740912:  Hold'em Limit ($3/$6 USD) - 2017/04/22 19:23:11 ET
Table 'Gerda' 6-max Seat #5 is the button
Seat 4: HIGHIQ74 ($252.93 in chips)
Seat 5: makimaki ($18.68 in chips)
makimaki: posts small blind $1
HIGHIQ74: posts big blind $3
*** HOLE CARDS ***
makimaki: raises $3 to $6
HIGHIQ74: calls $3
*** FLOP *** [6c 3h Js]
HIGHIQ74: checks
makimaki: bets $3
HIGHIQ74: folds
Uncalled bet ($3) returned to makimaki
makimaki collected $11.76 from pot
makimaki: doesn't show hand
*** SUMMARY ***
Total pot $12 | Rake $0.24
Board [6c 3h Js]
Seat 4: HIGHIQ74 (big blind) folded on the Flop
Seat 5: makimaki (button) (small blind) collected ($11.76)


PokerStars Hand #169422754272:  Hold'em Limit ($3/$6 USD) - 2017/04/22 19:23:33 ET
Table 'Gerda' 6-max Seat #4 is the button
Seat 4: HIGHIQ74 ($246.93 in chips)
Seat 5: makimaki ($24.44 in chips)
HIGHIQ74: posts small blind $1
makimaki: posts big blind $3
*** HOLE CARDS ***
HIGHIQ74: calls $2
makimaki: checks
*** FLOP *** [2d Jh 3d]
makimaki: checks
HIGHIQ74: bets $3
makimaki: calls $3
*** TURN *** [2d Jh 3d] [6d]
makimaki: checks
HIGHIQ74: checks
*** RIVER *** [2d Jh 3d 6d] [4c]
makimaki: checks
HIGHIQ74: bets $6
makimaki: folds
Uncalled bet ($6) returned to HIGHIQ74
HIGHIQ74 collected $11.76 from pot
*** SUMMARY ***
Total pot $12 | Rake $0.24
Board [2d Jh 3d 6d 4c]
Seat 4: HIGHIQ74 (button) (small blind) collected ($11.76)
Seat 5: makimaki (big blind) folded on the River


PokerStars Hand #169422797084:  Hold'em Limit ($3/$6 USD) - 2017/04/22 19:24:44 ET
Table 'Gerda' 6-max Seat #4 is the button
Seat 4: HIGHIQ74 ($234.25 in chips)
Seat 5: makimaki ($36.38 in chips)
HIGHIQ74: posts small blind $1
makimaki: posts big blind $3
*** HOLE CARDS ***
HIGHIQ74: raises $3 to $6
makimaki: folds
Uncalled bet ($3) returned to HIGHIQ74
HIGHIQ74 collected $6 from pot
*** SUMMARY ***
Total pot $6 | Rake $0
Seat 4: HIGHIQ74 (button) (small blind) collected ($6)
Seat 5: makimaki (big blind) folded before Flop


PokerStars Hand #169422782169:  Hold'em Limit ($3/$6 USD) - 2017/04/22 19:24:19 ET
Table 'Gerda' 6-max Seat #5 is the button
Seat 4: HIGHIQ74 ($252.69 in chips)
Seat 5: makimaki ($18.44 in chips)
makimaki: posts small blind $1
HIGHIQ74: posts big blind $3
*** HOLE CARDS ***
makimaki: raises $3 to $6
HIGHIQ74: calls $3
*** FLOP *** [5s 6c 7s]
HIGHIQ74: checks
makimaki: bets $3
HIGHIQ74: calls $3
*** TURN *** [5s 6c 7s] [2s]
HIGHIQ74: checks
makimaki: bets $6
HIGHIQ74: raises $6 to $12
makimaki: calls $3.44 and is all-in
Uncalled bet ($2.56) returned to HIGHIQ74
*** RIVER *** [5s 6c 7s 2s] [Ad]
*** SHOW DOWN ***
HIGHIQ74: shows [9c Ts] (high card Ace)
makimaki: shows [4d 3d] (a straight, Three to Seven)
makimaki collected $36.38 from pot
*** SUMMARY ***
Total pot $36.88 | Rake $0.50
Board [5s 6c 7s 2s Ad]
Seat 4: HIGHIQ74 (big blind) showed [9c Ts] and lost with high card Ace
Seat 5: makimaki (button) (small blind) showed [4d 3d] and won ($36.38) with a straight, Three to Seven


PokerStars Hand #169422818045:  Hold'em Limit ($3/$6 USD) - 2017/04/22 19:25:18 ET
Table 'Gerda' 6-max Seat #4 is the button
Seat 4: HIGHIQ74 ($245.89 in chips)
Seat 5: makimaki ($24.38 in chips)
HIGHIQ74: posts small blind $1
makimaki: posts big blind $3
*** HOLE CARDS ***
HIGHIQ74: raises $3 to $6
makimaki: calls $3
*** FLOP *** [8c 9d 5s]
makimaki: checks
HIGHIQ74: checks
*** TURN *** [8c 9d 5s] [6d]
makimaki: bets $6
HIGHIQ74: calls $6
*** RIVER *** [8c 9d 5s 6d] [Jd]
makimaki: checks
HIGHIQ74: bets $6
makimaki: folds
Uncalled bet ($6) returned to HIGHIQ74
HIGHIQ74 collected $23.52 from pot
*** SUMMARY ***
Total pot $24 | Rake $0.48
Board [8c 9d 5s 6d Jd]
Seat 4: HIGHIQ74 (button) (small blind) collected ($23.52)
Seat 5: makimaki (big blind) folded on the River


PokerStars Hand #169422834048:  Hold'em Limit ($3/$6 USD) - 2017/04/22 19:25:44 ET
Table 'Gerda' 6-max Seat #5 is the button
Seat 4: HIGHIQ74 ($257.41 in chips)
Seat 5: makimaki ($12.38 in chips)
makimaki: posts small blind $1
HIGHIQ74: posts big blind $3
*** HOLE CARDS ***
makimaki: raises $3 to $6
HIGHIQ74: calls $3
*** FLOP *** [6c 9h 2c]
HIGHIQ74: bets $3
makimaki: raises $3 to $6
HIGHIQ74: raises $3 to $9
makimaki: calls $0.38 and is all-in
Uncalled bet ($2.62) returned to HIGHIQ74
*** TURN *** [6c 9h 2c] [Kc]
*** RIVER *** [6c 9h 2c Kc] [Th]
*** SHOW DOWN ***
HIGHIQ74: shows [4c 3s] (high card King)
makimaki: shows [Ac 6d] (a pair of Sixes)
makimaki collected $24.26 from pot
*** SUMMARY ***
Total pot $24.76 | Rake $0.50
Board [6c 9h 2c Kc Th]
Seat 4: HIGHIQ74 (big blind) showed [4c 3s] and lost with high card King
Seat 5: makimaki (button) (small blind) showed [Ac 6d] and won ($24.26) with a pair of Sixes


PokerStars Hand #169422800744:  Hold'em Limit ($3/$6 USD) - 2017/04/22 19:24:50 ET
Table 'Gerda' 6-max Seat #5 is the button
Seat 4: HIGHIQ74 ($237.25 in chips)
Seat 5: makimaki ($33.38 in chips)
makimaki: posts small blind $1
HIGHIQ74: posts big blind $3
*** HOLE CARDS ***
makimaki: raises $3 to $6
HIGHIQ74: calls $3
*** FLOP *** [Td 3c 4h]
HIGHIQ74: checks
makimaki: bets $3
HIGHIQ74: calls $3
*** TURN *** [Td 3c 4h] [Jh]
HIGHIQ74: checks
makimaki: checks
*** RIVER *** [Td 3c 4h Jh] [9h]
HIGHIQ74: bets $6
makimaki: folds
Uncalled bet ($6) returned to HIGHIQ74
HIGHIQ74 collected $17.64 from pot
*** SUMMARY ***
Total pot $18 | Rake $0.36
Board [Td 3c 4h Jh 9h]
Seat 4: HIGHIQ74 (big blind) collected ($17.64)
Seat 5: makimaki (button) (small blind) folded on the River


PokerStars Hand #169422844725:  Hold'em Limit ($3/$6 USD) - 2017/04/22 19:26:02 ET
Table 'Gerda' 6-max Seat #4 is the button
Seat 4: HIGHIQ74 ($245.03 in chips)
Seat 5: makimaki ($24.26 in chips)
HIGHIQ74: posts small blind $1
makimaki: posts big blind $3
*** HOLE CARDS ***
HIGHIQ74: calls $2
makimaki: checks
*** FLOP *** [Kd 5d 2h]
makimaki: bets $3
HIGHIQ74: folds
Uncalled bet ($3) returned to makimaki
makimaki collected $5.88 from pot
makimaki: doesn't show hand
*** SUMMARY ***
Total pot $6 | Rake $0.12
Board [Kd 5d 2h]
Seat 4: HIGHIQ74 (button) (small blind) folded on the Flop
Seat 5: makimaki (big blind) collected ($5.88)


PokerStars Hand #169422861908:  Hold'em Limit ($3/$6 USD) - 2017/04/22 19:26:31 ET
Table 'Gerda' 6-max Seat #4 is the button
Seat 4: HIGHIQ74 ($243.03 in chips)
Seat 5: makimaki ($26.14 in chips)
HIGHIQ74: posts small blind $1
makimaki: posts big blind $3
*** HOLE CARDS ***
HIGHIQ74: folds
Uncalled bet ($2) returned to makimaki
makimaki collected $2 from pot
makimaki: doesn't show hand
*** SUMMARY ***
Total pot $2 | Rake $0
Seat 4: HIGHIQ74 (button) (small blind) folded before Flop
Seat 5: makimaki (big blind) collected ($2)


PokerStars Hand #169422857469:  Hold'em Limit ($3/$6 USD) - 2017/04/22 19:26:23 ET
Table 'Gerda' 6-max Seat #5 is the button
Seat 4: HIGHIQ74 ($242.03 in chips)
Seat 5: makimaki ($27.14 in chips)
makimaki: posts small blind $1
HIGHIQ74: posts big blind $3
*** HOLE CARDS ***
makimaki: folds
Uncalled bet ($2) returned to HIGHIQ74
HIGHIQ74 collected $2 from pot
*** SUMMARY ***
Total pot $2 | Rake $0
Seat 4: HIGHIQ74 (big blind) collected ($2)
Seat 5: makimaki (button) (small blind) folded before Flop


PokerStars Hand #169422864533:  Hold'em Limit ($3/$6 USD) - 2017/04/22 19:26:35 ET
Table 'Gerda' 6-max Seat #5 is the button
Seat 4: HIGHIQ74 ($242.03 in chips)
Seat 5: makimaki ($27.14 in chips)
makimaki: posts small blind $1
HIGHIQ74: posts big blind $3
*** HOLE CARDS ***
makimaki: raises $3 to $6
HIGHIQ74: calls $3
*** FLOP *** [9s 3h 7s]
HIGHIQ74: checks
makimaki: bets $3
HIGHIQ74: calls $3
*** TURN *** [9s 3h 7s] [Kh]
HIGHIQ74: checks
makimaki: bets $6
HIGHIQ74: calls $6
*** RIVER *** [9s 3h 7s Kh] [8h]
HIGHIQ74: checks
makimaki: bets $6
HIGHIQ74: calls $6
*** SHOW DOWN ***
makimaki: shows [Th Kd] (a pair of Kings)
HIGHIQ74: mucks hand
makimaki collected $41.50 from pot
*** SUMMARY ***
Total pot $42 | Rake $0.50
Board [9s 3h 7s Kh 8h]
Seat 4: HIGHIQ74 (big blind) mucked
Seat 5: makimaki (button) (small blind) showed [Th Kd] and won ($41.50) with a pair of Kings


PokerStars Hand #169422904538:  Hold'em Limit ($3/$6 USD) - 2017/04/22 19:27:42 ET
Table 'Gerda' 6-max Seat #4 is the button
Seat 4: HIGHIQ74 ($221.03 in chips)
Seat 5: makimaki ($47.64 in chips)
HIGHIQ74: posts small blind $1
makimaki: posts big blind $3
*** HOLE CARDS ***
HIGHIQ74: folds
Uncalled bet ($2) returned to makimaki
makimaki collected $2 from pot
makimaki: doesn't show hand
*** SUMMARY ***
Total pot $2 | Rake $0
Seat 4: HIGHIQ74 (button) (small blind) folded before Flop
Seat 5: makimaki (big blind) collected ($2)


PokerStars Hand #169422895777:  Hold'em Limit ($3/$6 USD) - 2017/04/22 19:27:27 ET
Table 'Gerda' 6-max Seat #5 is the button
Seat 4: HIGHIQ74 ($220.03 in chips)
Seat 5: makimaki ($48.64 in chips)
makimaki: posts small blind $1
HIGHIQ74: posts big blind $3
*** HOLE CARDS ***
makimaki: folds
Uncalled bet ($2) returned to HIGHIQ74
HIGHIQ74 collected $2 from pot
*** SUMMARY ***
Total pot $2 | Rake $0
Seat 4: HIGHIQ74 (big blind) collected ($2)
Seat 5: makimaki (button) (small blind) folded before Flop


PokerStars Hand #169422893220:  Hold'em Limit ($3/$6 USD) - 2017/04/22 19:27:23 ET
Table 'Gerda' 6-max Seat #4 is the button
Seat 4: HIGHIQ74 ($221.03 in chips)
Seat 5: makimaki ($47.64 in chips)
HIGHIQ74: posts small blind $1
makimaki: posts big blind $3
*** HOLE CARDS ***
HIGHIQ74: folds
Uncalled bet ($2) returned to makimaki
makimaki collected $2 from pot
makimaki: doesn't show hand
*** SUMMARY ***
Total pot $2 | Rake $0
Seat 4: HIGHIQ74 (button) (small blind) folded before Flop
Seat 5: makimaki (big blind) collected ($2)


PokerStars Hand #169422887515:  Hold'em Limit ($3/$6 USD) - 2017/04/22 19:27:13 ET
Table 'Gerda' 6-max Seat #5 is the button
Seat 4: HIGHIQ74 ($220.03 in chips)
Seat 5: makimaki ($48.64 in chips)
makimaki: posts small blind $1
HIGHIQ74: posts big blind $3
*** HOLE CARDS ***
makimaki: folds
Uncalled bet ($2) returned to HIGHIQ74
HIGHIQ74 collected $2 from pot
*** SUMMARY ***
Total pot $2 | Rake $0
Seat 4: HIGHIQ74 (big blind) collected ($2)
Seat 5: makimaki (button) (small blind) folded before Flop


PokerStars Hand #169422885058:  Hold'em Limit ($3/$6 USD) - 2017/04/22 19:27:09 ET
Table 'Gerda' 6-max Seat #4 is the button
Seat 4: HIGHIQ74 ($221.03 in chips)
Seat 5: makimaki ($47.64 in chips)
HIGHIQ74: posts small blind $1
makimaki: posts big blind $3
*** HOLE CARDS ***
HIGHIQ74: folds
Uncalled bet ($2) returned to makimaki
makimaki collected $2 from pot
makimaki: doesn't show hand
*** SUMMARY ***
Total pot $2 | Rake $0
Seat 4: HIGHIQ74 (button) (small blind) folded before Flop
Seat 5: makimaki (big blind) collected ($2)


PokerStars Hand #169422928881:  Hold'em Limit ($3/$6 USD) - 2017/04/22 19:28:22 ET
Table 'Gerda' 6-max Seat #4 is the button
Seat 4: HIGHIQ74 ($228.67 in chips)
Seat 5: makimaki ($39.64 in chips)
HIGHIQ74: posts small blind $1
makimaki: posts big blind $3
*** HOLE CARDS ***
HIGHIQ74: raises $3 to $6
makimaki: calls $3
*** FLOP *** [8h 3h Tc]
makimaki: checks
HIGHIQ74: bets $3
makimaki: raises $3 to $6
HIGHIQ74: calls $3
*** TURN *** [8h 3h Tc] [Ah]
makimaki: bets $6
HIGHIQ74: raises $6 to $12
makimaki: folds
Uncalled bet ($6) returned to HIGHIQ74
HIGHIQ74 collected $35.50 from pot
*** SUMMARY ***
Total pot $36 | Rake $0.50
Board [8h 3h Tc Ah]
Seat 4: HIGHIQ74 (button) (small blind) collected ($35.50)
Seat 5: makimaki (big blind) folded on the Turn


PokerStars Hand #169422907429:  Hold'em Limit ($3/$6 USD) - 2017/04/22 19:27:47 ET
Table 'Gerda' 6-max Seat #5 is the button
Seat 4: HIGHIQ74 ($220.03 in chips)
Seat 5: makimaki ($48.64 in chips)
makimaki: posts small blind $1
HIGHIQ74: posts big blind $3
*** HOLE CARDS ***
makimaki: raises $3 to $6
HIGHIQ74: calls $3
*** FLOP *** [Jd Qc 2d]
HIGHIQ74: bets $3
makimaki: calls $3
*** TURN *** [Jd Qc 2d] [Kd]
HIGHIQ74: checks
makimaki: checks
*** RIVER *** [Jd Qc 2d Kd] [Jc]
HIGHIQ74: bets $6
makimaki: folds
Uncalled bet ($6) returned to HIGHIQ74
HIGHIQ74 collected $17.64 from pot
*** SUMMARY ***
Total pot $18 | Rake $0.36
Board [Jd Qc 2d Kd Jc]
Seat 4: HIGHIQ74 (big blind) collected ($17.64)
Seat 5: makimaki (button) (small blind) folded on the River


PokerStars Hand #169422967969:  Hold'em Limit ($3/$6 USD) - 2017/04/22 19:29:28 ET
Table 'Gerda' 6-max Seat #4 is the button
Seat 4: HIGHIQ74 ($246.93 in chips)
Seat 5: makimaki ($20.40 in chips)
HIGHIQ74: posts small blind $1
makimaki: posts big blind $3
*** HOLE CARDS ***
HIGHIQ74: folds
Uncalled bet ($2) returned to makimaki
makimaki collected $2 from pot
makimaki: doesn't show hand
*** SUMMARY ***
Total pot $2 | Rake $0
Seat 4: HIGHIQ74 (button) (small blind) folded before Flop
Seat 5: makimaki (big blind) collected ($2)


PokerStars Hand #169422970673:  Hold'em Limit ($3/$6 USD) - 2017/04/22 19:29:33 ET
Table 'Gerda' 6-max Seat #5 is the button
Seat 4: HIGHIQ74 ($245.93 in chips)
Seat 5: makimaki ($21.40 in chips)
makimaki: posts small blind $1
HIGHIQ74: posts big blind $3
*** HOLE CARDS ***
makimaki: raises $3 to $6
HIGHIQ74: calls $3
*** FLOP *** [7c 6d Qc]
HIGHIQ74: checks
makimaki: bets $3
HIGHIQ74: raises $3 to $6
makimaki: calls $3
*** TURN *** [7c 6d Qc] [Kh]
HIGHIQ74: bets $6
makimaki: calls $6
*** RIVER *** [7c 6d Qc Kh] [5d]
HIGHIQ74: bets $6
makimaki: calls $3.40 and is all-in
Uncalled bet ($2.60) returned to HIGHIQ74
*** SHOW DOWN ***
HIGHIQ74: shows [Qs 8h] (a pair of Queens)
makimaki: shows [As 7s] (a pair of Sevens)
HIGHIQ74 collected $42.30 from pot
*** SUMMARY ***
Total pot $42.80 | Rake $0.50
Board [7c 6d Qc Kh 5d]
Seat 4: HIGHIQ74 (big blind) showed [Qs 8h] and won ($42.30) with a pair of Queens
Seat 5: makimaki (button) (small blind) showed [As 7s] and lost with a pair of Sevens


PokerStars Hand #169422951741:  Hold'em Limit ($3/$6 USD) - 2017/04/22 19:29:01 ET
Table 'Gerda' 6-max Seat #4 is the button
Seat 4: HIGHIQ74 ($247.17 in chips)
Seat 5: makimaki ($20.64 in chips)
HIGHIQ74: posts small blind $1
makimaki: posts big blind $3
*** HOLE CARDS ***
HIGHIQ74: raises $3 to $6
makimaki: calls $3
*** FLOP *** [Qh Qs Kh]
makimaki: checks
HIGHIQ74: bets $3
makimaki: folds
Uncalled bet ($3) returned to HIGHIQ74
HIGHIQ74 collected $11.76 from pot
*** SUMMARY ***
Total pot $12 | Rake $0.24
Board [Qh Qs Kh]
Seat 4: HIGHIQ74 (button) (small blind) collected ($11.76)
Seat 5: makimaki (big blind) folded on the Flop


PokerStars Hand #169422959481:  Hold'em Limit ($3/$6 USD) - 2017/04/22 19:29:14 ET
Table 'Gerda' 6-max Seat #5 is the button
Seat 4: HIGHIQ74 ($252.93 in chips)
Seat 5: makimaki ($14.64 in chips)
makimaki: posts small blind $1
HIGHIQ74: posts big blind $3
*** HOLE CARDS ***
makimaki: raises $3 to $6
HIGHIQ74: calls $3
*** FLOP *** [Jh 3c Js]
HIGHIQ74: checks
makimaki: bets $3
HIGHIQ74: folds
Uncalled bet ($3) returned to makimaki
makimaki collected $11.76 from pot
makimaki: doesn't show hand
*** SUMMARY ***
Total pot $12 | Rake $0.24
Board [Jh 3c Js]
Seat 4: HIGHIQ74 (big blind) folded on the Flop
Seat 5: makimaki (button) (small blind) collected ($11.76)


PokerStars Hand #169423183563:  Hold'em Limit ($3/$6 USD) - 2017/04/22 19:35:21 ET
Table 'Gerda' 6-max Seat #4 is the button
Seat 3: andyrr ($120 in chips)
Seat 4: HIGHIQ74 ($266.83 in chips)
HIGHIQ74: posts small blind $1
andyrr: posts big blind $3
*** HOLE CARDS ***
HIGHIQ74: calls $2
andyrr: checks
*** FLOP *** [6h 2c 4c]
andyrr: bets $3
HIGHIQ74: calls $3
*** TURN *** [6h 2c 4c] [9h]
andyrr: bets $6
HIGHIQ74: calls $6
*** RIVER *** [6h 2c 4c 9h] [Jh]
andyrr: bets $6
HIGHIQ74: calls $6
*** SHOW DOWN ***
andyrr: shows [5h 8h] (a flush, Jack high)
HIGHIQ74: mucks hand
andyrr collected $35.50 from pot
*** SUMMARY ***
Total pot $36 | Rake $0.50
Board [6h 2c 4c 9h Jh]
Seat 3: andyrr (big blind) showed [5h 8h] and won ($35.50) with a flush, Jack high
Seat 4: HIGHIQ74 (button) (small blind) mucked


PokerStars Hand #169423204098:  Hold'em Limit ($3/$6 USD) - 2017/04/22 19:35:56 ET
Table 'Gerda' 6-max Seat #4 is the button
Seat 3: andyrr ($98.50 in chips)
Seat 4: HIGHIQ74 ($287.33 in chips)
HIGHIQ74: posts small blind $1
andyrr: posts big blind $3
*** HOLE CARDS ***
HIGHIQ74: raises $3 to $6
andyrr: raises $3 to $9
HIGHIQ74: calls $3
*** FLOP *** [8h Qs 6d]
andyrr: bets $3
HIGHIQ74: calls $3
*** TURN *** [8h Qs 6d] [8c]
andyrr: bets $6
HIGHIQ74: calls $6
*** RIVER *** [8h Qs 6d 8c] [2s]
andyrr: bets $6
HIGHIQ74: calls $6
*** SHOW DOWN ***
andyrr: shows [9h Jh] (a pair of Eights)
HIGHIQ74: shows [7s Ad] (a pair of Eights - Ace kicker)
HIGHIQ74 collected $47.50 from pot
*** SUMMARY ***
Total pot $48 | Rake $0.50
Board [8h Qs 6d 8c 2s]
Seat 3: andyrr (big blind) showed [9h Jh] and lost with a pair of Eights
Seat 4: HIGHIQ74 (button) (small blind) showed [7s Ad] and won ($47.50) with a pair of Eights


PokerStars Hand #169423215665:  Hold'em Limit ($3/$6 USD) - 2017/04/22 19:36:16 ET
Table 'Gerda' 6-max Seat #4 is the button
Seat 3: andyrr ($80.26 in chips)
Seat 4: HIGHIQ74 ($304.83 in chips)
HIGHIQ74: posts small blind $1
andyrr: posts big blind $3
*** HOLE CARDS ***
HIGHIQ74: calls $2
andyrr: raises $3 to $6
HIGHIQ74: calls $3
*** FLOP *** [6c 4c 9h]
andyrr: bets $3
HIGHIQ74: raises $3 to $6
andyrr: raises $3 to $9
HIGHIQ74: calls $3
*** TURN *** [6c 4c 9h] [Qs]
andyrr: bets $6
HIGHIQ74: calls $6
*** RIVER *** [6c 4c 9h Qs] [6s]
andyrr: bets $6
HIGHIQ74: calls $6
*** SHOW DOWN ***
andyrr: shows [Qd 2d] (two pair, Queens and Sixes)
HIGHIQ74: mucks hand
andyrr collected $53.50 from pot
*** SUMMARY ***
Total pot $54 | Rake $0.50
Board [6c 4c 9h Qs 6s]
Seat 3: andyrr (big blind) showed [Qd 2d] and won ($53.50) with two pair, Queens and Sixes
Seat 4: HIGHIQ74 (button) (small blind) mucked


PokerStars Hand #169423223572:  Hold'em Limit ($3/$6 USD) - 2017/04/22 19:36:30 ET
Table 'Gerda' 6-max Seat #3 is the button
Seat 3: andyrr ($106.76 in chips)
Seat 4: HIGHIQ74 ($277.83 in chips)
andyrr: posts small blind $1
HIGHIQ74: posts big blind $3
*** HOLE CARDS ***
andyrr: raises $3 to $6
HIGHIQ74: raises $3 to $9
andyrr: raises $3 to $12
Betting is capped
HIGHIQ74: calls $3
*** FLOP *** [3h 5h Kh]
HIGHIQ74: checks
andyrr: bets $3
HIGHIQ74: calls $3
*** TURN *** [3h 5h Kh] [9s]
HIGHIQ74: checks
andyrr: bets $6
HIGHIQ74: calls $6
*** RIVER *** [3h 5h Kh 9s] [4s]
HIGHIQ74: checks
andyrr: checks
*** SHOW DOWN ***
HIGHIQ74: shows [Ac Jd] (high card Ace)
andyrr: mucks hand
HIGHIQ74 collected $41.50 from pot
*** SUMMARY ***
Total pot $42 | Rake $0.50
Board [3h 5h Kh 9s 4s]
Seat 3: andyrr (button) (small blind) mucked
Seat 4: HIGHIQ74 (big blind) showed [Ac Jd] and won ($41.50) with high card Ace


PokerStars Hand #169423233686:  Hold'em Limit ($3/$6 USD) - 2017/04/22 19:36:48 ET
Table 'Gerda' 6-max Seat #4 is the button
Seat 3: andyrr ($85.76 in chips)
Seat 4: HIGHIQ74 ($298.33 in chips)
HIGHIQ74: posts small blind $1
andyrr: posts big blind $3
*** HOLE CARDS ***
HIGHIQ74: calls $2
andyrr: raises $3 to $6
HIGHIQ74: calls $3
*** FLOP *** [3d 7d 5d]
andyrr: bets $3
HIGHIQ74: raises $3 to $6
andyrr: raises $3 to $9
HIGHIQ74: calls $3
*** TURN *** [3d 7d 5d] [Ks]
andyrr: bets $6
HIGHIQ74: raises $6 to $12
andyrr: raises $6 to $18
HIGHIQ74: raises $6 to $24
Betting is capped
andyrr: calls $6
*** RIVER *** [3d 7d 5d Ks] [Kd]
andyrr: bets $6
HIGHIQ74: raises $6 to $12
andyrr: calls $6
*** SHOW DOWN ***
HIGHIQ74: shows [7s Kc] (a full house, Kings full of Sevens)
andyrr: mucks hand
HIGHIQ74 collected $101.50 from pot
*** SUMMARY ***
Total pot $102 | Rake $0.50
Board [3d 7d 5d Ks Kd]
Seat 3: andyrr (big blind) mucked
Seat 4: HIGHIQ74 (button) (small blind) showed [7s Kc] and won ($101.50) with a full house, Kings full of Sevens


PokerStars Hand #169423211289:  Hold'em Limit ($3/$6 USD) - 2017/04/22 19:36:09 ET
Table 'Gerda' 6-max Seat #3 is the button
Seat 3: andyrr ($74.50 in chips)
Seat 4: HIGHIQ74 ($310.83 in chips)
andyrr: posts small blind $1
HIGHIQ74: posts big blind $3
*** HOLE CARDS ***
andyrr: raises $3 to $6
HIGHIQ74: calls $3
*** FLOP *** [3s Jh Qh]
HIGHIQ74: checks
andyrr: bets $3
HIGHIQ74: folds
Uncalled bet ($3) returned to andyrr
andyrr collected $11.76 from pot
*** SUMMARY ***
Total pot $12 | Rake $0.24
Board [3s Jh Qh]
Seat 3: andyrr (button) (small blind) collected ($11.76)
Seat 4: HIGHIQ74 (big blind) folded on the Flop


PokerStars Hand #169423258637:  Hold'em Limit ($3/$6 USD) - 2017/04/22 19:37:31 ET
Table 'Gerda' 6-max Seat #3 is the button
Seat 3: andyrr ($14.76 in chips)
Seat 4: HIGHIQ74 ($368.33 in chips)
andyrr: posts small blind $1
HIGHIQ74: posts big blind $3
*** HOLE CARDS ***
andyrr: raises $3 to $6
HIGHIQ74: calls $3
*** FLOP *** [4s 6h 2h]
HIGHIQ74: checks
andyrr: bets $3
HIGHIQ74: calls $3
*** TURN *** [4s 6h 2h] [Jc]
HIGHIQ74: checks
andyrr: bets $5.76 and is all-in
HIGHIQ74: calls $5.76
*** RIVER *** [4s 6h 2h Jc] [Td]
*** SHOW DOWN ***
HIGHIQ74: shows [9h Tc] (a pair of Tens)
andyrr: shows [As Kc] (high card Ace)
HIGHIQ74 collected $29.02 from pot
*** SUMMARY ***
Total pot $29.52 | Rake $0.50
Board [4s 6h 2h Jc Td]
Seat 3: andyrr (button) (small blind) showed [As Kc] and lost with high card Ace
Seat 4: HIGHIQ74 (big blind) showed [9h Tc] and won ($29.02) with a pair of Tens


PokerStars Hand #169423256055:  Hold'em Limit ($3/$6 USD) - 2017/04/22 19:37:26 ET
Table 'Gerda' 6-max Seat #4 is the button
Seat 3: andyrr ($13.76 in chips)
Seat 4: HIGHIQ74 ($369.33 in chips)
HIGHIQ74: posts small blind $1
andyrr: posts big blind $3
*** HOLE CARDS ***
HIGHIQ74: folds
Uncalled bet ($2) returned to andyrr
andyrr collected $2 from pot
andyrr: shows [9h Kd] (high card King)
*** SUMMARY ***
Total pot $2 | Rake $0
Seat 3: andyrr (big blind) collected ($2)
Seat 4: HIGHIQ74 (button) (small blind) folded before Flop


PokerStars Hand #169423246353:  Hold'em Limit ($3/$6 USD) - 2017/04/22 19:37:10 ET
Table 'Gerda' 6-max Seat #3 is the button
Seat 3: andyrr ($34.76 in chips)
Seat 4: HIGHIQ74 ($348.83 in chips)
andyrr: posts small blind $1
HIGHIQ74: posts big blind $3
*** HOLE CARDS ***
andyrr: raises $3 to $6
HIGHIQ74: calls $3
*** FLOP *** [Ts Th 7s]
HIGHIQ74: checks
andyrr: bets $3
HIGHIQ74: calls $3
*** TURN *** [Ts Th 7s] [3d]
HIGHIQ74: checks
andyrr: bets $6
HIGHIQ74: calls $6
*** RIVER *** [Ts Th 7s 3d] [Qc]
HIGHIQ74: checks
andyrr: bets $6
HIGHIQ74: calls $6
*** SHOW DOWN ***
andyrr: shows [Jc 3s] (two pair, Tens and Threes)
HIGHIQ74: shows [Ah 3c] (two pair, Tens and Threes - Ace kicker)
HIGHIQ74 collected $41.50 from pot
*** SUMMARY ***
Total pot $42 | Rake $0.50
Board [Ts Th 7s 3d Qc]
Seat 3: andyrr (button) (small blind) showed [Jc 3s] and lost with two pair, Tens and Threes
Seat 4: HIGHIQ74 (big blind) showed [Ah 3c] and won ($41.50) with two pair, Tens and Threes


