PokerStars Hand #166224645796:  Hold'em Limit ($3/$6 USD) - 2017/02/14 19:14:07 ET
Table 'Gerda II' 6-max Seat #1 is the button
Seat 1: JonnyCashBo ($201.96 in chips)
Seat 2: B_loJkl ($139.90 in chips)
JonnyCashBo: posts small blind $1
B_loJkl: posts big blind $3
*** HOLE CARDS ***
JonnyCashBo: raises $3 to $6
B_loJkl: folds
Uncalled bet ($3) returned to JonnyCashBo
JonnyCashBo collected $6 from pot
JonnyCashBo: doesn't show hand
*** SUMMARY ***
Total pot $6 | Rake $0
Seat 1: JonnyCashBo (button) (small blind) collected ($6)
Seat 2: B_loJkl (big blind) folded before Flop


PokerStars Hand #166224624064:  Hold'em Limit ($3/$6 USD) - 2017/02/14 19:13:32 ET
Table 'Gerda II' 6-max Seat #2 is the button
Seat 1: JonnyCashBo ($225.96 in chips)
Seat 2: B_loJkl ($116.40 in chips)
B_loJkl: posts small blind $1
Actionni13: is sitting out
TinaTurner72: is sitting out
JonnyCashBo: posts big blind $3
*** HOLE CARDS ***
TinaTurner72 leaves the table
B_loJkl: raises $3 to $6
JonnyCashBo: calls $3
*** FLOP *** [5h Ts 6d]
JonnyCashBo: checks
B_loJkl: checks
*** TURN *** [5h Ts 6d] [9d]
JonnyCashBo: bets $6
B_loJkl: raises $6 to $12
JonnyCashBo: calls $6
*** RIVER *** [5h Ts 6d 9d] [Qc]
JonnyCashBo: checks
B_loJkl: bets $6
JonnyCashBo: calls $6
*** SHOW DOWN ***
B_loJkl: shows [Tc 7c] (a pair of Tens)
JonnyCashBo: mucks hand
B_loJkl collected $47.50 from pot
*** SUMMARY ***
Total pot $48 | Rake $0.50
Board [5h Ts 6d 9d Qc]
Seat 1: JonnyCashBo (big blind) mucked
Seat 2: B_loJkl (button) (small blind) showed [Tc 7c] and won ($47.50) with a pair of Tens


