PokerStars Hand #167620120709:  Hold'em Limit ($3/$6 USD) - 2017/03/15 12:01:57 ET
Table 'Gerda' 10-max Seat #2 is the button
Seat 2: Great_Kang ($144.27 in chips)
Seat 7: komornik ($252.96 in chips)
Great_Kang: posts small blind $1
KIT426 has timed out while being disconnected
KIT426: is sitting out
abster2366: is sitting out
komornik: posts big blind $3
*** HOLE CARDS ***
KIT426 is disconnected
Great_Kang: raises $3 to $6
abster2366 said, "fixed or what"
komornik: calls $3
*** FLOP *** [3d Td Qs]
komornik: checks
Great_Kang: bets $3
komornik: raises $3 to $6
Great_Kang: calls $3
*** TURN *** [3d Td Qs] [9s]
komornik: bets $6
Great_Kang: calls $6
*** RIVER *** [3d Td Qs 9s] [Ah]
komornik: bets $6
Great_Kang: calls $6
abster2366 said, "fooking immigrant"
*** SHOW DOWN ***
komornik: shows [9h Qh] (two pair, Queens and Nines)
Great_Kang: mucks hand
komornik collected $47.50 from pot
*** SUMMARY ***
Total pot $48 | Rake $0.50
Board [3d Td Qs 9s Ah]
Seat 2: Great_Kang (button) (small blind) mucked
Seat 7: komornik (big blind) showed [9h Qh] and won ($47.50) with two pair, Queens and Nines


PokerStars Hand #167620173675:  Hold'em Limit ($3/$6 USD) - 2017/03/15 12:03:18 ET
Table 'Gerda' 10-max Seat #5 is the button
Seat 5: KIT426 ($125.67 in chips)
Seat 7: komornik ($275.46 in chips)
KIT426: posts small blind $1
komornik: posts big blind $3
*** HOLE CARDS ***
KIT426: folds
Uncalled bet ($2) returned to komornik
komornik collected $2 from pot
komornik: doesn't show hand
*** SUMMARY ***
Total pot $2 | Rake $0
Seat 5: KIT426 (button) (small blind) folded before Flop
Seat 7: komornik (big blind) collected ($2)


