PokerStars Hand #153287533767:  Hold'em Limit ($3/$6 USD) - 2016/05/14 3:53:09 ET
Table 'Gerlinde' 6-max Seat #1 is the button
Seat 1: muzixibei ($120 in chips)
Seat 4: Agrotait ($72 in chips)
muzixibei: posts small blind $1
Agrotait: posts big blind $3
*** HOLE CARDS ***
muzixibei: raises $3 to $6
Agrotait: calls $3
*** FLOP *** [Ah Qd Jd]
Agrotait: checks
muzixibei: bets $3
Agrotait: calls $3
*** TURN *** [Ah Qd Jd] [7c]
Agrotait: checks
muzixibei: checks
*** RIVER *** [Ah Qd Jd 7c] [Jc]
Agrotait: checks
muzixibei: bets $6
Agrotait: calls $6
*** SHOW DOWN ***
muzixibei: shows [Ts Th] (two pair, Jacks and Tens)
Agrotait: shows [9s Qh] (two pair, Queens and Jacks)
Agrotait collected $29.50 from pot
*** SUMMARY ***
Total pot $30 | Rake $0.50
Board [Ah Qd Jd 7c Jc]
Seat 1: muzixibei (button) (small blind) showed [Ts Th] and lost with two pair, Jacks and Tens
Seat 4: Agrotait (big blind) showed [9s Qh] and won ($29.50) with two pair, Queens and Jacks


PokerStars Hand #153287556915:  Hold'em Limit ($3/$6 USD) - 2016/05/14 3:54:20 ET
Table 'Gerlinde' 6-max Seat #4 is the button
Seat 1: muzixibei ($105 in chips)
Seat 4: Agrotait ($86.50 in chips)
Agrotait: posts small blind $1
muzixibei: posts big blind $3
*** HOLE CARDS ***
Agrotait: folds
Uncalled bet ($2) returned to muzixibei
muzixibei collected $2 from pot
muzixibei: doesn't show hand
*** SUMMARY ***
Total pot $2 | Rake $0
Seat 1: muzixibei (big blind) collected ($2)
Seat 4: Agrotait (button) (small blind) folded before Flop


PokerStars Hand #153287568331:  Hold'em Limit ($3/$6 USD) - 2016/05/14 3:54:55 ET
Table 'Gerlinde' 6-max Seat #4 is the button
Seat 1: muzixibei ($111.76 in chips)
Seat 4: Agrotait ($79.50 in chips)
Agrotait: posts small blind $1
muzixibei: posts big blind $3
*** HOLE CARDS ***
Agrotait: folds
Uncalled bet ($2) returned to muzixibei
muzixibei collected $2 from pot
muzixibei: doesn't show hand
*** SUMMARY ***
Total pot $2 | Rake $0
Seat 1: muzixibei (big blind) collected ($2)
Seat 4: Agrotait (button) (small blind) folded before Flop


PokerStars Hand #153287560069:  Hold'em Limit ($3/$6 USD) - 2016/05/14 3:54:29 ET
Table 'Gerlinde' 6-max Seat #1 is the button
Seat 1: muzixibei ($106 in chips)
Seat 4: Agrotait ($85.50 in chips)
muzixibei: posts small blind $1
Agrotait: posts big blind $3
*** HOLE CARDS ***
muzixibei: raises $3 to $6
Agrotait: calls $3
*** FLOP *** [3d Kc Jh]
Agrotait: checks
muzixibei: checks
*** TURN *** [3d Kc Jh] [Qh]
superYan3 joins the table at seat #2
belik555 joins the table at seat #3
Agrotait: checks
muzixibei: checks
*** RIVER *** [3d Kc Jh Qh] [Th]
Agrotait: checks
muzixibei: bets $6
Agrotait: folds
Uncalled bet ($6) returned to muzixibei
muzixibei collected $11.76 from pot
muzixibei: doesn't show hand
*** SUMMARY ***
Total pot $12 | Rake $0.24
Board [3d Kc Jh Qh Th]
Seat 1: muzixibei (button) (small blind) collected ($11.76)
Seat 4: Agrotait (big blind) folded on the River


