PokerStars Hand #174644509450:  Hold'em Limit ($3/$6 USD) - 2017/08/22 5:02:08 ET
Table 'Gerlinde' 6-max Seat #3 is the button
Seat 3: sweks ($30 in chips)
Seat 4: VolkovDmitri ($120 in chips)
sweks: posts small blind $1
VolkovDmitri: posts big blind $3
*** HOLE CARDS ***
sweks: raises $3 to $6
VolkovDmitri: calls $3
*** FLOP *** [Jh Th 7c]
VolkovDmitri: checks
sweks: bets $3
VolkovDmitri: folds
Uncalled bet ($3) returned to sweks
sweks collected $11.76 from pot
sweks: doesn't show hand
*** SUMMARY ***
Total pot $12 | Rake $0.24
Board [Jh Th 7c]
Seat 3: sweks (button) (small blind) collected ($11.76)
Seat 4: VolkovDmitri (big blind) folded on the Flop


PokerStars Hand #174644536152:  Hold'em Limit ($3/$6 USD) - 2017/08/22 5:03:34 ET
Table 'Gerlinde' 6-max Seat #3 is the button
Seat 3: sweks ($52.90 in chips)
Seat 4: VolkovDmitri ($120 in chips)
sweks: posts small blind $1
VolkovDmitri: posts big blind $3
*** HOLE CARDS ***
sweks: folds
Uncalled bet ($2) returned to VolkovDmitri
VolkovDmitri collected $2 from pot
VolkovDmitri: doesn't show hand
*** SUMMARY ***
Total pot $2 | Rake $0
Seat 3: sweks (button) (small blind) folded before Flop
Seat 4: VolkovDmitri (big blind) collected ($2)


PokerStars Hand #174644532285:  Hold'em Limit ($3/$6 USD) - 2017/08/22 5:03:22 ET
Table 'Gerlinde' 6-max Seat #4 is the button
Seat 3: sweks ($44.26 in chips)
Seat 4: VolkovDmitri ($120 in chips)
VolkovDmitri: posts small blind $1
sweks: posts big blind $3
*** HOLE CARDS ***
VolkovDmitri: raises $3 to $6
sweks: raises $3 to $9
VolkovDmitri: calls $3
*** FLOP *** [2s 9c Jd]
sweks: bets $3
VolkovDmitri: folds
Uncalled bet ($3) returned to sweks
sweks collected $17.64 from pot
sweks: doesn't show hand
*** SUMMARY ***
Total pot $18 | Rake $0.36
Board [2s 9c Jd]
Seat 3: sweks (big blind) collected ($17.64)
Seat 4: VolkovDmitri (button) (small blind) folded on the Flop


PokerStars Hand #174644525795:  Hold'em Limit ($3/$6 USD) - 2017/08/22 5:03:01 ET
Table 'Gerlinde' 6-max Seat #3 is the button
Seat 3: sweks ($29.76 in chips)
Seat 4: VolkovDmitri ($125.76 in chips)
sweks: posts small blind $1
VolkovDmitri: posts big blind $3
*** HOLE CARDS ***
sweks: raises $3 to $6
VolkovDmitri: calls $3
*** FLOP *** [7h Tc Ac]
VolkovDmitri: checks
sweks: bets $3
VolkovDmitri: calls $3
*** TURN *** [7h Tc Ac] [Qs]
VolkovDmitri: checks
sweks: bets $6
VolkovDmitri: calls $6
*** RIVER *** [7h Tc Ac Qs] [Ks]
VolkovDmitri: checks
sweks: checks
*** SHOW DOWN ***
VolkovDmitri: shows [Td 6c] (a pair of Tens)
sweks: shows [6h Kh] (a pair of Kings)
sweks collected $29.50 from pot
*** SUMMARY ***
Total pot $30 | Rake $0.50
Board [7h Tc Ac Qs Ks]
Seat 3: sweks (button) (small blind) showed [6h Kh] and won ($29.50) with a pair of Kings
Seat 4: VolkovDmitri (big blind) showed [Td 6c] and lost with a pair of Tens


PokerStars Hand #174644517577:  Hold'em Limit ($3/$6 USD) - 2017/08/22 5:02:34 ET
Table 'Gerlinde' 6-max Seat #4 is the button
Seat 3: sweks ($35.76 in chips)
Seat 4: VolkovDmitri ($120 in chips)
VolkovDmitri: posts small blind $1
sweks: posts big blind $3
*** HOLE CARDS ***
VolkovDmitri: raises $3 to $6
sweks: calls $3
*** FLOP *** [Ah As 9h]
sweks: checks
VolkovDmitri: bets $3
sweks: folds
Uncalled bet ($3) returned to VolkovDmitri
VolkovDmitri collected $11.76 from pot
VolkovDmitri: doesn't show hand
*** SUMMARY ***
Total pot $12 | Rake $0.24
Board [Ah As 9h]
Seat 3: sweks (big blind) folded on the Flop
Seat 4: VolkovDmitri (button) (small blind) collected ($11.76)


PokerStars Hand #174644543428:  Hold'em Limit ($3/$6 USD) - 2017/08/22 5:03:58 ET
Table 'Gerlinde' 6-max Seat #3 is the button
Seat 3: sweks ($60.54 in chips)
Seat 4: VolkovDmitri ($120 in chips)
sweks: posts small blind $1
VolkovDmitri: posts big blind $3
*** HOLE CARDS ***
sweks: raises $3 to $6
VolkovDmitri: calls $3
*** FLOP *** [6c As 3h]
VolkovDmitri: checks
sweks: bets $3
VolkovDmitri: folds
Uncalled bet ($3) returned to sweks
sweks collected $11.76 from pot
sweks: doesn't show hand
*** SUMMARY ***
Total pot $12 | Rake $0.24
Board [6c As 3h]
Seat 3: sweks (button) (small blind) collected ($11.76)
Seat 4: VolkovDmitri (big blind) folded on the Flop


PokerStars Hand #174644550692:  Hold'em Limit ($3/$6 USD) - 2017/08/22 5:04:21 ET
Table 'Gerlinde' 6-max Seat #3 is the button
Seat 3: sweks ($63.30 in chips)
Seat 4: VolkovDmitri ($123 in chips)
sweks: posts small blind $1
VolkovDmitri: posts big blind $3
*** HOLE CARDS ***
sweks: folds
Uncalled bet ($2) returned to VolkovDmitri
VolkovDmitri collected $2 from pot
VolkovDmitri: doesn't show hand
*** SUMMARY ***
Total pot $2 | Rake $0
Seat 3: sweks (button) (small blind) folded before Flop
Seat 4: VolkovDmitri (big blind) collected ($2)


PokerStars Hand #174644548694:  Hold'em Limit ($3/$6 USD) - 2017/08/22 5:04:14 ET
Table 'Gerlinde' 6-max Seat #4 is the button
Seat 3: sweks ($66.30 in chips)
Seat 4: VolkovDmitri ($120 in chips)
VolkovDmitri: posts small blind $1
sweks: posts big blind $3
*** HOLE CARDS ***
VolkovDmitri: raises $3 to $6
sweks: folds
Uncalled bet ($3) returned to VolkovDmitri
VolkovDmitri collected $6 from pot
VolkovDmitri: doesn't show hand
*** SUMMARY ***
Total pot $6 | Rake $0
Seat 3: sweks (big blind) folded before Flop
Seat 4: VolkovDmitri (button) (small blind) collected ($6)


PokerStars Hand #174644537638:  Hold'em Limit ($3/$6 USD) - 2017/08/22 5:03:39 ET
Table 'Gerlinde' 6-max Seat #4 is the button
Seat 3: sweks ($51.90 in chips)
Seat 4: VolkovDmitri ($121 in chips)
VolkovDmitri: posts small blind $1
sweks: posts big blind $3
*** HOLE CARDS ***
VolkovDmitri: raises $3 to $6
sweks: calls $3
*** FLOP *** [6s Th 6d]
sweks: checks
VolkovDmitri: bets $3
sweks: calls $3
*** TURN *** [6s Th 6d] [Tc]
sweks: checks
VolkovDmitri: checks
*** RIVER *** [6s Th 6d Tc] [9d]
sweks: bets $6
VolkovDmitri: folds
Uncalled bet ($6) returned to sweks
sweks collected $17.64 from pot
sweks: doesn't show hand
*** SUMMARY ***
Total pot $18 | Rake $0.36
Board [6s Th 6d Tc 9d]
Seat 3: sweks (big blind) collected ($17.64)
Seat 4: VolkovDmitri (button) (small blind) folded on the River


PokerStars Hand #174644552168:  Hold'em Limit ($3/$6 USD) - 2017/08/22 5:04:26 ET
Table 'Gerlinde' 6-max Seat #4 is the button
Seat 3: sweks ($62.30 in chips)
Seat 4: VolkovDmitri ($124 in chips)
VolkovDmitri: posts small blind $1
sweks: posts big blind $3
*** HOLE CARDS ***
VolkovDmitri: raises $3 to $6
sweks: calls $3
*** FLOP *** [Jc 2c Qh]
sweks: checks
VolkovDmitri: bets $3
sweks: raises $3 to $6
VolkovDmitri: calls $3
*** TURN *** [Jc 2c Qh] [4c]
sweks: bets $6
VolkovDmitri: calls $6
*** RIVER *** [Jc 2c Qh 4c] [Th]
sweks: bets $6
VolkovDmitri: folds
Uncalled bet ($6) returned to sweks
sweks collected $35.50 from pot
sweks: doesn't show hand
*** SUMMARY ***
Total pot $36 | Rake $0.50
Board [Jc 2c Qh 4c Th]
Seat 3: sweks (big blind) collected ($35.50)
Seat 4: VolkovDmitri (button) (small blind) folded on the River


PokerStars Hand #174644559534:  Hold'em Limit ($3/$6 USD) - 2017/08/22 5:04:50 ET
Table 'Gerlinde' 6-max Seat #4 is the button
Seat 3: sweks ($82.80 in chips)
Seat 4: VolkovDmitri ($120 in chips)
VolkovDmitri: posts small blind $1
sweks: posts big blind $3
*** HOLE CARDS ***
VolkovDmitri: raises $3 to $6
sweks: calls $3
*** FLOP *** [Qh 9d Kd]
sweks: checks
VolkovDmitri: bets $3
sweks: calls $3
*** TURN *** [Qh 9d Kd] [4s]
sweks: checks
VolkovDmitri: bets $6
sweks: raises $6 to $12
VolkovDmitri: calls $6
*** RIVER *** [Qh 9d Kd 4s] [6s]
sweks: bets $6
VolkovDmitri: calls $6
*** SHOW DOWN ***
sweks: shows [Qc 3h] (a pair of Queens)
VolkovDmitri: shows [8h Kh] (a pair of Kings)
VolkovDmitri collected $53.50 from pot
*** SUMMARY ***
Total pot $54 | Rake $0.50
Board [Qh 9d Kd 4s 6s]
Seat 3: sweks (big blind) showed [Qc 3h] and lost with a pair of Queens
Seat 4: VolkovDmitri (button) (small blind) showed [8h Kh] and won ($53.50) with a pair of Kings


PokerStars Hand #174644557705:  Hold'em Limit ($3/$6 USD) - 2017/08/22 5:04:44 ET
Table 'Gerlinde' 6-max Seat #3 is the button
Seat 3: sweks ($79.80 in chips)
Seat 4: VolkovDmitri ($120 in chips)
sweks: posts small blind $1
VolkovDmitri: posts big blind $3
*** HOLE CARDS ***
sweks: raises $3 to $6
VolkovDmitri: folds
Uncalled bet ($3) returned to sweks
sweks collected $6 from pot
sweks: doesn't show hand
*** SUMMARY ***
Total pot $6 | Rake $0
Seat 3: sweks (button) (small blind) collected ($6)
Seat 4: VolkovDmitri (big blind) folded before Flop


PokerStars Hand #174644566440:  Hold'em Limit ($3/$6 USD) - 2017/08/22 5:05:11 ET
Table 'Gerlinde' 6-max Seat #3 is the button
Seat 3: sweks ($55.80 in chips)
Seat 4: VolkovDmitri ($146.50 in chips)
sweks: posts small blind $1
VolkovDmitri: posts big blind $3
*** HOLE CARDS ***
sweks: raises $3 to $6
VolkovDmitri: raises $3 to $9
sweks: raises $3 to $12
Betting is capped
VolkovDmitri: calls $3
*** FLOP *** [Ac Td 7h]
VolkovDmitri: checks
sweks: bets $3
VolkovDmitri: calls $3
*** TURN *** [Ac Td 7h] [5d]
VolkovDmitri: checks
sweks: bets $6
VolkovDmitri: calls $6
*** RIVER *** [Ac Td 7h 5d] [4d]
VolkovDmitri: checks
ChaseMeIfUC joins the table at seat #5
sweks: checks
*** SHOW DOWN ***
VolkovDmitri: shows [Qd Qh] (a pair of Queens)
sweks: mucks hand
VolkovDmitri collected $41.50 from pot
*** SUMMARY ***
Total pot $42 | Rake $0.50
Board [Ac Td 7h 5d 4d]
Seat 3: sweks (button) (small blind) mucked
Seat 4: VolkovDmitri (big blind) showed [Qd Qh] and won ($41.50) with a pair of Queens


PokerStars Hand #174644972407:  Hold'em Limit ($3/$6 USD) - 2017/08/22 5:25:25 ET
Table 'Gerlinde' 6-max Seat #6 is the button
Seat 2: Luanto 14 ($66 in chips)
Seat 6: jamie2000 ($78.81 in chips)
NewRocker will be allowed to play after the button
jamie2000: posts small blind $1
HAL9QQQ: is sitting out
Luanto 14: posts big blind $3
*** HOLE CARDS ***
jamie2000: raises $3 to $6
Luanto 14: calls $3
*** FLOP *** [Td Ah 2s]
Luanto 14: checks
jamie2000: bets $3
Luanto 14: folds
Uncalled bet ($3) returned to jamie2000
jamie2000 collected $11.76 from pot
jamie2000: doesn't show hand
*** SUMMARY ***
Total pot $12 | Rake $0.24
Board [Td Ah 2s]
Seat 2: Luanto 14 (big blind) folded on the Flop
Seat 6: jamie2000 (button) (small blind) collected ($11.76)


PokerStars Hand #174644994898:  Hold'em Limit ($3/$6 USD) - 2017/08/22 5:26:31 ET
Table 'Gerlinde' 6-max Seat #2 is the button
Seat 2: Luanto 14 ($69.64 in chips)
Seat 3: NewRocker ($110 in chips)
Luanto 14: posts small blind $1
NewRocker: posts big blind $3
*** HOLE CARDS ***
Luanto 14: folds
Uncalled bet ($2) returned to NewRocker
NewRocker collected $2 from pot
NewRocker: doesn't show hand
*** SUMMARY ***
Total pot $2 | Rake $0
Seat 2: Luanto 14 (button) (small blind) folded before Flop
Seat 3: NewRocker (big blind) collected ($2)


PokerStars Hand #174644991810:  Hold'em Limit ($3/$6 USD) - 2017/08/22 5:26:22 ET
Table 'Gerlinde' 6-max Seat #3 is the button
Seat 2: Luanto 14 ($68.64 in chips)
Seat 3: NewRocker ($111 in chips)
NewRocker: posts small blind $1
Luanto 14: posts big blind $3
*** HOLE CARDS ***
NewRocker: folds
Uncalled bet ($2) returned to Luanto 14
Luanto 14 collected $2 from pot
Luanto 14: doesn't show hand
*** SUMMARY ***
Total pot $2 | Rake $0
Seat 2: Luanto 14 (big blind) collected ($2)
Seat 3: NewRocker (button) (small blind) folded before Flop


PokerStars Hand #174644975731:  Hold'em Limit ($3/$6 USD) - 2017/08/22 5:25:35 ET
Table 'Gerlinde' 6-max Seat #2 is the button
Seat 2: Luanto 14 ($60 in chips)
Seat 3: NewRocker ($120 in chips)
Luanto 14: posts small blind $1
NewRocker: posts big blind $3
*** HOLE CARDS ***
Luanto 14: raises $3 to $6
NewRocker: calls $3
*** FLOP *** [2d 5c 8s]
jamie2000 leaves the table
NewRocker: checks
Luanto 14: bets $3
NewRocker: calls $3
*** TURN *** [2d 5c 8s] [Qh]
NewRocker: checks
Luanto 14: bets $6
NewRocker: folds
Uncalled bet ($6) returned to Luanto 14
Luanto 14 collected $17.64 from pot
Luanto 14: doesn't show hand
*** SUMMARY ***
Total pot $18 | Rake $0.36
Board [2d 5c 8s Qh]
Seat 2: Luanto 14 (button) (small blind) collected ($17.64)
Seat 3: NewRocker (big blind) folded on the Turn


PokerStars Hand #174644996587:  Hold'em Limit ($3/$6 USD) - 2017/08/22 5:26:36 ET
Table 'Gerlinde' 6-max Seat #3 is the button
Seat 2: Luanto 14 ($68.64 in chips)
Seat 3: NewRocker ($111 in chips)
NewRocker: posts small blind $1
Luanto 14: posts big blind $3
*** HOLE CARDS ***
NewRocker: calls $2
Luanto 14: checks
*** FLOP *** [Qs 9h 8h]
Luanto 14: bets $3
NewRocker: calls $3
*** TURN *** [Qs 9h 8h] [Ad]
Luanto 14: bets $6
NewRocker: raises $6 to $12
Luanto 14: folds
Uncalled bet ($6) returned to NewRocker
NewRocker collected $23.52 from pot
NewRocker: doesn't show hand
*** SUMMARY ***
Total pot $24 | Rake $0.48
Board [Qs 9h 8h Ad]
Seat 2: Luanto 14 (big blind) folded on the Turn
Seat 3: NewRocker (button) (small blind) collected ($23.52)


PokerStars Hand #174645012748:  Hold'em Limit ($3/$6 USD) - 2017/08/22 5:27:24 ET
Table 'Gerlinde' 6-max Seat #3 is the button
Seat 2: Luanto 14 ($66.40 in chips)
Seat 3: NewRocker ($112.52 in chips)
NewRocker: posts small blind $1
Luanto 14: posts big blind $3
*** HOLE CARDS ***
NewRocker: calls $2
Luanto 14: raises $3 to $6
NewRocker: calls $3
*** FLOP *** [Td 9h Ts]
Luanto 14: bets $3
NewRocker: calls $3
*** TURN *** [Td 9h Ts] [Kc]
Luanto 14: bets $6
NewRocker: calls $6
*** RIVER *** [Td 9h Ts Kc] [5h]
Luanto 14: bets $6
NewRocker: calls $6
*** SHOW DOWN ***
Luanto 14: shows [Kh 6d] (two pair, Kings and Tens)
NewRocker: mucks hand
Luanto 14 collected $41.50 from pot
*** SUMMARY ***
Total pot $42 | Rake $0.50
Board [Td 9h Ts Kc 5h]
Seat 2: Luanto 14 (big blind) showed [Kh 6d] and won ($41.50) with two pair, Kings and Tens
Seat 3: NewRocker (button) (small blind) mucked


PokerStars Hand #174645010389:  Hold'em Limit ($3/$6 USD) - 2017/08/22 5:27:17 ET
Table 'Gerlinde' 6-max Seat #2 is the button
Seat 2: Luanto 14 ($63.40 in chips)
Seat 3: NewRocker ($115.52 in chips)
Luanto 14: posts small blind $1
NewRocker: posts big blind $3
*** HOLE CARDS ***
Luanto 14: raises $3 to $6
NewRocker: folds
Uncalled bet ($3) returned to Luanto 14
Luanto 14 collected $6 from pot
Luanto 14: doesn't show hand
*** SUMMARY ***
Total pot $6 | Rake $0
Seat 2: Luanto 14 (button) (small blind) collected ($6)
Seat 3: NewRocker (big blind) folded before Flop


PokerStars Hand #174645008194:  Hold'em Limit ($3/$6 USD) - 2017/08/22 5:27:10 ET
Table 'Gerlinde' 6-max Seat #3 is the button
Seat 2: Luanto 14 ($62.40 in chips)
Seat 3: NewRocker ($116.52 in chips)
NewRocker: posts small blind $1
Luanto 14: posts big blind $3
*** HOLE CARDS ***
NewRocker: folds
Uncalled bet ($2) returned to Luanto 14
Luanto 14 collected $2 from pot
Luanto 14: doesn't show hand
*** SUMMARY ***
Total pot $2 | Rake $0
Seat 2: Luanto 14 (big blind) collected ($2)
Seat 3: NewRocker (button) (small blind) folded before Flop


PokerStars Hand #174645019609:  Hold'em Limit ($3/$6 USD) - 2017/08/22 5:27:44 ET
Table 'Gerlinde' 6-max Seat #2 is the button
Seat 2: Luanto 14 ($86.90 in chips)
Seat 3: NewRocker ($91.52 in chips)
Luanto 14: posts small blind $1
NewRocker: posts big blind $3
*** HOLE CARDS ***
Luanto 14: raises $3 to $6
NewRocker: raises $3 to $9
Luanto 14: calls $3
*** FLOP *** [5c Jc Qh]
NewRocker: bets $3
Luanto 14: folds
Uncalled bet ($3) returned to NewRocker
NewRocker collected $17.64 from pot
NewRocker: doesn't show hand
*** SUMMARY ***
Total pot $18 | Rake $0.36
Board [5c Jc Qh]
Seat 2: Luanto 14 (button) (small blind) folded on the Flop
Seat 3: NewRocker (big blind) collected ($17.64)


PokerStars Hand #174645002490:  Hold'em Limit ($3/$6 USD) - 2017/08/22 5:26:54 ET
Table 'Gerlinde' 6-max Seat #2 is the button
Seat 2: Luanto 14 ($56.64 in chips)
Seat 3: NewRocker ($122.52 in chips)
Luanto 14: posts small blind $1
NewRocker: posts big blind $3
*** HOLE CARDS ***
Luanto 14: raises $3 to $6
NewRocker: calls $3
*** FLOP *** [Js 9s As]
NewRocker: checks
Luanto 14: bets $3
NewRocker: folds
Uncalled bet ($3) returned to Luanto 14
Luanto 14 collected $11.76 from pot
Luanto 14: doesn't show hand
*** SUMMARY ***
Total pot $12 | Rake $0.24
Board [Js 9s As]
Seat 2: Luanto 14 (button) (small blind) collected ($11.76)
Seat 3: NewRocker (big blind) folded on the Flop


PokerStars Hand #174645023316:  Hold'em Limit ($3/$6 USD) - 2017/08/22 5:27:55 ET
Table 'Gerlinde' 6-max Seat #3 is the button
Seat 2: Luanto 14 ($77.90 in chips)
Seat 3: NewRocker ($100.16 in chips)
NewRocker: posts small blind $1
Luanto 14: posts big blind $3
*** HOLE CARDS ***
NewRocker: folds
Uncalled bet ($2) returned to Luanto 14
Luanto 14 collected $2 from pot
Luanto 14: doesn't show hand
*** SUMMARY ***
Total pot $2 | Rake $0
Seat 2: Luanto 14 (big blind) collected ($2)
Seat 3: NewRocker (button) (small blind) folded before Flop


PokerStars Hand #174645024869:  Hold'em Limit ($3/$6 USD) - 2017/08/22 5:27:59 ET
Table 'Gerlinde' 6-max Seat #2 is the button
Seat 2: Luanto 14 ($78.90 in chips)
Seat 3: NewRocker ($99.16 in chips)
Luanto 14: posts small blind $1
NewRocker: posts big blind $3
*** HOLE CARDS ***
Luanto 14: raises $3 to $6
NewRocker: raises $3 to $9
Luanto 14: calls $3
*** FLOP *** [6s Td Tc]
NewRocker: bets $3
Luanto 14: calls $3
*** TURN *** [6s Td Tc] [5s]
NewRocker: bets $6
Luanto 14: folds
Uncalled bet ($6) returned to NewRocker
NewRocker collected $23.52 from pot
NewRocker: doesn't show hand
*** SUMMARY ***
Total pot $24 | Rake $0.48
Board [6s Td Tc 5s]
Seat 2: Luanto 14 (button) (small blind) folded on the Turn
Seat 3: NewRocker (big blind) collected ($23.52)


PokerStars Hand #174645033259:  Hold'em Limit ($3/$6 USD) - 2017/08/22 5:28:24 ET
Table 'Gerlinde' 6-max Seat #3 is the button
Seat 2: Luanto 14 ($70.90 in chips)
Seat 3: NewRocker ($106.68 in chips)
NewRocker: posts small blind $1
Luanto 14: posts big blind $3
*** HOLE CARDS ***
NewRocker: raises $3 to $6
Luanto 14: calls $3
*** FLOP *** [Td 9c 7s]
Luanto 14: checks
NewRocker: checks
*** TURN *** [Td 9c 7s] [8h]
Luanto 14: bets $6
NewRocker: folds
Uncalled bet ($6) returned to Luanto 14
Luanto 14 collected $11.76 from pot
Luanto 14: doesn't show hand
*** SUMMARY ***
Total pot $12 | Rake $0.24
Board [Td 9c 7s 8h]
Seat 2: Luanto 14 (big blind) collected ($11.76)
Seat 3: NewRocker (button) (small blind) folded on the Turn


PokerStars Hand #174645031295:  Hold'em Limit ($3/$6 USD) - 2017/08/22 5:28:18 ET
Table 'Gerlinde' 6-max Seat #2 is the button
Seat 2: Luanto 14 ($67.90 in chips)
Seat 3: NewRocker ($109.68 in chips)
Luanto 14: posts small blind $1
NewRocker: posts big blind $3
*** HOLE CARDS ***
Luanto 14: raises $3 to $6
NewRocker: folds
Uncalled bet ($3) returned to Luanto 14
Luanto 14 collected $6 from pot
Luanto 14: doesn't show hand
*** SUMMARY ***
Total pot $6 | Rake $0
Seat 2: Luanto 14 (button) (small blind) collected ($6)
Seat 3: NewRocker (big blind) folded before Flop


PokerStars Hand #174645029710:  Hold'em Limit ($3/$6 USD) - 2017/08/22 5:28:13 ET
Table 'Gerlinde' 6-max Seat #3 is the button
Seat 2: Luanto 14 ($66.90 in chips)
Seat 3: NewRocker ($110.68 in chips)
NewRocker: posts small blind $1
Luanto 14: posts big blind $3
*** HOLE CARDS ***
NewRocker: folds
Uncalled bet ($2) returned to Luanto 14
Luanto 14 collected $2 from pot
Luanto 14: doesn't show hand
*** SUMMARY ***
Total pot $2 | Rake $0
Seat 2: Luanto 14 (big blind) collected ($2)
Seat 3: NewRocker (button) (small blind) folded before Flop


PokerStars Hand #174645046249:  Hold'em Limit ($3/$6 USD) - 2017/08/22 5:29:02 ET
Table 'Gerlinde' 6-max Seat #2 is the button
Seat 2: Luanto 14 ($59.66 in chips)
Seat 3: NewRocker ($117.18 in chips)
Luanto 14: posts small blind $1
NewRocker: posts big blind $3
*** HOLE CARDS ***
Luanto 14: raises $3 to $6
NewRocker: folds
Uncalled bet ($3) returned to Luanto 14
Luanto 14 collected $6 from pot
Luanto 14: doesn't show hand
*** SUMMARY ***
Total pot $6 | Rake $0
Seat 2: Luanto 14 (button) (small blind) collected ($6)
Seat 3: NewRocker (big blind) folded before Flop


PokerStars Hand #174645052334:  Hold'em Limit ($3/$6 USD) - 2017/08/22 5:29:20 ET
Table 'Gerlinde' 6-max Seat #2 is the button
Seat 2: Luanto 14 ($74.18 in chips)
Seat 3: NewRocker ($102.18 in chips)
Luanto 14: posts small blind $1
NewRocker: posts big blind $3
*** HOLE CARDS ***
Luanto 14: folds
Uncalled bet ($2) returned to NewRocker
NewRocker collected $2 from pot
NewRocker: doesn't show hand
*** SUMMARY ***
Total pot $2 | Rake $0
Seat 2: Luanto 14 (button) (small blind) folded before Flop
Seat 3: NewRocker (big blind) collected ($2)


PokerStars Hand #174645048437:  Hold'em Limit ($3/$6 USD) - 2017/08/22 5:29:08 ET
Table 'Gerlinde' 6-max Seat #3 is the button
Seat 2: Luanto 14 ($62.66 in chips)
Seat 3: NewRocker ($114.18 in chips)
NewRocker: posts small blind $1
Luanto 14: posts big blind $3
*** HOLE CARDS ***
NewRocker: raises $3 to $6
Luanto 14: raises $3 to $9
NewRocker: calls $3
*** FLOP *** [3d 4c 9h]
Luanto 14: bets $3
NewRocker: calls $3
*** TURN *** [3d 4c 9h] [3c]
Luanto 14: bets $6
NewRocker: folds
Uncalled bet ($6) returned to Luanto 14
Luanto 14 collected $23.52 from pot
Luanto 14: doesn't show hand
*** SUMMARY ***
Total pot $24 | Rake $0.48
Board [3d 4c 9h 3c]
Seat 2: Luanto 14 (big blind) collected ($23.52)
Seat 3: NewRocker (button) (small blind) folded on the Turn


PokerStars Hand #174645044705:  Hold'em Limit ($3/$6 USD) - 2017/08/22 5:28:57 ET
Table 'Gerlinde' 6-max Seat #3 is the button
Seat 2: Luanto 14 ($58.66 in chips)
Seat 3: NewRocker ($118.18 in chips)
NewRocker: posts small blind $1
Luanto 14: posts big blind $3
*** HOLE CARDS ***
NewRocker: folds
Uncalled bet ($2) returned to Luanto 14
Luanto 14 collected $2 from pot
Luanto 14: doesn't show hand
*** SUMMARY ***
Total pot $2 | Rake $0
Seat 2: Luanto 14 (big blind) collected ($2)
Seat 3: NewRocker (button) (small blind) folded before Flop


PokerStars Hand #174645037271:  Hold'em Limit ($3/$6 USD) - 2017/08/22 5:28:36 ET
Table 'Gerlinde' 6-max Seat #2 is the button
Seat 2: Luanto 14 ($76.66 in chips)
Seat 3: NewRocker ($100.68 in chips)
Luanto 14: posts small blind $1
NewRocker: posts big blind $3
*** HOLE CARDS ***
Luanto 14: raises $3 to $6
NewRocker: raises $3 to $9
Luanto 14: calls $3
*** FLOP *** [6h Jc 8h]
NewRocker: bets $3
Luanto 14: calls $3
*** TURN *** [6h Jc 8h] [5s]
NewRocker: bets $6
Luanto 14: calls $6
*** RIVER *** [6h Jc 8h 5s] [3d]
NewRocker: bets $6
Luanto 14: folds
Uncalled bet ($6) returned to NewRocker
NewRocker collected $35.50 from pot
NewRocker: doesn't show hand
*** SUMMARY ***
Total pot $36 | Rake $0.50
Board [6h Jc 8h 5s 3d]
Seat 2: Luanto 14 (button) (small blind) folded on the River
Seat 3: NewRocker (big blind) collected ($35.50)


PokerStars Hand #174645054077:  Hold'em Limit ($3/$6 USD) - 2017/08/22 5:29:25 ET
Table 'Gerlinde' 6-max Seat #3 is the button
Seat 2: Luanto 14 ($73.18 in chips)
Seat 3: NewRocker ($103.18 in chips)
NewRocker: posts small blind $1
Luanto 14: posts big blind $3
*** HOLE CARDS ***
NewRocker: calls $2
Luanto 14: raises $3 to $6
NewRocker: calls $3
*** FLOP *** [Ah Kh 9h]
Luanto 14: bets $3
NewRocker: calls $3
*** TURN *** [Ah Kh 9h] [Ac]
Luanto 14: bets $6
NewRocker: calls $6
*** RIVER *** [Ah Kh 9h Ac] [9d]
Luanto 14: bets $6
NewRocker: calls $6
*** SHOW DOWN ***
Luanto 14: shows [As 2d] (a full house, Aces full of Nines)
NewRocker: mucks hand
Luanto 14 collected $41.50 from pot
*** SUMMARY ***
Total pot $42 | Rake $0.50
Board [Ah Kh 9h Ac 9d]
Seat 2: Luanto 14 (big blind) showed [As 2d] and won ($41.50) with a full house, Aces full of Nines
Seat 3: NewRocker (button) (small blind) mucked


PokerStars Hand #174645067909:  Hold'em Limit ($3/$6 USD) - 2017/08/22 5:30:05 ET
Table 'Gerlinde' 6-max Seat #3 is the button
Seat 2: Luanto 14 ($117.18 in chips)
Seat 3: NewRocker ($58.18 in chips)
NewRocker: posts small blind $1
Luanto 14: posts big blind $3
*** HOLE CARDS ***
NewRocker: raises $3 to $6
Luanto 14: folds
Uncalled bet ($3) returned to NewRocker
NewRocker collected $6 from pot
NewRocker: doesn't show hand
*** SUMMARY ***
Total pot $6 | Rake $0
Seat 2: Luanto 14 (big blind) folded before Flop
Seat 3: NewRocker (button) (small blind) collected ($6)


PokerStars Hand #174645069997:  Hold'em Limit ($3/$6 USD) - 2017/08/22 5:30:11 ET
Table 'Gerlinde' 6-max Seat #2 is the button
Seat 2: Luanto 14 ($114.18 in chips)
Seat 3: NewRocker ($61.18 in chips)
Luanto 14: posts small blind $1
NewRocker: posts big blind $3
*** HOLE CARDS ***
Luanto 14: raises $3 to $6
NewRocker: raises $3 to $9
Luanto 14: calls $3
*** FLOP *** [8h 2c 6s]
NewRocker: bets $3
Luanto 14: calls $3
*** TURN *** [8h 2c 6s] [Ac]
NewRocker: checks
Luanto 14: checks
*** RIVER *** [8h 2c 6s Ac] [8s]
NewRocker: bets $6
Luanto 14: folds
Uncalled bet ($6) returned to NewRocker
NewRocker collected $23.52 from pot
NewRocker: doesn't show hand
*** SUMMARY ***
Total pot $24 | Rake $0.48
Board [8h 2c 6s Ac 8s]
Seat 2: Luanto 14 (button) (small blind) folded on the River
Seat 3: NewRocker (big blind) collected ($23.52)


PokerStars Hand #174645078779:  Hold'em Limit ($3/$6 USD) - 2017/08/22 5:30:37 ET
Table 'Gerlinde' 6-max Seat #2 is the button
Seat 2: Luanto 14 ($103.18 in chips)
Seat 3: NewRocker ($71.70 in chips)
Luanto 14: posts small blind $1
NewRocker: posts big blind $3
*** HOLE CARDS ***
Luanto 14: raises $3 to $6
NewRocker: raises $3 to $9
Luanto 14: calls $3
*** FLOP *** [9h 8s 2c]
NewRocker: bets $3
Luanto 14: calls $3
*** TURN *** [9h 8s 2c] [3s]
NewRocker: bets $6
Luanto 14: calls $6
*** RIVER *** [9h 8s 2c 3s] [5d]
NewRocker: bets $6
Luanto 14: calls $6
*** SHOW DOWN ***
NewRocker: shows [4d Kc] (high card King)
Luanto 14: shows [2h Jh] (a pair of Deuces)
Luanto 14 collected $47.50 from pot
*** SUMMARY ***
Total pot $48 | Rake $0.50
Board [9h 8s 2c 3s 5d]
Seat 2: Luanto 14 (button) (small blind) showed [2h Jh] and won ($47.50) with a pair of Deuces
Seat 3: NewRocker (big blind) showed [4d Kc] and lost with high card King


PokerStars Hand #174645077081:  Hold'em Limit ($3/$6 USD) - 2017/08/22 5:30:32 ET
Table 'Gerlinde' 6-max Seat #3 is the button
Seat 2: Luanto 14 ($102.18 in chips)
Seat 3: NewRocker ($72.70 in chips)
NewRocker: posts small blind $1
Luanto 14: posts big blind $3
*** HOLE CARDS ***
NewRocker: folds
Uncalled bet ($2) returned to Luanto 14
Luanto 14 collected $2 from pot
Luanto 14: doesn't show hand
*** SUMMARY ***
Total pot $2 | Rake $0
Seat 2: Luanto 14 (big blind) collected ($2)
Seat 3: NewRocker (button) (small blind) folded before Flop


PokerStars Hand #174645059456:  Hold'em Limit ($3/$6 USD) - 2017/08/22 5:29:40 ET
Table 'Gerlinde' 6-max Seat #2 is the button
Seat 2: Luanto 14 ($93.68 in chips)
Seat 3: NewRocker ($82.18 in chips)
Luanto 14: posts small blind $1
NewRocker: posts big blind $3
*** HOLE CARDS ***
Luanto 14: raises $3 to $6
NewRocker: calls $3
*** FLOP *** [Qs Ts 5h]
NewRocker: checks
Luanto 14: bets $3
NewRocker: raises $3 to $6
Luanto 14: calls $3
*** TURN *** [Qs Ts 5h] [6c]
NewRocker: bets $6
Luanto 14: calls $6
*** RIVER *** [Qs Ts 5h 6c] [As]
NewRocker: checks
Luanto 14: bets $6
NewRocker: calls $6
*** SHOW DOWN ***
Luanto 14: shows [2s Js] (a flush, Ace high)
NewRocker: mucks hand
Luanto 14 collected $47.50 from pot
*** SUMMARY ***
Total pot $48 | Rake $0.50
Board [Qs Ts 5h 6c As]
Seat 2: Luanto 14 (button) (small blind) showed [2s Js] and won ($47.50) with a flush, Ace high
Seat 3: NewRocker (big blind) mucked


PokerStars Hand #174645084768:  Hold'em Limit ($3/$6 USD) - 2017/08/22 5:30:55 ET
Table 'Gerlinde' 6-max Seat #3 is the button
Seat 2: Luanto 14 ($126.68 in chips)
Seat 3: NewRocker ($47.70 in chips)
NewRocker: posts small blind $1
Luanto 14: posts big blind $3
*** HOLE CARDS ***
NewRocker: raises $3 to $6
Luanto 14: calls $3
*** FLOP *** [5d 9c Kh]
Luanto 14: checks
NewRocker: bets $3
Luanto 14: folds
Uncalled bet ($3) returned to NewRocker
NewRocker collected $11.76 from pot
NewRocker: doesn't show hand
*** SUMMARY ***
Total pot $12 | Rake $0.24
Board [5d 9c Kh]
Seat 2: Luanto 14 (big blind) folded on the Flop
Seat 3: NewRocker (button) (small blind) collected ($11.76)


PokerStars Hand #174645103103:  Hold'em Limit ($3/$6 USD) - 2017/08/22 5:31:48 ET
Table 'Gerlinde' 6-max Seat #3 is the button
Seat 2: Luanto 14 ($122.18 in chips)
Seat 3: NewRocker ($50.96 in chips)
NewRocker: posts small blind $1
Luanto 14: posts big blind $3
*** HOLE CARDS ***
NewRocker: folds
Uncalled bet ($2) returned to Luanto 14
Luanto 14 collected $2 from pot
Luanto 14: doesn't show hand
*** SUMMARY ***
Total pot $2 | Rake $0
Seat 2: Luanto 14 (big blind) collected ($2)
Seat 3: NewRocker (button) (small blind) folded before Flop


PokerStars Hand #174645088193:  Hold'em Limit ($3/$6 USD) - 2017/08/22 5:31:05 ET
Table 'Gerlinde' 6-max Seat #2 is the button
Seat 2: Luanto 14 ($120.68 in chips)
Seat 3: NewRocker ($53.46 in chips)
Luanto 14: posts small blind $1
NewRocker: posts big blind $3
*** HOLE CARDS ***
Luanto 14: raises $3 to $6
NewRocker: raises $3 to $9
Luanto 14: calls $3
*** FLOP *** [3d 3s Qs]
NewRocker: bets $3
Luanto 14: calls $3
*** TURN *** [3d 3s Qs] [6d]
NewRocker: bets $6
Luanto 14: raises $6 to $12
NewRocker: calls $6
*** RIVER *** [3d 3s Qs 6d] [3h]
NewRocker: checks
Luanto 14: bets $6
NewRocker: folds
Uncalled bet ($6) returned to Luanto 14
Luanto 14 collected $47.50 from pot
Luanto 14: doesn't show hand
*** SUMMARY ***
Total pot $48 | Rake $0.50
Board [3d 3s Qs 6d 3h]
Seat 2: Luanto 14 (button) (small blind) collected ($47.50)
Seat 3: NewRocker (big blind) folded on the River


PokerStars Hand #174645094835:  Hold'em Limit ($3/$6 USD) - 2017/08/22 5:31:24 ET
Table 'Gerlinde' 6-max Seat #3 is the button
Seat 2: Luanto 14 ($144.18 in chips)
Seat 3: NewRocker ($29.46 in chips)
NewRocker: posts small blind $1
Luanto 14: posts big blind $3
*** HOLE CARDS ***
NewRocker: raises $3 to $6
Luanto 14: calls $3
*** FLOP *** [Qs Ah 7s]
Luanto 14: checks
NewRocker: bets $3
Luanto 14: raises $3 to $6
NewRocker: raises $3 to $9
Luanto 14: calls $3
*** TURN *** [Qs Ah 7s] [3h]
Luanto 14: checks
NewRocker: bets $6
Luanto 14: calls $6
*** RIVER *** [Qs Ah 7s 3h] [2d]
Luanto 14: checks
NewRocker: bets $6
Luanto 14: folds
Uncalled bet ($6) returned to NewRocker
NewRocker collected $41.50 from pot
NewRocker: doesn't show hand
*** SUMMARY ***
Total pot $42 | Rake $0.50
Board [Qs Ah 7s 3h 2d]
Seat 2: Luanto 14 (big blind) folded on the River
Seat 3: NewRocker (button) (small blind) collected ($41.50)


PokerStars Hand #174645114040:  Hold'em Limit ($3/$6 USD) - 2017/08/22 5:32:20 ET
Table 'Gerlinde' 6-max Seat #2 is the button
Seat 2: Luanto 14 ($121.94 in chips)
Seat 3: NewRocker ($50.60 in chips)
Luanto 14: posts small blind $1
NewRocker: posts big blind $3
*** HOLE CARDS ***
Luanto 14: raises $3 to $6
NewRocker: calls $3
*** FLOP *** [6c 8c Jd]
NewRocker: checks
Luanto 14: bets $3
NewRocker: raises $3 to $6
Luanto 14: calls $3
*** TURN *** [6c 8c Jd] [Th]
NewRocker: bets $6
Luanto 14: raises $6 to $12
NewRocker: calls $6
*** RIVER *** [6c 8c Jd Th] [4d]
NewRocker: checks
Luanto 14: bets $6
NewRocker: calls $6
*** SHOW DOWN ***
Luanto 14: shows [Qh Qd] (a pair of Queens)
NewRocker: shows [Ad Ac] (a pair of Aces)
NewRocker collected $59.50 from pot
*** SUMMARY ***
Total pot $60 | Rake $0.50
Board [6c 8c Jd Th 4d]
Seat 2: Luanto 14 (button) (small blind) showed [Qh Qd] and lost with a pair of Queens
Seat 3: NewRocker (big blind) showed [Ad Ac] and won ($59.50) with a pair of Aces


PokerStars Hand #174645112475:  Hold'em Limit ($3/$6 USD) - 2017/08/22 5:32:16 ET
Table 'Gerlinde' 6-max Seat #3 is the button
Seat 2: Luanto 14 ($120.94 in chips)
Seat 3: NewRocker ($51.60 in chips)
NewRocker: posts small blind $1
Luanto 14: posts big blind $3
*** HOLE CARDS ***
NewRocker: folds
Uncalled bet ($2) returned to Luanto 14
Luanto 14 collected $2 from pot
Luanto 14: doesn't show hand
*** SUMMARY ***
Total pot $2 | Rake $0
Seat 2: Luanto 14 (big blind) collected ($2)
Seat 3: NewRocker (button) (small blind) folded before Flop


PokerStars Hand #174645109474:  Hold'em Limit ($3/$6 USD) - 2017/08/22 5:32:07 ET
Table 'Gerlinde' 6-max Seat #2 is the button
Seat 2: Luanto 14 ($115.18 in chips)
Seat 3: NewRocker ($57.60 in chips)
Luanto 14: posts small blind $1
NewRocker: posts big blind $3
*** HOLE CARDS ***
Luanto 14: raises $3 to $6
NewRocker: calls $3
*** FLOP *** [Qh Tc 4h]
NewRocker: checks
Luanto 14: bets $3
NewRocker: folds
Uncalled bet ($3) returned to Luanto 14
Luanto 14 collected $11.76 from pot
Luanto 14: doesn't show hand
*** SUMMARY ***
Total pot $12 | Rake $0.24
Board [Qh Tc 4h]
Seat 2: Luanto 14 (button) (small blind) collected ($11.76)
Seat 3: NewRocker (big blind) folded on the Flop


PokerStars Hand #174645107999:  Hold'em Limit ($3/$6 USD) - 2017/08/22 5:32:03 ET
Table 'Gerlinde' 6-max Seat #3 is the button
Seat 2: Luanto 14 ($114.18 in chips)
Seat 3: NewRocker ($58.60 in chips)
NewRocker: posts small blind $1
Luanto 14: posts big blind $3
*** HOLE CARDS ***
NewRocker: folds
Uncalled bet ($2) returned to Luanto 14
Luanto 14 collected $2 from pot
Luanto 14: doesn't show hand
*** SUMMARY ***
Total pot $2 | Rake $0
Seat 2: Luanto 14 (big blind) collected ($2)
Seat 3: NewRocker (button) (small blind) folded before Flop


PokerStars Hand #174645104674:  Hold'em Limit ($3/$6 USD) - 2017/08/22 5:31:53 ET
Table 'Gerlinde' 6-max Seat #2 is the button
Seat 2: Luanto 14 ($123.18 in chips)
Seat 3: NewRocker ($49.96 in chips)
Luanto 14: posts small blind $1
NewRocker: posts big blind $3
*** HOLE CARDS ***
Luanto 14: raises $3 to $6
NewRocker: calls $3
*** FLOP *** [Ks Ad 2d]
NewRocker: checks
Luanto 14: bets $3
NewRocker: raises $3 to $6
Luanto 14: folds
Uncalled bet ($3) returned to NewRocker
NewRocker collected $17.64 from pot
NewRocker: doesn't show hand
*** SUMMARY ***
Total pot $18 | Rake $0.36
Board [Ks Ad 2d]
Seat 2: Luanto 14 (button) (small blind) folded on the Flop
Seat 3: NewRocker (big blind) collected ($17.64)


PokerStars Hand #174645136333:  Hold'em Limit ($3/$6 USD) - 2017/08/22 5:33:26 ET
Table 'Gerlinde' 6-max Seat #2 is the button
Seat 2: Luanto 14 ($135.94 in chips)
Seat 3: NewRocker ($35.10 in chips)
Luanto 14: posts small blind $1
NewRocker: posts big blind $3
*** HOLE CARDS ***
Luanto 14: raises $3 to $6
NewRocker: raises $3 to $9
Luanto 14: calls $3
*** FLOP *** [6d 4d 8c]
NewRocker: bets $3
Luanto 14: calls $3
*** TURN *** [6d 4d 8c] [3d]
NewRocker: checks
Luanto 14: bets $6
NewRocker: raises $6 to $12
Luanto 14: calls $6
*** RIVER *** [6d 4d 8c 3d] [Tc]
NewRocker: bets $6
Luanto 14: calls $6
*** SHOW DOWN ***
NewRocker: shows [Ts Qs] (a pair of Tens)
Luanto 14: mucks hand
NewRocker collected $59.50 from pot
*** SUMMARY ***
Total pot $60 | Rake $0.50
Board [6d 4d 8c 3d Tc]
Seat 2: Luanto 14 (button) (small blind) mucked
Seat 3: NewRocker (big blind) showed [Ts Qs] and won ($59.50) with a pair of Tens


PokerStars Hand #174645122674:  Hold'em Limit ($3/$6 USD) - 2017/08/22 5:32:46 ET
Table 'Gerlinde' 6-max Seat #3 is the button
Seat 2: Luanto 14 ($91.94 in chips)
Seat 3: NewRocker ($80.10 in chips)
NewRocker: posts small blind $1
Luanto 14: posts big blind $3
*** HOLE CARDS ***
NewRocker: raises $3 to $6
Luanto 14: calls $3
*** FLOP *** [As 4s 7c]
Luanto 14: checks
NewRocker: bets $3
Luanto 14: raises $3 to $6
NewRocker: calls $3
*** TURN *** [As 4s 7c] [Ac]
Luanto 14: bets $6
NewRocker: calls $6
*** RIVER *** [As 4s 7c Ac] [7h]
Luanto 14: bets $6
NewRocker: folds
Uncalled bet ($6) returned to Luanto 14
Luanto 14 collected $35.50 from pot
Luanto 14: doesn't show hand
*** SUMMARY ***
Total pot $36 | Rake $0.50
Board [As 4s 7c Ac 7h]
Seat 2: Luanto 14 (big blind) collected ($35.50)
Seat 3: NewRocker (button) (small blind) folded on the River


PokerStars Hand #174645130954:  Hold'em Limit ($3/$6 USD) - 2017/08/22 5:33:10 ET
Table 'Gerlinde' 6-max Seat #3 is the button
Seat 2: Luanto 14 ($112.44 in chips)
Seat 3: NewRocker ($59.10 in chips)
NewRocker: posts small blind $1
Luanto 14: posts big blind $3
*** HOLE CARDS ***
NewRocker: raises $3 to $6
Luanto 14: calls $3
*** FLOP *** [3c 8c Tc]
Luanto 14: checks
NewRocker: bets $3
Luanto 14: raises $3 to $6
NewRocker: calls $3
*** TURN *** [3c 8c Tc] [3s]
Luanto 14: bets $6
NewRocker: calls $6
*** RIVER *** [3c 8c Tc 3s] [Ad]
Luanto 14: bets $6
NewRocker: calls $6
*** SHOW DOWN ***
Luanto 14: shows [Ts 4c] (two pair, Tens and Threes)
NewRocker: mucks hand
Luanto 14 collected $47.50 from pot
*** SUMMARY ***
Total pot $48 | Rake $0.50
Board [3c 8c Tc 3s Ad]
Seat 2: Luanto 14 (big blind) showed [Ts 4c] and won ($47.50) with two pair, Tens and Threes
Seat 3: NewRocker (button) (small blind) mucked


PokerStars Hand #174645129230:  Hold'em Limit ($3/$6 USD) - 2017/08/22 5:33:05 ET
Table 'Gerlinde' 6-max Seat #2 is the button
Seat 2: Luanto 14 ($109.44 in chips)
Seat 3: NewRocker ($62.10 in chips)
Luanto 14: posts small blind $1
NewRocker: posts big blind $3
*** HOLE CARDS ***
Luanto 14: raises $3 to $6
NewRocker: folds
Uncalled bet ($3) returned to Luanto 14
Luanto 14 collected $6 from pot
Luanto 14: doesn't show hand
*** SUMMARY ***
Total pot $6 | Rake $0
Seat 2: Luanto 14 (button) (small blind) collected ($6)
Seat 3: NewRocker (big blind) folded before Flop


PokerStars Hand #174645150655:  Hold'em Limit ($3/$6 USD) - 2017/08/22 5:34:08 ET
Table 'Gerlinde' 6-max Seat #3 is the button
Seat 2: Luanto 14 ($108.69 in chips)
Seat 3: NewRocker ($61.35 in chips)
NewRocker: posts small blind $1
Luanto 14: posts big blind $3
*** HOLE CARDS ***
NewRocker: calls $2
Luanto 14: checks
*** FLOP *** [3h 4s 2h]
Luanto 14: checks
NewRocker: checks
*** TURN *** [3h 4s 2h] [Kc]
Luanto 14: checks
NewRocker: checks
*** RIVER *** [3h 4s 2h Kc] [Js]
Luanto 14: checks
NewRocker: checks
*** SHOW DOWN ***
Luanto 14: shows [7s Th] (high card King)
NewRocker: shows [9s Jd] (a pair of Jacks)
NewRocker collected $5.88 from pot
*** SUMMARY ***
Total pot $6 | Rake $0.12
Board [3h 4s 2h Kc Js]
Seat 2: Luanto 14 (big blind) showed [7s Th] and lost with high card King
Seat 3: NewRocker (button) (small blind) showed [9s Jd] and won ($5.88) with a pair of Jacks


PokerStars Hand #174645156117:  Hold'em Limit ($3/$6 USD) - 2017/08/22 5:34:24 ET
Table 'Gerlinde' 6-max Seat #2 is the button
Seat 2: Luanto 14 ($105.69 in chips)
Seat 3: NewRocker ($64.23 in chips)
Luanto 14: posts small blind $1
NewRocker: posts big blind $3
*** HOLE CARDS ***
Luanto 14: raises $3 to $6
NewRocker: calls $3
*** FLOP *** [4d 5h Ah]
NewRocker: checks
Luanto 14: bets $3
NewRocker: folds
Uncalled bet ($3) returned to Luanto 14
Luanto 14 collected $11.76 from pot
Luanto 14: doesn't show hand
*** SUMMARY ***
Total pot $12 | Rake $0.24
Board [4d 5h Ah]
Seat 2: Luanto 14 (button) (small blind) collected ($11.76)
Seat 3: NewRocker (big blind) folded on the Flop


PokerStars Hand #174645141956:  Hold'em Limit ($3/$6 USD) - 2017/08/22 5:33:42 ET
Table 'Gerlinde' 6-max Seat #3 is the button
Seat 2: Luanto 14 ($105.94 in chips)
Seat 3: NewRocker ($64.60 in chips)
NewRocker: posts small blind $1
Luanto 14: posts big blind $3
*** HOLE CARDS ***
NewRocker: raises $3 to $6
Luanto 14: calls $3
*** FLOP *** [Ac Qc Qd]
Luanto 14: checks
NewRocker: bets $3
Luanto 14: calls $3
*** TURN *** [Ac Qc Qd] [5h]
Luanto 14: checks
NewRocker: bets $6
Luanto 14: calls $6
*** RIVER *** [Ac Qc Qd 5h] [8h]
Luanto 14: checks
NewRocker: bets $6
Luanto 14: calls $6
*** SHOW DOWN ***
NewRocker: shows [7h Ah] (two pair, Aces and Queens)
Luanto 14: shows [8c As] (two pair, Aces and Queens)
Luanto 14 collected $20.75 from pot
NewRocker collected $20.75 from pot
*** SUMMARY ***
Total pot $42 | Rake $0.50
Board [Ac Qc Qd 5h 8h]
Seat 2: Luanto 14 (big blind) showed [8c As] and won ($20.75) with two pair, Aces and Queens
Seat 3: NewRocker (button) (small blind) showed [7h Ah] and won ($20.75) with two pair, Aces and Queens


PokerStars Hand #174645148801:  Hold'em Limit ($3/$6 USD) - 2017/08/22 5:34:03 ET
Table 'Gerlinde' 6-max Seat #2 is the button
Seat 2: Luanto 14 ($105.69 in chips)
Seat 3: NewRocker ($64.35 in chips)
Luanto 14: posts small blind $1
NewRocker: posts big blind $3
*** HOLE CARDS ***
Luanto 14: raises $3 to $6
NewRocker: folds
Uncalled bet ($3) returned to Luanto 14
Luanto 14 collected $6 from pot
Luanto 14: doesn't show hand
*** SUMMARY ***
Total pot $6 | Rake $0
Seat 2: Luanto 14 (button) (small blind) collected ($6)
Seat 3: NewRocker (big blind) folded before Flop


PokerStars Hand #174645160042:  Hold'em Limit ($3/$6 USD) - 2017/08/22 5:34:36 ET
Table 'Gerlinde' 6-max Seat #3 is the button
Seat 2: Luanto 14 ($111.45 in chips)
Seat 3: NewRocker ($58.23 in chips)
NewRocker: posts small blind $1
Luanto 14: posts big blind $3
*** HOLE CARDS ***
NewRocker: calls $2
Luanto 14: checks
*** FLOP *** [Kh Ks 7c]
Luanto 14: checks
NewRocker: bets $3
Luanto 14: calls $3
*** TURN *** [Kh Ks 7c] [3h]
Luanto 14: checks
NewRocker: checks
*** RIVER *** [Kh Ks 7c 3h] [5h]
Luanto 14: checks
NewRocker: bets $6
Luanto 14: folds
Uncalled bet ($6) returned to NewRocker
NewRocker collected $11.76 from pot
NewRocker: doesn't show hand
*** SUMMARY ***
Total pot $12 | Rake $0.24
Board [Kh Ks 7c 3h 5h]
Seat 2: Luanto 14 (big blind) folded on the River
Seat 3: NewRocker (button) (small blind) collected ($11.76)


PokerStars Hand #174645166113:  Hold'em Limit ($3/$6 USD) - 2017/08/22 5:34:54 ET
Table 'Gerlinde' 6-max Seat #2 is the button
Seat 2: Luanto 14 ($105.45 in chips)
Seat 3: NewRocker ($63.99 in chips)
Luanto 14: posts small blind $1
NewRocker: posts big blind $3
*** HOLE CARDS ***
Luanto 14: raises $3 to $6
NewRocker: folds
Uncalled bet ($3) returned to Luanto 14
Luanto 14 collected $6 from pot
Luanto 14: doesn't show hand
*** SUMMARY ***
Total pot $6 | Rake $0
Seat 2: Luanto 14 (button) (small blind) collected ($6)
Seat 3: NewRocker (big blind) folded before Flop


PokerStars Hand #174645168170:  Hold'em Limit ($3/$6 USD) - 2017/08/22 5:35:00 ET
Table 'Gerlinde' 6-max Seat #3 is the button
Seat 2: Luanto 14 ($108.45 in chips)
Seat 3: NewRocker ($60.99 in chips)
NewRocker: posts small blind $1
Luanto 14: posts big blind $3
*** HOLE CARDS ***
NewRocker: raises $3 to $6
Luanto 14: calls $3
*** FLOP *** [9d 4d 3h]
Luanto 14: checks
NewRocker: bets $3
Luanto 14: calls $3
*** TURN *** [9d 4d 3h] [8s]
Luanto 14: checks
NewRocker: checks
*** RIVER *** [9d 4d 3h 8s] [3d]
Luanto 14: bets $6
NewRocker: raises $6 to $12
Luanto 14: calls $6
*** SHOW DOWN ***
NewRocker: shows [Jc 3c] (three of a kind, Threes)
Luanto 14: mucks hand
NewRocker collected $41.50 from pot
*** SUMMARY ***
Total pot $42 | Rake $0.50
Board [9d 4d 3h 8s 3d]
Seat 2: Luanto 14 (big blind) mucked
Seat 3: NewRocker (button) (small blind) showed [Jc 3c] and won ($41.50) with three of a kind, Threes


