PokerStars Hand #145273409918:  Hold'em Limit ($3/$6 USD) - 2015/12/13 8:29:50 ET
Table 'Gersuind II' 6-max Seat #2 is the button
Seat 2: parnishka11 ($61.23 in chips)
Seat 4: Velbor107 ($300 in chips)
parnishka11: posts small blind $1
Velbor107: posts big blind $3
*** HOLE CARDS ***
parnishka11: folds
Uncalled bet ($2) returned to Velbor107
Velbor107 collected $2 from pot
*** SUMMARY ***
Total pot $2 | Rake $0
Seat 2: parnishka11 (button) (small blind) folded before Flop
Seat 4: Velbor107 (big blind) collected ($2)


PokerStars Hand #145273418647:  Hold'em Limit ($3/$6 USD) - 2015/12/13 8:30:03 ET
Table 'Gersuind II' 6-max Seat #2 is the button
Seat 2: parnishka11 ($61.23 in chips)
Seat 4: Velbor107 ($300 in chips)
parnishka11: posts small blind $1
Velbor107: posts big blind $3
*** HOLE CARDS ***
parnishka11: folds
Uncalled bet ($2) returned to Velbor107
Velbor107 collected $2 from pot
*** SUMMARY ***
Total pot $2 | Rake $0
Seat 2: parnishka11 (button) (small blind) folded before Flop
Seat 4: Velbor107 (big blind) collected ($2)


PokerStars Hand #145273414312:  Hold'em Limit ($3/$6 USD) - 2015/12/13 8:29:57 ET
Table 'Gersuind II' 6-max Seat #4 is the button
Seat 2: parnishka11 ($60.23 in chips)
Seat 4: Velbor107 ($301 in chips)
Velbor107: posts small blind $1
parnishka11: posts big blind $3
*** HOLE CARDS ***
Velbor107: folds
Uncalled bet ($2) returned to parnishka11
parnishka11 collected $2 from pot
parnishka11: doesn't show hand
*** SUMMARY ***
Total pot $2 | Rake $0
Seat 2: parnishka11 (big blind) collected ($2)
Seat 4: Velbor107 (button) (small blind) folded before Flop


PokerStars Hand #145273438700:  Hold'em Limit ($3/$6 USD) - 2015/12/13 8:30:33 ET
Table 'Gersuind II' 6-max Seat #2 is the button
Seat 2: parnishka11 ($68.87 in chips)
Seat 4: Velbor107 ($292 in chips)
parnishka11: posts small blind $1
Velbor107: posts big blind $3
*** HOLE CARDS ***
parnishka11: folds
Uncalled bet ($2) returned to Velbor107
Velbor107 collected $2 from pot
*** SUMMARY ***
Total pot $2 | Rake $0
Seat 2: parnishka11 (button) (small blind) folded before Flop
Seat 4: Velbor107 (big blind) collected ($2)


PokerStars Hand #145273450794:  Hold'em Limit ($3/$6 USD) - 2015/12/13 8:30:52 ET
Table 'Gersuind II' 6-max Seat #2 is the button
Seat 2: parnishka11 ($64.87 in chips)
Seat 4: Velbor107 ($296 in chips)
parnishka11: posts small blind $1
Velbor107: posts big blind $3
*** HOLE CARDS ***
parnishka11: folds
Uncalled bet ($2) returned to Velbor107
Velbor107 collected $2 from pot
*** SUMMARY ***
Total pot $2 | Rake $0
Seat 2: parnishka11 (button) (small blind) folded before Flop
Seat 4: Velbor107 (big blind) collected ($2)


PokerStars Hand #145273443976:  Hold'em Limit ($3/$6 USD) - 2015/12/13 8:30:41 ET
Table 'Gersuind II' 6-max Seat #4 is the button
Seat 2: parnishka11 ($67.87 in chips)
Seat 4: Velbor107 ($293 in chips)
Velbor107: posts small blind $1
parnishka11: posts big blind $3
*** HOLE CARDS ***
Velbor107: raises $3 to $6
parnishka11: folds
Uncalled bet ($3) returned to Velbor107
Velbor107 collected $6 from pot
*** SUMMARY ***
Total pot $6 | Rake $0
Seat 2: parnishka11 (big blind) folded before Flop
Seat 4: Velbor107 (button) (small blind) collected ($6)


PokerStars Hand #145273421832:  Hold'em Limit ($3/$6 USD) - 2015/12/13 8:30:08 ET
Table 'Gersuind II' 6-max Seat #4 is the button
Seat 2: parnishka11 ($60.23 in chips)
Seat 4: Velbor107 ($301 in chips)
Velbor107: posts small blind $1
parnishka11: posts big blind $3
*** HOLE CARDS ***
Velbor107: raises $3 to $6
parnishka11: calls $3
*** FLOP *** [Qc 9h 9c]
parnishka11: bets $3
Velbor107: calls $3
*** TURN *** [Qc 9h 9c] [8c]
parnishka11: bets $6
Velbor107: folds
Uncalled bet ($6) returned to parnishka11
parnishka11 collected $17.64 from pot
parnishka11: doesn't show hand
*** SUMMARY ***
Total pot $18 | Rake $0.36
Board [Qc 9h 9c 8c]
Seat 2: parnishka11 (big blind) collected ($17.64)
Seat 4: Velbor107 (button) (small blind) folded on the Turn


PokerStars Hand #145273468781:  Hold'em Limit ($3/$6 USD) - 2015/12/13 8:31:19 ET
Table 'Gersuind II' 6-max Seat #2 is the button
Seat 2: parnishka11 ($69.63 in chips)
Seat 4: Velbor107 ($291 in chips)
parnishka11: posts small blind $1
Velbor107: posts big blind $3
*** HOLE CARDS ***
parnishka11: folds
Uncalled bet ($2) returned to Velbor107
Velbor107 collected $2 from pot
*** SUMMARY ***
Total pot $2 | Rake $0
Seat 2: parnishka11 (button) (small blind) folded before Flop
Seat 4: Velbor107 (big blind) collected ($2)


PokerStars Hand #145273454923:  Hold'em Limit ($3/$6 USD) - 2015/12/13 8:30:58 ET
Table 'Gersuind II' 6-max Seat #4 is the button
Seat 2: parnishka11 ($63.87 in chips)
Seat 4: Velbor107 ($297 in chips)
Velbor107: posts small blind $1
parnishka11: posts big blind $3
*** HOLE CARDS ***
Velbor107: raises $3 to $6
parnishka11: calls $3
*** FLOP *** [2h 4c 8c]
parnishka11: checks
Velbor107: checks
*** TURN *** [2h 4c 8c] [Ks]
parnishka11: bets $6
Velbor107: folds
Uncalled bet ($6) returned to parnishka11
parnishka11 collected $11.76 from pot
parnishka11: doesn't show hand
*** SUMMARY ***
Total pot $12 | Rake $0.24
Board [2h 4c 8c Ks]
Seat 2: parnishka11 (big blind) collected ($11.76)
Seat 4: Velbor107 (button) (small blind) folded on the Turn


PokerStars Hand #145273473820:  Hold'em Limit ($3/$6 USD) - 2015/12/13 8:31:27 ET
Table 'Gersuind II' 6-max Seat #4 is the button
Seat 2: parnishka11 ($68.63 in chips)
Seat 4: Velbor107 ($292 in chips)
Velbor107: posts small blind $1
parnishka11: posts big blind $3
*** HOLE CARDS ***
Velbor107: raises $3 to $6
parnishka11: calls $3
*** FLOP *** [6d 3s Jd]
parnishka11: bets $3
Velbor107: calls $3
*** TURN *** [6d 3s Jd] [9d]
parnishka11: checks
Velbor107: bets $6
parnishka11: calls $6
*** RIVER *** [6d 3s Jd 9d] [9s]
parnishka11: checks
Velbor107: bets $6
parnishka11: calls $6
*** SHOW DOWN ***
Velbor107: shows [Qd 7s] (a pair of Nines)
parnishka11: shows [6s As] (two pair, Nines and Sixes)
parnishka11 collected $41.50 from pot
*** SUMMARY ***
Total pot $42 | Rake $0.50
Board [6d 3s Jd 9d 9s]
Seat 2: parnishka11 (big blind) showed [6s As] and won ($41.50) with two pair, Nines and Sixes
Seat 4: Velbor107 (button) (small blind) showed [Qd 7s] and lost with a pair of Nines


PokerStars Hand #145273501667:  Hold'em Limit ($3/$6 USD) - 2015/12/13 8:32:08 ET
Table 'Gersuind II' 6-max Seat #2 is the button
Seat 2: parnishka11 ($89.13 in chips)
Seat 4: Velbor107 ($271 in chips)
parnishka11: posts small blind $1
Velbor107: posts big blind $3
*** HOLE CARDS ***
parnishka11: folds
Uncalled bet ($2) returned to Velbor107
Velbor107 collected $2 from pot
linkin0909 joins the table at seat #6
*** SUMMARY ***
Total pot $2 | Rake $0
Seat 2: parnishka11 (button) (small blind) folded before Flop
Seat 4: Velbor107 (big blind) collected ($2)


