PokerStars Hand #164773438011:  Hold'em Limit ($3/$6 USD) - 2017/01/18 9:16:36 ET
Table 'Gersuind' 6-max Seat #3 is the button
Seat 3: nipper142 ($30 in chips)
Seat 4: Great_Kang ($120 in chips)
nipper142: posts small blind $1
Great_Kang: posts big blind $3
*** HOLE CARDS ***
nipper142: calls $2
Great_Kang: checks
*** FLOP *** [Qs Ah 7c]
Great_Kang: checks
nipper142: checks
*** TURN *** [Qs Ah 7c] [9s]
Great_Kang: checks
nipper142: bets $6
Great_Kang: folds
Uncalled bet ($6) returned to nipper142
nipper142 collected $5.88 from pot
*** SUMMARY ***
Total pot $6 | Rake $0.12
Board [Qs Ah 7c 9s]
Seat 3: nipper142 (button) (small blind) collected ($5.88)
Seat 4: Great_Kang (big blind) folded on the Turn


PokerStars Hand #164773461197:  Hold'em Limit ($3/$6 USD) - 2017/01/18 9:17:10 ET
Table 'Gersuind' 6-max Seat #3 is the button
Seat 3: nipper142 ($33.88 in chips)
Seat 4: Great_Kang ($120 in chips)
nipper142: posts small blind $1
Great_Kang: posts big blind $3
*** HOLE CARDS ***
nipper142: raises $3 to $6
Great_Kang: calls $3
*** FLOP *** [8c As 5d]
Great_Kang: checks
nipper142: bets $3
Great_Kang: calls $3
*** TURN *** [8c As 5d] [Ts]
Great_Kang: checks
nipper142: bets $6
B_loJkl joins the table at seat #5
Great_Kang: calls $6
*** RIVER *** [8c As 5d Ts] [6d]
Great_Kang: checks
nipper142: bets $6
Great_Kang: folds
Uncalled bet ($6) returned to nipper142
nipper142 collected $29.50 from pot
*** SUMMARY ***
Total pot $30 | Rake $0.50
Board [8c As 5d Ts 6d]
Seat 3: nipper142 (button) (small blind) collected ($29.50)
Seat 4: Great_Kang (big blind) folded on the River


PokerStars Hand #164775055723:  Hold'em Limit ($3/$6 USD) - 2017/01/18 9:55:21 ET
Table 'Gersuind' 6-max Seat #6 is the button
Seat 3: LouisB ($89.26 in chips)
Seat 6: garegin1 ($318.12 in chips)
garegin1: posts small blind $1
LouisB: posts big blind $3
*** HOLE CARDS ***
garegin1: folds
Uncalled bet ($2) returned to LouisB
LouisB collected $2 from pot
LouisB: doesn't show hand
*** SUMMARY ***
Total pot $2 | Rake $0
Seat 3: LouisB (big blind) collected ($2)
Seat 6: garegin1 (button) (small blind) folded before Flop


PokerStars Hand #164775052363:  Hold'em Limit ($3/$6 USD) - 2017/01/18 9:55:15 ET
Table 'Gersuind' 6-max Seat #3 is the button
Seat 3: LouisB ($86.26 in chips)
Seat 6: garegin1 ($321.12 in chips)
LouisB: posts small blind $1
garegin1: posts big blind $3
*** HOLE CARDS ***
LouisB: raises $3 to $6
garegin1: folds
Uncalled bet ($3) returned to LouisB
LouisB collected $6 from pot
LouisB: doesn't show hand
*** SUMMARY ***
Total pot $6 | Rake $0
Seat 3: LouisB (button) (small blind) collected ($6)
Seat 6: garegin1 (big blind) folded before Flop


PokerStars Hand #164775049152:  Hold'em Limit ($3/$6 USD) - 2017/01/18 9:55:10 ET
Table 'Gersuind' 6-max Seat #6 is the button
Seat 3: LouisB ($85.26 in chips)
Seat 6: garegin1 ($322.12 in chips)
garegin1: posts small blind $1
mexan086: is sitting out
LouisB: posts big blind $3
*** HOLE CARDS ***
garegin1: folds
Uncalled bet ($2) returned to LouisB
LouisB collected $2 from pot
LouisB: doesn't show hand
*** SUMMARY ***
Total pot $2 | Rake $0
Seat 3: LouisB (big blind) collected ($2)
Seat 6: garegin1 (button) (small blind) folded before Flop


PokerStars Hand #164775095519:  Hold'em Limit ($3/$6 USD) - 2017/01/18 9:56:28 ET
Table 'Gersuind' 6-max Seat #3 is the button
Seat 3: LouisB ($124.26 in chips)
Seat 6: garegin1 ($281.76 in chips)
LouisB: posts small blind $1
garegin1: posts big blind $3
*** HOLE CARDS ***
LouisB: raises $3 to $6
garegin1: calls $3
*** FLOP *** [As 4h 8s]
garegin1: bets $3
LouisB: calls $3
*** TURN *** [As 4h 8s] [3d]
garegin1: bets $6
LouisB: calls $6
*** RIVER *** [As 4h 8s 3d] [7d]
garegin1: bets $6
LouisB: calls $6
*** SHOW DOWN ***
garegin1: shows [2s Ks] (high card Ace)
LouisB: shows [Jc Jh] (a pair of Jacks)
LouisB collected $41.50 from pot
*** SUMMARY ***
Total pot $42 | Rake $0.50
Board [As 4h 8s 3d 7d]
Seat 3: LouisB (button) (small blind) showed [Jc Jh] and won ($41.50) with a pair of Jacks
Seat 6: garegin1 (big blind) showed [2s Ks] and lost with high card Ace


PokerStars Hand #164775083095:  Hold'em Limit ($3/$6 USD) - 2017/01/18 9:56:07 ET
Table 'Gersuind' 6-max Seat #6 is the button
Seat 3: LouisB ($100.76 in chips)
Seat 6: garegin1 ($305.76 in chips)
garegin1: posts small blind $1
LouisB: posts big blind $3
*** HOLE CARDS ***
garegin1: raises $3 to $6
LouisB: raises $3 to $9
garegin1: calls $3
*** FLOP *** [5s Qd Th]
LouisB: bets $3
garegin1: calls $3
*** TURN *** [5s Qd Th] [Ac]
LouisB: checks
garegin1: bets $6
LouisB: raises $6 to $12
garegin1: calls $6
*** RIVER *** [5s Qd Th Ac] [As]
LouisB: bets $6
garegin1: folds
Uncalled bet ($6) returned to LouisB
LouisB collected $47.50 from pot
LouisB: doesn't show hand
*** SUMMARY ***
Total pot $48 | Rake $0.50
Board [5s Qd Th Ac As]
Seat 3: LouisB (big blind) collected ($47.50)
Seat 6: garegin1 (button) (small blind) folded on the River


PokerStars Hand #164775080100:  Hold'em Limit ($3/$6 USD) - 2017/01/18 9:56:02 ET
Table 'Gersuind' 6-max Seat #3 is the button
Seat 3: LouisB ($101.76 in chips)
Seat 6: garegin1 ($304.76 in chips)
LouisB: posts small blind $1
garegin1: posts big blind $3
*** HOLE CARDS ***
LouisB: folds
Uncalled bet ($2) returned to garegin1
garegin1 collected $2 from pot
garegin1: doesn't show hand
*** SUMMARY ***
Total pot $2 | Rake $0
Seat 3: LouisB (button) (small blind) folded before Flop
Seat 6: garegin1 (big blind) collected ($2)


PokerStars Hand #164775058637:  Hold'em Limit ($3/$6 USD) - 2017/01/18 9:55:26 ET
Table 'Gersuind' 6-max Seat #3 is the button
Seat 3: LouisB ($90.26 in chips)
Seat 6: garegin1 ($317.12 in chips)
LouisB: posts small blind $1
garegin1: posts big blind $3
*** HOLE CARDS ***
LouisB: raises $3 to $6
garegin1: calls $3
*** FLOP *** [Tc 4s Ad]
garegin1: checks
LouisB: bets $3
garegin1: calls $3
*** TURN *** [Tc 4s Ad] [Js]
garegin1: checks
LouisB: bets $6
garegin1: calls $6
*** RIVER *** [Tc 4s Ad Js] [4d]
garegin1: checks
LouisB: bets $6
garegin1: calls $6
*** SHOW DOWN ***
LouisB: shows [Qd Ah] (two pair, Aces and Fours)
garegin1: mucks hand
LouisB collected $41.50 from pot
*** SUMMARY ***
Total pot $42 | Rake $0.50
Board [Tc 4s Ad Js 4d]
Seat 3: LouisB (button) (small blind) showed [Qd Ah] and won ($41.50) with two pair, Aces and Fours
Seat 6: garegin1 (big blind) mucked


PokerStars Hand #164775125710:  Hold'em Limit ($3/$6 USD) - 2017/01/18 9:57:18 ET
Table 'Gersuind' 6-max Seat #6 is the button
Seat 3: LouisB ($134.52 in chips)
Seat 6: garegin1 ($270.16 in chips)
garegin1: posts small blind $1
LouisB: posts big blind $3
*** HOLE CARDS ***
garegin1: calls $2
LouisB: checks
*** FLOP *** [8d 5c 4c]
LouisB: checks
garegin1: bets $3
LouisB: raises $3 to $6
garegin1: raises $3 to $9
LouisB: calls $3
*** TURN *** [8d 5c 4c] [8s]
LouisB: bets $6
garegin1: calls $6
*** RIVER *** [8d 5c 4c 8s] [As]
LouisB: bets $6
garegin1: folds
Uncalled bet ($6) returned to LouisB
LouisB collected $35.50 from pot
LouisB: doesn't show hand
*** SUMMARY ***
Total pot $36 | Rake $0.50
Board [8d 5c 4c 8s As]
Seat 3: LouisB (big blind) collected ($35.50)
Seat 6: garegin1 (button) (small blind) folded on the River


PokerStars Hand #164775116969:  Hold'em Limit ($3/$6 USD) - 2017/01/18 9:57:04 ET
Table 'Gersuind' 6-max Seat #3 is the button
Seat 3: LouisB ($143.52 in chips)
Seat 6: garegin1 ($261.52 in chips)
LouisB: posts small blind $1
garegin1: posts big blind $3
*** HOLE CARDS ***
LouisB: raises $3 to $6
garegin1: calls $3
*** FLOP *** [8h 2d Tc]
garegin1: checks
LouisB: bets $3
garegin1: calls $3
*** TURN *** [8h 2d Tc] [Th]
garegin1: checks
LouisB: checks
*** RIVER *** [8h 2d Tc Th] [Qs]
garegin1: bets $6
LouisB: folds
Uncalled bet ($6) returned to garegin1
garegin1 collected $17.64 from pot
garegin1: doesn't show hand
*** SUMMARY ***
Total pot $18 | Rake $0.36
Board [8h 2d Tc Th Qs]
Seat 3: LouisB (button) (small blind) folded on the River
Seat 6: garegin1 (big blind) collected ($17.64)


PokerStars Hand #164775111932:  Hold'em Limit ($3/$6 USD) - 2017/01/18 9:56:55 ET
Table 'Gersuind' 6-max Seat #6 is the button
Seat 3: LouisB ($149.52 in chips)
Seat 6: garegin1 ($255.76 in chips)
garegin1: posts small blind $1
LouisB: posts big blind $3
*** HOLE CARDS ***
garegin1: raises $3 to $6
LouisB: calls $3
*** FLOP *** [3s 5h 9h]
LouisB: checks
garegin1: bets $3
LouisB: folds
Uncalled bet ($3) returned to garegin1
garegin1 collected $11.76 from pot
garegin1: doesn't show hand
*** SUMMARY ***
Total pot $12 | Rake $0.24
Board [3s 5h 9h]
Seat 3: LouisB (big blind) folded on the Flop
Seat 6: garegin1 (button) (small blind) collected ($11.76)


PokerStars Hand #164775109326:  Hold'em Limit ($3/$6 USD) - 2017/01/18 9:56:51 ET
Table 'Gersuind' 6-max Seat #3 is the button
Seat 3: LouisB ($150.52 in chips)
Seat 6: garegin1 ($254.76 in chips)
LouisB: posts small blind $1
garegin1: posts big blind $3
*** HOLE CARDS ***
LouisB: folds
Uncalled bet ($2) returned to garegin1
garegin1 collected $2 from pot
garegin1: doesn't show hand
*** SUMMARY ***
Total pot $2 | Rake $0
Seat 3: LouisB (button) (small blind) folded before Flop
Seat 6: garegin1 (big blind) collected ($2)


PokerStars Hand #164775103443:  Hold'em Limit ($3/$6 USD) - 2017/01/18 9:56:41 ET
Table 'Gersuind' 6-max Seat #6 is the button
Seat 3: LouisB ($144.76 in chips)
Seat 6: garegin1 ($260.76 in chips)
garegin1: posts small blind $1
LouisB: posts big blind $3
*** HOLE CARDS ***
garegin1: calls $2
LouisB: raises $3 to $6
garegin1: calls $3
*** FLOP *** [5c Ks Kc]
LouisB: bets $3
garegin1: folds
Uncalled bet ($3) returned to LouisB
LouisB collected $11.76 from pot
LouisB: doesn't show hand
*** SUMMARY ***
Total pot $12 | Rake $0.24
Board [5c Ks Kc]
Seat 3: LouisB (big blind) collected ($11.76)
Seat 6: garegin1 (button) (small blind) folded on the Flop


PokerStars Hand #164775135100:  Hold'em Limit ($3/$6 USD) - 2017/01/18 9:57:34 ET
Table 'Gersuind' 6-max Seat #3 is the button
Seat 3: LouisB ($152.02 in chips)
Seat 6: garegin1 ($252.16 in chips)
LouisB: posts small blind $1
garegin1: posts big blind $3
*** HOLE CARDS ***
LouisB: raises $3 to $6
garegin1: calls $3
*** FLOP *** [4c 6h 5s]
garegin1: checks
LouisB: checks
*** TURN *** [4c 6h 5s] [8c]
garegin1: checks
LouisB: checks
*** RIVER *** [4c 6h 5s 8c] [Th]
garegin1: bets $6
LouisB: folds
Uncalled bet ($6) returned to garegin1
garegin1 collected $11.76 from pot
garegin1: doesn't show hand
*** SUMMARY ***
Total pot $12 | Rake $0.24
Board [4c 6h 5s 8c Th]
Seat 3: LouisB (button) (small blind) folded on the River
Seat 6: garegin1 (big blind) collected ($11.76)


PokerStars Hand #164775155744:  Hold'em Limit ($3/$6 USD) - 2017/01/18 9:58:09 ET
Table 'Gersuind' 6-max Seat #6 is the button
Seat 3: LouisB ($148.78 in chips)
Seat 6: garegin1 ($254.80 in chips)
garegin1: posts small blind $1
LouisB: posts big blind $3
*** HOLE CARDS ***
garegin1: raises $3 to $6
LouisB: calls $3
*** FLOP *** [Ks 9s Ts]
LouisB: checks
garegin1: bets $3
LouisB: calls $3
*** TURN *** [Ks 9s Ts] [8d]
LouisB: checks
garegin1: bets $6
LouisB: calls $6
*** RIVER *** [Ks 9s Ts 8d] [Td]
LouisB: checks
garegin1: bets $6
LouisB: raises $6 to $12
garegin1: folds
Uncalled bet ($6) returned to LouisB
LouisB collected $41.50 from pot
LouisB: doesn't show hand
*** SUMMARY ***
Total pot $42 | Rake $0.50
Board [Ks 9s Ts 8d Td]
Seat 3: LouisB (big blind) collected ($41.50)
Seat 6: garegin1 (button) (small blind) folded on the River


PokerStars Hand #164775148383:  Hold'em Limit ($3/$6 USD) - 2017/01/18 9:57:56 ET
Table 'Gersuind' 6-max Seat #3 is the button
Seat 3: LouisB ($143.02 in chips)
Seat 6: garegin1 ($260.80 in chips)
LouisB: posts small blind $1
garegin1: posts big blind $3
*** HOLE CARDS ***
LouisB: raises $3 to $6
garegin1: calls $3
*** FLOP *** [8s Kh Ac]
garegin1: checks
LouisB: bets $3
garegin1: folds
Uncalled bet ($3) returned to LouisB
LouisB collected $11.76 from pot
LouisB: doesn't show hand
*** SUMMARY ***
Total pot $12 | Rake $0.24
Board [8s Kh Ac]
Seat 3: LouisB (button) (small blind) collected ($11.76)
Seat 6: garegin1 (big blind) folded on the Flop


PokerStars Hand #164775142319:  Hold'em Limit ($3/$6 USD) - 2017/01/18 9:57:46 ET
Table 'Gersuind' 6-max Seat #6 is the button
Seat 3: LouisB ($146.02 in chips)
Seat 6: garegin1 ($257.92 in chips)
garegin1: posts small blind $1
LouisB: posts big blind $3
*** HOLE CARDS ***
garegin1: calls $2
LouisB: checks
*** FLOP *** [7h Kh 7c]
LouisB: checks
garegin1: bets $3
LouisB: folds
Uncalled bet ($3) returned to garegin1
garegin1 collected $5.88 from pot
garegin1: doesn't show hand
*** SUMMARY ***
Total pot $6 | Rake $0.12
Board [7h Kh 7c]
Seat 3: LouisB (big blind) folded on the Flop
Seat 6: garegin1 (button) (small blind) collected ($5.88)


PokerStars Hand #164775203305:  Hold'em Limit ($3/$6 USD) - 2017/01/18 9:59:29 ET
Table 'Gersuind' 6-max Seat #3 is the button
Seat 3: LouisB ($144.28 in chips)
Seat 6: garegin1 ($257.84 in chips)
LouisB: posts small blind $1
garegin1: posts big blind $3
*** HOLE CARDS ***
LouisB: raises $3 to $6
garegin1: calls $3
*** FLOP *** [Qc 5c 5s]
garegin1: checks
LouisB: bets $3
garegin1: folds
Uncalled bet ($3) returned to LouisB
LouisB collected $11.76 from pot
LouisB: doesn't show hand
*** SUMMARY ***
Total pot $12 | Rake $0.24
Board [Qc 5c 5s]
Seat 3: LouisB (button) (small blind) collected ($11.76)
Seat 6: garegin1 (big blind) folded on the Flop


PokerStars Hand #164775191553:  Hold'em Limit ($3/$6 USD) - 2017/01/18 9:59:09 ET
Table 'Gersuind' 6-max Seat #6 is the button
Seat 3: LouisB ($147.28 in chips)
Seat 6: garegin1 ($254.96 in chips)
garegin1: posts small blind $1
LouisB: posts big blind $3
*** HOLE CARDS ***
garegin1: calls $2
LouisB: checks
*** FLOP *** [8d Ad 5s]
LouisB: checks
garegin1: checks
*** TURN *** [8d Ad 5s] [5c]
LouisB: checks
garegin1: checks
*** RIVER *** [8d Ad 5s 5c] [Kh]
LouisB: checks
garegin1: checks
*** SHOW DOWN ***
LouisB: shows [6h Tc] (a pair of Fives)
garegin1: shows [Ts Js] (a pair of Fives - Ace+King+Jack kicker)
garegin1 collected $5.88 from pot
*** SUMMARY ***
Total pot $6 | Rake $0.12
Board [8d Ad 5s 5c Kh]
Seat 3: LouisB (big blind) showed [6h Tc] and lost with a pair of Fives
Seat 6: garegin1 (button) (small blind) showed [Ts Js] and won ($5.88) with a pair of Fives


PokerStars Hand #164775188695:  Hold'em Limit ($3/$6 USD) - 2017/01/18 9:59:04 ET
Table 'Gersuind' 6-max Seat #3 is the button
Seat 3: LouisB ($148.28 in chips)
Seat 6: garegin1 ($253.96 in chips)
LouisB: posts small blind $1
garegin1: posts big blind $3
*** HOLE CARDS ***
LouisB: folds
Uncalled bet ($2) returned to garegin1
garegin1 collected $2 from pot
garegin1: doesn't show hand
*** SUMMARY ***
Total pot $2 | Rake $0
Seat 3: LouisB (button) (small blind) folded before Flop
Seat 6: garegin1 (big blind) collected ($2)


PokerStars Hand #164775180189:  Hold'em Limit ($3/$6 USD) - 2017/01/18 9:58:50 ET
Table 'Gersuind' 6-max Seat #6 is the button
Seat 3: LouisB ($160.28 in chips)
Seat 6: garegin1 ($242.44 in chips)
garegin1: posts small blind $1
LouisB: posts big blind $3
*** HOLE CARDS ***
garegin1: calls $2
LouisB: checks
*** FLOP *** [2d 7s 8s]
LouisB: bets $3
garegin1: calls $3
*** TURN *** [2d 7s 8s] [4c]
LouisB: checks
garegin1: bets $6
LouisB: calls $6
*** RIVER *** [2d 7s 8s 4c] [Qd]
LouisB: checks
garegin1: checks
*** SHOW DOWN ***
LouisB: shows [As 4s] (a pair of Fours)
garegin1: shows [Ah 7d] (a pair of Sevens)
garegin1 collected $23.52 from pot
*** SUMMARY ***
Total pot $24 | Rake $0.48
Board [2d 7s 8s 4c Qd]
Seat 3: LouisB (big blind) showed [As 4s] and lost with a pair of Fours
Seat 6: garegin1 (button) (small blind) showed [Ah 7d] and won ($23.52) with a pair of Sevens


PokerStars Hand #164775173949:  Hold'em Limit ($3/$6 USD) - 2017/01/18 9:58:39 ET
Table 'Gersuind' 6-max Seat #3 is the button
Seat 3: LouisB ($169.28 in chips)
Seat 6: garegin1 ($233.80 in chips)
LouisB: posts small blind $1
garegin1: posts big blind $3
*** HOLE CARDS ***
LouisB: raises $3 to $6
garegin1: raises $3 to $9
LouisB: calls $3
*** FLOP *** [2c Ac Js]
garegin1: bets $3
LouisB: folds
Uncalled bet ($3) returned to garegin1
garegin1 collected $17.64 from pot
garegin1: doesn't show hand
*** SUMMARY ***
Total pot $18 | Rake $0.36
Board [2c Ac Js]
Seat 3: LouisB (button) (small blind) folded on the Flop
Seat 6: garegin1 (big blind) collected ($17.64)


PokerStars Hand #164775237544:  Hold'em Limit ($3/$6 USD) - 2017/01/18 10:00:24 ET
Table 'Gersuind' 6-max Seat #3 is the button
Seat 3: LouisB ($144.04 in chips)
Seat 6: garegin1 ($257.48 in chips)
LouisB: posts small blind $1
garegin1: posts big blind $3
*** HOLE CARDS ***
LouisB: folds
Uncalled bet ($2) returned to garegin1
garegin1 collected $2 from pot
garegin1: doesn't show hand
*** SUMMARY ***
Total pot $2 | Rake $0
Seat 3: LouisB (button) (small blind) folded before Flop
Seat 6: garegin1 (big blind) collected ($2)


PokerStars Hand #164775224644:  Hold'em Limit ($3/$6 USD) - 2017/01/18 10:00:04 ET
Table 'Gersuind' 6-max Seat #6 is the button
Seat 3: LouisB ($147.04 in chips)
Seat 6: garegin1 ($254.60 in chips)
garegin1: posts small blind $1
LouisB: posts big blind $3
*** HOLE CARDS ***
garegin1: calls $2
LouisB: checks
*** FLOP *** [Jd Kd Jc]
LouisB: checks
garegin1: bets $3
LouisB: folds
Uncalled bet ($3) returned to garegin1
garegin1 collected $5.88 from pot
garegin1: doesn't show hand
*** SUMMARY ***
Total pot $6 | Rake $0.12
Board [Jd Kd Jc]
Seat 3: LouisB (big blind) folded on the Flop
Seat 6: garegin1 (button) (small blind) collected ($5.88)


PokerStars Hand #164775219607:  Hold'em Limit ($3/$6 USD) - 2017/01/18 9:59:56 ET
Table 'Gersuind' 6-max Seat #3 is the button
Seat 3: LouisB ($144.04 in chips)
Seat 6: garegin1 ($257.60 in chips)
LouisB: posts small blind $1
garegin1: posts big blind $3
*** HOLE CARDS ***
LouisB: raises $3 to $6
garegin1: folds
Uncalled bet ($3) returned to LouisB
LouisB collected $6 from pot
LouisB: doesn't show hand
*** SUMMARY ***
Total pot $6 | Rake $0
Seat 3: LouisB (button) (small blind) collected ($6)
Seat 6: garegin1 (big blind) folded before Flop


PokerStars Hand #164775210767:  Hold'em Limit ($3/$6 USD) - 2017/01/18 9:59:41 ET
Table 'Gersuind' 6-max Seat #6 is the button
Seat 3: LouisB ($150.04 in chips)
Seat 6: garegin1 ($251.84 in chips)
garegin1: posts small blind $1
LouisB: posts big blind $3
*** HOLE CARDS ***
garegin1: raises $3 to $6
LouisB: calls $3
*** FLOP *** [Ad 8d Js]
LouisB: checks
garegin1: bets $3
LouisB: folds
Uncalled bet ($3) returned to garegin1
garegin1 collected $11.76 from pot
garegin1: doesn't show hand
*** SUMMARY ***
Total pot $12 | Rake $0.24
Board [Ad 8d Js]
Seat 3: LouisB (big blind) folded on the Flop
Seat 6: garegin1 (button) (small blind) collected ($11.76)


PokerStars Hand #164775258287:  Hold'em Limit ($3/$6 USD) - 2017/01/18 10:00:57 ET
Table 'Gersuind' 6-max Seat #6 is the button
Seat 3: LouisB ($159.54 in chips)
Seat 6: garegin1 ($241.48 in chips)
garegin1: posts small blind $1
LouisB: posts big blind $3
*** HOLE CARDS ***
garegin1: raises $3 to $6
LouisB: folds
Uncalled bet ($3) returned to garegin1
garegin1 collected $6 from pot
garegin1: doesn't show hand
*** SUMMARY ***
Total pot $6 | Rake $0
Seat 3: LouisB (big blind) folded before Flop
Seat 6: garegin1 (button) (small blind) collected ($6)


PokerStars Hand #164775265008:  Hold'em Limit ($3/$6 USD) - 2017/01/18 10:01:08 ET
Table 'Gersuind' 6-max Seat #3 is the button
Seat 3: LouisB ($156.54 in chips)
Seat 6: garegin1 ($244.48 in chips)
LouisB: posts small blind $1
garegin1: posts big blind $3
*** HOLE CARDS ***
LouisB: raises $3 to $6
garegin1: folds
Uncalled bet ($3) returned to LouisB
LouisB collected $6 from pot
LouisB: doesn't show hand
*** SUMMARY ***
Total pot $6 | Rake $0
Seat 3: LouisB (button) (small blind) collected ($6)
Seat 6: garegin1 (big blind) folded before Flop


PokerStars Hand #164775244065:  Hold'em Limit ($3/$6 USD) - 2017/01/18 10:00:35 ET
Table 'Gersuind' 6-max Seat #6 is the button
Seat 3: LouisB ($143.04 in chips)
Seat 6: garegin1 ($258.48 in chips)
garegin1: posts small blind $1
LouisB: posts big blind $3
*** HOLE CARDS ***
garegin1: calls $2
LouisB: checks
*** FLOP *** [3s 6h 7c]
LouisB: bets $3
garegin1: calls $3
*** TURN *** [3s 6h 7c] [Jc]
LouisB: bets $6
garegin1: calls $6
*** RIVER *** [3s 6h 7c Jc] [5c]
LouisB: bets $6
garegin1: calls $6
*** SHOW DOWN ***
LouisB: shows [3d 4s] (a straight, Three to Seven)
garegin1: mucks hand
LouisB collected $35.50 from pot
*** SUMMARY ***
Total pot $36 | Rake $0.50
Board [3s 6h 7c Jc 5c]
Seat 3: LouisB (big blind) showed [3d 4s] and won ($35.50) with a straight, Three to Seven
Seat 6: garegin1 (button) (small blind) mucked


PokerStars Hand #164775254787:  Hold'em Limit ($3/$6 USD) - 2017/01/18 10:00:52 ET
Table 'Gersuind' 6-max Seat #3 is the button
Seat 3: LouisB ($160.54 in chips)
Seat 6: garegin1 ($240.48 in chips)
LouisB: posts small blind $1
garegin1: posts big blind $3
*** HOLE CARDS ***
LouisB: folds
Uncalled bet ($2) returned to garegin1
garegin1 collected $2 from pot
garegin1: doesn't show hand
*** SUMMARY ***
Total pot $2 | Rake $0
Seat 3: LouisB (button) (small blind) folded before Flop
Seat 6: garegin1 (big blind) collected ($2)


PokerStars Hand #164775271295:  Hold'em Limit ($3/$6 USD) - 2017/01/18 10:01:17 ET
Table 'Gersuind' 6-max Seat #6 is the button
Seat 3: LouisB ($159.54 in chips)
Seat 6: garegin1 ($241.48 in chips)
garegin1: posts small blind $1
LouisB: posts big blind $3
*** HOLE CARDS ***
garegin1: raises $3 to $6
LouisB: calls $3
*** FLOP *** [3c 7d 2d]
LouisB: checks
garegin1: checks
*** TURN *** [3c 7d 2d] [Tc]
LouisB: checks
garegin1: bets $6
LouisB: folds
Uncalled bet ($6) returned to garegin1
garegin1 collected $11.76 from pot
garegin1: doesn't show hand
*** SUMMARY ***
Total pot $12 | Rake $0.24
Board [3c 7d 2d Tc]
Seat 3: LouisB (big blind) folded on the Turn
Seat 6: garegin1 (button) (small blind) collected ($11.76)


PokerStars Hand #164775302472:  Hold'em Limit ($3/$6 USD) - 2017/01/18 10:02:02 ET
Table 'Gersuind' 6-max Seat #6 is the button
Seat 3: LouisB ($132.54 in chips)
Seat 6: garegin1 ($267.74 in chips)
garegin1: posts small blind $1
LouisB: posts big blind $3
*** HOLE CARDS ***
garegin1: folds
Uncalled bet ($2) returned to LouisB
LouisB collected $2 from pot
LouisB: doesn't show hand
*** SUMMARY ***
Total pot $2 | Rake $0
Seat 3: LouisB (big blind) collected ($2)
Seat 6: garegin1 (button) (small blind) folded before Flop


PokerStars Hand #164775305675:  Hold'em Limit ($3/$6 USD) - 2017/01/18 10:02:07 ET
Table 'Gersuind' 6-max Seat #3 is the button
Seat 3: LouisB ($133.54 in chips)
Seat 6: garegin1 ($266.74 in chips)
LouisB: posts small blind $1
garegin1: posts big blind $3
*** HOLE CARDS ***
LouisB: raises $3 to $6
garegin1: raises $3 to $9
LouisB: calls $3
*** FLOP *** [7c Js 2s]
garegin1: checks
LouisB: bets $3
garegin1: calls $3
*** TURN *** [7c Js 2s] [9c]
garegin1: checks
LouisB: bets $6
garegin1: calls $6
*** RIVER *** [7c Js 2s 9c] [Qs]
garegin1: checks
LouisB: checks
*** SHOW DOWN ***
garegin1: shows [Ah Kc] (high card Ace)
LouisB: shows [Tc Jc] (a pair of Jacks)
LouisB collected $35.50 from pot
*** SUMMARY ***
Total pot $36 | Rake $0.50
Board [7c Js 2s 9c Qs]
Seat 3: LouisB (button) (small blind) showed [Tc Jc] and won ($35.50) with a pair of Jacks
Seat 6: garegin1 (big blind) showed [Ah Kc] and lost with high card Ace


PokerStars Hand #164775318706:  Hold'em Limit ($3/$6 USD) - 2017/01/18 10:02:27 ET
Table 'Gersuind' 6-max Seat #6 is the button
Seat 3: LouisB ($151.04 in chips)
Seat 6: garegin1 ($248.74 in chips)
garegin1: posts small blind $1
LouisB: posts big blind $3
*** HOLE CARDS ***
garegin1: raises $3 to $6
LouisB: raises $3 to $9
garegin1: calls $3
*** FLOP *** [Tc Qs 6h]
LouisB: bets $3
garegin1: calls $3
*** TURN *** [Tc Qs 6h] [3s]
LouisB: bets $6
garegin1: calls $6
*** RIVER *** [Tc Qs 6h 3s] [7d]
LouisB: checks
garegin1: checks
*** SHOW DOWN ***
LouisB: shows [Ad Jh] (high card Ace)
garegin1: mucks hand
LouisB collected $35.50 from pot
*** SUMMARY ***
Total pot $36 | Rake $0.50
Board [Tc Qs 6h 3s 7d]
Seat 3: LouisB (big blind) showed [Ad Jh] and won ($35.50) with high card Ace
Seat 6: garegin1 (button) (small blind) mucked


PokerStars Hand #164775284074:  Hold'em Limit ($3/$6 USD) - 2017/01/18 10:01:36 ET
Table 'Gersuind' 6-max Seat #3 is the button
Seat 3: LouisB ($153.54 in chips)
Seat 6: garegin1 ($247.24 in chips)
LouisB: posts small blind $1
garegin1: posts big blind $3
*** HOLE CARDS ***
LouisB: raises $3 to $6
garegin1: raises $3 to $9
LouisB: calls $3
*** FLOP *** [7h Ts 8d]
garegin1: checks
LouisB: bets $3
garegin1: raises $3 to $6
LouisB: calls $3
*** TURN *** [7h Ts 8d] [6h]
garegin1: checks
LouisB: checks
*** RIVER *** [7h Ts 8d 6h] [Jd]
garegin1: bets $6
LouisB: calls $6
*** SHOW DOWN ***
garegin1: shows [Th Td] (three of a kind, Tens)
LouisB: mucks hand
garegin1 collected $41.50 from pot
*** SUMMARY ***
Total pot $42 | Rake $0.50
Board [7h Ts 8d 6h Jd]
Seat 3: LouisB (button) (small blind) mucked
Seat 6: garegin1 (big blind) showed [Th Td] and won ($41.50) with three of a kind, Tens


PokerStars Hand #164775330118:  Hold'em Limit ($3/$6 USD) - 2017/01/18 10:02:42 ET
Table 'Gersuind' 6-max Seat #3 is the button
Seat 3: LouisB ($168.54 in chips)
Seat 6: garegin1 ($230.74 in chips)
LouisB: posts small blind $1
garegin1: posts big blind $3
*** HOLE CARDS ***
LouisB: raises $3 to $6
garegin1: calls $3
*** FLOP *** [9d Qd Kd]
garegin1: checks
LouisB: bets $3
garegin1: raises $3 to $6
LouisB: calls $3
*** TURN *** [9d Qd Kd] [Kh]
garegin1: bets $6
ABATAPP joins the table at seat #2
LouisB: calls $6
*** RIVER *** [9d Qd Kd Kh] [4s]
garegin1: bets $6
LouisB: folds
Uncalled bet ($6) returned to garegin1
garegin1 collected $35.50 from pot
garegin1: doesn't show hand
*** SUMMARY ***
Total pot $36 | Rake $0.50
Board [9d Qd Kd Kh 4s]
Seat 3: LouisB (button) (small blind) folded on the River
Seat 6: garegin1 (big blind) collected ($35.50)


PokerStars Hand #164783811488:  Hold'em Limit ($3/$6 USD) - 2017/01/18 12:59:04 ET
Table 'Gersuind' 6-max Seat #1 is the button
Seat 1: poker.sta306 ($140.48 in chips)
Seat 2: kolaz03 ($72 in chips)
poker.sta306: posts small blind $1
kolaz03: posts big blind $3
*** HOLE CARDS ***
poker.sta306: folds
Uncalled bet ($2) returned to kolaz03
kolaz03 collected $2 from pot
kolaz03: doesn't show hand
*** SUMMARY ***
Total pot $2 | Rake $0
Seat 1: poker.sta306 (button) (small blind) folded before Flop
Seat 2: kolaz03 (big blind) collected ($2)


PokerStars Hand #164783800447:  Hold'em Limit ($3/$6 USD) - 2017/01/18 12:58:49 ET
Table 'Gersuind' 6-max Seat #2 is the button
Seat 1: poker.sta306 ($131.84 in chips)
Seat 2: kolaz03 ($78.76 in chips)
kolaz03: posts small blind $1
poker.sta306: posts big blind $3
*** HOLE CARDS ***
kolaz03: raises $3 to $6
poker.sta306: calls $3
*** FLOP *** [Js 5h 2h]
poker.sta306: checks
kolaz03: bets $3
poker.sta306: raises $3 to $6
kolaz03: folds
Uncalled bet ($3) returned to poker.sta306
poker.sta306 collected $17.64 from pot
poker.sta306: doesn't show hand
*** SUMMARY ***
Total pot $18 | Rake $0.36
Board [Js 5h 2h]
Seat 1: poker.sta306 (big blind) collected ($17.64)
Seat 2: kolaz03 (button) (small blind) folded on the Flop


PokerStars Hand #164783797034:  Hold'em Limit ($3/$6 USD) - 2017/01/18 12:58:44 ET
Table 'Gersuind' 6-max Seat #1 is the button
Seat 1: poker.sta306 ($132.84 in chips)
Seat 2: kolaz03 ($77.76 in chips)
poker.sta306: posts small blind $1
kolaz03: posts big blind $3
*** HOLE CARDS ***
poker.sta306: folds
Uncalled bet ($2) returned to kolaz03
kolaz03 collected $2 from pot
kolaz03: doesn't show hand
*** SUMMARY ***
Total pot $2 | Rake $0
Seat 1: poker.sta306 (button) (small blind) folded before Flop
Seat 2: kolaz03 (big blind) collected ($2)


PokerStars Hand #164783786770:  Hold'em Limit ($3/$6 USD) - 2017/01/18 12:58:31 ET
Table 'Gersuind' 6-max Seat #2 is the button
Seat 1: poker.sta306 ($138.84 in chips)
Seat 2: kolaz03 ($72 in chips)
kolaz03: posts small blind $1
Mordnilap: is sitting out
Great_Kang: is sitting out
poker.sta306: posts big blind $3
*** HOLE CARDS ***
Great_Kang leaves the table
kolaz03: raises $3 to $6
poker.sta306: calls $3
*** FLOP *** [Ad 2c Jd]
poker.sta306: checks
Mordnilap leaves the table
kolaz03: bets $3
poker.sta306: folds
Uncalled bet ($3) returned to kolaz03
kolaz03 collected $11.76 from pot
kolaz03: doesn't show hand
*** SUMMARY ***
Total pot $12 | Rake $0.24
Board [Ad 2c Jd]
Seat 1: poker.sta306 (big blind) folded on the Flop
Seat 2: kolaz03 (button) (small blind) collected ($11.76)


PokerStars Hand #164783815262:  Hold'em Limit ($3/$6 USD) - 2017/01/18 12:59:09 ET
Table 'Gersuind' 6-max Seat #2 is the button
Seat 1: poker.sta306 ($139.48 in chips)
Seat 2: kolaz03 ($73 in chips)
kolaz03: posts small blind $1
poker.sta306: posts big blind $3
*** HOLE CARDS ***
kolaz03: raises $3 to $6
poker.sta306: calls $3
*** FLOP *** [Ts 4c Qd]
poker.sta306: checks
kolaz03: bets $3
poker.sta306: calls $3
*** TURN *** [Ts 4c Qd] [Tc]
poker.sta306: checks
kolaz03: bets $6
poker.sta306: folds
Uncalled bet ($6) returned to kolaz03
kolaz03 collected $17.64 from pot
kolaz03: doesn't show hand
*** SUMMARY ***
Total pot $18 | Rake $0.36
Board [Ts 4c Qd Tc]
Seat 1: poker.sta306 (big blind) folded on the Turn
Seat 2: kolaz03 (button) (small blind) collected ($17.64)


PokerStars Hand #164783838720:  Hold'em Limit ($3/$6 USD) - 2017/01/18 12:59:40 ET
Table 'Gersuind' 6-max Seat #2 is the button
Seat 1: poker.sta306 ($133.36 in chips)
Seat 2: kolaz03 ($78.64 in chips)
kolaz03: posts small blind $1
poker.sta306: posts big blind $3
*** HOLE CARDS ***
kolaz03: raises $3 to $6
poker.sta306: calls $3
*** FLOP *** [5d Ts 4h]
poker.sta306: checks
kolaz03: bets $3
poker.sta306: calls $3
*** TURN *** [5d Ts 4h] [Kh]
poker.sta306: checks
kolaz03: bets $6
poker.sta306: raises $6 to $12
kolaz03: calls $6
*** RIVER *** [5d Ts 4h Kh] [Js]
poker.sta306: bets $6
kolaz03: folds
Uncalled bet ($6) returned to poker.sta306
poker.sta306 collected $41.50 from pot
poker.sta306: doesn't show hand
*** SUMMARY ***
Total pot $42 | Rake $0.50
Board [5d Ts 4h Kh Js]
Seat 1: poker.sta306 (big blind) collected ($41.50)
Seat 2: kolaz03 (button) (small blind) folded on the River


PokerStars Hand #164783827509:  Hold'em Limit ($3/$6 USD) - 2017/01/18 12:59:25 ET
Table 'Gersuind' 6-max Seat #1 is the button
Seat 1: poker.sta306 ($130.48 in chips)
Seat 2: kolaz03 ($81.64 in chips)
poker.sta306: posts small blind $1
kolaz03: posts big blind $3
*** HOLE CARDS ***
poker.sta306: calls $2
kolaz03: checks
*** FLOP *** [3d 3h 9h]
kolaz03: checks
poker.sta306: bets $3
kolaz03: folds
Uncalled bet ($3) returned to poker.sta306
poker.sta306 collected $5.88 from pot
poker.sta306: doesn't show hand
*** SUMMARY ***
Total pot $6 | Rake $0.12
Board [3d 3h 9h]
Seat 1: poker.sta306 (button) (small blind) collected ($5.88)
Seat 2: kolaz03 (big blind) folded on the Flop


PokerStars Hand #164783901363:  Hold'em Limit ($3/$6 USD) - 2017/01/18 13:00:49 ET
Table 'Gersuind' 6-max Seat #1 is the button
Seat 1: poker.sta306 ($144.36 in chips)
Seat 2: kolaz03 ($107.50 in chips)
poker.sta306: posts small blind $1
kolaz03: posts big blind $3
*** HOLE CARDS ***
poker.sta306: folds
Uncalled bet ($2) returned to kolaz03
kolaz03 collected $2 from pot
kolaz03: doesn't show hand
*** SUMMARY ***
Total pot $2 | Rake $0
Seat 1: poker.sta306 (button) (small blind) folded before Flop
Seat 2: kolaz03 (big blind) collected ($2)


PokerStars Hand #164783862691:  Hold'em Limit ($3/$6 USD) - 2017/01/18 13:00:11 ET
Table 'Gersuind' 6-max Seat #1 is the button
Seat 1: poker.sta306 ($153.86 in chips)
Seat 2: kolaz03 ($72 in chips)
poker.sta306: posts small blind $1
kolaz03: posts big blind $3
*** HOLE CARDS ***
poker.sta306: calls $2
kolaz03: raises $3 to $6
poker.sta306: calls $3
*** FLOP *** [4h Qh 3h]
kolaz03: bets $3
poker.sta306: calls $3
*** TURN *** [4h Qh 3h] [8d]
kolaz03: bets $6
poker.sta306: raises $6 to $12
kolaz03: calls $6
*** RIVER *** [4h Qh 3h 8d] [6s]
kolaz03: checks
poker.sta306: bets $6
kolaz03: calls $6
*** SHOW DOWN ***
poker.sta306: shows [Qc 5c] (a pair of Queens)
kolaz03: mucks hand
poker.sta306 collected $53.50 from pot
*** SUMMARY ***
Total pot $54 | Rake $0.50
Board [4h Qh 3h 8d 6s]
Seat 1: poker.sta306 (button) (small blind) showed [Qc 5c] and won ($53.50) with a pair of Queens
Seat 2: kolaz03 (big blind) mucked


PokerStars Hand #164783887162:  Hold'em Limit ($3/$6 USD) - 2017/01/18 13:00:30 ET
Table 'Gersuind' 6-max Seat #2 is the button
Seat 1: poker.sta306 ($180.36 in chips)
Seat 2: kolaz03 ($72 in chips)
kolaz03: posts small blind $1
poker.sta306: posts big blind $3
*** HOLE CARDS ***
kolaz03: raises $3 to $6
poker.sta306: raises $3 to $9
kolaz03: calls $3
*** FLOP *** [7c 3c Ad]
poker.sta306: bets $3
kolaz03: calls $3
*** TURN *** [7c 3c Ad] [2h]
poker.sta306: checks
kolaz03: bets $6
poker.sta306: raises $6 to $12
kolaz03: calls $6
*** RIVER *** [7c 3c Ad 2h] [5c]
poker.sta306: bets $6
kolaz03: raises $6 to $12
poker.sta306: calls $6
*** SHOW DOWN ***
kolaz03: shows [Tc 2c] (a flush, Ten high)
poker.sta306: mucks hand
kolaz03 collected $71.50 from pot
*** SUMMARY ***
Total pot $72 | Rake $0.50
Board [7c 3c Ad 2h 5c]
Seat 1: poker.sta306 (big blind) mucked
Seat 2: kolaz03 (button) (small blind) showed [Tc 2c] and won ($71.50) with a flush, Ten high


PokerStars Hand #164783905015:  Hold'em Limit ($3/$6 USD) - 2017/01/18 13:00:53 ET
Table 'Gersuind' 6-max Seat #2 is the button
Seat 1: poker.sta306 ($143.36 in chips)
Seat 2: kolaz03 ($108.50 in chips)
kolaz03: posts small blind $1
poker.sta306: posts big blind $3
*** HOLE CARDS ***
kolaz03: raises $3 to $6
poker.sta306: raises $3 to $9
kolaz03: calls $3
*** FLOP *** [Jd Th Jc]
poker.sta306: bets $3
kolaz03: calls $3
*** TURN *** [Jd Th Jc] [Kd]
poker.sta306: checks
kolaz03: bets $6
poker.sta306: calls $6
*** RIVER *** [Jd Th Jc Kd] [4c]
poker.sta306: checks
kolaz03: bets $6
poker.sta306: calls $6
*** SHOW DOWN ***
kolaz03: shows [Kc 9s] (two pair, Kings and Jacks)
poker.sta306: mucks hand
kolaz03 collected $47.50 from pot
*** SUMMARY ***
Total pot $48 | Rake $0.50
Board [Jd Th Jc Kd 4c]
Seat 1: poker.sta306 (big blind) mucked
Seat 2: kolaz03 (button) (small blind) showed [Kc 9s] and won ($47.50) with two pair, Kings and Jacks


PokerStars Hand #164783922816:  Hold'em Limit ($3/$6 USD) - 2017/01/18 13:01:16 ET
Table 'Gersuind' 6-max Seat #1 is the button
Seat 1: poker.sta306 ($119.36 in chips)
Seat 2: kolaz03 ($132 in chips)
poker.sta306: posts small blind $1
kolaz03: posts big blind $3
*** HOLE CARDS ***
poker.sta306: raises $3 to $6
kolaz03: calls $3
*** FLOP *** [4s 7d Th]
kolaz03: checks
poker.sta306: bets $3
kolaz03: calls $3
*** TURN *** [4s 7d Th] [Td]
kolaz03: checks
poker.sta306: bets $6
kolaz03: folds
Uncalled bet ($6) returned to poker.sta306
poker.sta306 collected $17.64 from pot
*** SUMMARY ***
Total pot $18 | Rake $0.36
Board [4s 7d Th Td]
Seat 1: poker.sta306 (button) (small blind) collected ($17.64)
Seat 2: kolaz03 (big blind) folded on the Turn


PokerStars Hand #164783932863:  Hold'em Limit ($3/$6 USD) - 2017/01/18 13:01:28 ET
Table 'Gersuind' 6-max Seat #2 is the button
Seat 1: poker.sta306 ($128 in chips)
Seat 2: kolaz03 ($123 in chips)
kolaz03: posts small blind $1
poker.sta306: posts big blind $3
*** HOLE CARDS ***
kolaz03: raises $3 to $6
poker.sta306: raises $3 to $9
kolaz03: calls $3
*** FLOP *** [Kh Jd Ah]
poker.sta306: bets $3
kolaz03: folds
Uncalled bet ($3) returned to poker.sta306
poker.sta306 collected $17.64 from pot
poker.sta306: doesn't show hand
*** SUMMARY ***
Total pot $18 | Rake $0.36
Board [Kh Jd Ah]
Seat 1: poker.sta306 (big blind) collected ($17.64)
Seat 2: kolaz03 (button) (small blind) folded on the Flop


PokerStars Hand #164783940087:  Hold'em Limit ($3/$6 USD) - 2017/01/18 13:01:36 ET
Table 'Gersuind' 6-max Seat #1 is the button
Seat 1: poker.sta306 ($136.64 in chips)
Seat 2: kolaz03 ($114 in chips)
poker.sta306: posts small blind $1
kolaz03: posts big blind $3
*** HOLE CARDS ***
poker.sta306: calls $2
kolaz03: raises $3 to $6
poker.sta306: calls $3
*** FLOP *** [8d Jc Ks]
kolaz03: bets $3
poker.sta306: folds
Uncalled bet ($3) returned to kolaz03
kolaz03 collected $11.76 from pot
kolaz03: doesn't show hand
*** SUMMARY ***
Total pot $12 | Rake $0.24
Board [8d Jc Ks]
Seat 1: poker.sta306 (button) (small blind) folded on the Flop
Seat 2: kolaz03 (big blind) collected ($11.76)


PokerStars Hand #164783952477:  Hold'em Limit ($3/$6 USD) - 2017/01/18 13:01:50 ET
Table 'Gersuind' 6-max Seat #2 is the button
Seat 1: poker.sta306 ($130.64 in chips)
Seat 2: kolaz03 ($119.76 in chips)
kolaz03: posts small blind $1
poker.sta306: posts big blind $3
*** HOLE CARDS ***
kolaz03: raises $3 to $6
poker.sta306: calls $3
*** FLOP *** [7d Kd 9c]
poker.sta306: checks
kolaz03: bets $3
poker.sta306: calls $3
*** TURN *** [7d Kd 9c] [2s]
poker.sta306: checks
kolaz03: bets $6
poker.sta306: raises $6 to $12
kolaz03: folds
Uncalled bet ($6) returned to poker.sta306
poker.sta306 collected $29.50 from pot
poker.sta306: doesn't show hand
*** SUMMARY ***
Total pot $30 | Rake $0.50
Board [7d Kd 9c 2s]
Seat 1: poker.sta306 (big blind) collected ($29.50)
Seat 2: kolaz03 (button) (small blind) folded on the Turn


PokerStars Hand #164783995615:  Hold'em Limit ($3/$6 USD) - 2017/01/18 13:02:39 ET
Table 'Gersuind' 6-max Seat #2 is the button
Seat 1: poker.sta306 ($124.14 in chips)
Seat 2: kolaz03 ($125.26 in chips)
kolaz03: posts small blind $1
poker.sta306: posts big blind $3
*** HOLE CARDS ***
kolaz03: raises $3 to $6
poker.sta306: calls $3
*** FLOP *** [Jh 7c 8h]
fsreibnitz joins the table at seat #3
poker.sta306: checks
kolaz03: bets $3
poker.sta306: calls $3
*** TURN *** [Jh 7c 8h] [2h]
poker.sta306: checks
kolaz03: checks
*** RIVER *** [Jh 7c 8h 2h] [2d]
poker.sta306: bets $6
kolaz03: calls $6
*** SHOW DOWN ***
poker.sta306: shows [9s 4s] (a pair of Deuces)
kolaz03: shows [6s Ah] (a pair of Deuces - Ace kicker)
kolaz03 collected $29.50 from pot
*** SUMMARY ***
Total pot $30 | Rake $0.50
Board [Jh 7c 8h 2h 2d]
Seat 1: poker.sta306 (big blind) showed [9s 4s] and lost with a pair of Deuces
Seat 2: kolaz03 (button) (small blind) showed [6s Ah] and won ($29.50) with a pair of Deuces


PokerStars Hand #164783983312:  Hold'em Limit ($3/$6 USD) - 2017/01/18 13:02:26 ET
Table 'Gersuind' 6-max Seat #1 is the button
Seat 1: poker.sta306 ($145.14 in chips)
Seat 2: kolaz03 ($104.76 in chips)
poker.sta306: posts small blind $1
kolaz03: posts big blind $3
*** HOLE CARDS ***
poker.sta306: calls $2
kolaz03: raises $3 to $6
poker.sta306: calls $3
*** FLOP *** [8c 6c 4s]
kolaz03: bets $3
poker.sta306: calls $3
*** TURN *** [8c 6c 4s] [Ah]
kolaz03: bets $6
poker.sta306: raises $6 to $12
kolaz03: calls $6
*** RIVER *** [8c 6c 4s Ah] [Kh]
kolaz03: checks
poker.sta306: checks
*** SHOW DOWN ***
kolaz03: shows [Ac 2h] (a pair of Aces)
poker.sta306: mucks hand
kolaz03 collected $41.50 from pot
*** SUMMARY ***
Total pot $42 | Rake $0.50
Board [8c 6c 4s Ah Kh]
Seat 1: poker.sta306 (button) (small blind) mucked
Seat 2: kolaz03 (big blind) showed [Ac 2h] and won ($41.50) with a pair of Aces


PokerStars Hand #164784008891:  Hold'em Limit ($3/$6 USD) - 2017/01/18 13:02:54 ET
Table 'Gersuind' 6-max Seat #1 is the button
Seat 1: poker.sta306 ($109.14 in chips)
Seat 2: kolaz03 ($139.76 in chips)
poker.sta306: posts small blind $1
kolaz03: posts big blind $3
*** HOLE CARDS ***
poker.sta306: raises $3 to $6
kolaz03: calls $3
*** FLOP *** [5s Kc 8c]
kolaz03: checks
poker.sta306: bets $3
kolaz03: folds
Uncalled bet ($3) returned to poker.sta306
poker.sta306 collected $11.76 from pot
poker.sta306: doesn't show hand
*** SUMMARY ***
Total pot $12 | Rake $0.24
Board [5s Kc 8c]
Seat 1: poker.sta306 (button) (small blind) collected ($11.76)
Seat 2: kolaz03 (big blind) folded on the Flop


PokerStars Hand #164784386688:  Hold'em Limit ($3/$6 USD) - 2017/01/18 13:09:40 ET
Table 'Gersuind' 6-max Seat #2 is the button
Seat 1: poker.sta306 ($23.98 in chips)
Seat 2: kolaz03 ($163.45 in chips)
kolaz03: posts small blind $1
fsreibnitz: is sitting out
poker.sta306: posts big blind $3
*** HOLE CARDS ***
kolaz03: folds
Uncalled bet ($2) returned to poker.sta306
poker.sta306 collected $2 from pot
poker.sta306: doesn't show hand
*** SUMMARY ***
Total pot $2 | Rake $0
Seat 1: poker.sta306 (big blind) collected ($2)
Seat 2: kolaz03 (button) (small blind) folded before Flop


PokerStars Hand #164784391795:  Hold'em Limit ($3/$6 USD) - 2017/01/18 13:09:45 ET
Table 'Gersuind' 6-max Seat #1 is the button
Seat 1: poker.sta306 ($24.98 in chips)
Seat 2: kolaz03 ($162.45 in chips)
poker.sta306: posts small blind $1
kolaz03: posts big blind $3
*** HOLE CARDS ***
poker.sta306: folds
Uncalled bet ($2) returned to kolaz03
fsreibnitz leaves the table
kolaz03 collected $2 from pot
kolaz03: doesn't show hand
*** SUMMARY ***
Total pot $2 | Rake $0
Seat 1: poker.sta306 (button) (small blind) folded before Flop
Seat 2: kolaz03 (big blind) collected ($2)


PokerStars Hand #164784396382:  Hold'em Limit ($3/$6 USD) - 2017/01/18 13:09:50 ET
Table 'Gersuind' 6-max Seat #2 is the button
Seat 1: poker.sta306 ($23.98 in chips)
Seat 2: kolaz03 ($163.45 in chips)
kolaz03: posts small blind $1
poker.sta306: posts big blind $3
*** HOLE CARDS ***
kolaz03: raises $3 to $6
poker.sta306: calls $3
*** FLOP *** [Qc 2d Ac]
poker.sta306: checks
kolaz03: bets $3
poker.sta306: folds
Uncalled bet ($3) returned to kolaz03
kolaz03 collected $11.76 from pot
kolaz03: doesn't show hand
*** SUMMARY ***
Total pot $12 | Rake $0.24
Board [Qc 2d Ac]
Seat 1: poker.sta306 (big blind) folded on the Flop
Seat 2: kolaz03 (button) (small blind) collected ($11.76)


PokerStars Hand #164784435232:  Hold'em Limit ($3/$6 USD) - 2017/01/18 13:10:30 ET
Table 'Gersuind' 6-max Seat #1 is the button
Seat 1: poker.sta306 ($17.74 in chips)
Seat 2: kolaz03 ($168.97 in chips)
poker.sta306: posts small blind $1
kolaz03: posts big blind $3
*** HOLE CARDS ***
poker.sta306: calls $2
kolaz03: checks
*** FLOP *** [2c Qs Ah]
kolaz03: checks
poker.sta306: checks
*** TURN *** [2c Qs Ah] [8s]
kolaz03: bets $6
poker.sta306: raises $6 to $12
kolaz03: raises $6 to $18
poker.sta306: calls $2.74 and is all-in
Uncalled bet ($3.26) returned to kolaz03
*** RIVER *** [2c Qs Ah 8s] [Jc]
*** SHOW DOWN ***
kolaz03: shows [2h 8d] (two pair, Eights and Deuces)
poker.sta306: shows [Kd Kc] (a pair of Kings)
kolaz03 collected $34.98 from pot
*** SUMMARY ***
Total pot $35.48 | Rake $0.50
Board [2c Qs Ah 8s Jc]
Seat 1: poker.sta306 (button) (small blind) showed [Kd Kc] and lost with a pair of Kings
Seat 2: kolaz03 (big blind) showed [2h 8d] and won ($34.98) with two pair, Eights and Deuces


PokerStars Hand #164784415629:  Hold'em Limit ($3/$6 USD) - 2017/01/18 13:10:09 ET
Table 'Gersuind' 6-max Seat #1 is the button
Seat 1: poker.sta306 ($17.98 in chips)
Seat 2: kolaz03 ($169.21 in chips)
poker.sta306: posts small blind $1
kolaz03: posts big blind $3
*** HOLE CARDS ***
poker.sta306: raises $3 to $6
kolaz03: calls $3
*** FLOP *** [4h 2s Ad]
kolaz03: checks
poker.sta306: bets $3
kolaz03: folds
Uncalled bet ($3) returned to poker.sta306
poker.sta306 collected $11.76 from pot
poker.sta306: doesn't show hand
*** SUMMARY ***
Total pot $12 | Rake $0.24
Board [4h 2s Ad]
Seat 1: poker.sta306 (button) (small blind) collected ($11.76)
Seat 2: kolaz03 (big blind) folded on the Flop


PokerStars Hand #164784426783:  Hold'em Limit ($3/$6 USD) - 2017/01/18 13:10:21 ET
Table 'Gersuind' 6-max Seat #2 is the button
Seat 1: poker.sta306 ($23.74 in chips)
Seat 2: kolaz03 ($163.21 in chips)
kolaz03: posts small blind $1
poker.sta306: posts big blind $3
*** HOLE CARDS ***
kolaz03: raises $3 to $6
poker.sta306: calls $3
*** FLOP *** [5h Ad 5s]
poker.sta306: checks
kolaz03: bets $3
poker.sta306: folds
Uncalled bet ($3) returned to kolaz03
kolaz03 collected $11.76 from pot
kolaz03: doesn't show hand
*** SUMMARY ***
Total pot $12 | Rake $0.24
Board [5h Ad 5s]
Seat 1: poker.sta306 (big blind) folded on the Flop
Seat 2: kolaz03 (button) (small blind) collected ($11.76)


