PokerStars Hand #160415621589:  Hold'em Limit ($3/$6 USD) - 2016/10/25 9:39:41 ET
Table 'Gersuind' 6-max Seat #3 is the button
Seat 3: 7Al7eX7 ($600 in chips)
Seat 4: FHstyles ($60 in chips)
7Al7eX7: posts small blind $1
FHstyles: posts big blind $3
*** HOLE CARDS ***
7Al7eX7: calls $2
FHstyles: checks
*** FLOP *** [6s 4c 2c]
FHstyles: bets $3
7Al7eX7: folds
Uncalled bet ($3) returned to FHstyles
FHstyles collected $5.88 from pot
*** SUMMARY ***
Total pot $6 | Rake $0.12
Board [6s 4c 2c]
Seat 3: 7Al7eX7 (button) (small blind) folded on the Flop
Seat 4: FHstyles (big blind) collected ($5.88)


PokerStars Hand #160415629260:  Hold'em Limit ($3/$6 USD) - 2016/10/25 9:39:55 ET
Table 'Gersuind' 6-max Seat #4 is the button
Seat 3: 7Al7eX7 ($597 in chips)
Seat 4: FHstyles ($62.88 in chips)
FHstyles: posts small blind $1
7Al7eX7: posts big blind $3
*** HOLE CARDS ***
FHstyles: raises $3 to $6
7Al7eX7: folds
Uncalled bet ($3) returned to FHstyles
FHstyles collected $6 from pot
FHstyles: doesn't show hand
*** SUMMARY ***
Total pot $6 | Rake $0
Seat 3: 7Al7eX7 (big blind) folded before Flop
Seat 4: FHstyles (button) (small blind) collected ($6)


PokerStars Hand #160415635279:  Hold'em Limit ($3/$6 USD) - 2016/10/25 9:40:05 ET
Table 'Gersuind' 6-max Seat #3 is the button
Seat 3: 7Al7eX7 ($594 in chips)
Seat 4: FHstyles ($65.88 in chips)
7Al7eX7: posts small blind $1
FHstyles: posts big blind $3
*** HOLE CARDS ***
7Al7eX7: raises $3 to $6
FHstyles: raises $3 to $9
7Al7eX7: calls $3
*** FLOP *** [Ah Qs 9s]
zimin10 joins the table at seat #5
FHstyles: bets $3
7Al7eX7: raises $3 to $6
FHstyles: raises $3 to $9
7Al7eX7: calls $3
*** TURN *** [Ah Qs 9s] [6c]
FHstyles: bets $6
7Al7eX7: calls $6
*** RIVER *** [Ah Qs 9s 6c] [Qd]
FHstyles: bets $6
7Al7eX7: raises $6 to $12
FHstyles: calls $6
*** SHOW DOWN ***
7Al7eX7: shows [Qc 4h] (three of a kind, Queens)
FHstyles: mucks hand
7Al7eX7 collected $71.50 from pot
*** SUMMARY ***
Total pot $72 | Rake $0.50
Board [Ah Qs 9s 6c Qd]
Seat 3: 7Al7eX7 (button) (small blind) showed [Qc 4h] and won ($71.50) with three of a kind, Queens
Seat 4: FHstyles (big blind) mucked


