PokerStars Hand #176207564959:  Hold'em Limit ($3/$6 USD) - 2017/09/27 19:14:47 ET
Table 'Gersuind' 6-max Seat #3 is the button
Seat 3: Ag3r0n ($72 in chips)
Seat 5: Pete81 ($60 in chips)
Ag3r0n: posts small blind $1
Pete81: posts big blind $3
*** HOLE CARDS ***
Ag3r0n: folds
Uncalled bet ($2) returned to Pete81
Pete81 collected $2 from pot
Pete81: doesn't show hand
*** SUMMARY ***
Total pot $2 | Rake $0
Seat 3: Ag3r0n (button) (small blind) folded before Flop
Seat 5: Pete81 (big blind) collected ($2)


PokerStars Hand #176207589233:  Hold'em Limit ($3/$6 USD) - 2017/09/27 19:15:32 ET
Table 'Gersuind' 6-max Seat #3 is the button
Seat 3: Ag3r0n ($72 in chips)
Seat 5: Pete81 ($81.50 in chips)
Ag3r0n: posts small blind $1
Pete81: posts big blind $3
*** HOLE CARDS ***
Ag3r0n: folds
Uncalled bet ($2) returned to Pete81
Pete81 collected $2 from pot
Pete81: doesn't show hand
*** SUMMARY ***
Total pot $2 | Rake $0
Seat 3: Ag3r0n (button) (small blind) folded before Flop
Seat 5: Pete81 (big blind) collected ($2)


PokerStars Hand #176207568435:  Hold'em Limit ($3/$6 USD) - 2017/09/27 19:14:53 ET
Table 'Gersuind' 6-max Seat #5 is the button
Seat 3: Ag3r0n ($72 in chips)
Seat 5: Pete81 ($61 in chips)
Pete81: posts small blind $1
Ag3r0n: posts big blind $3
*** HOLE CARDS ***
Pete81: raises $3 to $6
Ag3r0n: calls $3
*** FLOP *** [7d Td Tc]
Ag3r0n: checks
Pete81: bets $3
Ag3r0n: raises $3 to $6
Pete81: raises $3 to $9
Ag3r0n: calls $3
*** TURN *** [7d Td Tc] [9d]
Ag3r0n: checks
Pete81: bets $6
Ag3r0n: calls $6
*** RIVER *** [7d Td Tc 9d] [Ks]
Ag3r0n: checks
Pete81: bets $6
Ag3r0n: folds
Uncalled bet ($6) returned to Pete81
Pete81 collected $41.50 from pot
Pete81: doesn't show hand
astonvilla87 joins the table at seat #1
*** SUMMARY ***
Total pot $42 | Rake $0.50
Board [7d Td Tc 9d Ks]
Seat 3: Ag3r0n (big blind) folded on the River
Seat 5: Pete81 (button) (small blind) collected ($41.50)


