PokerStars Hand #174202615603:  Hold'em Limit ($3/$6 USD) - 2017/08/11 12:54:19 ET
Table 'Gersuind' 6-max Seat #3 is the button
Seat 3: jamtwist ($120 in chips)
Seat 4: Anchig ($120 in chips)
jamtwist: posts small blind $1
Anchig: posts big blind $3
*** HOLE CARDS ***
vestimokrec joins the table at seat #5
jamtwist: calls $2
Anchig: checks
*** FLOP *** [Td 7c 8s]
Anchig: bets $3
jamtwist: folds
Uncalled bet ($3) returned to Anchig
Anchig collected $5.88 from pot
Anchig: doesn't show hand
*** SUMMARY ***
Total pot $6 | Rake $0.12
Board [Td 7c 8s]
Seat 3: jamtwist (button) (small blind) folded on the Flop
Seat 4: Anchig (big blind) collected ($5.88)


PokerStars Hand #174202786683:  Hold'em Limit ($3/$6 USD) - 2017/08/11 12:59:36 ET
Table 'Gersuind' 6-max Seat #5 is the button
Seat 4: Anchig ($149.37 in chips)
Seat 5: GoliafUa ($121 in chips)
GoliafUa: posts small blind $1
Anchig: posts big blind $3
*** HOLE CARDS ***
GoliafUa: folds
Uncalled bet ($2) returned to Anchig
Anchig collected $2 from pot
Anchig: doesn't show hand
*** SUMMARY ***
Total pot $2 | Rake $0
Seat 4: Anchig (big blind) collected ($2)
Seat 5: GoliafUa (button) (small blind) folded before Flop


