PokerStars Hand #147368751049:  Hold'em Limit ($3/$6 USD) - 2016/01/20 11:05:47 ET
Table 'Gerti' 2-max Seat #2 is the button
Seat 1: Pokali ($72 in chips)
Seat 2: ChicagoBull4 ($132.52 in chips)
ChicagoBull4: posts small blind $1
Pokali: posts big blind $3
*** HOLE CARDS ***
ChicagoBull4: raises $3 to $6
Pokali: calls $3
*** FLOP *** [4d Ah Kd]
Pokali: checks
ChicagoBull4: bets $3
Pokali: calls $3
*** TURN *** [4d Ah Kd] [5s]
Pokali: checks
ChicagoBull4: checks
*** RIVER *** [4d Ah Kd 5s] [2s]
Pokali: bets $6
ChicagoBull4: folds
Uncalled bet ($6) returned to Pokali
Pokali collected $17.64 from pot
Pokali: doesn't show hand
*** SUMMARY ***
Total pot $18 | Rake $0.36
Board [4d Ah Kd 5s 2s]
Seat 1: Pokali (big blind) collected ($17.64)
Seat 2: ChicagoBull4 (button) (small blind) folded on the River


PokerStars Hand #147368784356:  Hold'em Limit ($3/$6 USD) - 2016/01/20 11:06:27 ET
Table 'Gerti' 2-max Seat #2 is the button
Seat 1: Pokali ($89.28 in chips)
Seat 2: ChicagoBull4 ($114.52 in chips)
ChicagoBull4: posts small blind $1
Pokali: posts big blind $3
*** HOLE CARDS ***
ChicagoBull4: folds
Uncalled bet ($2) returned to Pokali
Pokali collected $2 from pot
Pokali: doesn't show hand
*** SUMMARY ***
Total pot $2 | Rake $0
Seat 1: Pokali (big blind) collected ($2)
Seat 2: ChicagoBull4 (button) (small blind) folded before Flop


PokerStars Hand #147368770978:  Hold'em Limit ($3/$6 USD) - 2016/01/20 11:06:11 ET
Table 'Gerti' 2-max Seat #1 is the button
Seat 1: Pokali ($80.64 in chips)
Seat 2: ChicagoBull4 ($123.52 in chips)
Pokali: posts small blind $1
ChicagoBull4: posts big blind $3
*** HOLE CARDS ***
Pokali: raises $3 to $6
ChicagoBull4: calls $3
*** FLOP *** [2s 9d 4c]
ChicagoBull4: checks
Pokali: bets $3
ChicagoBull4: calls $3
*** TURN *** [2s 9d 4c] [Ah]
ChicagoBull4: checks
Pokali: bets $6
ChicagoBull4: folds
Uncalled bet ($6) returned to Pokali
Pokali collected $17.64 from pot
Pokali: doesn't show hand
*** SUMMARY ***
Total pot $18 | Rake $0.36
Board [2s 9d 4c Ah]
Seat 1: Pokali (button) (small blind) collected ($17.64)
Seat 2: ChicagoBull4 (big blind) folded on the Turn


PokerStars Hand #147368788039:  Hold'em Limit ($3/$6 USD) - 2016/01/20 11:06:31 ET
Table 'Gerti' 2-max Seat #1 is the button
Seat 1: Pokali ($90.28 in chips)
Seat 2: ChicagoBull4 ($113.52 in chips)
Pokali: posts small blind $1
ChicagoBull4: posts big blind $3
*** HOLE CARDS ***
Pokali: raises $3 to $6
ChicagoBull4: calls $3
*** FLOP *** [9c Kh 9d]
ChicagoBull4: checks
Pokali: bets $3
ChicagoBull4: folds
Uncalled bet ($3) returned to Pokali
ChicagoBull4 leaves the table
Pokali collected $11.76 from pot
Pokali: doesn't show hand
*** SUMMARY ***
Total pot $12 | Rake $0.24
Board [9c Kh 9d]
Seat 1: Pokali (button) (small blind) collected ($11.76)
Seat 2: ChicagoBull4 (big blind) folded on the Flop


PokerStars Hand #147370103720:  Hold'em Limit ($3/$6 USD) - 2016/01/20 11:32:14 ET
Table 'Gerti' 2-max Seat #1 is the button
Seat 1: Pokali ($75.04 in chips)
Seat 2: melyh82 ($94.37 in chips)
Pokali: posts small blind $1
melyh82: posts big blind $3
*** HOLE CARDS ***
Pokali: raises $3 to $6
melyh82: calls $3
*** FLOP *** [Tc Kh Kc]
melyh82: checks
Pokali: bets $3
melyh82: calls $3
*** TURN *** [Tc Kh Kc] [Js]
melyh82: checks
Pokali: checks
*** RIVER *** [Tc Kh Kc Js] [2d]
melyh82: bets $6
Pokali: calls $6
*** SHOW DOWN ***
melyh82: shows [9c 3s] (a pair of Kings)
Pokali: shows [Qh Ts] (two pair, Kings and Tens)
Pokali collected $29.50 from pot
*** SUMMARY ***
Total pot $30 | Rake $0.50
Board [Tc Kh Kc Js 2d]
Seat 1: Pokali (button) (small blind) showed [Qh Ts] and won ($29.50) with two pair, Kings and Tens
Seat 2: melyh82 (big blind) showed [9c 3s] and lost with a pair of Kings


PokerStars Hand #147370132993:  Hold'em Limit ($3/$6 USD) - 2016/01/20 11:32:48 ET
Table 'Gerti' 2-max Seat #1 is the button
Seat 1: Pokali ($83.54 in chips)
Seat 2: melyh82 ($85.13 in chips)
Pokali: posts small blind $1
melyh82: posts big blind $3
*** HOLE CARDS ***
Pokali: folds
Uncalled bet ($2) returned to melyh82
melyh82 collected $2 from pot
melyh82: doesn't show hand
*** SUMMARY ***
Total pot $2 | Rake $0
Seat 1: Pokali (button) (small blind) folded before Flop
Seat 2: melyh82 (big blind) collected ($2)


PokerStars Hand #147370123023:  Hold'em Limit ($3/$6 USD) - 2016/01/20 11:32:37 ET
Table 'Gerti' 2-max Seat #2 is the button
Seat 1: Pokali ($89.54 in chips)
Seat 2: melyh82 ($79.37 in chips)
melyh82: posts small blind $1
Pokali: posts big blind $3
*** HOLE CARDS ***
melyh82: raises $3 to $6
Pokali: calls $3
*** FLOP *** [Qc 4c 4h]
Pokali: checks
melyh82: bets $3
Pokali: folds
Uncalled bet ($3) returned to melyh82
melyh82 collected $11.76 from pot
melyh82: doesn't show hand
*** SUMMARY ***
Total pot $12 | Rake $0.24
Board [Qc 4c 4h]
Seat 1: Pokali (big blind) folded on the Flop
Seat 2: melyh82 (button) (small blind) collected ($11.76)


PokerStars Hand #147370142409:  Hold'em Limit ($3/$6 USD) - 2016/01/20 11:32:59 ET
Table 'Gerti' 2-max Seat #1 is the button
Seat 1: Pokali ($79.54 in chips)
Seat 2: melyh82 ($89.13 in chips)
Pokali: posts small blind $1
melyh82: posts big blind $3
*** HOLE CARDS ***
Pokali: folds
Uncalled bet ($2) returned to melyh82
melyh82 collected $2 from pot
melyh82: doesn't show hand
*** SUMMARY ***
Total pot $2 | Rake $0
Seat 1: Pokali (button) (small blind) folded before Flop
Seat 2: melyh82 (big blind) collected ($2)


PokerStars Hand #147370137277:  Hold'em Limit ($3/$6 USD) - 2016/01/20 11:32:53 ET
Table 'Gerti' 2-max Seat #2 is the button
Seat 1: Pokali ($82.54 in chips)
Seat 2: melyh82 ($86.13 in chips)
melyh82: posts small blind $1
Pokali: posts big blind $3
*** HOLE CARDS ***
melyh82: raises $3 to $6
Pokali: folds
Uncalled bet ($3) returned to melyh82
melyh82 collected $6 from pot
melyh82: doesn't show hand
*** SUMMARY ***
Total pot $6 | Rake $0
Seat 1: Pokali (big blind) folded before Flop
Seat 2: melyh82 (button) (small blind) collected ($6)


PokerStars Hand #147370159084:  Hold'em Limit ($3/$6 USD) - 2016/01/20 11:33:19 ET
Table 'Gerti' 2-max Seat #1 is the button
Seat 1: Pokali ($93.04 in chips)
Seat 2: melyh82 ($75.13 in chips)
Pokali: posts small blind $1
melyh82: posts big blind $3
*** HOLE CARDS ***
Pokali: raises $3 to $6
melyh82: calls $3
*** FLOP *** [3s 7s 7c]
melyh82: checks
Pokali: bets $3
melyh82: calls $3
*** TURN *** [3s 7s 7c] [5h]
melyh82: checks
Pokali: bets $6
melyh82: calls $6
*** RIVER *** [3s 7s 7c 5h] [9h]
melyh82: checks
Pokali: checks
*** SHOW DOWN ***
melyh82: shows [Kd 6d] (a pair of Sevens)
Pokali: shows [Ks Ac] (a pair of Sevens - Ace kicker)
Pokali collected $29.50 from pot
*** SUMMARY ***
Total pot $30 | Rake $0.50
Board [3s 7s 7c 5h 9h]
Seat 1: Pokali (button) (small blind) showed [Ks Ac] and won ($29.50) with a pair of Sevens
Seat 2: melyh82 (big blind) showed [Kd 6d] and lost with a pair of Sevens


PokerStars Hand #147370177139:  Hold'em Limit ($3/$6 USD) - 2016/01/20 11:33:39 ET
Table 'Gerti' 2-max Seat #2 is the button
Seat 1: Pokali ($107.54 in chips)
Seat 2: melyh82 ($60.13 in chips)
melyh82: posts small blind $1
Pokali: posts big blind $3
*** HOLE CARDS ***
melyh82: raises $3 to $6
Pokali: calls $3
*** FLOP *** [9d 9c Tc]
Pokali: checks
melyh82: bets $3
Pokali: folds
Uncalled bet ($3) returned to melyh82
melyh82 collected $11.76 from pot
melyh82: doesn't show hand
*** SUMMARY ***
Total pot $12 | Rake $0.24
Board [9d 9c Tc]
Seat 1: Pokali (big blind) folded on the Flop
Seat 2: melyh82 (button) (small blind) collected ($11.76)


PokerStars Hand #147370185598:  Hold'em Limit ($3/$6 USD) - 2016/01/20 11:33:49 ET
Table 'Gerti' 2-max Seat #1 is the button
Seat 1: Pokali ($101.54 in chips)
Seat 2: melyh82 ($65.89 in chips)
Pokali: posts small blind $1
melyh82: posts big blind $3
*** HOLE CARDS ***
Pokali: raises $3 to $6
melyh82: calls $3
*** FLOP *** [9c Qs 5c]
melyh82: checks
Pokali: bets $3
melyh82: raises $3 to $6
Pokali: calls $3
*** TURN *** [9c Qs 5c] [3c]
melyh82: checks
Pokali: checks
*** RIVER *** [9c Qs 5c 3c] [7c]
melyh82: checks
Pokali: checks
*** SHOW DOWN ***
melyh82: shows [3d 4d] (a pair of Threes)
Pokali: mucks hand
melyh82 collected $23.52 from pot
*** SUMMARY ***
Total pot $24 | Rake $0.48
Board [9c Qs 5c 3c 7c]
Seat 1: Pokali (button) (small blind) mucked
Seat 2: melyh82 (big blind) showed [3d 4d] and won ($23.52) with a pair of Threes


PokerStars Hand #147370146750:  Hold'em Limit ($3/$6 USD) - 2016/01/20 11:33:04 ET
Table 'Gerti' 2-max Seat #2 is the button
Seat 1: Pokali ($78.54 in chips)
Seat 2: melyh82 ($90.13 in chips)
melyh82: posts small blind $1
Pokali: posts big blind $3
*** HOLE CARDS ***
melyh82: calls $2
Pokali: checks
*** FLOP *** [8s 4c 8c]
Pokali: checks
melyh82: checks
*** TURN *** [8s 4c 8c] [Ks]
Pokali: bets $6
melyh82: calls $6
*** RIVER *** [8s 4c 8c Ks] [7h]
Pokali: checks
melyh82: bets $6
Pokali: calls $6
*** SHOW DOWN ***
melyh82: shows [3s 5s] (a pair of Eights)
Pokali: shows [4s 9s] (two pair, Eights and Fours)
Pokali collected $29.50 from pot
*** SUMMARY ***
Total pot $30 | Rake $0.50
Board [8s 4c 8c Ks 7h]
Seat 1: Pokali (big blind) showed [4s 9s] and won ($29.50) with two pair, Eights and Fours
Seat 2: melyh82 (button) (small blind) showed [3s 5s] and lost with a pair of Eights


PokerStars Hand #147370211616:  Hold'em Limit ($3/$6 USD) - 2016/01/20 11:34:20 ET
Table 'Gerti' 2-max Seat #1 is the button
Seat 1: Pokali ($83.54 in chips)
Seat 2: melyh82 ($83.17 in chips)
Pokali: posts small blind $1
melyh82: posts big blind $3
*** HOLE CARDS ***
Pokali: raises $3 to $6
melyh82: calls $3
*** FLOP *** [9d 5c Th]
melyh82: checks
Pokali: bets $3
melyh82: folds
Uncalled bet ($3) returned to Pokali
Pokali collected $11.76 from pot
Pokali: doesn't show hand
*** SUMMARY ***
Total pot $12 | Rake $0.24
Board [9d 5c Th]
Seat 1: Pokali (button) (small blind) collected ($11.76)
Seat 2: melyh82 (big blind) folded on the Flop


PokerStars Hand #147370219410:  Hold'em Limit ($3/$6 USD) - 2016/01/20 11:34:29 ET
Table 'Gerti' 2-max Seat #2 is the button
Seat 1: Pokali ($89.30 in chips)
Seat 2: melyh82 ($77.17 in chips)
melyh82: posts small blind $1
Pokali: posts big blind $3
*** HOLE CARDS ***
melyh82: raises $3 to $6
Pokali: calls $3
*** FLOP *** [Ad Ah 8h]
Pokali: checks
melyh82: bets $3
Pokali: calls $3
*** TURN *** [Ad Ah 8h] [9c]
Pokali: checks
melyh82: checks
*** RIVER *** [Ad Ah 8h 9c] [2d]
Pokali: checks
melyh82: bets $6
Pokali: folds
Uncalled bet ($6) returned to melyh82
melyh82 collected $17.64 from pot
melyh82: doesn't show hand
*** SUMMARY ***
Total pot $18 | Rake $0.36
Board [Ad Ah 8h 9c 2d]
Seat 1: Pokali (big blind) folded on the River
Seat 2: melyh82 (button) (small blind) collected ($17.64)


PokerStars Hand #147370231655:  Hold'em Limit ($3/$6 USD) - 2016/01/20 11:34:43 ET
Table 'Gerti' 2-max Seat #1 is the button
Seat 1: Pokali ($80.30 in chips)
Seat 2: melyh82 ($85.81 in chips)
Pokali: posts small blind $1
melyh82: posts big blind $3
*** HOLE CARDS ***
Pokali: raises $3 to $6
melyh82: calls $3
*** FLOP *** [6s 3s Js]
melyh82: bets $3
Pokali: calls $3
*** TURN *** [6s 3s Js] [7s]
melyh82: bets $6
Pokali: calls $6
*** RIVER *** [6s 3s Js 7s] [5c]
melyh82: checks
Pokali: bets $6
melyh82: folds
Uncalled bet ($6) returned to Pokali
Pokali collected $29.50 from pot
Pokali: doesn't show hand
*** SUMMARY ***
Total pot $30 | Rake $0.50
Board [6s 3s Js 7s 5c]
Seat 1: Pokali (button) (small blind) collected ($29.50)
Seat 2: melyh82 (big blind) folded on the River


PokerStars Hand #147370247426:  Hold'em Limit ($3/$6 USD) - 2016/01/20 11:35:01 ET
Table 'Gerti' 2-max Seat #2 is the button
Seat 1: Pokali ($94.80 in chips)
Seat 2: melyh82 ($70.81 in chips)
melyh82: posts small blind $1
Pokali: posts big blind $3
*** HOLE CARDS ***
melyh82: raises $3 to $6
Pokali: raises $3 to $9
melyh82: calls $3
*** FLOP *** [Jd Qh 8c]
Pokali: bets $3
melyh82: calls $3
*** TURN *** [Jd Qh 8c] [Qs]
Pokali: bets $6
melyh82: folds
Uncalled bet ($6) returned to Pokali
Pokali collected $23.52 from pot
Pokali: doesn't show hand
*** SUMMARY ***
Total pot $24 | Rake $0.48
Board [Jd Qh 8c Qs]
Seat 1: Pokali (big blind) collected ($23.52)
Seat 2: melyh82 (button) (small blind) folded on the Turn


PokerStars Hand #147370201017:  Hold'em Limit ($3/$6 USD) - 2016/01/20 11:34:07 ET
Table 'Gerti' 2-max Seat #2 is the button
Seat 1: Pokali ($89.54 in chips)
Seat 2: melyh82 ($77.41 in chips)
melyh82: posts small blind $1
Pokali: posts big blind $3
*** HOLE CARDS ***
melyh82: raises $3 to $6
Pokali: calls $3
*** FLOP *** [9c 4d Qd]
Pokali: checks
melyh82: bets $3
Pokali: folds
Uncalled bet ($3) returned to melyh82
melyh82 collected $11.76 from pot
melyh82: doesn't show hand
*** SUMMARY ***
Total pot $12 | Rake $0.24
Board [9c 4d Qd]
Seat 1: Pokali (big blind) folded on the Flop
Seat 2: melyh82 (button) (small blind) collected ($11.76)


PokerStars Hand #147370258100:  Hold'em Limit ($3/$6 USD) - 2016/01/20 11:35:13 ET
Table 'Gerti' 2-max Seat #1 is the button
Seat 1: Pokali ($106.32 in chips)
Seat 2: melyh82 ($58.81 in chips)
Pokali: posts small blind $1
melyh82: posts big blind $3
*** HOLE CARDS ***
Pokali: raises $3 to $6
melyh82: calls $3
*** FLOP *** [Tc Kc Qh]
melyh82: checks
Pokali: bets $3
melyh82: calls $3
*** TURN *** [Tc Kc Qh] [3h]
melyh82: checks
Pokali: bets $6
melyh82: calls $6
*** RIVER *** [Tc Kc Qh 3h] [5c]
melyh82: checks
Pokali: checks
*** SHOW DOWN ***
melyh82: shows [6d Ts] (a pair of Tens)
Pokali: mucks hand
melyh82 collected $29.50 from pot
*** SUMMARY ***
Total pot $30 | Rake $0.50
Board [Tc Kc Qh 3h 5c]
Seat 1: Pokali (button) (small blind) mucked
Seat 2: melyh82 (big blind) showed [6d Ts] and won ($29.50) with a pair of Tens


PokerStars Hand #147370271831:  Hold'em Limit ($3/$6 USD) - 2016/01/20 11:35:28 ET
Table 'Gerti' 2-max Seat #2 is the button
Seat 1: Pokali ($91.32 in chips)
Seat 2: melyh82 ($73.31 in chips)
melyh82: posts small blind $1
Pokali: posts big blind $3
*** HOLE CARDS ***
melyh82: raises $3 to $6
Pokali: raises $3 to $9
melyh82: calls $3
*** FLOP *** [4h 8h 7h]
Pokali: bets $3
melyh82: calls $3
*** TURN *** [4h 8h 7h] [Qc]
Pokali: checks
melyh82: bets $6
Pokali: calls $6
*** RIVER *** [4h 8h 7h Qc] [9c]
Pokali: checks
melyh82: bets $6
Pokali: calls $6
*** SHOW DOWN ***
melyh82: shows [7s Jc] (a pair of Sevens)
Pokali: mucks hand
melyh82 collected $47.50 from pot
*** SUMMARY ***
Total pot $48 | Rake $0.50
Board [4h 8h 7h Qc 9c]
Seat 1: Pokali (big blind) mucked
Seat 2: melyh82 (button) (small blind) showed [7s Jc] and won ($47.50) with a pair of Sevens


PokerStars Hand #147370297797:  Hold'em Limit ($3/$6 USD) - 2016/01/20 11:35:58 ET
Table 'Gerti' 2-max Seat #2 is the button
Seat 1: Pokali ($72 in chips)
Seat 2: melyh82 ($108.33 in chips)
melyh82: posts small blind $1
Pokali: posts big blind $3
*** HOLE CARDS ***
melyh82: raises $3 to $6
Pokali: folds
Uncalled bet ($3) returned to melyh82
melyh82 collected $6 from pot
melyh82: doesn't show hand
*** SUMMARY ***
Total pot $6 | Rake $0
Seat 1: Pokali (big blind) folded before Flop
Seat 2: melyh82 (button) (small blind) collected ($6)


PokerStars Hand #147370286698:  Hold'em Limit ($3/$6 USD) - 2016/01/20 11:35:46 ET
Table 'Gerti' 2-max Seat #1 is the button
Seat 1: Pokali ($72 in chips)
Seat 2: melyh82 ($96.81 in chips)
Pokali: posts small blind $1
melyh82: posts big blind $3
*** HOLE CARDS ***
Pokali: raises $3 to $6
melyh82: calls $3
*** FLOP *** [Jh Kd 3s]
melyh82: checks
Pokali: bets $3
melyh82: raises $3 to $6
Pokali: calls $3
*** TURN *** [Jh Kd 3s] [Kc]
melyh82: bets $6
Pokali: folds
Uncalled bet ($6) returned to melyh82
melyh82 collected $23.52 from pot
melyh82: doesn't show hand
*** SUMMARY ***
Total pot $24 | Rake $0.48
Board [Jh Kd 3s Kc]
Seat 1: Pokali (button) (small blind) folded on the Turn
Seat 2: melyh82 (big blind) collected ($23.52)


PokerStars Hand #147370333695:  Hold'em Limit ($3/$6 USD) - 2016/01/20 11:36:40 ET
Table 'Gerti' 2-max Seat #2 is the button
Seat 1: Pokali ($72 in chips)
Seat 2: melyh82 ($143.47 in chips)
melyh82: posts small blind $1
Pokali: posts big blind $3
*** HOLE CARDS ***
melyh82: raises $3 to $6
Pokali: folds
Uncalled bet ($3) returned to melyh82
melyh82 collected $6 from pot
melyh82: doesn't show hand
*** SUMMARY ***
Total pot $6 | Rake $0
Seat 1: Pokali (big blind) folded before Flop
Seat 2: melyh82 (button) (small blind) collected ($6)


PokerStars Hand #147370319688:  Hold'em Limit ($3/$6 USD) - 2016/01/20 11:36:24 ET
Table 'Gerti' 2-max Seat #1 is the button
Seat 1: Pokali ($72 in chips)
Seat 2: melyh82 ($122.97 in chips)
Pokali: posts small blind $1
melyh82: posts big blind $3
*** HOLE CARDS ***
Pokali: raises $3 to $6
melyh82: calls $3
*** FLOP *** [As 3s 4h]
melyh82: checks
Pokali: bets $3
melyh82: raises $3 to $6
Pokali: raises $3 to $9
melyh82: calls $3
*** TURN *** [As 3s 4h] [8c]
melyh82: checks
Pokali: bets $6
melyh82: calls $6
*** RIVER *** [As 3s 4h 8c] [Qd]
melyh82: checks
Pokali: checks
*** SHOW DOWN ***
melyh82: shows [Ad 5c] (a pair of Aces)
Pokali: mucks hand
melyh82 collected $41.50 from pot
*** SUMMARY ***
Total pot $42 | Rake $0.50
Board [As 3s 4h 8c Qd]
Seat 1: Pokali (button) (small blind) mucked
Seat 2: melyh82 (big blind) showed [Ad 5c] and won ($41.50) with a pair of Aces


PokerStars Hand #147370340699:  Hold'em Limit ($3/$6 USD) - 2016/01/20 11:36:48 ET
Table 'Gerti' 2-max Seat #1 is the button
Seat 1: Pokali ($72 in chips)
Seat 2: melyh82 ($146.47 in chips)
Pokali: posts small blind $1
melyh82: posts big blind $3
*** HOLE CARDS ***
Pokali: raises $3 to $6
melyh82: raises $3 to $9
Pokali: calls $3
*** FLOP *** [7h 5s Jh]
melyh82: bets $3
Pokali: raises $3 to $6
melyh82: calls $3
*** TURN *** [7h 5s Jh] [9s]
melyh82: checks
Pokali: bets $6
melyh82: calls $6
*** RIVER *** [7h 5s Jh 9s] [3c]
melyh82: checks
Pokali: checks
*** SHOW DOWN ***
melyh82: shows [Tc Td] (a pair of Tens)
Pokali: mucks hand
melyh82 collected $41.50 from pot
*** SUMMARY ***
Total pot $42 | Rake $0.50
Board [7h 5s Jh 9s 3c]
Seat 1: Pokali (button) (small blind) mucked
Seat 2: melyh82 (big blind) showed [Tc Td] and won ($41.50) with a pair of Tens


PokerStars Hand #147370315678:  Hold'em Limit ($3/$6 USD) - 2016/01/20 11:36:19 ET
Table 'Gerti' 2-max Seat #2 is the button
Seat 1: Pokali ($72 in chips)
Seat 2: melyh82 ($119.97 in chips)
melyh82: posts small blind $1
Pokali: posts big blind $3
*** HOLE CARDS ***
melyh82: raises $3 to $6
Pokali: folds
Uncalled bet ($3) returned to melyh82
melyh82 collected $6 from pot
melyh82: doesn't show hand
*** SUMMARY ***
Total pot $6 | Rake $0
Seat 1: Pokali (big blind) folded before Flop
Seat 2: melyh82 (button) (small blind) collected ($6)


PokerStars Hand #147370302716:  Hold'em Limit ($3/$6 USD) - 2016/01/20 11:36:04 ET
Table 'Gerti' 2-max Seat #1 is the button
Seat 1: Pokali ($72 in chips)
Seat 2: melyh82 ($111.33 in chips)
Pokali: posts small blind $1
melyh82: posts big blind $3
*** HOLE CARDS ***
Pokali: raises $3 to $6
melyh82: calls $3
*** FLOP *** [6c 4s 4d]
melyh82: checks
Pokali: bets $3
melyh82: calls $3
*** TURN *** [6c 4s 4d] [5h]
melyh82: checks
Pokali: checks
*** RIVER *** [6c 4s 4d 5h] [5c]
melyh82: bets $6
Pokali: folds
Uncalled bet ($6) returned to melyh82
melyh82 collected $17.64 from pot
melyh82: doesn't show hand
*** SUMMARY ***
Total pot $18 | Rake $0.36
Board [6c 4s 4d 5h 5c]
Seat 1: Pokali (button) (small blind) folded on the River
Seat 2: melyh82 (big blind) collected ($17.64)


PokerStars Hand #147370354983:  Hold'em Limit ($3/$6 USD) - 2016/01/20 11:37:04 ET
Table 'Gerti' 2-max Seat #2 is the button
Seat 1: Pokali ($72 in chips)
Seat 2: melyh82 ($166.97 in chips)
melyh82: posts small blind $1
Pokali: posts big blind $3
*** HOLE CARDS ***
melyh82: raises $3 to $6
Pokali: calls $3
*** FLOP *** [Kd Qd 2c]
Pokali: checks
melyh82: checks
*** TURN *** [Kd Qd 2c] [8s]
Pokali: checks
melyh82: bets $6
Pokali: calls $6
*** RIVER *** [Kd Qd 2c 8s] [7s]
Pokali: checks
melyh82: bets $6
Pokali: folds
Uncalled bet ($6) returned to melyh82
melyh82 collected $23.52 from pot
melyh82: doesn't show hand
*** SUMMARY ***
Total pot $24 | Rake $0.48
Board [Kd Qd 2c 8s 7s]
Seat 1: Pokali (big blind) folded on the River
Seat 2: melyh82 (button) (small blind) collected ($23.52)


PokerStars Hand #147370383199:  Hold'em Limit ($3/$6 USD) - 2016/01/20 11:37:37 ET
Table 'Gerti' 2-max Seat #1 is the button
Seat 1: Pokali ($72 in chips)
Seat 2: melyh82 ($178.49 in chips)
Pokali: posts small blind $1
melyh82: posts big blind $3
*** HOLE CARDS ***
Pokali: raises $3 to $6
melyh82: calls $3
*** FLOP *** [8s 3c 2d]
melyh82: bets $3
Pokali: raises $3 to $6
melyh82: raises $3 to $9
Pokali: calls $3
*** TURN *** [8s 3c 2d] [Ad]
melyh82: bets $6
Pokali: calls $6
*** RIVER *** [8s 3c 2d Ad] [3s]
melyh82: bets $6
Pokali: calls $6
*** SHOW DOWN ***
melyh82: shows [8h Ks] (two pair, Eights and Threes)
Pokali: shows [8d 6c] (two pair, Eights and Threes)
melyh82 collected $26.75 from pot
Pokali collected $26.75 from pot
*** SUMMARY ***
Total pot $54 | Rake $0.50
Board [8s 3c 2d Ad 3s]
Seat 1: Pokali (button) (small blind) showed [8d 6c] and won ($26.75) with two pair, Eights and Threes
Seat 2: melyh82 (big blind) showed [8h Ks] and won ($26.75) with two pair, Eights and Threes


PokerStars Hand #147370396834:  Hold'em Limit ($3/$6 USD) - 2016/01/20 11:37:53 ET
Table 'Gerti' 2-max Seat #2 is the button
Seat 1: Pokali ($72 in chips)
Seat 2: melyh82 ($178.24 in chips)
melyh82: posts small blind $1
Pokali: posts big blind $3
*** HOLE CARDS ***
melyh82: raises $3 to $6
Pokali: calls $3
*** FLOP *** [Qh Th 4h]
Pokali: checks
melyh82: checks
*** TURN *** [Qh Th 4h] [2d]
Pokali: checks
melyh82: bets $6
Pokali: calls $6
*** RIVER *** [Qh Th 4h 2d] [8s]
Pokali: checks
melyh82: bets $6
Pokali: folds
Uncalled bet ($6) returned to melyh82
melyh82 collected $23.52 from pot
melyh82: doesn't show hand
*** SUMMARY ***
Total pot $24 | Rake $0.48
Board [Qh Th 4h 2d 8s]
Seat 1: Pokali (big blind) folded on the River
Seat 2: melyh82 (button) (small blind) collected ($23.52)


PokerStars Hand #147370425604:  Hold'em Limit ($3/$6 USD) - 2016/01/20 11:38:26 ET
Table 'Gerti' 2-max Seat #2 is the button
Seat 1: Pokali ($72 in chips)
Seat 2: melyh82 ($195.52 in chips)
melyh82: posts small blind $1
Pokali: posts big blind $3
*** HOLE CARDS ***
melyh82: raises $3 to $6
Pokali: calls $3
*** FLOP *** [9c Jd Kd]
Pokali: checks
melyh82: checks
*** TURN *** [9c Jd Kd] [2h]
Pokali: bets $6
melyh82: calls $6
*** RIVER *** [9c Jd Kd 2h] [Kc]
Pokali: checks
melyh82: checks
*** SHOW DOWN ***
Pokali: shows [7d 8d] (a pair of Kings)
melyh82: shows [Qd 6s] (a pair of Kings - Queen kicker)
melyh82 collected $23.52 from pot
*** SUMMARY ***
Total pot $24 | Rake $0.48
Board [9c Jd Kd 2h Kc]
Seat 1: Pokali (big blind) showed [7d 8d] and lost with a pair of Kings
Seat 2: melyh82 (button) (small blind) showed [Qd 6s] and won ($23.52) with a pair of Kings


PokerStars Hand #147370438184:  Hold'em Limit ($3/$6 USD) - 2016/01/20 11:38:41 ET
Table 'Gerti' 2-max Seat #1 is the button
Seat 1: Pokali ($72 in chips)
Seat 2: melyh82 ($207.04 in chips)
Pokali: posts small blind $1
melyh82: posts big blind $3
*** HOLE CARDS ***
Pokali: raises $3 to $6
melyh82: raises $3 to $9
Pokali: raises $3 to $12
Betting is capped
melyh82: calls $3
*** FLOP *** [4d 7d 8h]
melyh82: bets $3
Pokali: raises $3 to $6
melyh82: calls $3
*** TURN *** [4d 7d 8h] [9c]
melyh82: checks
Pokali: bets $6
melyh82: folds
Uncalled bet ($6) returned to Pokali
Pokali collected $35.50 from pot
Pokali: doesn't show hand
*** SUMMARY ***
Total pot $36 | Rake $0.50
Board [4d 7d 8h 9c]
Seat 1: Pokali (button) (small blind) collected ($35.50)
Seat 2: melyh82 (big blind) folded on the Turn


PokerStars Hand #147370451563:  Hold'em Limit ($3/$6 USD) - 2016/01/20 11:38:56 ET
Table 'Gerti' 2-max Seat #2 is the button
Seat 1: Pokali ($89.50 in chips)
Seat 2: melyh82 ($189.04 in chips)
melyh82: posts small blind $1
Pokali: posts big blind $3
*** HOLE CARDS ***
melyh82: raises $3 to $6
Pokali: folds
Uncalled bet ($3) returned to melyh82
melyh82 collected $6 from pot
melyh82: doesn't show hand
*** SUMMARY ***
Total pot $6 | Rake $0
Seat 1: Pokali (big blind) folded before Flop
Seat 2: melyh82 (button) (small blind) collected ($6)


PokerStars Hand #147370455752:  Hold'em Limit ($3/$6 USD) - 2016/01/20 11:39:01 ET
Table 'Gerti' 2-max Seat #1 is the button
Seat 1: Pokali ($86.50 in chips)
Seat 2: melyh82 ($192.04 in chips)
Pokali: posts small blind $1
melyh82: posts big blind $3
*** HOLE CARDS ***
Pokali: raises $3 to $6
melyh82: calls $3
*** FLOP *** [9c Qh Kc]
melyh82: checks
Pokali: bets $3
melyh82: calls $3
*** TURN *** [9c Qh Kc] [3h]
melyh82: checks
Pokali: checks
*** RIVER *** [9c Qh Kc 3h] [7c]
melyh82: bets $6
Pokali: calls $6
*** SHOW DOWN ***
melyh82: shows [9h 6d] (a pair of Nines)
Pokali: mucks hand
melyh82 collected $29.50 from pot
*** SUMMARY ***
Total pot $30 | Rake $0.50
Board [9c Qh Kc 3h 7c]
Seat 1: Pokali (button) (small blind) mucked
Seat 2: melyh82 (big blind) showed [9h 6d] and won ($29.50) with a pair of Nines


PokerStars Hand #147370413877:  Hold'em Limit ($3/$6 USD) - 2016/01/20 11:38:12 ET
Table 'Gerti' 2-max Seat #1 is the button
Seat 1: Pokali ($72 in chips)
Seat 2: melyh82 ($189.76 in chips)
Pokali: posts small blind $1
melyh82: posts big blind $3
*** HOLE CARDS ***
Pokali: raises $3 to $6
melyh82: calls $3
*** FLOP *** [Qs 9h Ac]
melyh82: bets $3
Pokali: folds
Uncalled bet ($3) returned to melyh82
melyh82 collected $11.76 from pot
melyh82: doesn't show hand
*** SUMMARY ***
Total pot $12 | Rake $0.24
Board [Qs 9h Ac]
Seat 1: Pokali (button) (small blind) folded on the Flop
Seat 2: melyh82 (big blind) collected ($11.76)


PokerStars Hand #147370479720:  Hold'em Limit ($3/$6 USD) - 2016/01/20 11:39:29 ET
Table 'Gerti' 2-max Seat #1 is the button
Seat 1: Pokali ($72 in chips)
Seat 2: melyh82 ($215.18 in chips)
Pokali: posts small blind $1
melyh82: posts big blind $3
*** HOLE CARDS ***
Pokali: raises $3 to $6
melyh82: calls $3
*** FLOP *** [2s 2c 3h]
melyh82: checks
Pokali: bets $3
melyh82: raises $3 to $6
Pokali: calls $3
*** TURN *** [2s 2c 3h] [2h]
melyh82: bets $6
Pokali: calls $6
*** RIVER *** [2s 2c 3h 2h] [Tc]
melyh82: bets $6
Pokali: calls $6
*** SHOW DOWN ***
melyh82: shows [Kh 6h] (three of a kind, Deuces)
Pokali: shows [Ac Js] (three of a kind, Deuces - Ace kicker)
Pokali collected $47.50 from pot
*** SUMMARY ***
Total pot $48 | Rake $0.50
Board [2s 2c 3h 2h Tc]
Seat 1: Pokali (button) (small blind) showed [Ac Js] and won ($47.50) with three of a kind, Deuces
Seat 2: melyh82 (big blind) showed [Kh 6h] and lost with three of a kind, Deuces


PokerStars Hand #147370491998:  Hold'em Limit ($3/$6 USD) - 2016/01/20 11:39:43 ET
Table 'Gerti' 2-max Seat #2 is the button
Seat 1: Pokali ($95.50 in chips)
Seat 2: melyh82 ($191.18 in chips)
melyh82: posts small blind $1
Pokali: posts big blind $3
*** HOLE CARDS ***
melyh82: raises $3 to $6
Pokali: calls $3
*** FLOP *** [7s 3h 5h]
Pokali: checks
melyh82: checks
*** TURN *** [7s 3h 5h] [6s]
Pokali: checks
melyh82: checks
*** RIVER *** [7s 3h 5h 6s] [8d]
Pokali: bets $6
melyh82: calls $6
*** SHOW DOWN ***
Pokali: shows [Qc 4h] (a straight, Four to Eight)
melyh82: mucks hand
Pokali collected $23.52 from pot
*** SUMMARY ***
Total pot $24 | Rake $0.48
Board [7s 3h 5h 6s 8d]
Seat 1: Pokali (big blind) showed [Qc 4h] and won ($23.52) with a straight, Four to Eight
Seat 2: melyh82 (button) (small blind) mucked


PokerStars Hand #147370504926:  Hold'em Limit ($3/$6 USD) - 2016/01/20 11:39:58 ET
Table 'Gerti' 2-max Seat #1 is the button
Seat 1: Pokali ($107.02 in chips)
Seat 2: melyh82 ($179.18 in chips)
Pokali: posts small blind $1
melyh82: posts big blind $3
*** HOLE CARDS ***
Pokali: raises $3 to $6
melyh82: calls $3
*** FLOP *** [Qs 9d 6h]
melyh82: checks
Pokali: bets $3
melyh82: calls $3
*** TURN *** [Qs 9d 6h] [Ks]
melyh82: checks
Pokali: bets $6
melyh82: folds
Uncalled bet ($6) returned to Pokali
Pokali collected $17.64 from pot
Pokali: doesn't show hand
*** SUMMARY ***
Total pot $18 | Rake $0.36
Board [Qs 9d 6h Ks]
Seat 1: Pokali (button) (small blind) collected ($17.64)
Seat 2: melyh82 (big blind) folded on the Turn


PokerStars Hand #147370467461:  Hold'em Limit ($3/$6 USD) - 2016/01/20 11:39:15 ET
Table 'Gerti' 2-max Seat #2 is the button
Seat 1: Pokali ($72 in chips)
Seat 2: melyh82 ($206.54 in chips)
melyh82: posts small blind $1
Pokali: posts big blind $3
*** HOLE CARDS ***
melyh82: raises $3 to $6
Pokali: calls $3
*** FLOP *** [Qs Qd 5h]
Pokali: checks
melyh82: bets $3
Pokali: calls $3
*** TURN *** [Qs Qd 5h] [Js]
Pokali: checks
melyh82: bets $6
Pokali: folds
Uncalled bet ($6) returned to melyh82
melyh82 collected $17.64 from pot
melyh82: doesn't show hand
*** SUMMARY ***
Total pot $18 | Rake $0.36
Board [Qs Qd 5h Js]
Seat 1: Pokali (big blind) folded on the Turn
Seat 2: melyh82 (button) (small blind) collected ($17.64)


PokerStars Hand #147370531375:  Hold'em Limit ($3/$6 USD) - 2016/01/20 11:40:29 ET
Table 'Gerti' 2-max Seat #2 is the button
Seat 1: Pokali ($108.66 in chips)
Seat 2: melyh82 ($176.94 in chips)
melyh82: posts small blind $1
Pokali: posts big blind $3
*** HOLE CARDS ***
melyh82: folds
Uncalled bet ($2) returned to Pokali
Pokali collected $2 from pot
Pokali: doesn't show hand
*** SUMMARY ***
Total pot $2 | Rake $0
Seat 1: Pokali (big blind) collected ($2)
Seat 2: melyh82 (button) (small blind) folded before Flop


PokerStars Hand #147370535748:  Hold'em Limit ($3/$6 USD) - 2016/01/20 11:40:34 ET
Table 'Gerti' 2-max Seat #1 is the button
Seat 1: Pokali ($109.66 in chips)
Seat 2: melyh82 ($175.94 in chips)
Pokali: posts small blind $1
melyh82: posts big blind $3
*** HOLE CARDS ***
Pokali: raises $3 to $6
melyh82: calls $3
*** FLOP *** [9c 4s 5c]
melyh82: checks
Pokali: checks
*** TURN *** [9c 4s 5c] [7s]
melyh82: bets $6
Pokali: calls $6
*** RIVER *** [9c 4s 5c 7s] [Jh]
melyh82: bets $6
Pokali: calls $6
*** SHOW DOWN ***
melyh82: shows [9h Qd] (a pair of Nines)
Pokali: mucks hand
melyh82 collected $35.50 from pot
*** SUMMARY ***
Total pot $36 | Rake $0.50
Board [9c 4s 5c 7s Jh]
Seat 1: Pokali (button) (small blind) mucked
Seat 2: melyh82 (big blind) showed [9h Qd] and won ($35.50) with a pair of Nines


PokerStars Hand #147370561333:  Hold'em Limit ($3/$6 USD) - 2016/01/20 11:41:04 ET
Table 'Gerti' 2-max Seat #1 is the button
Seat 1: Pokali ($115.16 in chips)
Seat 2: melyh82 ($169.44 in chips)
Pokali: posts small blind $1
melyh82: posts big blind $3
*** HOLE CARDS ***
Pokali: folds
Uncalled bet ($2) returned to melyh82
melyh82 collected $2 from pot
melyh82: doesn't show hand
*** SUMMARY ***
Total pot $2 | Rake $0
Seat 1: Pokali (button) (small blind) folded before Flop
Seat 2: melyh82 (big blind) collected ($2)


PokerStars Hand #147370545230:  Hold'em Limit ($3/$6 USD) - 2016/01/20 11:40:45 ET
Table 'Gerti' 2-max Seat #2 is the button
Seat 1: Pokali ($91.66 in chips)
Seat 2: melyh82 ($193.44 in chips)
melyh82: posts small blind $1
Pokali: posts big blind $3
*** HOLE CARDS ***
melyh82: raises $3 to $6
Pokali: calls $3
*** FLOP *** [Kd 6c Qd]
Pokali: checks
melyh82: bets $3
Pokali: raises $3 to $6
melyh82: calls $3
*** TURN *** [Kd 6c Qd] [4d]
Pokali: bets $6
melyh82: calls $6
*** RIVER *** [Kd 6c Qd 4d] [Ah]
Pokali: bets $6
melyh82: calls $6
*** SHOW DOWN ***
Pokali: shows [4h Qh] (two pair, Queens and Fours)
melyh82: mucks hand
Pokali collected $47.50 from pot
*** SUMMARY ***
Total pot $48 | Rake $0.50
Board [Kd 6c Qd 4d Ah]
Seat 1: Pokali (big blind) showed [4h Qh] and won ($47.50) with two pair, Queens and Fours
Seat 2: melyh82 (button) (small blind) mucked


PokerStars Hand #147370527879:  Hold'em Limit ($3/$6 USD) - 2016/01/20 11:40:25 ET
Table 'Gerti' 2-max Seat #1 is the button
Seat 1: Pokali ($109.66 in chips)
Seat 2: melyh82 ($175.94 in chips)
Pokali: posts small blind $1
melyh82: posts big blind $3
*** HOLE CARDS ***
Pokali: folds
Uncalled bet ($2) returned to melyh82
melyh82 collected $2 from pot
melyh82: doesn't show hand
*** SUMMARY ***
Total pot $2 | Rake $0
Seat 1: Pokali (button) (small blind) folded before Flop
Seat 2: melyh82 (big blind) collected ($2)


PokerStars Hand #147370514376:  Hold'em Limit ($3/$6 USD) - 2016/01/20 11:40:09 ET
Table 'Gerti' 2-max Seat #2 is the button
Seat 1: Pokali ($115.66 in chips)
Seat 2: melyh82 ($170.18 in chips)
melyh82: posts small blind $1
Pokali: posts big blind $3
*** HOLE CARDS ***
melyh82: raises $3 to $6
Pokali: calls $3
*** FLOP *** [Kc 9c 6d]
Pokali: checks
melyh82: bets $3
Pokali: folds
Uncalled bet ($3) returned to melyh82
melyh82 collected $11.76 from pot
melyh82: doesn't show hand
*** SUMMARY ***
Total pot $12 | Rake $0.24
Board [Kc 9c 6d]
Seat 1: Pokali (big blind) folded on the Flop
Seat 2: melyh82 (button) (small blind) collected ($11.76)


PokerStars Hand #147370565862:  Hold'em Limit ($3/$6 USD) - 2016/01/20 11:41:09 ET
Table 'Gerti' 2-max Seat #2 is the button
Seat 1: Pokali ($114.16 in chips)
Seat 2: melyh82 ($170.44 in chips)
melyh82: posts small blind $1
Pokali: posts big blind $3
*** HOLE CARDS ***
melyh82: raises $3 to $6
Pokali: calls $3
*** FLOP *** [Ad 4d 3c]
Pokali: checks
melyh82: checks
*** TURN *** [Ad 4d 3c] [Kh]
Pokali: checks
melyh82: bets $6
Pokali: calls $6
*** RIVER *** [Ad 4d 3c Kh] [7s]
Pokali: checks
melyh82: checks
*** SHOW DOWN ***
Pokali: shows [3d Qd] (a pair of Threes)
melyh82: mucks hand
Pokali collected $23.52 from pot
*** SUMMARY ***
Total pot $24 | Rake $0.48
Board [Ad 4d 3c Kh 7s]
Seat 1: Pokali (big blind) showed [3d Qd] and won ($23.52) with a pair of Threes
Seat 2: melyh82 (button) (small blind) mucked


PokerStars Hand #147370584449:  Hold'em Limit ($3/$6 USD) - 2016/01/20 11:41:31 ET
Table 'Gerti' 2-max Seat #2 is the button
Seat 1: Pokali ($124.68 in chips)
Seat 2: melyh82 ($159.44 in chips)
melyh82: posts small blind $1
Pokali: posts big blind $3
*** HOLE CARDS ***
melyh82: raises $3 to $6
Pokali: folds
Uncalled bet ($3) returned to melyh82
melyh82 collected $6 from pot
melyh82: doesn't show hand
*** SUMMARY ***
Total pot $6 | Rake $0
Seat 1: Pokali (big blind) folded before Flop
Seat 2: melyh82 (button) (small blind) collected ($6)


PokerStars Hand #147370580034:  Hold'em Limit ($3/$6 USD) - 2016/01/20 11:41:25 ET
Table 'Gerti' 2-max Seat #1 is the button
Seat 1: Pokali ($125.68 in chips)
Seat 2: melyh82 ($158.44 in chips)
Pokali: posts small blind $1
melyh82: posts big blind $3
*** HOLE CARDS ***
Pokali: folds
Uncalled bet ($2) returned to melyh82
melyh82 collected $2 from pot
melyh82: doesn't show hand
*** SUMMARY ***
Total pot $2 | Rake $0
Seat 1: Pokali (button) (small blind) folded before Flop
Seat 2: melyh82 (big blind) collected ($2)


PokerStars Hand #147370591712:  Hold'em Limit ($3/$6 USD) - 2016/01/20 11:41:39 ET
Table 'Gerti' 2-max Seat #1 is the button
Seat 1: Pokali ($121.68 in chips)
Seat 2: melyh82 ($162.44 in chips)
Pokali: posts small blind $1
melyh82: posts big blind $3
*** HOLE CARDS ***
Pokali: raises $3 to $6
melyh82: calls $3
*** FLOP *** [Jd Ad 5h]
melyh82: checks
Pokali: bets $3
melyh82: calls $3
*** TURN *** [Jd Ad 5h] [8c]
melyh82: checks
Pokali: bets $6
melyh82: calls $6
*** RIVER *** [Jd Ad 5h 8c] [Qd]
melyh82: checks
Pokali: bets $6
melyh82: raises $6 to $12
Pokali: raises $6 to $18
melyh82: calls $6
*** SHOW DOWN ***
Pokali: shows [Td 8d] (a flush, Ace high)
melyh82: mucks hand
Pokali collected $65.50 from pot
*** SUMMARY ***
Total pot $66 | Rake $0.50
Board [Jd Ad 5h 8c Qd]
Seat 1: Pokali (button) (small blind) showed [Td 8d] and won ($65.50) with a flush, Ace high
Seat 2: melyh82 (big blind) mucked


PokerStars Hand #147370609209:  Hold'em Limit ($3/$6 USD) - 2016/01/20 11:41:59 ET
Table 'Gerti' 2-max Seat #2 is the button
Seat 1: Pokali ($154.18 in chips)
Seat 2: melyh82 ($129.44 in chips)
melyh82: posts small blind $1
Pokali: posts big blind $3
*** HOLE CARDS ***
melyh82: raises $3 to $6
Pokali: folds
Uncalled bet ($3) returned to melyh82
melyh82 collected $6 from pot
melyh82: doesn't show hand
*** SUMMARY ***
Total pot $6 | Rake $0
Seat 1: Pokali (big blind) folded before Flop
Seat 2: melyh82 (button) (small blind) collected ($6)


PokerStars Hand #147370614394:  Hold'em Limit ($3/$6 USD) - 2016/01/20 11:42:05 ET
Table 'Gerti' 2-max Seat #1 is the button
Seat 1: Pokali ($151.18 in chips)
Seat 2: melyh82 ($132.44 in chips)
Pokali: posts small blind $1
melyh82: posts big blind $3
*** HOLE CARDS ***
Pokali: raises $3 to $6
melyh82: raises $3 to $9
Pokali: raises $3 to $12
Betting is capped
melyh82: calls $3
*** FLOP *** [As Ts 2c]
melyh82: bets $3
Pokali: raises $3 to $6
melyh82: calls $3
*** TURN *** [As Ts 2c] [Kc]
melyh82: bets $6
Pokali: raises $6 to $12
melyh82: raises $6 to $18
Pokali: raises $6 to $24
Betting is capped
melyh82: calls $6
*** RIVER *** [As Ts 2c Kc] [3c]
melyh82: bets $6
Pokali: calls $6
*** SHOW DOWN ***
melyh82: shows [Jd Qd] (a straight, Ten to Ace)
Pokali: mucks hand
melyh82 collected $95.50 from pot
*** SUMMARY ***
Total pot $96 | Rake $0.50
Board [As Ts 2c Kc 3c]
Seat 1: Pokali (button) (small blind) mucked
Seat 2: melyh82 (big blind) showed [Jd Qd] and won ($95.50) with a straight, Ten to Ace


PokerStars Hand #147370638946:  Hold'em Limit ($3/$6 USD) - 2016/01/20 11:42:34 ET
Table 'Gerti' 2-max Seat #2 is the button
Seat 1: Pokali ($103.18 in chips)
Seat 2: melyh82 ($179.94 in chips)
melyh82: posts small blind $1
Pokali: posts big blind $3
*** HOLE CARDS ***
melyh82 said, "kuni)))"
melyh82: raises $3 to $6
Pokali: calls $3
*** FLOP *** [Kc 7h Kd]
Pokali: checks
melyh82: bets $3
Pokali: raises $3 to $6
melyh82: calls $3
*** TURN *** [Kc 7h Kd] [Tc]
Pokali: bets $6
melyh82: raises $6 to $12
Pokali: folds
Uncalled bet ($6) returned to melyh82
melyh82 collected $35.50 from pot
melyh82: doesn't show hand
*** SUMMARY ***
Total pot $36 | Rake $0.50
Board [Kc 7h Kd Tc]
Seat 1: Pokali (big blind) folded on the Turn
Seat 2: melyh82 (button) (small blind) collected ($35.50)


PokerStars Hand #147370658627:  Hold'em Limit ($3/$6 USD) - 2016/01/20 11:42:56 ET
Table 'Gerti' 2-max Seat #1 is the button
Seat 1: Pokali ($85.18 in chips)
Seat 2: melyh82 ($197.44 in chips)
Pokali: posts small blind $1
melyh82: posts big blind $3
*** HOLE CARDS ***
Pokali: folds
Uncalled bet ($2) returned to melyh82
melyh82 collected $2 from pot
melyh82: doesn't show hand
*** SUMMARY ***
Total pot $2 | Rake $0
Seat 1: Pokali (button) (small blind) folded before Flop
Seat 2: melyh82 (big blind) collected ($2)


PokerStars Hand #147370681059:  Hold'em Limit ($3/$6 USD) - 2016/01/20 11:43:22 ET
Table 'Gerti' 2-max Seat #1 is the button
Seat 1: Pokali ($101.68 in chips)
Seat 2: melyh82 ($180.44 in chips)
Pokali: posts small blind $1
melyh82: posts big blind $3
*** HOLE CARDS ***
Pokali: folds
Uncalled bet ($2) returned to melyh82
melyh82 collected $2 from pot
melyh82: doesn't show hand
*** SUMMARY ***
Total pot $2 | Rake $0
Seat 1: Pokali (button) (small blind) folded before Flop
Seat 2: melyh82 (big blind) collected ($2)


PokerStars Hand #147370662227:  Hold'em Limit ($3/$6 USD) - 2016/01/20 11:43:01 ET
Table 'Gerti' 2-max Seat #2 is the button
Seat 1: Pokali ($84.18 in chips)
Seat 2: melyh82 ($198.44 in chips)
melyh82: posts small blind $1
Pokali: posts big blind $3
*** HOLE CARDS ***
melyh82: raises $3 to $6
Pokali: raises $3 to $9
melyh82: calls $3
*** FLOP *** [Qs Th 5h]
Pokali: bets $3
melyh82: calls $3
*** TURN *** [Qs Th 5h] [7c]
Pokali: bets $6
melyh82: calls $6
*** RIVER *** [Qs Th 5h 7c] [8d]
Pokali: checks
melyh82: checks
*** SHOW DOWN ***
Pokali: shows [6d 6h] (a pair of Sixes)
melyh82: mucks hand
Pokali collected $35.50 from pot
*** SUMMARY ***
Total pot $36 | Rake $0.50
Board [Qs Th 5h 7c 8d]
Seat 1: Pokali (big blind) showed [6d 6h] and won ($35.50) with a pair of Sixes
Seat 2: melyh82 (button) (small blind) mucked


PokerStars Hand #147370685510:  Hold'em Limit ($3/$6 USD) - 2016/01/20 11:43:28 ET
Table 'Gerti' 2-max Seat #2 is the button
Seat 1: Pokali ($100.68 in chips)
Seat 2: melyh82 ($181.44 in chips)
melyh82: posts small blind $1
Pokali: posts big blind $3
*** HOLE CARDS ***
melyh82: raises $3 to $6
Pokali: calls $3
*** FLOP *** [7c 6d 9h]
Pokali: checks
melyh82: bets $3
Pokali: folds
Uncalled bet ($3) returned to melyh82
melyh82 collected $11.76 from pot
melyh82: doesn't show hand
*** SUMMARY ***
Total pot $12 | Rake $0.24
Board [7c 6d 9h]
Seat 1: Pokali (big blind) folded on the Flop
Seat 2: melyh82 (button) (small blind) collected ($11.76)


PokerStars Hand #147370698055:  Hold'em Limit ($3/$6 USD) - 2016/01/20 11:43:42 ET
Table 'Gerti' 2-max Seat #1 is the button
Seat 1: Pokali ($94.68 in chips)
Seat 2: melyh82 ($187.20 in chips)
Pokali: posts small blind $1
melyh82: posts big blind $3
*** HOLE CARDS ***
Pokali: raises $3 to $6
melyh82: calls $3
*** FLOP *** [9h 6d Ks]
melyh82: checks
Pokali: bets $3
melyh82: calls $3
*** TURN *** [9h 6d Ks] [5c]
melyh82: checks
Pokali: checks
*** RIVER *** [9h 6d Ks 5c] [9s]
melyh82: bets $6
Pokali: calls $6
*** SHOW DOWN ***
melyh82: shows [2h 9d] (three of a kind, Nines)
Pokali: mucks hand
melyh82 collected $29.50 from pot
*** SUMMARY ***
Total pot $30 | Rake $0.50
Board [9h 6d Ks 5c 9s]
Seat 1: Pokali (button) (small blind) mucked
Seat 2: melyh82 (big blind) showed [2h 9d] and won ($29.50) with three of a kind, Nines


PokerStars Hand #147370717181:  Hold'em Limit ($3/$6 USD) - 2016/01/20 11:44:04 ET
Table 'Gerti' 2-max Seat #2 is the button
Seat 1: Pokali ($79.68 in chips)
Seat 2: melyh82 ($201.70 in chips)
melyh82: posts small blind $1
Pokali: posts big blind $3
*** HOLE CARDS ***
melyh82: raises $3 to $6
Pokali: raises $3 to $9
melyh82: calls $3
*** FLOP *** [2h Ks 5d]
Pokali: bets $3
melyh82: raises $3 to $6
Pokali: calls $3
*** TURN *** [2h Ks 5d] [8d]
Pokali: checks
melyh82: checks
*** RIVER *** [2h Ks 5d 8d] [9d]
Pokali: checks
melyh82: checks
*** SHOW DOWN ***
Pokali: shows [Qh Ac] (high card Ace)
melyh82: shows [2d 6s] (a pair of Deuces)
melyh82 collected $29.50 from pot
*** SUMMARY ***
Total pot $30 | Rake $0.50
Board [2h Ks 5d 8d 9d]
Seat 1: Pokali (big blind) showed [Qh Ac] and lost with high card Ace
Seat 2: melyh82 (button) (small blind) showed [2d 6s] and won ($29.50) with a pair of Deuces


PokerStars Hand #147370731798:  Hold'em Limit ($3/$6 USD) - 2016/01/20 11:44:21 ET
Table 'Gerti' 2-max Seat #1 is the button
Seat 1: Pokali ($72 in chips)
Seat 2: melyh82 ($216.20 in chips)
Pokali: posts small blind $1
melyh82: posts big blind $3
*** HOLE CARDS ***
Pokali: raises $3 to $6
melyh82: calls $3
*** FLOP *** [Td 3d Jd]
melyh82: checks
Pokali: checks
*** TURN *** [Td 3d Jd] [8h]
melyh82: bets $6
Pokali: folds
Uncalled bet ($6) returned to melyh82
melyh82 collected $11.76 from pot
melyh82: doesn't show hand
*** SUMMARY ***
Total pot $12 | Rake $0.24
Board [Td 3d Jd 8h]
Seat 1: Pokali (button) (small blind) folded on the Turn
Seat 2: melyh82 (big blind) collected ($11.76)


PokerStars Hand #147370741629:  Hold'em Limit ($3/$6 USD) - 2016/01/20 11:44:33 ET
Table 'Gerti' 2-max Seat #2 is the button
Seat 1: Pokali ($72 in chips)
Seat 2: melyh82 ($221.96 in chips)
melyh82: posts small blind $1
Pokali: posts big blind $3
*** HOLE CARDS ***
melyh82: raises $3 to $6
Pokali: calls $3
*** FLOP *** [8s 9h 8d]
Pokali: checks
melyh82: bets $3
Pokali: calls $3
*** TURN *** [8s 9h 8d] [Qh]
Pokali: checks
melyh82: checks
*** RIVER *** [8s 9h 8d Qh] [9d]
Pokali: checks
melyh82: bets $6
Pokali: folds
Uncalled bet ($6) returned to melyh82
melyh82 collected $17.64 from pot
melyh82: doesn't show hand
*** SUMMARY ***
Total pot $18 | Rake $0.36
Board [8s 9h 8d Qh 9d]
Seat 1: Pokali (big blind) folded on the River
Seat 2: melyh82 (button) (small blind) collected ($17.64)


PokerStars Hand #147370760936:  Hold'em Limit ($3/$6 USD) - 2016/01/20 11:44:55 ET
Table 'Gerti' 2-max Seat #1 is the button
Seat 1: Pokali ($72 in chips)
Seat 2: melyh82 ($230.60 in chips)
Pokali: posts small blind $1
melyh82: posts big blind $3
*** HOLE CARDS ***
Pokali: raises $3 to $6
melyh82: calls $3
*** FLOP *** [Th 7s 2c]
melyh82: checks
Pokali: bets $3
melyh82: calls $3
*** TURN *** [Th 7s 2c] [2d]
melyh82: checks
Pokali: bets $6
melyh82: folds
Uncalled bet ($6) returned to Pokali
Pokali collected $17.64 from pot
Pokali: doesn't show hand
*** SUMMARY ***
Total pot $18 | Rake $0.36
Board [Th 7s 2c 2d]
Seat 1: Pokali (button) (small blind) collected ($17.64)
Seat 2: melyh82 (big blind) folded on the Turn


PokerStars Hand #147370772605:  Hold'em Limit ($3/$6 USD) - 2016/01/20 11:45:09 ET
Table 'Gerti' 2-max Seat #2 is the button
Seat 1: Pokali ($80.64 in chips)
Seat 2: melyh82 ($221.60 in chips)
melyh82: posts small blind $1
Pokali: posts big blind $3
*** HOLE CARDS ***
melyh82: raises $3 to $6
Pokali: calls $3
*** FLOP *** [Ad Jh Td]
Pokali: checks
melyh82: bets $3
Pokali: calls $3
*** TURN *** [Ad Jh Td] [2d]
Pokali: checks
melyh82: bets $6
Pokali: folds
Uncalled bet ($6) returned to melyh82
melyh82 collected $17.64 from pot
melyh82: doesn't show hand
*** SUMMARY ***
Total pot $18 | Rake $0.36
Board [Ad Jh Td 2d]
Seat 1: Pokali (big blind) folded on the Turn
Seat 2: melyh82 (button) (small blind) collected ($17.64)


PokerStars Hand #147370787349:  Hold'em Limit ($3/$6 USD) - 2016/01/20 11:45:26 ET
Table 'Gerti' 2-max Seat #1 is the button
Seat 1: Pokali ($72 in chips)
Seat 2: melyh82 ($230.24 in chips)
Pokali: posts small blind $1
melyh82: posts big blind $3
*** HOLE CARDS ***
Pokali: raises $3 to $6
melyh82: calls $3
*** FLOP *** [Qc Ac Js]
melyh82: checks
Pokali: bets $3
melyh82: raises $3 to $6
Pokali: calls $3
*** TURN *** [Qc Ac Js] [8d]
melyh82: bets $6
Pokali: raises $6 to $12
melyh82: folds
Uncalled bet ($6) returned to Pokali
Pokali collected $35.50 from pot
Pokali: doesn't show hand
*** SUMMARY ***
Total pot $36 | Rake $0.50
Board [Qc Ac Js 8d]
Seat 1: Pokali (button) (small blind) collected ($35.50)
Seat 2: melyh82 (big blind) folded on the Turn


PokerStars Hand #147370816444:  Hold'em Limit ($3/$6 USD) - 2016/01/20 11:45:59 ET
Table 'Gerti' 2-max Seat #2 is the button
Seat 1: Pokali ($89.50 in chips)
Seat 2: melyh82 ($212.24 in chips)
melyh82: posts small blind $1
Pokali: posts big blind $3
*** HOLE CARDS ***
melyh82: raises $3 to $6
Pokali: calls $3
*** FLOP *** [7d 8c 8s]
Pokali: checks
melyh82: bets $3
Pokali: calls $3
*** TURN *** [7d 8c 8s] [5d]
Pokali: checks
melyh82: bets $6
Pokali: calls $6
*** RIVER *** [7d 8c 8s 5d] [3h]
Pokali: checks
melyh82: bets $6
Pokali: calls $6
*** SHOW DOWN ***
melyh82: shows [Jc Js] (two pair, Jacks and Eights)
Pokali: mucks hand
melyh82 collected $41.50 from pot
*** SUMMARY ***
Total pot $42 | Rake $0.50
Board [7d 8c 8s 5d 3h]
Seat 1: Pokali (big blind) mucked
Seat 2: melyh82 (button) (small blind) showed [Jc Js] and won ($41.50) with two pair, Jacks and Eights


PokerStars Hand #147370812573:  Hold'em Limit ($3/$6 USD) - 2016/01/20 11:45:55 ET
Table 'Gerti' 2-max Seat #1 is the button
Seat 1: Pokali ($90.50 in chips)
Seat 2: melyh82 ($211.24 in chips)
Pokali: posts small blind $1
melyh82: posts big blind $3
*** HOLE CARDS ***
Pokali: folds
Uncalled bet ($2) returned to melyh82
melyh82 collected $2 from pot
melyh82: doesn't show hand
*** SUMMARY ***
Total pot $2 | Rake $0
Seat 1: Pokali (button) (small blind) folded before Flop
Seat 2: melyh82 (big blind) collected ($2)


PokerStars Hand #147370808301:  Hold'em Limit ($3/$6 USD) - 2016/01/20 11:45:49 ET
Table 'Gerti' 2-max Seat #2 is the button
Seat 1: Pokali ($89.50 in chips)
Seat 2: melyh82 ($212.24 in chips)
melyh82: posts small blind $1
Pokali: posts big blind $3
*** HOLE CARDS ***
melyh82: folds
Uncalled bet ($2) returned to Pokali
Pokali collected $2 from pot
Pokali: doesn't show hand
*** SUMMARY ***
Total pot $2 | Rake $0
Seat 1: Pokali (big blind) collected ($2)
Seat 2: melyh82 (button) (small blind) folded before Flop


PokerStars Hand #147370867686:  Hold'em Limit ($3/$6 USD) - 2016/01/20 11:46:58 ET
Table 'Gerti' 2-max Seat #2 is the button
Seat 1: Pokali ($1086.50 in chips)
Seat 2: melyh82 ($241 in chips)
melyh82: posts small blind $1
Pokali: posts big blind $3
*** HOLE CARDS ***
melyh82: calls $2
Pokali: raises $3 to $6
melyh82: calls $3
*** FLOP *** [Js 2h 9c]
Pokali: bets $3
melyh82: calls $3
*** TURN *** [Js 2h 9c] [As]
Pokali: bets $6
melyh82: folds
Uncalled bet ($6) returned to Pokali
Pokali collected $17.64 from pot
Pokali: doesn't show hand
*** SUMMARY ***
Total pot $18 | Rake $0.36
Board [Js 2h 9c As]
Seat 1: Pokali (big blind) collected ($17.64)
Seat 2: melyh82 (button) (small blind) folded on the Turn


PokerStars Hand #147370854027:  Hold'em Limit ($3/$6 USD) - 2016/01/20 11:46:42 ET
Table 'Gerti' 2-max Seat #1 is the button
Seat 1: Pokali ($72 in chips)
Seat 2: melyh82 ($256 in chips)
Pokali: posts small blind $1
melyh82: posts big blind $3
*** HOLE CARDS ***
Pokali: raises $3 to $6
melyh82: calls $3
*** FLOP *** [Kd Qs 6c]
melyh82: checks
Pokali: bets $3
melyh82: calls $3
*** TURN *** [Kd Qs 6c] [Qd]
melyh82: checks
Pokali: bets $6
melyh82: calls $6
*** RIVER *** [Kd Qs 6c Qd] [7s]
melyh82: checks
Pokali: bets $6
melyh82: folds
Uncalled bet ($6) returned to Pokali
Pokali collected $29.50 from pot
Pokali: doesn't show hand
*** SUMMARY ***
Total pot $30 | Rake $0.50
Board [Kd Qs 6c Qd 7s]
Seat 1: Pokali (button) (small blind) collected ($29.50)
Seat 2: melyh82 (big blind) folded on the River


PokerStars Hand #147370845655:  Hold'em Limit ($3/$6 USD) - 2016/01/20 11:46:32 ET
Table 'Gerti' 2-max Seat #2 is the button
Seat 1: Pokali ($72 in chips)
Seat 2: melyh82 ($250.24 in chips)
melyh82: posts small blind $1
Pokali: posts big blind $3
*** HOLE CARDS ***
melyh82: raises $3 to $6
Pokali: calls $3
*** FLOP *** [Ad 7d 5c]
Pokali: checks
melyh82: bets $3
Pokali: folds
Uncalled bet ($3) returned to melyh82
melyh82 collected $11.76 from pot
melyh82: doesn't show hand
*** SUMMARY ***
Total pot $12 | Rake $0.24
Board [Ad 7d 5c]
Seat 1: Pokali (big blind) folded on the Flop
Seat 2: melyh82 (button) (small blind) collected ($11.76)


PokerStars Hand #147370826973:  Hold'em Limit ($3/$6 USD) - 2016/01/20 11:46:11 ET
Table 'Gerti' 2-max Seat #1 is the button
Seat 1: Pokali ($72 in chips)
Seat 2: melyh82 ($232.74 in chips)
Pokali: posts small blind $1
melyh82: posts big blind $3
*** HOLE CARDS ***
Pokali: raises $3 to $6
melyh82: calls $3
*** FLOP *** [2c Kh 7h]
melyh82: checks
Pokali: bets $3
melyh82: raises $3 to $6
Pokali: calls $3
*** TURN *** [2c Kh 7h] [Jd]
melyh82: bets $6
Pokali: calls $6
*** RIVER *** [2c Kh 7h Jd] [Ah]
melyh82: bets $6
Pokali: folds
Uncalled bet ($6) returned to melyh82
melyh82 collected $35.50 from pot
melyh82: doesn't show hand
*** SUMMARY ***
Total pot $36 | Rake $0.50
Board [2c Kh 7h Jd Ah]
Seat 1: Pokali (button) (small blind) folded on the River
Seat 2: melyh82 (big blind) collected ($35.50)


PokerStars Hand #147370914265:  Hold'em Limit ($3/$6 USD) - 2016/01/20 11:47:51 ET
Table 'Gerti' 2-max Seat #1 is the button
Seat 1: Pokali ($1094.64 in chips)
Seat 2: melyh82 ($231.50 in chips)
Pokali: posts small blind $1
melyh82: posts big blind $3
*** HOLE CARDS ***
Pokali: raises $3 to $6
melyh82: calls $3
*** FLOP *** [Jd Ks 7d]
melyh82: checks
Pokali: bets $3
melyh82: calls $3
*** TURN *** [Jd Ks 7d] [Qc]
melyh82: checks
Pokali: checks
*** RIVER *** [Jd Ks 7d Qc] [6c]
melyh82: bets $6
Pokali: folds
Uncalled bet ($6) returned to melyh82
melyh82 collected $17.64 from pot
melyh82: doesn't show hand
*** SUMMARY ***
Total pot $18 | Rake $0.36
Board [Jd Ks 7d Qc 6c]
Seat 1: Pokali (button) (small blind) folded on the River
Seat 2: melyh82 (big blind) collected ($17.64)


PokerStars Hand #147370898103:  Hold'em Limit ($3/$6 USD) - 2016/01/20 11:47:33 ET
Table 'Gerti' 2-max Seat #2 is the button
Seat 1: Pokali ($1077.14 in chips)
Seat 2: melyh82 ($249.50 in chips)
melyh82: posts small blind $1
Pokali: posts big blind $3
*** HOLE CARDS ***
melyh82: raises $3 to $6
Pokali: calls $3
*** FLOP *** [5d 9s Tc]
Pokali: checks
melyh82: bets $3
Pokali: raises $3 to $6
melyh82: calls $3
*** TURN *** [5d 9s Tc] [7s]
Pokali: bets $6
melyh82: calls $6
*** RIVER *** [5d 9s Tc 7s] [Kh]
Pokali: bets $6
melyh82: folds
Uncalled bet ($6) returned to Pokali
Pokali collected $35.50 from pot
Pokali: doesn't show hand
*** SUMMARY ***
Total pot $36 | Rake $0.50
Board [5d 9s Tc 7s Kh]
Seat 1: Pokali (big blind) collected ($35.50)
Seat 2: melyh82 (button) (small blind) folded on the River


PokerStars Hand #147370877377:  Hold'em Limit ($3/$6 USD) - 2016/01/20 11:47:09 ET
Table 'Gerti' 2-max Seat #1 is the button
Seat 1: Pokali ($1095.14 in chips)
Seat 2: melyh82 ($232 in chips)
Pokali: posts small blind $1
melyh82: posts big blind $3
*** HOLE CARDS ***
Pokali: raises $3 to $6
melyh82: calls $3
*** FLOP *** [5d 6c 2d]
melyh82: checks
Pokali: bets $3
melyh82: raises $3 to $6
Pokali: calls $3
*** TURN *** [5d 6c 2d] [7d]
melyh82: bets $6
Pokali: calls $6
*** RIVER *** [5d 6c 2d 7d] [Th]
melyh82: bets $6
Pokali: folds
Uncalled bet ($6) returned to melyh82
melyh82 collected $35.50 from pot
melyh82: doesn't show hand
*** SUMMARY ***
Total pot $36 | Rake $0.50
Board [5d 6c 2d 7d Th]
Seat 1: Pokali (button) (small blind) folded on the River
Seat 2: melyh82 (big blind) collected ($35.50)


PokerStars Hand #147370966317:  Hold'em Limit ($3/$6 USD) - 2016/01/20 11:48:51 ET
Table 'Gerti' 2-max Seat #2 is the button
Seat 1: Pokali ($1080.14 in chips)
Seat 2: melyh82 ($244.64 in chips)
melyh82: posts small blind $1
Pokali: posts big blind $3
*** HOLE CARDS ***
melyh82: raises $3 to $6
Pokali: folds
Uncalled bet ($3) returned to melyh82
melyh82 collected $6 from pot
melyh82: doesn't show hand
*** SUMMARY ***
Total pot $6 | Rake $0
Seat 1: Pokali (big blind) folded before Flop
Seat 2: melyh82 (button) (small blind) collected ($6)


PokerStars Hand #147370962568:  Hold'em Limit ($3/$6 USD) - 2016/01/20 11:48:47 ET
Table 'Gerti' 2-max Seat #1 is the button
Seat 1: Pokali ($1081.14 in chips)
Seat 2: melyh82 ($243.64 in chips)
Pokali: posts small blind $1
melyh82: posts big blind $3
*** HOLE CARDS ***
Pokali: folds
Uncalled bet ($2) returned to melyh82
melyh82 collected $2 from pot
melyh82: doesn't show hand
*** SUMMARY ***
Total pot $2 | Rake $0
Seat 1: Pokali (button) (small blind) folded before Flop
Seat 2: melyh82 (big blind) collected ($2)


PokerStars Hand #147370947890:  Hold'em Limit ($3/$6 USD) - 2016/01/20 11:48:30 ET
Table 'Gerti' 2-max Seat #2 is the button
Seat 1: Pokali ($1066.64 in chips)
Seat 2: melyh82 ($258.64 in chips)
melyh82: posts small blind $1
Pokali: posts big blind $3
*** HOLE CARDS ***
melyh82: raises $3 to $6
Pokali: calls $3
*** FLOP *** [Ks 6h 8d]
Pokali: checks
melyh82: bets $3
Pokali: calls $3
*** TURN *** [Ks 6h 8d] [2h]
Pokali: checks
melyh82: bets $6
Pokali: calls $6
*** RIVER *** [Ks 6h 8d 2h] [6c]
Pokali: checks
melyh82: checks
*** SHOW DOWN ***
Pokali: shows [6d 4h] (three of a kind, Sixes)
melyh82: mucks hand
Pokali collected $29.50 from pot
*** SUMMARY ***
Total pot $30 | Rake $0.50
Board [Ks 6h 8d 2h 6c]
Seat 1: Pokali (big blind) showed [6d 4h] and won ($29.50) with three of a kind, Sixes
Seat 2: melyh82 (button) (small blind) mucked


PokerStars Hand #147370943635:  Hold'em Limit ($3/$6 USD) - 2016/01/20 11:48:25 ET
Table 'Gerti' 2-max Seat #1 is the button
Seat 1: Pokali ($1067.64 in chips)
Seat 2: melyh82 ($257.64 in chips)
Pokali: posts small blind $1
melyh82: posts big blind $3
*** HOLE CARDS ***
Pokali: folds
Uncalled bet ($2) returned to melyh82
melyh82 collected $2 from pot
melyh82: doesn't show hand
*** SUMMARY ***
Total pot $2 | Rake $0
Seat 1: Pokali (button) (small blind) folded before Flop
Seat 2: melyh82 (big blind) collected ($2)


PokerStars Hand #147370925654:  Hold'em Limit ($3/$6 USD) - 2016/01/20 11:48:05 ET
Table 'Gerti' 2-max Seat #2 is the button
Seat 1: Pokali ($1085.64 in chips)
Seat 2: melyh82 ($240.14 in chips)
melyh82: posts small blind $1
Pokali: posts big blind $3
*** HOLE CARDS ***
melyh82: raises $3 to $6
Pokali: calls $3
*** FLOP *** [3d Tc Ad]
Pokali: checks
melyh82: checks
*** TURN *** [3d Tc Ad] [Ts]
Pokali: checks
melyh82: bets $6
Pokali: raises $6 to $12
melyh82: calls $6
*** RIVER *** [3d Tc Ad Ts] [4c]
Pokali: checks
melyh82: checks
*** SHOW DOWN ***
Pokali: shows [Kd 2d] (a pair of Tens)
melyh82: shows [Ac 8h] (two pair, Aces and Tens)
melyh82 collected $35.50 from pot
*** SUMMARY ***
Total pot $36 | Rake $0.50
Board [3d Tc Ad Ts 4c]
Seat 1: Pokali (big blind) showed [Kd 2d] and lost with a pair of Tens
Seat 2: melyh82 (button) (small blind) showed [Ac 8h] and won ($35.50) with two pair, Aces and Tens


PokerStars Hand #147370970451:  Hold'em Limit ($3/$6 USD) - 2016/01/20 11:48:56 ET
Table 'Gerti' 2-max Seat #1 is the button
Seat 1: Pokali ($1077.14 in chips)
Seat 2: melyh82 ($247.64 in chips)
Pokali: posts small blind $1
melyh82: posts big blind $3
*** HOLE CARDS ***
Pokali: raises $3 to $6
melyh82: calls $3
*** FLOP *** [Jc 5s 9c]
melyh82: checks
Pokali: checks
*** TURN *** [Jc 5s 9c] [Ks]
melyh82: checks
Pokali: bets $6
melyh82: calls $6
*** RIVER *** [Jc 5s 9c Ks] [8s]
melyh82: checks
Pokali: bets $6
melyh82: folds
Uncalled bet ($6) returned to Pokali
Pokali collected $23.52 from pot
Pokali: doesn't show hand
*** SUMMARY ***
Total pot $24 | Rake $0.48
Board [Jc 5s 9c Ks 8s]
Seat 1: Pokali (button) (small blind) collected ($23.52)
Seat 2: melyh82 (big blind) folded on the River


PokerStars Hand #147371032053:  Hold'em Limit ($3/$6 USD) - 2016/01/20 11:50:08 ET
Table 'Gerti' 2-max Seat #1 is the button
Seat 1: Pokali ($1076.16 in chips)
Seat 2: melyh82 ($246.64 in chips)
Pokali: posts small blind $1
melyh82: posts big blind $3
*** HOLE CARDS ***
Pokali: folds
Uncalled bet ($2) returned to melyh82
melyh82 collected $2 from pot
melyh82: doesn't show hand
*** SUMMARY ***
Total pot $2 | Rake $0
Seat 1: Pokali (button) (small blind) folded before Flop
Seat 2: melyh82 (big blind) collected ($2)


PokerStars Hand #147371014541:  Hold'em Limit ($3/$6 USD) - 2016/01/20 11:49:47 ET
Table 'Gerti' 2-max Seat #2 is the button
Seat 1: Pokali ($1049.66 in chips)
Seat 2: melyh82 ($273.64 in chips)
melyh82: posts small blind $1
Pokali: posts big blind $3
*** HOLE CARDS ***
melyh82: raises $3 to $6
Pokali: calls $3
*** FLOP *** [5d 3c Ts]
Pokali: checks
melyh82: bets $3
Pokali: calls $3
*** TURN *** [5d 3c Ts] [4s]
Pokali: checks
melyh82: bets $6
Pokali: raises $6 to $12
melyh82: calls $6
*** RIVER *** [5d 3c Ts 4s] [2d]
Pokali: bets $6
melyh82: calls $6
*** SHOW DOWN ***
Pokali: shows [7d 6h] (a straight, Three to Seven)
melyh82: mucks hand
Pokali collected $53.50 from pot
*** SUMMARY ***
Total pot $54 | Rake $0.50
Board [5d 3c Ts 4s 2d]
Seat 1: Pokali (big blind) showed [7d 6h] and won ($53.50) with a straight, Three to Seven
Seat 2: melyh82 (button) (small blind) mucked


PokerStars Hand #147371000270:  Hold'em Limit ($3/$6 USD) - 2016/01/20 11:49:31 ET
Table 'Gerti' 2-max Seat #1 is the button
Seat 1: Pokali ($1067.66 in chips)
Seat 2: melyh82 ($256.14 in chips)
Pokali: posts small blind $1
melyh82: posts big blind $3
*** HOLE CARDS ***
Pokali: raises $3 to $6
melyh82: calls $3
*** FLOP *** [3h 2d Js]
melyh82: checks
Pokali: bets $3
melyh82: raises $3 to $6
Pokali: calls $3
*** TURN *** [3h 2d Js] [9h]
melyh82: bets $6
Pokali: calls $6
*** RIVER *** [3h 2d Js 9h] [5s]
melyh82: bets $6
Pokali: folds
Uncalled bet ($6) returned to melyh82
melyh82 collected $35.50 from pot
melyh82: doesn't show hand
*** SUMMARY ***
Total pot $36 | Rake $0.50
Board [3h 2d Js 9h 5s]
Seat 1: Pokali (button) (small blind) folded on the River
Seat 2: melyh82 (big blind) collected ($35.50)


PokerStars Hand #147370985145:  Hold'em Limit ($3/$6 USD) - 2016/01/20 11:49:13 ET
Table 'Gerti' 2-max Seat #2 is the button
Seat 1: Pokali ($1088.66 in chips)
Seat 2: melyh82 ($235.64 in chips)
melyh82: posts small blind $1
Pokali: posts big blind $3
*** HOLE CARDS ***
melyh82: raises $3 to $6
Pokali: raises $3 to $9
melyh82: calls $3
*** FLOP *** [5d 9h 3d]
Pokali: bets $3
melyh82: raises $3 to $6
Pokali: calls $3
*** TURN *** [5d 9h 3d] [Js]
Pokali: checks
melyh82: bets $6
Pokali: calls $6
*** RIVER *** [5d 9h 3d Js] [7c]
Pokali: checks
melyh82: bets $6
Pokali: folds
Uncalled bet ($6) returned to melyh82
melyh82 collected $41.50 from pot
melyh82: doesn't show hand
*** SUMMARY ***
Total pot $42 | Rake $0.50
Board [5d 9h 3d Js 7c]
Seat 1: Pokali (big blind) folded on the River
Seat 2: melyh82 (button) (small blind) collected ($41.50)


PokerStars Hand #147371035803:  Hold'em Limit ($3/$6 USD) - 2016/01/20 11:50:12 ET
Table 'Gerti' 2-max Seat #2 is the button
Seat 1: Pokali ($1075.16 in chips)
Seat 2: melyh82 ($247.64 in chips)
melyh82: posts small blind $1
Pokali: posts big blind $3
*** HOLE CARDS ***
melyh82: raises $3 to $6
Pokali: folds
Uncalled bet ($3) returned to melyh82
melyh82 collected $6 from pot
melyh82: doesn't show hand
*** SUMMARY ***
Total pot $6 | Rake $0
Seat 1: Pokali (big blind) folded before Flop
Seat 2: melyh82 (button) (small blind) collected ($6)


PokerStars Hand #147371060044:  Hold'em Limit ($3/$6 USD) - 2016/01/20 11:50:40 ET
Table 'Gerti' 2-max Seat #1 is the button
Seat 1: Pokali ($1062.16 in chips)
Seat 2: melyh82 ($260.28 in chips)
Pokali: posts small blind $1
melyh82: posts big blind $3
*** HOLE CARDS ***
Pokali: raises $3 to $6
melyh82: calls $3
*** FLOP *** [9c 4c 3d]
melyh82: checks
Pokali: checks
*** TURN *** [9c 4c 3d] [2s]
melyh82: bets $6
Pokali: calls $6
*** RIVER *** [9c 4c 3d 2s] [3c]
melyh82: bets $6
Pokali: folds
Uncalled bet ($6) returned to melyh82
melyh82 collected $23.52 from pot
*** SUMMARY ***
Total pot $24 | Rake $0.48
Board [9c 4c 3d 2s 3c]
Seat 1: Pokali (button) (small blind) folded on the River
Seat 2: melyh82 (big blind) collected ($23.52)


PokerStars Hand #147371045626:  Hold'em Limit ($3/$6 USD) - 2016/01/20 11:50:24 ET
Table 'Gerti' 2-max Seat #2 is the button
Seat 1: Pokali ($1071.16 in chips)
Seat 2: melyh82 ($251.64 in chips)
melyh82: posts small blind $1
Pokali: posts big blind $3
*** HOLE CARDS ***
melyh82: raises $3 to $6
Pokali: calls $3
*** FLOP *** [2h Qd Ah]
Pokali: checks
melyh82: bets $3
Pokali: calls $3
*** TURN *** [2h Qd Ah] [4d]
Pokali: checks
melyh82: bets $6
Pokali: folds
Uncalled bet ($6) returned to melyh82
melyh82 collected $17.64 from pot
melyh82: doesn't show hand
*** SUMMARY ***
Total pot $18 | Rake $0.36
Board [2h Qd Ah 4d]
Seat 1: Pokali (big blind) folded on the Turn
Seat 2: melyh82 (button) (small blind) collected ($17.64)


PokerStars Hand #147371040729:  Hold'em Limit ($3/$6 USD) - 2016/01/20 11:50:18 ET
Table 'Gerti' 2-max Seat #1 is the button
Seat 1: Pokali ($1072.16 in chips)
Seat 2: melyh82 ($250.64 in chips)
Pokali: posts small blind $1
melyh82: posts big blind $3
*** HOLE CARDS ***
Pokali: folds
Uncalled bet ($2) returned to melyh82
melyh82 collected $2 from pot
melyh82: doesn't show hand
*** SUMMARY ***
Total pot $2 | Rake $0
Seat 1: Pokali (button) (small blind) folded before Flop
Seat 2: melyh82 (big blind) collected ($2)


PokerStars Hand #147371078054:  Hold'em Limit ($3/$6 USD) - 2016/01/20 11:51:01 ET
Table 'Gerti' 2-max Seat #2 is the button
Seat 1: Pokali ($1050.16 in chips)
Seat 2: melyh82 ($271.80 in chips)
melyh82: posts small blind $1
Pokali: posts big blind $3
*** HOLE CARDS ***
melyh82: raises $3 to $6
Pokali: calls $3
*** FLOP *** [6h 8h 2s]
Pokali: checks
melyh82: bets $3
Pokali: calls $3
*** TURN *** [6h 8h 2s] [7s]
Pokali: checks
melyh82: bets $6
Pokali: calls $6
*** RIVER *** [6h 8h 2s 7s] [Ad]
Pokali: checks
melyh82: bets $6
Pokali: calls $6
*** SHOW DOWN ***
melyh82: shows [4s 5h] (a straight, Four to Eight)
Pokali: mucks hand
melyh82 collected $41.50 from pot
*** SUMMARY ***
Total pot $42 | Rake $0.50
Board [6h 8h 2s 7s Ad]
Seat 1: Pokali (big blind) mucked
Seat 2: melyh82 (button) (small blind) showed [4s 5h] and won ($41.50) with a straight, Four to Eight


PokerStars Hand #147371127148:  Hold'em Limit ($3/$6 USD) - 2016/01/20 11:51:58 ET
Table 'Gerti' 2-max Seat #2 is the button
Seat 1: Pokali ($1060.18 in chips)
Seat 2: melyh82 ($260.30 in chips)
melyh82: posts small blind $1
Pokali: posts big blind $3
*** HOLE CARDS ***
melyh82: raises $3 to $6
Pokali: raises $3 to $9
melyh82: calls $3
*** FLOP *** [5c 8c 4s]
Pokali: bets $3
melyh82: calls $3
*** TURN *** [5c 8c 4s] [Ac]
Pokali: bets $6
melyh82: raises $6 to $12
Pokali: calls $6
*** RIVER *** [5c 8c 4s Ac] [4d]
Pokali: checks
melyh82: bets $6
Pokali: calls $6
*** SHOW DOWN ***
melyh82: shows [4c Tc] (a flush, Ace high)
Pokali: mucks hand
melyh82 collected $59.50 from pot
*** SUMMARY ***
Total pot $60 | Rake $0.50
Board [5c 8c 4s Ac 4d]
Seat 1: Pokali (big blind) mucked
Seat 2: melyh82 (button) (small blind) showed [4c Tc] and won ($59.50) with a flush, Ace high


PokerStars Hand #147371122117:  Hold'em Limit ($3/$6 USD) - 2016/01/20 11:51:52 ET
Table 'Gerti' 2-max Seat #1 is the button
Seat 1: Pokali ($1061.18 in chips)
Seat 2: melyh82 ($259.30 in chips)
Pokali: posts small blind $1
melyh82: posts big blind $3
*** HOLE CARDS ***
Pokali: folds
Uncalled bet ($2) returned to melyh82
melyh82 collected $2 from pot
melyh82: doesn't show hand
*** SUMMARY ***
Total pot $2 | Rake $0
Seat 1: Pokali (button) (small blind) folded before Flop
Seat 2: melyh82 (big blind) collected ($2)


PokerStars Hand #147371108438:  Hold'em Limit ($3/$6 USD) - 2016/01/20 11:51:37 ET
Table 'Gerti' 2-max Seat #2 is the button
Seat 1: Pokali ($1049.66 in chips)
Seat 2: melyh82 ($271.30 in chips)
melyh82: posts small blind $1
Pokali: posts big blind $3
*** HOLE CARDS ***
melyh82: raises $3 to $6
Pokali: calls $3
*** FLOP *** [Jc 7h As]
Pokali: checks
melyh82: checks
*** TURN *** [Jc 7h As] [2s]
Pokali: checks
melyh82: checks
*** RIVER *** [Jc 7h As 2s] [7d]
Pokali: bets $6
melyh82: calls $6
*** SHOW DOWN ***
Pokali: shows [Tc 7c] (three of a kind, Sevens)
melyh82: mucks hand
Pokali collected $23.52 from pot
*** SUMMARY ***
Total pot $24 | Rake $0.48
Board [Jc 7h As 2s 7d]
Seat 1: Pokali (big blind) showed [Tc 7c] and won ($23.52) with three of a kind, Sevens
Seat 2: melyh82 (button) (small blind) mucked


PokerStars Hand #147371092740:  Hold'em Limit ($3/$6 USD) - 2016/01/20 11:51:18 ET
Table 'Gerti' 2-max Seat #1 is the button
Seat 1: Pokali ($1029.16 in chips)
Seat 2: melyh82 ($292.30 in chips)
Pokali: posts small blind $1
melyh82: posts big blind $3
*** HOLE CARDS ***
Pokali: raises $3 to $6
melyh82: calls $3
*** FLOP *** [Ks Ts 8h]
melyh82: checks
Pokali: bets $3
melyh82: calls $3
*** TURN *** [Ks Ts 8h] [6d]
melyh82: checks
Pokali: bets $6
melyh82: calls $6
*** RIVER *** [Ks Ts 8h 6d] [Kd]
melyh82: checks
Pokali: bets $6
melyh82: calls $6
*** SHOW DOWN ***
Pokali: shows [Kc 6s] (a full house, Kings full of Sixes)
melyh82: mucks hand
Pokali collected $41.50 from pot
*** SUMMARY ***
Total pot $42 | Rake $0.50
Board [Ks Ts 8h 6d Kd]
Seat 1: Pokali (button) (small blind) showed [Kc 6s] and won ($41.50) with a full house, Kings full of Sixes
Seat 2: melyh82 (big blind) mucked


PokerStars Hand #147371138875:  Hold'em Limit ($3/$6 USD) - 2016/01/20 11:52:12 ET
Table 'Gerti' 2-max Seat #1 is the button
Seat 1: Pokali ($1030.18 in chips)
Seat 2: melyh82 ($289.80 in chips)
Pokali: posts small blind $1
melyh82: posts big blind $3
*** HOLE CARDS ***
Pokali: raises $3 to $6
melyh82: calls $3
*** FLOP *** [5d 3s 3h]
melyh82: checks
Pokali: bets $3
melyh82: raises $3 to $6
Pokali: calls $3
*** TURN *** [5d 3s 3h] [9d]
melyh82: bets $6
Pokali: folds
Uncalled bet ($6) returned to melyh82
Pokali leaves the table
melyh82 collected $23.52 from pot
melyh82: doesn't show hand
*** SUMMARY ***
Total pot $24 | Rake $0.48
Board [5d 3s 3h 9d]
Seat 1: Pokali (button) (small blind) folded on the Turn
Seat 2: melyh82 (big blind) collected ($23.52)


