PokerStars Hand #160315323681:  Hold'em Limit ($3/$6 USD) - 2016/10/23 5:14:15 ET
Table 'Gertrud II' 6-max Seat #3 is the button
Seat 3: _Lukaku_015 ($49.06 in chips)
Seat 4: Agrotait ($72 in chips)
_Lukaku_015: posts small blind $1
Agrotait: posts big blind $3
*** HOLE CARDS ***
_Lukaku_015: raises $3 to $6
GoliafUa joins the table at seat #5
Agrotait: calls $3
*** FLOP *** [Ah Jd 3h]
Agrotait: checks
_Lukaku_015: bets $3
Agrotait: folds
Uncalled bet ($3) returned to _Lukaku_015
_Lukaku_015 collected $11.76 from pot
_Lukaku_015: doesn't show hand
*** SUMMARY ***
Total pot $12 | Rake $0.24
Board [Ah Jd 3h]
Seat 3: _Lukaku_015 (button) (small blind) collected ($11.76)
Seat 4: Agrotait (big blind) folded on the Flop


PokerStars Hand #160316429229:  Hold'em Limit ($3/$6 USD) - 2016/10/23 5:58:14 ET
Table 'Gertrud II' 6-max Seat #1 is the button
Seat 1: kolaz03 ($291.04 in chips)
Seat 6: pksubban7600 ($38.04 in chips)
kolaz03: posts small blind $1
Koraseg: is sitting out
pksubban7600: posts big blind $3
*** HOLE CARDS ***
kolaz03: raises $3 to $6
pksubban7600: folds
Uncalled bet ($3) returned to kolaz03
kolaz03 collected $6 from pot
kolaz03: doesn't show hand
*** SUMMARY ***
Total pot $6 | Rake $0
Seat 1: kolaz03 (button) (small blind) collected ($6)
Seat 6: pksubban7600 (big blind) folded before Flop


PokerStars Hand #160316433018:  Hold'em Limit ($3/$6 USD) - 2016/10/23 5:58:24 ET
Table 'Gertrud II' 6-max Seat #6 is the button
Seat 1: kolaz03 ($294.04 in chips)
Seat 6: pksubban7600 ($35.04 in chips)
pksubban7600: posts small blind $1
kolaz03: posts big blind $3
*** HOLE CARDS ***
pksubban7600: folds
Uncalled bet ($2) returned to kolaz03
kolaz03 collected $2 from pot
kolaz03: doesn't show hand
*** SUMMARY ***
Total pot $2 | Rake $0
Seat 1: kolaz03 (big blind) collected ($2)
Seat 6: pksubban7600 (button) (small blind) folded before Flop


PokerStars Hand #160316445901:  Hold'em Limit ($3/$6 USD) - 2016/10/23 5:58:58 ET
Table 'Gertrud II' 6-max Seat #2 is the button
Seat 1: kolaz03 ($303.50 in chips)
Seat 2: ogdealer ($29.46 in chips)
ogdealer: posts small blind $1
kolaz03: posts big blind $3
*** HOLE CARDS ***
ogdealer: folds
Uncalled bet ($2) returned to kolaz03
ogdealer leaves the table
kolaz03 collected $2 from pot
kolaz03: doesn't show hand
*** SUMMARY ***
Total pot $2 | Rake $0
Seat 1: kolaz03 (big blind) collected ($2)
Seat 2: ogdealer (button) (small blind) folded before Flop


