PokerStars Hand #171592047520:  Hold'em Limit ($3/$6 USD) - 2017/06/10 10:23:56 ET
Table 'Gertrud' 6-max Seat #1 is the button
Seat 1: aremom4e ($121 in chips)
Seat 2: kolaz03 ($72 in chips)
aremom4e: posts small blind $1
kolaz03: posts big blind $3
*** HOLE CARDS ***
aremom4e: raises $3 to $6
kolaz03: calls $3
*** FLOP *** [4s 4h 4d]
kolaz03: checks
aremom4e: bets $3
kolaz03: calls $3
*** TURN *** [4s 4h 4d] [6h]
kolaz03: checks
aremom4e: checks
*** RIVER *** [4s 4h 4d 6h] [Tc]
kolaz03: checks
aremom4e: checks
*** SHOW DOWN ***
kolaz03: shows [Ks 3h] (three of a kind, Fours)
aremom4e: mucks hand
kolaz03 collected $17.64 from pot
*** SUMMARY ***
Total pot $18 | Rake $0.36
Board [4s 4h 4d 6h Tc]
Seat 1: aremom4e (button) (small blind) mucked
Seat 2: kolaz03 (big blind) showed [Ks 3h] and won ($17.64) with three of a kind, Fours


PokerStars Hand #171592039667:  Hold'em Limit ($3/$6 USD) - 2017/06/10 10:23:43 ET
Table 'Gertrud' 6-max Seat #2 is the button
Seat 1: aremom4e ($120 in chips)
Seat 2: kolaz03 ($72 in chips)
kolaz03: posts small blind $1
sim5sim5: is sitting out
sim5sim5 leaves the table
aremom4e: posts big blind $3
*** HOLE CARDS ***
kolaz03: folds
Uncalled bet ($2) returned to aremom4e
aremom4e collected $2 from pot
aremom4e: doesn't show hand
*** SUMMARY ***
Total pot $2 | Rake $0
Seat 1: aremom4e (big blind) collected ($2)
Seat 2: kolaz03 (button) (small blind) folded before Flop


PokerStars Hand #171592087594:  Hold'em Limit ($3/$6 USD) - 2017/06/10 10:25:05 ET
Table 'Gertrud' 6-max Seat #2 is the button
Seat 1: aremom4e ($103 in chips)
Seat 2: kolaz03 ($89.40 in chips)
kolaz03: posts small blind $1
aremom4e: posts big blind $3
*** HOLE CARDS ***
kolaz03: folds
Uncalled bet ($2) returned to aremom4e
aremom4e collected $2 from pot
aremom4e: doesn't show hand
*** SUMMARY ***
Total pot $2 | Rake $0
Seat 1: aremom4e (big blind) collected ($2)
Seat 2: kolaz03 (button) (small blind) folded before Flop


PokerStars Hand #171592079647:  Hold'em Limit ($3/$6 USD) - 2017/06/10 10:24:51 ET
Table 'Gertrud' 6-max Seat #1 is the button
Seat 1: aremom4e ($109 in chips)
Seat 2: kolaz03 ($83.64 in chips)
aremom4e: posts small blind $1
kolaz03: posts big blind $3
*** HOLE CARDS ***
aremom4e: raises $3 to $6
kolaz03: calls $3
*** FLOP *** [7c Tc 5s]
kolaz03: checks
aremom4e: checks
*** TURN *** [7c Tc 5s] [7h]
kolaz03: bets $6
aremom4e: folds
Uncalled bet ($6) returned to kolaz03
kolaz03 collected $11.76 from pot
kolaz03: doesn't show hand
*** SUMMARY ***
Total pot $12 | Rake $0.24
Board [7c Tc 5s 7h]
Seat 1: aremom4e (button) (small blind) folded on the Turn
Seat 2: kolaz03 (big blind) collected ($11.76)


PokerStars Hand #171592075580:  Hold'em Limit ($3/$6 USD) - 2017/06/10 10:24:44 ET
Table 'Gertrud' 6-max Seat #2 is the button
Seat 1: aremom4e ($108 in chips)
Seat 2: kolaz03 ($84.64 in chips)
kolaz03: posts small blind $1
aremom4e: posts big blind $3
*** HOLE CARDS ***
kolaz03: folds
Uncalled bet ($2) returned to aremom4e
aremom4e collected $2 from pot
aremom4e: doesn't show hand
*** SUMMARY ***
Total pot $2 | Rake $0
Seat 1: aremom4e (big blind) collected ($2)
Seat 2: kolaz03 (button) (small blind) folded before Flop


PokerStars Hand #171592072658:  Hold'em Limit ($3/$6 USD) - 2017/06/10 10:24:39 ET
Table 'Gertrud' 6-max Seat #1 is the button
Seat 1: aremom4e ($109 in chips)
Seat 2: kolaz03 ($83.64 in chips)
aremom4e: posts small blind $1
kolaz03: posts big blind $3
*** HOLE CARDS ***
aremom4e: folds
Uncalled bet ($2) returned to kolaz03
kolaz03 collected $2 from pot
kolaz03: doesn't show hand
*** SUMMARY ***
Total pot $2 | Rake $0
Seat 1: aremom4e (button) (small blind) folded before Flop
Seat 2: kolaz03 (big blind) collected ($2)


PokerStars Hand #171592064862:  Hold'em Limit ($3/$6 USD) - 2017/06/10 10:24:26 ET
Table 'Gertrud' 6-max Seat #2 is the button
Seat 1: aremom4e ($108 in chips)
Seat 2: kolaz03 ($84.64 in chips)
kolaz03: posts small blind $1
aremom4e: posts big blind $3
*** HOLE CARDS ***
kolaz03: folds
Uncalled bet ($2) returned to aremom4e
aremom4e collected $2 from pot
aremom4e: doesn't show hand
*** SUMMARY ***
Total pot $2 | Rake $0
Seat 1: aremom4e (big blind) collected ($2)
Seat 2: kolaz03 (button) (small blind) folded before Flop


PokerStars Hand #171592062081:  Hold'em Limit ($3/$6 USD) - 2017/06/10 10:24:21 ET
Table 'Gertrud' 6-max Seat #1 is the button
Seat 1: aremom4e ($109 in chips)
Seat 2: kolaz03 ($83.64 in chips)
aremom4e: posts small blind $1
kolaz03: posts big blind $3
*** HOLE CARDS ***
aremom4e: folds
Uncalled bet ($2) returned to kolaz03
kolaz03 collected $2 from pot
kolaz03: doesn't show hand
*** SUMMARY ***
Total pot $2 | Rake $0
Seat 1: aremom4e (button) (small blind) folded before Flop
Seat 2: kolaz03 (big blind) collected ($2)


PokerStars Hand #171592058461:  Hold'em Limit ($3/$6 USD) - 2017/06/10 10:24:15 ET
Table 'Gertrud' 6-max Seat #2 is the button
Seat 1: aremom4e ($112 in chips)
Seat 2: kolaz03 ($80.64 in chips)
kolaz03: posts small blind $1
aremom4e: posts big blind $3
*** HOLE CARDS ***
kolaz03: raises $3 to $6
aremom4e: folds
Uncalled bet ($3) returned to kolaz03
kolaz03 collected $6 from pot
kolaz03: doesn't show hand
*** SUMMARY ***
Total pot $6 | Rake $0
Seat 1: aremom4e (big blind) folded before Flop
Seat 2: kolaz03 (button) (small blind) collected ($6)


PokerStars Hand #171592106215:  Hold'em Limit ($3/$6 USD) - 2017/06/10 10:25:36 ET
Table 'Gertrud' 6-max Seat #2 is the button
Seat 1: aremom4e ($109.76 in chips)
Seat 2: kolaz03 ($82.40 in chips)
kolaz03: posts small blind $1
aremom4e: posts big blind $3
*** HOLE CARDS ***
GoliafUa leaves the table
kolaz03: folds
Uncalled bet ($2) returned to aremom4e
aremom4e collected $2 from pot
aremom4e: doesn't show hand
*** SUMMARY ***
Total pot $2 | Rake $0
Seat 1: aremom4e (big blind) collected ($2)
Seat 2: kolaz03 (button) (small blind) folded before Flop


PokerStars Hand #171592090355:  Hold'em Limit ($3/$6 USD) - 2017/06/10 10:25:09 ET
Table 'Gertrud' 6-max Seat #1 is the button
Seat 1: aremom4e ($104 in chips)
Seat 2: kolaz03 ($88.40 in chips)
aremom4e: posts small blind $1
kolaz03: posts big blind $3
*** HOLE CARDS ***
aremom4e: raises $3 to $6
kolaz03: calls $3
*** FLOP *** [3d 3s 2d]
kolaz03: checks
aremom4e: bets $3
kolaz03: folds
Uncalled bet ($3) returned to aremom4e
aremom4e collected $11.76 from pot
aremom4e: doesn't show hand
*** SUMMARY ***
Total pot $12 | Rake $0.24
Board [3d 3s 2d]
Seat 1: aremom4e (button) (small blind) collected ($11.76)
Seat 2: kolaz03 (big blind) folded on the Flop


PokerStars Hand #171592109607:  Hold'em Limit ($3/$6 USD) - 2017/06/10 10:25:42 ET
Table 'Gertrud' 6-max Seat #1 is the button
Seat 1: aremom4e ($110.76 in chips)
Seat 2: kolaz03 ($81.40 in chips)
aremom4e: posts small blind $1
kolaz03: posts big blind $3
*** HOLE CARDS ***
aremom4e: raises $3 to $6
kolaz03: calls $3
*** FLOP *** [4s Jd Ah]
BetterTennis joins the table at seat #3
kolaz03: checks
aremom4e: bets $3
kolaz03: calls $3
*** TURN *** [4s Jd Ah] [3d]
kolaz03: checks
aremom4e: checks
*** RIVER *** [4s Jd Ah 3d] [5h]
kolaz03: checks
aremom4e: checks
*** SHOW DOWN ***
kolaz03: shows [6s 4d] (a pair of Fours)
aremom4e: shows [4c Ks] (a pair of Fours - Ace+King kicker)
aremom4e collected $17.64 from pot
*** SUMMARY ***
Total pot $18 | Rake $0.36
Board [4s Jd Ah 3d 5h]
Seat 1: aremom4e (button) (small blind) showed [4c Ks] and won ($17.64) with a pair of Fours
Seat 2: kolaz03 (big blind) showed [6s 4d] and lost with a pair of Fours


PokerStars Hand #171593320991:  Hold'em Limit ($3/$6 USD) - 2017/06/10 11:00:26 ET
Table 'Gertrud' 6-max Seat #4 is the button
Seat 1: aremom4e ($70.44 in chips)
Seat 4: bigdunc88 ($100.54 in chips)
Ale4o will be allowed to play after the button
bigdunc88: posts small blind $1
aremom4e: posts big blind $3
*** HOLE CARDS ***
bigdunc88: folds
Uncalled bet ($2) returned to aremom4e
suitedthrash leaves the table
aremom4e collected $2 from pot
aremom4e: doesn't show hand
*** SUMMARY ***
Total pot $2 | Rake $0
Seat 1: aremom4e (big blind) collected ($2)
Seat 4: bigdunc88 (button) (small blind) folded before Flop


PokerStars Hand #171595376502:  Hold'em Limit ($3/$6 USD) - 2017/06/10 11:56:58 ET
Table 'Gertrud' 6-max Seat #3 is the button
Seat 3: Longstaaf ($139.38 in chips)
Seat 6: B_loJkl ($287.37 in chips)
Longstaaf: posts small blind $1
Apanage: is sitting out
B_loJkl: posts big blind $3
*** HOLE CARDS ***
Longstaaf: folds
Uncalled bet ($2) returned to B_loJkl
Apanage leaves the table
B_loJkl collected $2 from pot
B_loJkl: doesn't show hand
*** SUMMARY ***
Total pot $2 | Rake $0
Seat 3: Longstaaf (button) (small blind) folded before Flop
Seat 6: B_loJkl (big blind) collected ($2)


