PokerStars Hand #154023471735:  Hold'em Limit ($3/$6 USD) - 2016/05/29 17:51:36 ET
Table 'Gertrud' 6-max Seat #4 is the button
Seat 4: AzureCaper ($79.76 in chips)
Seat 6: JCPKCH ($31.98 in chips)
AzureCaper: posts small blind $1
JCPKCH: posts big blind $3
*** HOLE CARDS ***
AzureCaper: raises $3 to $6
JCPKCH: raises $3 to $9
AzureCaper: calls $3
*** FLOP *** [Ac 9d Qd]
JCPKCH: bets $3
AzureCaper: folds
Uncalled bet ($3) returned to JCPKCH
JCPKCH collected $17.64 from pot
*** SUMMARY ***
Total pot $18 | Rake $0.36
Board [Ac 9d Qd]
Seat 4: AzureCaper (button) (small blind) folded on the Flop
Seat 6: JCPKCH (big blind) collected ($17.64)


PokerStars Hand #154023468034:  Hold'em Limit ($3/$6 USD) - 2016/05/29 17:51:32 ET
Table 'Gertrud' 6-max Seat #6 is the button
Seat 4: AzureCaper ($78.76 in chips)
Seat 6: JCPKCH ($32.98 in chips)
JCPKCH: posts small blind $1
AzureCaper: posts big blind $3
*** HOLE CARDS ***
JCPKCH: folds
Uncalled bet ($2) returned to AzureCaper
AzureCaper collected $2 from pot
AzureCaper: doesn't show hand
tomte999 joins the table at seat #1
*** SUMMARY ***
Total pot $2 | Rake $0
Seat 4: AzureCaper (big blind) collected ($2)
Seat 6: JCPKCH (button) (small blind) folded before Flop


PokerStars Hand #154023460095:  Hold'em Limit ($3/$6 USD) - 2016/05/29 17:51:22 ET
Table 'Gertrud' 6-max Seat #4 is the button
Seat 4: AzureCaper ($73 in chips)
Seat 6: JCPKCH ($38.98 in chips)
AzureCaper: posts small blind $1
JCPKCH: posts big blind $3
*** HOLE CARDS ***
AzureCaper: raises $3 to $6
JCPKCH: calls $3
*** FLOP *** [8s Tc Kh]
JCPKCH: checks
AzureCaper: bets $3
JCPKCH: folds
Uncalled bet ($3) returned to AzureCaper
AzureCaper collected $11.76 from pot
AzureCaper: doesn't show hand
*** SUMMARY ***
Total pot $12 | Rake $0.24
Board [8s Tc Kh]
Seat 4: AzureCaper (button) (small blind) collected ($11.76)
Seat 6: JCPKCH (big blind) folded on the Flop


