PokerStars Hand #160381780610:  Hold'em Limit ($3/$6 USD) - 2016/10/24 14:18:43 ET
Table 'Gerti' 6-max Seat #6 is the button
Seat 1: Menotti ($68.55 in chips)
Seat 6: Ag3r0n ($227.23 in chips)
Ag3r0n: posts small blind $1
Menotti: posts big blind $3
*** HOLE CARDS ***
Ag3r0n: raises $3 to $6
Menotti: folds
Uncalled bet ($3) returned to Ag3r0n
Ag3r0n collected $6 from pot
*** SUMMARY ***
Total pot $6 | Rake $0
Seat 1: Menotti (big blind) folded before Flop
Seat 6: Ag3r0n (button) (small blind) collected ($6)


PokerStars Hand #160381765203:  Hold'em Limit ($3/$6 USD) - 2016/10/24 14:18:25 ET
Table 'Gerti' 6-max Seat #1 is the button
Seat 1: Menotti ($62.79 in chips)
Seat 6: Ag3r0n ($233.23 in chips)
Menotti: posts small blind $1
Zubasa07: is sitting out
Great_Kang: is sitting out
Ag3r0n: posts big blind $3
*** HOLE CARDS ***
vestimokrec joins the table at seat #3
Menotti: raises $3 to $6
Ag3r0n: calls $3
*** FLOP *** [5c Ts 5h]
Ag3r0n: checks
Menotti: bets $3
vestimokrec leaves the table
Ag3r0n: folds
Uncalled bet ($3) returned to Menotti
Hi Im Alexey leaves the table
Menotti collected $11.76 from pot
*** SUMMARY ***
Total pot $12 | Rake $0.24
Board [5c Ts 5h]
Seat 1: Menotti (button) (small blind) collected ($11.76)
Seat 6: Ag3r0n (big blind) folded on the Flop


PokerStars Hand #160381786198:  Hold'em Limit ($3/$6 USD) - 2016/10/24 14:18:49 ET
Table 'Gerti' 6-max Seat #1 is the button
Seat 1: Menotti ($65.55 in chips)
Seat 6: Ag3r0n ($230.23 in chips)
Menotti: posts small blind $1
Ag3r0n: posts big blind $3
*** HOLE CARDS ***
Menotti: raises $3 to $6
Ag3r0n: calls $3
*** FLOP *** [Ts 7s 6s]
Ag3r0n: checks
Menotti: bets $3
Ag3r0n: calls $3
*** TURN *** [Ts 7s 6s] [Jc]
Ag3r0n: checks
Menotti: bets $6
Ag3r0n: calls $6
*** RIVER *** [Ts 7s 6s Jc] [4c]
Ag3r0n: checks
Menotti: bets $6
Ag3r0n: calls $6
*** SHOW DOWN ***
Menotti: shows [Td Qc] (a pair of Tens)
Ag3r0n: mucks hand
Menotti collected $41.50 from pot
*** SUMMARY ***
Total pot $42 | Rake $0.50
Board [Ts 7s 6s Jc 4c]
Seat 1: Menotti (button) (small blind) showed [Td Qc] and won ($41.50) with a pair of Tens
Seat 6: Ag3r0n (big blind) mucked


PokerStars Hand #160381815633:  Hold'em Limit ($3/$6 USD) - 2016/10/24 14:19:23 ET
Table 'Gerti' 6-max Seat #1 is the button
Seat 1: Menotti ($106.55 in chips)
Seat 6: Ag3r0n ($188.23 in chips)
Menotti: posts small blind $1
Ag3r0n: posts big blind $3
*** HOLE CARDS ***
Menotti: raises $3 to $6
Ag3r0n: calls $3
*** FLOP *** [6c 9s 6h]
Ag3r0n: checks
Menotti: bets $3
Ag3r0n: calls $3
*** TURN *** [6c 9s 6h] [7h]
Ag3r0n: checks
Menotti: bets $6
Ag3r0n: calls $6
*** RIVER *** [6c 9s 6h 7h] [Tc]
Ag3r0n: checks
Menotti: bets $6
Ag3r0n: folds
Uncalled bet ($6) returned to Menotti
Menotti collected $29.50 from pot
*** SUMMARY ***
Total pot $30 | Rake $0.50
Board [6c 9s 6h 7h Tc]
Seat 1: Menotti (button) (small blind) collected ($29.50)
Seat 6: Ag3r0n (big blind) folded on the River


PokerStars Hand #160381799547:  Hold'em Limit ($3/$6 USD) - 2016/10/24 14:19:05 ET
Table 'Gerti' 6-max Seat #6 is the button
Seat 1: Menotti ($86.05 in chips)
Seat 6: Ag3r0n ($209.23 in chips)
Ag3r0n: posts small blind $1
Menotti: posts big blind $3
*** HOLE CARDS ***
Ag3r0n: raises $3 to $6
Menotti: calls $3
*** FLOP *** [Ts Jc 4s]
Zubasa07 leaves the table
Menotti: checks
Ag3r0n: bets $3
Menotti: calls $3
*** TURN *** [Ts Jc 4s] [2c]
Menotti: checks
Ag3r0n: bets $6
Menotti: calls $6
*** RIVER *** [Ts Jc 4s 2c] [Tc]
Menotti: checks
Ag3r0n: bets $6
Menotti: raises $6 to $12
Ag3r0n: folds
Uncalled bet ($6) returned to Menotti
Menotti collected $41.50 from pot
*** SUMMARY ***
Total pot $42 | Rake $0.50
Board [Ts Jc 4s 2c Tc]
Seat 1: Menotti (big blind) collected ($41.50)
Seat 6: Ag3r0n (button) (small blind) folded on the River


