PokerStars Hand #173096087335:  Hold'em Limit ($3/$6 USD) - 2017/07/16 5:40:56 ET
Table 'Gerti' 6-max Seat #3 is the button
Seat 3: paparuha ($531.70 in chips)
Seat 4: VolkovDmitri ($120 in chips)
paparuha: posts small blind $1
VolkovDmitri: posts big blind $3
*** HOLE CARDS ***
paparuha: raises $3 to $6
VolkovDmitri: raises $3 to $9
paparuha: calls $3
*** FLOP *** [Ah 9h 3s]
VolkovDmitri: bets $3
paparuha: calls $3
*** TURN *** [Ah 9h 3s] [7h]
VolkovDmitri: bets $6
paparuha: calls $6
*** RIVER *** [Ah 9h 3s 7h] [9d]
VolkovDmitri: checks
paparuha: checks
*** SHOW DOWN ***
VolkovDmitri: shows [Td Th] (two pair, Tens and Nines)
paparuha: mucks hand
VolkovDmitri collected $35.50 from pot
*** SUMMARY ***
Total pot $36 | Rake $0.50
Board [Ah 9h 3s 7h 9d]
Seat 3: paparuha (button) (small blind) mucked
Seat 4: VolkovDmitri (big blind) showed [Td Th] and won ($35.50) with two pair, Tens and Nines


PokerStars Hand #173096105359:  Hold'em Limit ($3/$6 USD) - 2017/07/16 5:41:41 ET
Table 'Gerti' 6-max Seat #3 is the button
Seat 3: paparuha ($522.34 in chips)
Seat 4: VolkovDmitri ($128.50 in chips)
paparuha: posts small blind $1
VolkovDmitri: posts big blind $3
*** HOLE CARDS ***
paparuha: raises $3 to $6
VolkovDmitri: folds
Uncalled bet ($3) returned to paparuha
paparuha collected $6 from pot
*** SUMMARY ***
Total pot $6 | Rake $0
Seat 3: paparuha (button) (small blind) collected ($6)
Seat 4: VolkovDmitri (big blind) folded before Flop


PokerStars Hand #173096116977:  Hold'em Limit ($3/$6 USD) - 2017/07/16 5:42:10 ET
Table 'Gerti' 6-max Seat #3 is the button
Seat 3: paparuha ($536.86 in chips)
Seat 4: VolkovDmitri ($120 in chips)
paparuha: posts small blind $1
VolkovDmitri: posts big blind $3
*** HOLE CARDS ***
paparuha: folds
Uncalled bet ($2) returned to VolkovDmitri
VolkovDmitri collected $2 from pot
VolkovDmitri: doesn't show hand
*** SUMMARY ***
Total pot $2 | Rake $0
Seat 3: paparuha (button) (small blind) folded before Flop
Seat 4: VolkovDmitri (big blind) collected ($2)


PokerStars Hand #173096099011:  Hold'em Limit ($3/$6 USD) - 2017/07/16 5:41:25 ET
Table 'Gerti' 6-max Seat #4 is the button
Seat 3: paparuha ($513.70 in chips)
Seat 4: VolkovDmitri ($137.50 in chips)
VolkovDmitri: posts small blind $1
paparuha: posts big blind $3
*** HOLE CARDS ***
VolkovDmitri: raises $3 to $6
paparuha: raises $3 to $9
VolkovDmitri: calls $3
*** FLOP *** [9h 7s Qs]
paparuha: bets $3
VolkovDmitri: folds
Uncalled bet ($3) returned to paparuha
paparuha collected $17.64 from pot
*** SUMMARY ***
Total pot $18 | Rake $0.36
Board [9h 7s Qs]
Seat 3: paparuha (big blind) collected ($17.64)
Seat 4: VolkovDmitri (button) (small blind) folded on the Flop


PokerStars Hand #173096109209:  Hold'em Limit ($3/$6 USD) - 2017/07/16 5:41:50 ET
Table 'Gerti' 6-max Seat #4 is the button
Seat 3: paparuha ($525.34 in chips)
Seat 4: VolkovDmitri ($125.50 in chips)
VolkovDmitri: posts small blind $1
paparuha: posts big blind $3
*** HOLE CARDS ***
VolkovDmitri: raises $3 to $6
paparuha: raises $3 to $9
VolkovDmitri: calls $3
*** FLOP *** [6d As 4s]
paparuha: bets $3
VolkovDmitri: calls $3
*** TURN *** [6d As 4s] [4h]
paparuha: bets $6
VolkovDmitri: folds
Uncalled bet ($6) returned to paparuha
paparuha collected $23.52 from pot
*** SUMMARY ***
Total pot $24 | Rake $0.48
Board [6d As 4s 4h]
Seat 3: paparuha (big blind) collected ($23.52)
Seat 4: VolkovDmitri (button) (small blind) folded on the Turn


