PokerStars Hand #167644229977:  Hold'em Limit ($3/$6 USD) - 2017/03/15 20:39:39 ET
Table 'Gerti' 6-max Seat #1 is the button
Seat 1: petethepipe ($77.68 in chips)
Seat 4: Actionni13 ($150 in chips)
petethepipe: posts small blind $1
belik555 joins the table at seat #2
Actionni13: posts big blind $3
*** HOLE CARDS ***
petethepipe: calls $2
Actionni13: checks
*** FLOP *** [Jh Ks 7d]
Actionni13: bets $3
petethepipe: calls $3
*** TURN *** [Jh Ks 7d] [7h]
Actionni13: checks
petethepipe: checks
*** RIVER *** [Jh Ks 7d 7h] [9d]
Actionni13: checks
petethepipe: checks
*** SHOW DOWN ***
Actionni13: shows [4h 6c] (a pair of Sevens)
petethepipe: shows [3c Jd] (two pair, Jacks and Sevens)
petethepipe collected $11.76 from pot
*** SUMMARY ***
Total pot $12 | Rake $0.24
Board [Jh Ks 7d 7h 9d]
Seat 1: petethepipe (button) (small blind) showed [3c Jd] and won ($11.76) with two pair, Jacks and Sevens
Seat 4: Actionni13 (big blind) showed [4h 6c] and lost with a pair of Sevens


PokerStars Hand #167644238332:  Hold'em Limit ($3/$6 USD) - 2017/03/15 20:39:54 ET
Table 'Gerti' 6-max Seat #4 is the button
Seat 1: petethepipe ($83.44 in chips)
Seat 4: Actionni13 ($150 in chips)
Actionni13: posts small blind $1
petethepipe: posts big blind $3
*** HOLE CARDS ***
Actionni13: raises $3 to $6
petethepipe: calls $3
*** FLOP *** [3s Ks Kd]
petethepipe: checks
Actionni13: bets $3
petethepipe: folds
Uncalled bet ($3) returned to Actionni13
Actionni13 collected $11.76 from pot
Actionni13: doesn't show hand
*** SUMMARY ***
Total pot $12 | Rake $0.24
Board [3s Ks Kd]
Seat 1: petethepipe (big blind) folded on the Flop
Seat 4: Actionni13 (button) (small blind) collected ($11.76)


PokerStars Hand #167644323274:  Hold'em Limit ($3/$6 USD) - 2017/03/15 20:42:29 ET
Table 'Gerti' 6-max Seat #4 is the button
Seat 2: belik555 ($119.96 in chips)
Seat 4: Actionni13 ($151 in chips)
Mordnilap will be allowed to play after the button
Actionni13: posts small blind $1
belik555: posts big blind $3
*** HOLE CARDS ***
alpha2777 joins the table at seat #6
Mordnilap leaves the table
Chessnok joins the table at seat #3
Actionni13: raises $3 to $6
belik555: calls $3
*** FLOP *** [Kd 9h 6s]
Mendeman joins the table at seat #5
belik555: checks
Actionni13: bets $3
belik555: raises $3 to $6
Actionni13: calls $3
*** TURN *** [Kd 9h 6s] [8s]
belik555: bets $6
Actionni13: folds
Uncalled bet ($6) returned to belik555
belik555 collected $23.52 from pot
belik555: doesn't show hand
*** SUMMARY ***
Total pot $24 | Rake $0.48
Board [Kd 9h 6s 8s]
Seat 2: belik555 (big blind) collected ($23.52)
Seat 4: Actionni13 (button) (small blind) folded on the Turn


PokerStars Hand #167644727004:  Hold'em Limit ($3/$6 USD) - 2017/03/15 20:55:09 ET
Table 'Gerti' 6-max Seat #6 is the button
Seat 3: Chessnok ($127.36 in chips)
Seat 6: alpha2777 ($150.32 in chips)
alpha2777: posts small blind $1
belik555: is sitting out
Chessnok: posts big blind $3
*** HOLE CARDS ***
Mordnilap leaves the table
alpha2777: raises $3 to $6
Chessnok: calls $3
*** FLOP *** [7c Jc Qd]
Chessnok: checks
alpha2777: bets $3
Chessnok: folds
Uncalled bet ($3) returned to alpha2777
alpha2777 collected $11.76 from pot
alpha2777: doesn't show hand
*** SUMMARY ***
Total pot $12 | Rake $0.24
Board [7c Jc Qd]
Seat 3: Chessnok (big blind) folded on the Flop
Seat 6: alpha2777 (button) (small blind) collected ($11.76)


