PokerStars Hand #164212086539:  Hold'em Limit ($3/$6 USD) - 2017/01/07 18:59:01 ET
Table 'Gezelle II' 6-max Seat #3 is the button
Seat 3: wobetting ($42 in chips)
Seat 6: Sleeper007 ($63.99 in chips)
Chessnok will be allowed to play after the button
Fiskpinnen89 joins the table at seat #5
wobetting: posts small blind $1
Sleeper007: posts big blind $3
*** HOLE CARDS ***
wobetting: folds
Uncalled bet ($2) returned to Sleeper007
Sleeper007 collected $2 from pot
Sleeper007: doesn't show hand
*** SUMMARY ***
Total pot $2 | Rake $0
Seat 3: wobetting (button) (small blind) folded before Flop
Seat 6: Sleeper007 (big blind) collected ($2)


PokerStars Hand #164214456020:  Hold'em Limit ($3/$6 USD) - 2017/01/07 19:52:51 ET
Table 'Gezelle II' 6-max Seat #3 is the button
Seat 2: miezemuis ($264.15 in chips)
Seat 3: wobetting ($163.64 in chips)
wobetting: posts small blind $1
Chessnok: is sitting out
miezemuis: posts big blind $3
*** HOLE CARDS ***
wobetting: raises $3 to $6
miezemuis: calls $3
*** FLOP *** [Kh Ah 6d]
miezemuis: checks
wobetting: bets $3
miezemuis: raises $3 to $6
wobetting: calls $3
*** TURN *** [Kh Ah 6d] [Kd]
miezemuis: bets $6
wobetting: raises $6 to $12
miezemuis: calls $6
*** RIVER *** [Kh Ah 6d Kd] [6h]
miezemuis: checks
wobetting: bets $6
miezemuis: calls $6
*** SHOW DOWN ***
wobetting: shows [Ks 4s] (a full house, Kings full of Sixes)
miezemuis: mucks hand
wobetting collected $59.50 from pot
*** SUMMARY ***
Total pot $60 | Rake $0.50
Board [Kh Ah 6d Kd 6h]
Seat 2: miezemuis (big blind) mucked
Seat 3: wobetting (button) (small blind) showed [Ks 4s] and won ($59.50) with a full house, Kings full of Sixes


PokerStars Hand #164214479920:  Hold'em Limit ($3/$6 USD) - 2017/01/07 19:53:27 ET
Table 'Gezelle II' 6-max Seat #2 is the button
Seat 2: miezemuis ($234.15 in chips)
Seat 3: wobetting ($193.14 in chips)
miezemuis: posts small blind $1
wobetting: posts big blind $3
*** HOLE CARDS ***
miezemuis: raises $3 to $6
wobetting: calls $3
*** FLOP *** [7h 5c 2s]
wobetting: checks
miezemuis: bets $3
wobetting: calls $3
*** TURN *** [7h 5c 2s] [2h]
wobetting: checks
miezemuis: bets $6
wobetting: raises $6 to $12
miezemuis: calls $6
*** RIVER *** [7h 5c 2s 2h] [9s]
wobetting: checks
miezemuis: checks
*** SHOW DOWN ***
wobetting: shows [4c Ac] (a pair of Deuces)
miezemuis: shows [5d Th] (two pair, Fives and Deuces)
miezemuis collected $41.50 from pot
*** SUMMARY ***
Total pot $42 | Rake $0.50
Board [7h 5c 2s 2h 9s]
Seat 2: miezemuis (button) (small blind) showed [5d Th] and won ($41.50) with two pair, Fives and Deuces
Seat 3: wobetting (big blind) showed [4c Ac] and lost with a pair of Deuces


PokerStars Hand #164214495131:  Hold'em Limit ($3/$6 USD) - 2017/01/07 19:53:50 ET
Table 'Gezelle II' 6-max Seat #3 is the button
Seat 2: miezemuis ($254.65 in chips)
Seat 3: wobetting ($172.14 in chips)
wobetting: posts small blind $1
miezemuis: posts big blind $3
*** HOLE CARDS ***
wobetting: raises $3 to $6
miezemuis: raises $3 to $9
wobetting: calls $3
*** FLOP *** [Td Js Ks]
miezemuis: bets $3
wobetting: raises $3 to $6
miezemuis: folds
Uncalled bet ($3) returned to wobetting
wobetting collected $23.52 from pot
wobetting: doesn't show hand
*** SUMMARY ***
Total pot $24 | Rake $0.48
Board [Td Js Ks]
Seat 2: miezemuis (big blind) folded on the Flop
Seat 3: wobetting (button) (small blind) collected ($23.52)


