PokerStars Hand #164202932068:  Hold'em Limit ($3/$6 USD) - 2017/01/07 16:12:17 ET
Table 'Gezelle II' 6-max Seat #6 is the button
Seat 5: dragon1893 ($150 in chips)
Seat 6: stefan76175 ($59.28 in chips)
stefan76175: posts small blind $1
dragon1893: posts big blind $3
*** HOLE CARDS ***
stefan76175: calls $2
dragon1893: checks
*** FLOP *** [2h 3h 9d]
dragon1893: checks
stefan76175: bets $3
dragon1893: calls $3
*** TURN *** [2h 3h 9d] [8c]
dragon1893: checks
stefan76175: bets $6
dragon1893: folds
Uncalled bet ($6) returned to stefan76175
stefan76175 collected $11.76 from pot
stefan76175: doesn't show hand
*** SUMMARY ***
Total pot $12 | Rake $0.24
Board [2h 3h 9d 8c]
Seat 5: dragon1893 (big blind) folded on the Turn
Seat 6: stefan76175 (button) (small blind) collected ($11.76)


PokerStars Hand #164202907487:  Hold'em Limit ($3/$6 USD) - 2017/01/07 16:11:52 ET
Table 'Gezelle II' 6-max Seat #5 is the button
Seat 5: dragon1893 ($150 in chips)
Seat 6: stefan76175 ($50.64 in chips)
dragon1893: posts small blind $1
stefan76175: posts big blind $3
*** HOLE CARDS ***
dragon1893: raises $3 to $6
stefan76175: calls $3
*** FLOP *** [Jc 7d As]
stefan76175: checks
dragon1893: bets $3
stefan76175: calls $3
*** TURN *** [Jc 7d As] [Jd]
stefan76175: checks
dragon1893: checks
*** RIVER *** [Jc 7d As Jd] [Qh]
stefan76175: bets $6
dragon1893: folds
Uncalled bet ($6) returned to stefan76175
stefan76175 collected $17.64 from pot
stefan76175: doesn't show hand
*** SUMMARY ***
Total pot $18 | Rake $0.36
Board [Jc 7d As Jd Qh]
Seat 5: dragon1893 (button) (small blind) folded on the River
Seat 6: stefan76175 (big blind) collected ($17.64)


PokerStars Hand #164203001172:  Hold'em Limit ($3/$6 USD) - 2017/01/07 16:13:27 ET
Table 'Gezelle II' 6-max Seat #6 is the button
Seat 5: dragon1893 ($174.14 in chips)
Seat 6: stefan76175 ($40.04 in chips)
stefan76175: posts small blind $1
dragon1893: posts big blind $3
*** HOLE CARDS ***
stefan76175: calls $2
dragon1893: checks
*** FLOP *** [Js 3c 4h]
dragon1893: checks
stefan76175: checks
*** TURN *** [Js 3c 4h] [Ac]
dragon1893: checks
stefan76175: checks
*** RIVER *** [Js 3c 4h Ac] [2c]
dragon1893: checks
stefan76175: bets $6
dragon1893: folds
Uncalled bet ($6) returned to stefan76175
stefan76175 collected $5.88 from pot
stefan76175: doesn't show hand
*** SUMMARY ***
Total pot $6 | Rake $0.12
Board [Js 3c 4h Ac 2c]
Seat 5: dragon1893 (big blind) folded on the River
Seat 6: stefan76175 (button) (small blind) collected ($5.88)


PokerStars Hand #164202984359:  Hold'em Limit ($3/$6 USD) - 2017/01/07 16:13:10 ET
Table 'Gezelle II' 6-max Seat #5 is the button
Seat 5: dragon1893 ($159.64 in chips)
Seat 6: stefan76175 ($55.04 in chips)
dragon1893: posts small blind $1
stefan76175: posts big blind $3
*** HOLE CARDS ***
dragon1893: raises $3 to $6
stefan76175: calls $3
*** FLOP *** [7d Jd 3c]
stefan76175: bets $3
dragon1893: calls $3
*** TURN *** [7d Jd 3c] [2s]
stefan76175: checks
dragon1893: checks
*** RIVER *** [7d Jd 3c 2s] [5s]
stefan76175: bets $6
dragon1893: calls $6
*** SHOW DOWN ***
stefan76175: shows [8s Tc] (high card Jack)
dragon1893: shows [Td Kd] (high card King)
dragon1893 collected $29.50 from pot
*** SUMMARY ***
Total pot $30 | Rake $0.50
Board [7d Jd 3c 2s 5s]
Seat 5: dragon1893 (button) (small blind) showed [Td Kd] and won ($29.50) with high card King
Seat 6: stefan76175 (big blind) showed [8s Tc] and lost with high card Jack


PokerStars Hand #164202978792:  Hold'em Limit ($3/$6 USD) - 2017/01/07 16:13:04 ET
Table 'Gezelle II' 6-max Seat #6 is the button
Seat 5: dragon1893 ($158.64 in chips)
Seat 6: stefan76175 ($56.04 in chips)
stefan76175: posts small blind $1
dragon1893: posts big blind $3
*** HOLE CARDS ***
stefan76175: folds
Uncalled bet ($2) returned to dragon1893
dragon1893 collected $2 from pot
dragon1893: doesn't show hand
*** SUMMARY ***
Total pot $2 | Rake $0
Seat 5: dragon1893 (big blind) collected ($2)
Seat 6: stefan76175 (button) (small blind) folded before Flop


PokerStars Hand #164202948260:  Hold'em Limit ($3/$6 USD) - 2017/01/07 16:12:33 ET
Table 'Gezelle II' 6-max Seat #5 is the button
Seat 5: dragon1893 ($150 in chips)
Seat 6: stefan76175 ($65.04 in chips)
dragon1893: posts small blind $1
stefan76175: posts big blind $3
*** HOLE CARDS ***
dragon1893: raises $3 to $6
stefan76175: calls $3
*** FLOP *** [2s 8c Qd]
stefan76175: checks
dragon1893: bets $3
stefan76175: calls $3
*** TURN *** [2s 8c Qd] [As]
stefan76175: checks
dragon1893: bets $6
stefan76175: folds
Uncalled bet ($6) returned to dragon1893
dragon1893 collected $17.64 from pot
dragon1893: doesn't show hand
*** SUMMARY ***
Total pot $18 | Rake $0.36
Board [2s 8c Qd As]
Seat 5: dragon1893 (button) (small blind) collected ($17.64)
Seat 6: stefan76175 (big blind) folded on the Turn


PokerStars Hand #164203049561:  Hold'em Limit ($3/$6 USD) - 2017/01/07 16:14:16 ET
Table 'Gezelle II' 6-max Seat #6 is the button
Seat 5: dragon1893 ($151.14 in chips)
Seat 6: stefan76175 ($62.18 in chips)
stefan76175: posts small blind $1
dragon1893: posts big blind $3
*** HOLE CARDS ***
stefan76175: calls $2
dragon1893: checks
*** FLOP *** [9c 6h 4c]
dragon1893: checks
stefan76175: checks
*** TURN *** [9c 6h 4c] [4d]
dragon1893: checks
stefan76175: checks
*** RIVER *** [9c 6h 4c 4d] [5d]
dragon1893: bets $6
stefan76175: folds
Uncalled bet ($6) returned to dragon1893
dragon1893 collected $5.88 from pot
dragon1893: doesn't show hand
*** SUMMARY ***
Total pot $6 | Rake $0.12
Board [9c 6h 4c 4d 5d]
Seat 5: dragon1893 (big blind) collected ($5.88)
Seat 6: stefan76175 (button) (small blind) folded on the River


PokerStars Hand #164203031518:  Hold'em Limit ($3/$6 USD) - 2017/01/07 16:13:58 ET
Table 'Gezelle II' 6-max Seat #5 is the button
Seat 5: dragon1893 ($166.14 in chips)
Seat 6: stefan76175 ($47.68 in chips)
dragon1893: posts small blind $1
stefan76175: posts big blind $3
*** HOLE CARDS ***
dragon1893: raises $3 to $6
stefan76175: calls $3
*** FLOP *** [4c 4h 9s]
stefan76175: checks
dragon1893: bets $3
stefan76175: calls $3
*** TURN *** [4c 4h 9s] [Ad]
stefan76175: checks
dragon1893: bets $6
stefan76175: calls $6
*** RIVER *** [4c 4h 9s Ad] [2d]
stefan76175: checks
dragon1893: checks
*** SHOW DOWN ***
stefan76175: shows [Qs 3c] (a pair of Fours)
dragon1893: mucks hand
stefan76175 collected $29.50 from pot
*** SUMMARY ***
Total pot $30 | Rake $0.50
Board [4c 4h 9s Ad 2d]
Seat 5: dragon1893 (button) (small blind) mucked
Seat 6: stefan76175 (big blind) showed [Qs 3c] and won ($29.50) with a pair of Fours


PokerStars Hand #164203026043:  Hold'em Limit ($3/$6 USD) - 2017/01/07 16:13:52 ET
Table 'Gezelle II' 6-max Seat #6 is the button
Seat 5: dragon1893 ($165.14 in chips)
Seat 6: stefan76175 ($48.68 in chips)
stefan76175: posts small blind $1
dragon1893: posts big blind $3
*** HOLE CARDS ***
stefan76175: folds
Uncalled bet ($2) returned to dragon1893
dragon1893 collected $2 from pot
dragon1893: doesn't show hand
*** SUMMARY ***
Total pot $2 | Rake $0
Seat 5: dragon1893 (big blind) collected ($2)
Seat 6: stefan76175 (button) (small blind) folded before Flop


PokerStars Hand #164203016577:  Hold'em Limit ($3/$6 USD) - 2017/01/07 16:13:43 ET
Table 'Gezelle II' 6-max Seat #5 is the button
Seat 5: dragon1893 ($171.14 in chips)
Seat 6: stefan76175 ($42.92 in chips)
dragon1893: posts small blind $1
stefan76175: posts big blind $3
*** HOLE CARDS ***
dragon1893: raises $3 to $6
stefan76175: calls $3
*** FLOP *** [Ts 7s 2s]
stefan76175: bets $3
dragon1893: folds
Uncalled bet ($3) returned to stefan76175
stefan76175 collected $11.76 from pot
stefan76175: doesn't show hand
*** SUMMARY ***
Total pot $12 | Rake $0.24
Board [Ts 7s 2s]
Seat 5: dragon1893 (button) (small blind) folded on the Flop
Seat 6: stefan76175 (big blind) collected ($11.76)


PokerStars Hand #164203071153:  Hold'em Limit ($3/$6 USD) - 2017/01/07 16:14:38 ET
Table 'Gezelle II' 6-max Seat #5 is the button
Seat 5: dragon1893 ($154.02 in chips)
Seat 6: stefan76175 ($59.18 in chips)
dragon1893: posts small blind $1
stefan76175: posts big blind $3
*** HOLE CARDS ***
dragon1893: raises $3 to $6
stefan76175: calls $3
*** FLOP *** [Td 9s 6c]
stefan76175: checks
dragon1893: bets $3
stefan76175: calls $3
*** TURN *** [Td 9s 6c] [9d]
stefan76175: checks
dragon1893: bets $6
stefan76175: calls $6
*** RIVER *** [Td 9s 6c 9d] [8d]
stefan76175: bets $6
dragon1893: calls $6
*** SHOW DOWN ***
stefan76175: shows [5c 7c] (a straight, Six to Ten)
dragon1893: shows [7h 5h] (a straight, Six to Ten)
stefan76175 collected $20.75 from pot
dragon1893 collected $20.75 from pot
*** SUMMARY ***
Total pot $42 | Rake $0.50
Board [Td 9s 6c 9d 8d]
Seat 5: dragon1893 (button) (small blind) showed [7h 5h] and won ($20.75) with a straight, Six to Ten
Seat 6: stefan76175 (big blind) showed [5c 7c] and won ($20.75) with a straight, Six to Ten


