PokerStars Hand #146416128883:  Hold'em Limit ($3/$6 USD) - 2016/01/03 16:51:08 ET
Table 'Gezelle II' 2-max Seat #1 is the button
Seat 1: nrJitsu ($186.16 in chips)
Seat 2: chipsdigme86 ($131.59 in chips)
nrJitsu: posts small blind $1
chipsdigme86: posts big blind $3
*** HOLE CARDS ***
nrJitsu: raises $3 to $6
chipsdigme86: folds
Uncalled bet ($3) returned to nrJitsu
nrJitsu collected $6 from pot
nrJitsu: doesn't show hand
*** SUMMARY ***
Total pot $6 | Rake $0
Seat 1: nrJitsu (button) (small blind) collected ($6)
Seat 2: chipsdigme86 (big blind) folded before Flop


PokerStars Hand #146416111660:  Hold'em Limit ($3/$6 USD) - 2016/01/03 16:50:57 ET
Table 'Gezelle II' 2-max Seat #2 is the button
Seat 1: nrJitsu ($192.16 in chips)
Seat 2: chipsdigme86 ($125.83 in chips)
chipsdigme86: posts small blind $1
nrJitsu: posts big blind $3
*** HOLE CARDS ***
chipsdigme86: raises $3 to $6
nrJitsu: calls $3
*** FLOP *** [9h 5s 6c]
nrJitsu: checks
chipsdigme86: checks
*** TURN *** [9h 5s 6c] [7c]
nrJitsu: checks
chipsdigme86: checks
*** RIVER *** [9h 5s 6c 7c] [7d]
nrJitsu: checks
chipsdigme86: checks
*** SHOW DOWN ***
nrJitsu: shows [Qs 3c] (a pair of Sevens)
chipsdigme86: shows [Kc Qd] (a pair of Sevens - King kicker)
chipsdigme86 collected $11.76 from pot
*** SUMMARY ***
Total pot $12 | Rake $0.24
Board [9h 5s 6c 7c 7d]
Seat 1: nrJitsu (big blind) showed [Qs 3c] and lost with a pair of Sevens
Seat 2: chipsdigme86 (button) (small blind) showed [Kc Qd] and won ($11.76) with a pair of Sevens


PokerStars Hand #146416105012:  Hold'em Limit ($3/$6 USD) - 2016/01/03 16:50:53 ET
Table 'Gezelle II' 2-max Seat #1 is the button
Seat 1: nrJitsu ($193.16 in chips)
Seat 2: chipsdigme86 ($124.83 in chips)
nrJitsu: posts small blind $1
chipsdigme86: posts big blind $3
*** HOLE CARDS ***
nrJitsu: folds
Uncalled bet ($2) returned to chipsdigme86
chipsdigme86 collected $2 from pot
*** SUMMARY ***
Total pot $2 | Rake $0
Seat 1: nrJitsu (button) (small blind) folded before Flop
Seat 2: chipsdigme86 (big blind) collected ($2)


PokerStars Hand #146416086003:  Hold'em Limit ($3/$6 USD) - 2016/01/03 16:50:41 ET
Table 'Gezelle II' 2-max Seat #1 is the button
Seat 1: nrJitsu ($190.40 in chips)
Seat 2: chipsdigme86 ($127.83 in chips)
nrJitsu: posts small blind $1
chipsdigme86: posts big blind $3
*** HOLE CARDS ***
nrJitsu: raises $3 to $6
chipsdigme86: calls $3
*** FLOP *** [Kc 8s 6s]
chipsdigme86: checks
nrJitsu: bets $3
chipsdigme86: folds
Uncalled bet ($3) returned to nrJitsu
nrJitsu collected $11.76 from pot
nrJitsu: doesn't show hand
*** SUMMARY ***
Total pot $12 | Rake $0.24
Board [Kc 8s 6s]
Seat 1: nrJitsu (button) (small blind) collected ($11.76)
Seat 2: chipsdigme86 (big blind) folded on the Flop


PokerStars Hand #146416216747:  Hold'em Limit ($3/$6 USD) - 2016/01/03 16:52:05 ET
Table 'Gezelle II' 2-max Seat #1 is the button
Seat 1: nrJitsu ($191.56 in chips)
Seat 2: chipsdigme86 ($125.11 in chips)
nrJitsu: posts small blind $1
chipsdigme86: posts big blind $3
*** HOLE CARDS ***
nrJitsu: raises $3 to $6
chipsdigme86: raises $3 to $9
nrJitsu: calls $3
*** FLOP *** [As 2h 5c]
chipsdigme86: bets $3
nrJitsu: folds
Uncalled bet ($3) returned to chipsdigme86
chipsdigme86 collected $17.64 from pot
*** SUMMARY ***
Total pot $18 | Rake $0.36
Board [As 2h 5c]
Seat 1: nrJitsu (button) (small blind) folded on the Flop
Seat 2: chipsdigme86 (big blind) collected ($17.64)


PokerStars Hand #146416168497:  Hold'em Limit ($3/$6 USD) - 2016/01/03 16:51:34 ET
Table 'Gezelle II' 2-max Seat #2 is the button
Seat 1: nrJitsu ($182.92 in chips)
Seat 2: chipsdigme86 ($134.11 in chips)
chipsdigme86: posts small blind $1
nrJitsu: posts big blind $3
*** HOLE CARDS ***
chipsdigme86: raises $3 to $6
nrJitsu: calls $3
*** FLOP *** [9c 7h Ad]
nrJitsu: checks
chipsdigme86: bets $3
nrJitsu: calls $3
*** TURN *** [9c 7h Ad] [Js]
nrJitsu: checks
chipsdigme86: checks
*** RIVER *** [9c 7h Ad Js] [Ah]
nrJitsu: bets $6
chipsdigme86: folds
Uncalled bet ($6) returned to nrJitsu
nrJitsu collected $17.64 from pot
nrJitsu: doesn't show hand
*** SUMMARY ***
Total pot $18 | Rake $0.36
Board [9c 7h Ad Js Ah]
Seat 1: nrJitsu (big blind) collected ($17.64)
Seat 2: chipsdigme86 (button) (small blind) folded on the River


PokerStars Hand #146416153132:  Hold'em Limit ($3/$6 USD) - 2016/01/03 16:51:24 ET
Table 'Gezelle II' 2-max Seat #1 is the button
Seat 1: nrJitsu ($177.16 in chips)
Seat 2: chipsdigme86 ($140.11 in chips)
nrJitsu: posts small blind $1
chipsdigme86: posts big blind $3
*** HOLE CARDS ***
nrJitsu: raises $3 to $6
chipsdigme86: calls $3
*** FLOP *** [Kc Kh Qh]
chipsdigme86: checks
nrJitsu: bets $3
chipsdigme86: folds
Uncalled bet ($3) returned to nrJitsu
nrJitsu collected $11.76 from pot
nrJitsu: doesn't show hand
*** SUMMARY ***
Total pot $12 | Rake $0.24
Board [Kc Kh Qh]
Seat 1: nrJitsu (button) (small blind) collected ($11.76)
Seat 2: chipsdigme86 (big blind) folded on the Flop


PokerStars Hand #146416136451:  Hold'em Limit ($3/$6 USD) - 2016/01/03 16:51:13 ET
Table 'Gezelle II' 2-max Seat #2 is the button
Seat 1: nrJitsu ($189.16 in chips)
Seat 2: chipsdigme86 ($128.59 in chips)
chipsdigme86: posts small blind $1
nrJitsu: posts big blind $3
*** HOLE CARDS ***
chipsdigme86: raises $3 to $6
nrJitsu: calls $3
*** FLOP *** [3s Qc 9h]
nrJitsu: checks
chipsdigme86: checks
*** TURN *** [3s Qc 9h] [8s]
nrJitsu: checks
chipsdigme86: checks
*** RIVER *** [3s Qc 9h 8s] [9d]
nrJitsu: bets $6
chipsdigme86: calls $6
*** SHOW DOWN ***
nrJitsu: shows [5s Kd] (a pair of Nines)
chipsdigme86: shows [7d As] (a pair of Nines - Ace kicker)
chipsdigme86 collected $23.52 from pot
*** SUMMARY ***
Total pot $24 | Rake $0.48
Board [3s Qc 9h 8s 9d]
Seat 1: nrJitsu (big blind) showed [5s Kd] and lost with a pair of Nines
Seat 2: chipsdigme86 (button) (small blind) showed [7d As] and won ($23.52) with a pair of Nines


PokerStars Hand #146416290539:  Hold'em Limit ($3/$6 USD) - 2016/01/03 16:52:53 ET
Table 'Gezelle II' 2-max Seat #1 is the button
Seat 1: nrJitsu ($179.06 in chips)
Seat 2: chipsdigme86 ($136.03 in chips)
nrJitsu: posts small blind $1
chipsdigme86: posts big blind $3
*** HOLE CARDS ***
nrJitsu: folds
Uncalled bet ($2) returned to chipsdigme86
chipsdigme86 collected $2 from pot
*** SUMMARY ***
Total pot $2 | Rake $0
Seat 1: nrJitsu (button) (small blind) folded before Flop
Seat 2: chipsdigme86 (big blind) collected ($2)


PokerStars Hand #146416274285:  Hold'em Limit ($3/$6 USD) - 2016/01/03 16:52:43 ET
Table 'Gezelle II' 2-max Seat #2 is the button
Seat 1: nrJitsu ($185.06 in chips)
Seat 2: chipsdigme86 ($130.27 in chips)
chipsdigme86: posts small blind $1
nrJitsu: posts big blind $3
*** HOLE CARDS ***
chipsdigme86: raises $3 to $6
nrJitsu: calls $3
*** FLOP *** [6d 2c 2d]
nrJitsu: checks
chipsdigme86: checks
*** TURN *** [6d 2c 2d] [4d]
nrJitsu: checks
chipsdigme86: bets $6
nrJitsu: folds
Uncalled bet ($6) returned to chipsdigme86
chipsdigme86 collected $11.76 from pot
*** SUMMARY ***
Total pot $12 | Rake $0.24
Board [6d 2c 2d 4d]
Seat 1: nrJitsu (big blind) folded on the Turn
Seat 2: chipsdigme86 (button) (small blind) collected ($11.76)


PokerStars Hand #146416253864:  Hold'em Limit ($3/$6 USD) - 2016/01/03 16:52:29 ET
Table 'Gezelle II' 2-max Seat #1 is the button
Seat 1: nrJitsu ($170.56 in chips)
Seat 2: chipsdigme86 ($145.27 in chips)
nrJitsu: posts small blind $1
chipsdigme86: posts big blind $3
*** HOLE CARDS ***
nrJitsu: raises $3 to $6
chipsdigme86: calls $3
*** FLOP *** [Th 2c 4s]
chipsdigme86: checks
nrJitsu: bets $3
chipsdigme86: calls $3
*** TURN *** [Th 2c 4s] [3d]
chipsdigme86: checks
nrJitsu: bets $6
chipsdigme86: calls $6
*** RIVER *** [Th 2c 4s 3d] [Ks]
chipsdigme86: checks
nrJitsu: checks
*** SHOW DOWN ***
chipsdigme86: shows [5h 3h] (a pair of Threes)
nrJitsu: shows [Jc 3c] (a pair of Threes - King+Jack kicker)
nrJitsu collected $29.50 from pot
*** SUMMARY ***
Total pot $30 | Rake $0.50
Board [Th 2c 4s 3d Ks]
Seat 1: nrJitsu (button) (small blind) showed [Jc 3c] and won ($29.50) with a pair of Threes
Seat 2: chipsdigme86 (big blind) showed [5h 3h] and lost with a pair of Threes


PokerStars Hand #146416231840:  Hold'em Limit ($3/$6 USD) - 2016/01/03 16:52:15 ET
Table 'Gezelle II' 2-max Seat #2 is the button
Seat 1: nrJitsu ($182.56 in chips)
Seat 2: chipsdigme86 ($133.75 in chips)
chipsdigme86: posts small blind $1
nrJitsu: posts big blind $3
*** HOLE CARDS ***
chipsdigme86: raises $3 to $6
nrJitsu: calls $3
*** FLOP *** [Ad 4c 7s]
nrJitsu: checks
chipsdigme86: checks
*** TURN *** [Ad 4c 7s] [Th]
nrJitsu: bets $6
chipsdigme86: calls $6
*** RIVER *** [Ad 4c 7s Th] [Js]
nrJitsu: checks
chipsdigme86: bets $6
nrJitsu: folds
Uncalled bet ($6) returned to chipsdigme86
chipsdigme86 collected $23.52 from pot
*** SUMMARY ***
Total pot $24 | Rake $0.48
Board [Ad 4c 7s Th Js]
Seat 1: nrJitsu (big blind) folded on the River
Seat 2: chipsdigme86 (button) (small blind) collected ($23.52)


PokerStars Hand #146416401577:  Hold'em Limit ($3/$6 USD) - 2016/01/03 16:54:07 ET
Table 'Gezelle II' 2-max Seat #2 is the button
Seat 1: nrJitsu ($185.56 in chips)
Seat 2: chipsdigme86 ($128.67 in chips)
chipsdigme86: posts small blind $1
nrJitsu: posts big blind $3
*** HOLE CARDS ***
chipsdigme86: raises $3 to $6
nrJitsu: folds
Uncalled bet ($3) returned to chipsdigme86
chipsdigme86 collected $6 from pot
*** SUMMARY ***
Total pot $6 | Rake $0
Seat 1: nrJitsu (big blind) folded before Flop
Seat 2: chipsdigme86 (button) (small blind) collected ($6)


PokerStars Hand #146416394991:  Hold'em Limit ($3/$6 USD) - 2016/01/03 16:54:03 ET
Table 'Gezelle II' 2-max Seat #1 is the button
Seat 1: nrJitsu ($186.56 in chips)
Seat 2: chipsdigme86 ($127.67 in chips)
nrJitsu: posts small blind $1
chipsdigme86: posts big blind $3
*** HOLE CARDS ***
nrJitsu: folds
Uncalled bet ($2) returned to chipsdigme86
chipsdigme86 collected $2 from pot
*** SUMMARY ***
Total pot $2 | Rake $0
Seat 1: nrJitsu (button) (small blind) folded before Flop
Seat 2: chipsdigme86 (big blind) collected ($2)


PokerStars Hand #146416388510:  Hold'em Limit ($3/$6 USD) - 2016/01/03 16:53:58 ET
Table 'Gezelle II' 2-max Seat #2 is the button
Seat 1: nrJitsu ($185.56 in chips)
Seat 2: chipsdigme86 ($128.67 in chips)
chipsdigme86: posts small blind $1
nrJitsu: posts big blind $3
*** HOLE CARDS ***
chipsdigme86: folds
Uncalled bet ($2) returned to nrJitsu
nrJitsu collected $2 from pot
nrJitsu: doesn't show hand
*** SUMMARY ***
Total pot $2 | Rake $0
Seat 1: nrJitsu (big blind) collected ($2)
Seat 2: chipsdigme86 (button) (small blind) folded before Flop


PokerStars Hand #146416366918:  Hold'em Limit ($3/$6 USD) - 2016/01/03 16:53:43 ET
Table 'Gezelle II' 2-max Seat #1 is the button
Seat 1: nrJitsu ($194.56 in chips)
Seat 2: chipsdigme86 ($120.03 in chips)
nrJitsu: posts small blind $1
chipsdigme86: posts big blind $3
*** HOLE CARDS ***
nrJitsu: raises $3 to $6
chipsdigme86: raises $3 to $9
nrJitsu: calls $3
*** FLOP *** [Ks Js 8c]
chipsdigme86: bets $3
nrJitsu: folds
Uncalled bet ($3) returned to chipsdigme86
chipsdigme86 collected $17.64 from pot
*** SUMMARY ***
Total pot $18 | Rake $0.36
Board [Ks Js 8c]
Seat 1: nrJitsu (button) (small blind) folded on the Flop
Seat 2: chipsdigme86 (big blind) collected ($17.64)


PokerStars Hand #146416353345:  Hold'em Limit ($3/$6 USD) - 2016/01/03 16:53:34 ET
Table 'Gezelle II' 2-max Seat #2 is the button
Seat 1: nrJitsu ($197.56 in chips)
Seat 2: chipsdigme86 ($117.03 in chips)
chipsdigme86: posts small blind $1
nrJitsu: posts big blind $3
*** HOLE CARDS ***
chipsdigme86: raises $3 to $6
nrJitsu: folds
Uncalled bet ($3) returned to chipsdigme86
chipsdigme86 collected $6 from pot
*** SUMMARY ***
Total pot $6 | Rake $0
Seat 1: nrJitsu (big blind) folded before Flop
Seat 2: chipsdigme86 (button) (small blind) collected ($6)


PokerStars Hand #146416346530:  Hold'em Limit ($3/$6 USD) - 2016/01/03 16:53:30 ET
Table 'Gezelle II' 2-max Seat #1 is the button
Seat 1: nrJitsu ($198.56 in chips)
Seat 2: chipsdigme86 ($116.03 in chips)
nrJitsu: posts small blind $1
chipsdigme86: posts big blind $3
*** HOLE CARDS ***
nrJitsu: folds
Uncalled bet ($2) returned to chipsdigme86
chipsdigme86 collected $2 from pot
*** SUMMARY ***
Total pot $2 | Rake $0
Seat 1: nrJitsu (button) (small blind) folded before Flop
Seat 2: chipsdigme86 (big blind) collected ($2)


PokerStars Hand #146416298674:  Hold'em Limit ($3/$6 USD) - 2016/01/03 16:52:58 ET
Table 'Gezelle II' 2-max Seat #2 is the button
Seat 1: nrJitsu ($178.06 in chips)
Seat 2: chipsdigme86 ($137.03 in chips)
chipsdigme86: posts small blind $1
nrJitsu: posts big blind $3
*** HOLE CARDS ***
chipsdigme86: calls $2
nrJitsu: checks
*** FLOP *** [3h Kd Qh]
nrJitsu: checks
chipsdigme86: bets $3
nrJitsu: raises $3 to $6
chipsdigme86: calls $3
*** TURN *** [3h Kd Qh] [Kh]
nrJitsu: bets $6
chipsdigme86: calls $6
*** RIVER *** [3h Kd Qh Kh] [9c]
nrJitsu: bets $6
chipsdigme86: calls $6
*** SHOW DOWN ***
nrJitsu: shows [3c Kc] (a full house, Kings full of Threes)
chipsdigme86: mucks hand
nrJitsu collected $41.50 from pot
*** SUMMARY ***
Total pot $42 | Rake $0.50
Board [3h Kd Qh Kh 9c]
Seat 1: nrJitsu (big blind) showed [3c Kc] and won ($41.50) with a full house, Kings full of Threes
Seat 2: chipsdigme86 (button) (small blind) mucked


PokerStars Hand #146416473153:  Hold'em Limit ($3/$6 USD) - 2016/01/03 16:55:02 ET
Table 'Gezelle II' 2-max Seat #1 is the button
Seat 1: nrJitsu ($216.58 in chips)
Seat 2: chipsdigme86 ($96.67 in chips)
nrJitsu: posts small blind $1
chipsdigme86: posts big blind $3
*** HOLE CARDS ***
nrJitsu: raises $3 to $6
chipsdigme86: raises $3 to $9
nrJitsu: calls $3
*** FLOP *** [3c Jh 8s]
chipsdigme86: bets $3
nrJitsu: folds
Uncalled bet ($3) returned to chipsdigme86
chipsdigme86 collected $17.64 from pot
*** SUMMARY ***
Total pot $18 | Rake $0.36
Board [3c Jh 8s]
Seat 1: nrJitsu (button) (small blind) folded on the Flop
Seat 2: chipsdigme86 (big blind) collected ($17.64)


PokerStars Hand #146416461571:  Hold'em Limit ($3/$6 USD) - 2016/01/03 16:54:53 ET
Table 'Gezelle II' 2-max Seat #2 is the button
Seat 1: nrJitsu ($215.58 in chips)
Seat 2: chipsdigme86 ($97.67 in chips)
chipsdigme86: posts small blind $1
nrJitsu: posts big blind $3
*** HOLE CARDS ***
chipsdigme86: folds
Uncalled bet ($2) returned to nrJitsu
nrJitsu collected $2 from pot
nrJitsu: doesn't show hand
*** SUMMARY ***
Total pot $2 | Rake $0
Seat 1: nrJitsu (big blind) collected ($2)
Seat 2: chipsdigme86 (button) (small blind) folded before Flop


PokerStars Hand #146416456175:  Hold'em Limit ($3/$6 USD) - 2016/01/03 16:54:48 ET
Table 'Gezelle II' 2-max Seat #1 is the button
Seat 1: nrJitsu ($216.58 in chips)
Seat 2: chipsdigme86 ($96.67 in chips)
nrJitsu: posts small blind $1
chipsdigme86: posts big blind $3
*** HOLE CARDS ***
nrJitsu: folds
Uncalled bet ($2) returned to chipsdigme86
chipsdigme86 collected $2 from pot
*** SUMMARY ***
Total pot $2 | Rake $0
Seat 1: nrJitsu (button) (small blind) folded before Flop
Seat 2: chipsdigme86 (big blind) collected ($2)


PokerStars Hand #146416450768:  Hold'em Limit ($3/$6 USD) - 2016/01/03 16:54:44 ET
Table 'Gezelle II' 2-max Seat #2 is the button
Seat 1: nrJitsu ($215.58 in chips)
Seat 2: chipsdigme86 ($97.67 in chips)
chipsdigme86: posts small blind $1
nrJitsu: posts big blind $3
*** HOLE CARDS ***
chipsdigme86: folds
Uncalled bet ($2) returned to nrJitsu
nrJitsu collected $2 from pot
nrJitsu: doesn't show hand
*** SUMMARY ***
Total pot $2 | Rake $0
Seat 1: nrJitsu (big blind) collected ($2)
Seat 2: chipsdigme86 (button) (small blind) folded before Flop


PokerStars Hand #146416432432:  Hold'em Limit ($3/$6 USD) - 2016/01/03 16:54:30 ET
Table 'Gezelle II' 2-max Seat #1 is the button
Seat 1: nrJitsu ($204.06 in chips)
Seat 2: chipsdigme86 ($109.67 in chips)
nrJitsu: posts small blind $1
chipsdigme86: posts big blind $3
*** HOLE CARDS ***
nrJitsu: raises $3 to $6
chipsdigme86: raises $3 to $9
nrJitsu: calls $3
*** FLOP *** [As Qd 3s]
chipsdigme86: bets $3
nrJitsu: calls $3
*** TURN *** [As Qd 3s] [9c]
chipsdigme86: checks
nrJitsu: bets $6
chipsdigme86: folds
Uncalled bet ($6) returned to nrJitsu
nrJitsu collected $23.52 from pot
nrJitsu: doesn't show hand
*** SUMMARY ***
Total pot $24 | Rake $0.48
Board [As Qd 3s 9c]
Seat 1: nrJitsu (button) (small blind) collected ($23.52)
Seat 2: chipsdigme86 (big blind) folded on the Turn


PokerStars Hand #146416426542:  Hold'em Limit ($3/$6 USD) - 2016/01/03 16:54:26 ET
Table 'Gezelle II' 2-max Seat #2 is the button
Seat 1: nrJitsu ($203.06 in chips)
Seat 2: chipsdigme86 ($110.67 in chips)
chipsdigme86: posts small blind $1
nrJitsu: posts big blind $3
*** HOLE CARDS ***
chipsdigme86: folds
Uncalled bet ($2) returned to nrJitsu
nrJitsu collected $2 from pot
nrJitsu: doesn't show hand
*** SUMMARY ***
Total pot $2 | Rake $0
Seat 1: nrJitsu (big blind) collected ($2)
Seat 2: chipsdigme86 (button) (small blind) folded before Flop


PokerStars Hand #146416408421:  Hold'em Limit ($3/$6 USD) - 2016/01/03 16:54:12 ET
Table 'Gezelle II' 2-max Seat #1 is the button
Seat 1: nrJitsu ($182.56 in chips)
Seat 2: chipsdigme86 ($131.67 in chips)
nrJitsu: posts small blind $1
chipsdigme86: posts big blind $3
*** HOLE CARDS ***
nrJitsu: raises $3 to $6
chipsdigme86: calls $3
*** FLOP *** [5h As 9s]
chipsdigme86: checks
nrJitsu: bets $3
chipsdigme86: calls $3
*** TURN *** [5h As 9s] [4c]
chipsdigme86: checks
nrJitsu: bets $6
chipsdigme86: calls $6
*** RIVER *** [5h As 9s 4c] [Kh]
chipsdigme86: checks
nrJitsu: bets $6
chipsdigme86: calls $6
*** SHOW DOWN ***
nrJitsu: shows [Ac Ah] (three of a kind, Aces)
chipsdigme86: mucks hand
nrJitsu collected $41.50 from pot
*** SUMMARY ***
Total pot $42 | Rake $0.50
Board [5h As 9s 4c Kh]
Seat 1: nrJitsu (button) (small blind) showed [Ac Ah] and won ($41.50) with three of a kind, Aces
Seat 2: chipsdigme86 (big blind) mucked


PokerStars Hand #146416517825:  Hold'em Limit ($3/$6 USD) - 2016/01/03 16:55:47 ET
Table 'Gezelle II' 2-max Seat #1 is the button
Seat 1: nrJitsu ($180.58 in chips)
Seat 2: chipsdigme86 ($131.57 in chips)
nrJitsu: posts small blind $1
chipsdigme86: posts big blind $3
*** HOLE CARDS ***
nrJitsu: raises $3 to $6
chipsdigme86: raises $3 to $9
nrJitsu: calls $3
*** FLOP *** [3d 9c 6c]
chipsdigme86: bets $3
nrJitsu: calls $3
*** TURN *** [3d 9c 6c] [8s]
chipsdigme86: checks
nrJitsu: checks
*** RIVER *** [3d 9c 6c 8s] [4d]
chipsdigme86: bets $6
nrJitsu: folds
Uncalled bet ($6) returned to chipsdigme86
chipsdigme86 collected $23.52 from pot
*** SUMMARY ***
Total pot $24 | Rake $0.48
Board [3d 9c 6c 8s 4d]
Seat 1: nrJitsu (button) (small blind) folded on the River
Seat 2: chipsdigme86 (big blind) collected ($23.52)


PokerStars Hand #146416511271:  Hold'em Limit ($3/$6 USD) - 2016/01/03 16:55:39 ET
Table 'Gezelle II' 2-max Seat #2 is the button
Seat 1: nrJitsu ($183.58 in chips)
Seat 2: chipsdigme86 ($128.57 in chips)
chipsdigme86: posts small blind $1
nrJitsu: posts big blind $3
*** HOLE CARDS ***
chipsdigme86: raises $3 to $6
nrJitsu: folds
Uncalled bet ($3) returned to chipsdigme86
chipsdigme86 collected $6 from pot
*** SUMMARY ***
Total pot $6 | Rake $0
Seat 1: nrJitsu (big blind) folded before Flop
Seat 2: chipsdigme86 (button) (small blind) collected ($6)


PokerStars Hand #146416493525:  Hold'em Limit ($3/$6 USD) - 2016/01/03 16:55:19 ET
Table 'Gezelle II' 2-max Seat #1 is the button
Seat 1: nrJitsu ($201.58 in chips)
Seat 2: chipsdigme86 ($111.07 in chips)
nrJitsu: posts small blind $1
chipsdigme86: posts big blind $3
*** HOLE CARDS ***
nrJitsu: raises $3 to $6
chipsdigme86: raises $3 to $9
nrJitsu: calls $3
*** FLOP *** [Jc Qc Tc]
chipsdigme86: bets $3
nrJitsu: calls $3
*** TURN *** [Jc Qc Tc] [Jd]
chipsdigme86: bets $6
nrJitsu: calls $6
*** RIVER *** [Jc Qc Tc Jd] [7h]
chipsdigme86: bets $6
nrJitsu: folds
Uncalled bet ($6) returned to chipsdigme86
chipsdigme86 collected $35.50 from pot
*** SUMMARY ***
Total pot $36 | Rake $0.50
Board [Jc Qc Tc Jd 7h]
Seat 1: nrJitsu (button) (small blind) folded on the River
Seat 2: chipsdigme86 (big blind) collected ($35.50)


PokerStars Hand #146416486055:  Hold'em Limit ($3/$6 USD) - 2016/01/03 16:55:12 ET
Table 'Gezelle II' 2-max Seat #2 is the button
Seat 1: nrJitsu ($207.58 in chips)
Seat 2: chipsdigme86 ($105.31 in chips)
chipsdigme86: posts small blind $1
nrJitsu: posts big blind $3
*** HOLE CARDS ***
chipsdigme86: raises $3 to $6
nrJitsu: calls $3
*** FLOP *** [9c Kc Qs]
nrJitsu: checks
chipsdigme86: bets $3
nrJitsu: folds
Uncalled bet ($3) returned to chipsdigme86
chipsdigme86 collected $11.76 from pot
*** SUMMARY ***
Total pot $12 | Rake $0.24
Board [9c Kc Qs]
Seat 1: nrJitsu (big blind) folded on the Flop
Seat 2: chipsdigme86 (button) (small blind) collected ($11.76)


PokerStars Hand #146416536768:  Hold'em Limit ($3/$6 USD) - 2016/01/03 16:56:08 ET
Table 'Gezelle II' 2-max Seat #2 is the button
Seat 1: nrJitsu ($168.58 in chips)
Seat 2: chipsdigme86 ($143.09 in chips)
chipsdigme86: posts small blind $1
nrJitsu: posts big blind $3
*** HOLE CARDS ***
chipsdigme86: raises $3 to $6
nrJitsu: calls $3
*** FLOP *** [Qh 8d 7h]
nrJitsu: checks
chipsdigme86: checks
*** TURN *** [Qh 8d 7h] [3h]
nrJitsu: bets $6
chipsdigme86: folds
Uncalled bet ($6) returned to nrJitsu
nrJitsu collected $11.76 from pot
nrJitsu: doesn't show hand
*** SUMMARY ***
Total pot $12 | Rake $0.24
Board [Qh 8d 7h 3h]
Seat 1: nrJitsu (big blind) collected ($11.76)
Seat 2: chipsdigme86 (button) (small blind) folded on the Turn


PokerStars Hand #146416556884:  Hold'em Limit ($3/$6 USD) - 2016/01/03 16:56:31 ET
Table 'Gezelle II' 2-max Seat #2 is the button
Seat 1: nrJitsu ($165.34 in chips)
Seat 2: chipsdigme86 ($145.73 in chips)
chipsdigme86: posts small blind $1
nrJitsu: posts big blind $3
*** HOLE CARDS ***
chipsdigme86: folds
Uncalled bet ($2) returned to nrJitsu
nrJitsu collected $2 from pot
nrJitsu: doesn't show hand
*** SUMMARY ***
Total pot $2 | Rake $0
Seat 1: nrJitsu (big blind) collected ($2)
Seat 2: chipsdigme86 (button) (small blind) folded before Flop


PokerStars Hand #146416544579:  Hold'em Limit ($3/$6 USD) - 2016/01/03 16:56:17 ET
Table 'Gezelle II' 2-max Seat #1 is the button
Seat 1: nrJitsu ($174.34 in chips)
Seat 2: chipsdigme86 ($137.09 in chips)
nrJitsu: posts small blind $1
chipsdigme86: posts big blind $3
*** HOLE CARDS ***
nrJitsu: raises $3 to $6
chipsdigme86: raises $3 to $9
nrJitsu: calls $3
*** FLOP *** [9s Ac 6c]
chipsdigme86: checks
nrJitsu: checks
*** TURN *** [9s Ac 6c] [7s]
chipsdigme86: bets $6
nrJitsu: folds
Uncalled bet ($6) returned to chipsdigme86
chipsdigme86 collected $17.64 from pot
*** SUMMARY ***
Total pot $18 | Rake $0.36
Board [9s Ac 6c 7s]
Seat 1: nrJitsu (button) (small blind) folded on the Turn
Seat 2: chipsdigme86 (big blind) collected ($17.64)


PokerStars Hand #146416560872:  Hold'em Limit ($3/$6 USD) - 2016/01/03 16:56:36 ET
Table 'Gezelle II' 2-max Seat #1 is the button
Seat 1: nrJitsu ($166.34 in chips)
Seat 2: chipsdigme86 ($144.73 in chips)
nrJitsu: posts small blind $1
chipsdigme86: posts big blind $3
*** HOLE CARDS ***
nrJitsu: raises $3 to $6
chipsdigme86: calls $3
*** FLOP *** [Th Td Ad]
chipsdigme86: checks
nrJitsu: bets $3
chipsdigme86: calls $3
*** TURN *** [Th Td Ad] [7c]
chipsdigme86: checks
nrJitsu: checks
*** RIVER *** [Th Td Ad 7c] [9d]
chipsdigme86: bets $6
nrJitsu: folds
Uncalled bet ($6) returned to chipsdigme86
chipsdigme86 collected $17.64 from pot
*** SUMMARY ***
Total pot $18 | Rake $0.36
Board [Th Td Ad 7c 9d]
Seat 1: nrJitsu (button) (small blind) folded on the River
Seat 2: chipsdigme86 (big blind) collected ($17.64)


PokerStars Hand #146416574809:  Hold'em Limit ($3/$6 USD) - 2016/01/03 16:56:51 ET
Table 'Gezelle II' 2-max Seat #2 is the button
Seat 1: nrJitsu ($157.34 in chips)
Seat 2: chipsdigme86 ($153.37 in chips)
chipsdigme86 is disconnected
chipsdigme86 is connected
chipsdigme86: posts small blind $1
nrJitsu: posts big blind $3
*** HOLE CARDS ***
chipsdigme86: raises $3 to $6
nrJitsu: raises $3 to $9
chipsdigme86: raises $3 to $12
Betting is capped
nrJitsu: calls $3
*** FLOP *** [7c As 2d]
nrJitsu: checks
chipsdigme86: checks
*** TURN *** [7c As 2d] [Kc]
nrJitsu: checks
chipsdigme86: bets $6
nrJitsu: calls $6
*** RIVER *** [7c As 2d Kc] [7d]
nrJitsu: checks
chipsdigme86: bets $6
nrJitsu: folds
Uncalled bet ($6) returned to chipsdigme86
chipsdigme86 collected $35.50 from pot
*** SUMMARY ***
Total pot $36 | Rake $0.50
Board [7c As 2d Kc 7d]
Seat 1: nrJitsu (big blind) folded on the River
Seat 2: chipsdigme86 (button) (small blind) collected ($35.50)


PokerStars Hand #146416608167:  Hold'em Limit ($3/$6 USD) - 2016/01/03 16:57:29 ET
Table 'Gezelle II' 2-max Seat #1 is the button
Seat 1: nrJitsu ($139.34 in chips)
Seat 2: chipsdigme86 ($170.87 in chips)
nrJitsu: posts small blind $1
chipsdigme86: posts big blind $3
*** HOLE CARDS ***
nrJitsu: raises $3 to $6
chipsdigme86: folds
Uncalled bet ($3) returned to nrJitsu
nrJitsu collected $6 from pot
nrJitsu: doesn't show hand
*** SUMMARY ***
Total pot $6 | Rake $0
Seat 1: nrJitsu (button) (small blind) collected ($6)
Seat 2: chipsdigme86 (big blind) folded before Flop


PokerStars Hand #146416624626:  Hold'em Limit ($3/$6 USD) - 2016/01/03 16:57:48 ET
Table 'Gezelle II' 2-max Seat #1 is the button
Seat 1: nrJitsu ($136.34 in chips)
Seat 2: chipsdigme86 ($173.63 in chips)
nrJitsu: posts small blind $1
chipsdigme86: posts big blind $3
*** HOLE CARDS ***
nrJitsu: raises $3 to $6
chipsdigme86: folds
Uncalled bet ($3) returned to nrJitsu
nrJitsu collected $6 from pot
nrJitsu: doesn't show hand
*** SUMMARY ***
Total pot $6 | Rake $0
Seat 1: nrJitsu (button) (small blind) collected ($6)
Seat 2: chipsdigme86 (big blind) folded before Flop


PokerStars Hand #146416614746:  Hold'em Limit ($3/$6 USD) - 2016/01/03 16:57:37 ET
Table 'Gezelle II' 2-max Seat #2 is the button
Seat 1: nrJitsu ($142.34 in chips)
Seat 2: chipsdigme86 ($167.87 in chips)
chipsdigme86: posts small blind $1
nrJitsu: posts big blind $3
*** HOLE CARDS ***
chipsdigme86: raises $3 to $6
nrJitsu: calls $3
*** FLOP *** [4d 6h Qs]
nrJitsu: checks
chipsdigme86: bets $3
nrJitsu: folds
Uncalled bet ($3) returned to chipsdigme86
chipsdigme86 collected $11.76 from pot
*** SUMMARY ***
Total pot $12 | Rake $0.24
Board [4d 6h Qs]
Seat 1: nrJitsu (big blind) folded on the Flop
Seat 2: chipsdigme86 (button) (small blind) collected ($11.76)


PokerStars Hand #146416628900:  Hold'em Limit ($3/$6 USD) - 2016/01/03 16:57:53 ET
Table 'Gezelle II' 2-max Seat #2 is the button
Seat 1: nrJitsu ($139.34 in chips)
Seat 2: chipsdigme86 ($170.63 in chips)
chipsdigme86: posts small blind $1
nrJitsu: posts big blind $3
*** HOLE CARDS ***
chipsdigme86: raises $3 to $6
nrJitsu: calls $3
*** FLOP *** [8d 4s 9h]
nrJitsu: checks
chipsdigme86: checks
*** TURN *** [8d 4s 9h] [7h]
nrJitsu: bets $6
chipsdigme86: raises $6 to $12
nrJitsu: calls $6
*** RIVER *** [8d 4s 9h 7h] [5s]
nrJitsu: checks
chipsdigme86: bets $6
nrJitsu: calls $6
*** SHOW DOWN ***
chipsdigme86: shows [Tc 6s] (a straight, Six to Ten)
nrJitsu: mucks hand
chipsdigme86 collected $47.50 from pot
*** SUMMARY ***
Total pot $48 | Rake $0.50
Board [8d 4s 9h 7h 5s]
Seat 1: nrJitsu (big blind) mucked
Seat 2: chipsdigme86 (button) (small blind) showed [Tc 6s] and won ($47.50) with a straight, Six to Ten


PokerStars Hand #146416638962:  Hold'em Limit ($3/$6 USD) - 2016/01/03 16:58:05 ET
Table 'Gezelle II' 2-max Seat #1 is the button
Seat 1: nrJitsu ($115.34 in chips)
Seat 2: chipsdigme86 ($194.13 in chips)
nrJitsu: posts small blind $1
chipsdigme86: posts big blind $3
*** HOLE CARDS ***
nrJitsu: folds
Uncalled bet ($2) returned to chipsdigme86
chipsdigme86 collected $2 from pot
*** SUMMARY ***
Total pot $2 | Rake $0
Seat 1: nrJitsu (button) (small blind) folded before Flop
Seat 2: chipsdigme86 (big blind) collected ($2)


PokerStars Hand #146416642844:  Hold'em Limit ($3/$6 USD) - 2016/01/03 16:58:09 ET
Table 'Gezelle II' 2-max Seat #2 is the button
Seat 1: nrJitsu ($114.34 in chips)
Seat 2: chipsdigme86 ($195.13 in chips)
chipsdigme86: posts small blind $1
nrJitsu: posts big blind $3
*** HOLE CARDS ***
chipsdigme86: raises $3 to $6
nrJitsu: raises $3 to $9
chipsdigme86: calls $3
*** FLOP *** [5d 6h 3s]
nrJitsu: bets $3
chipsdigme86: calls $3
*** TURN *** [5d 6h 3s] [7c]
nrJitsu: bets $6
chipsdigme86: raises $6 to $12
nrJitsu: folds
Uncalled bet ($6) returned to chipsdigme86
chipsdigme86 collected $35.50 from pot
*** SUMMARY ***
Total pot $36 | Rake $0.50
Board [5d 6h 3s 7c]
Seat 1: nrJitsu (big blind) folded on the Turn
Seat 2: chipsdigme86 (button) (small blind) collected ($35.50)


PokerStars Hand #146416661921:  Hold'em Limit ($3/$6 USD) - 2016/01/03 16:58:32 ET
Table 'Gezelle II' 2-max Seat #1 is the button
Seat 1: nrJitsu ($276.34 in chips)
Seat 2: chipsdigme86 ($212.63 in chips)
nrJitsu: posts small blind $1
chipsdigme86: posts big blind $3
*** HOLE CARDS ***
nrJitsu: raises $3 to $6
chipsdigme86: folds
Uncalled bet ($3) returned to nrJitsu
nrJitsu collected $6 from pot
nrJitsu: doesn't show hand
*** SUMMARY ***
Total pot $6 | Rake $0
Seat 1: nrJitsu (button) (small blind) collected ($6)
Seat 2: chipsdigme86 (big blind) folded before Flop


PokerStars Hand #146416669221:  Hold'em Limit ($3/$6 USD) - 2016/01/03 16:58:40 ET
Table 'Gezelle II' 2-max Seat #2 is the button
Seat 1: nrJitsu ($279.34 in chips)
Seat 2: chipsdigme86 ($209.63 in chips)
chipsdigme86: posts small blind $1
nrJitsu: posts big blind $3
*** HOLE CARDS ***
chipsdigme86: raises $3 to $6
nrJitsu: calls $3
*** FLOP *** [Th Ac 9h]
nrJitsu: checks
chipsdigme86: checks
*** TURN *** [Th Ac 9h] [Jc]
nrJitsu: bets $6
chipsdigme86: raises $6 to $12
nrJitsu: calls $6
*** RIVER *** [Th Ac 9h Jc] [Ts]
nrJitsu: checks
chipsdigme86: bets $6
nrJitsu: calls $6
*** SHOW DOWN ***
chipsdigme86: shows [7d 8s] (a straight, Seven to Jack)
nrJitsu: mucks hand
chipsdigme86 collected $47.50 from pot
*** SUMMARY ***
Total pot $48 | Rake $0.50
Board [Th Ac 9h Jc Ts]
Seat 1: nrJitsu (big blind) mucked
Seat 2: chipsdigme86 (button) (small blind) showed [7d 8s] and won ($47.50) with a straight, Seven to Jack


PokerStars Hand #146416681652:  Hold'em Limit ($3/$6 USD) - 2016/01/03 16:58:54 ET
Table 'Gezelle II' 2-max Seat #1 is the button
Seat 1: nrJitsu ($255.34 in chips)
Seat 2: chipsdigme86 ($233.13 in chips)
nrJitsu: posts small blind $1
chipsdigme86: posts big blind $3
*** HOLE CARDS ***
nrJitsu: raises $3 to $6
chipsdigme86: calls $3
*** FLOP *** [Td 6s 7s]
chipsdigme86: checks
nrJitsu: bets $3
chipsdigme86: folds
Uncalled bet ($3) returned to nrJitsu
nrJitsu collected $11.76 from pot
nrJitsu: doesn't show hand
*** SUMMARY ***
Total pot $12 | Rake $0.24
Board [Td 6s 7s]
Seat 1: nrJitsu (button) (small blind) collected ($11.76)
Seat 2: chipsdigme86 (big blind) folded on the Flop


PokerStars Hand #146416688359:  Hold'em Limit ($3/$6 USD) - 2016/01/03 16:59:02 ET
Table 'Gezelle II' 2-max Seat #2 is the button
Seat 1: nrJitsu ($261.10 in chips)
Seat 2: chipsdigme86 ($227.13 in chips)
chipsdigme86: posts small blind $1
nrJitsu: posts big blind $3
*** HOLE CARDS ***
chipsdigme86: raises $3 to $6
nrJitsu: raises $3 to $9
chipsdigme86: calls $3
*** FLOP *** [8s 5s 7h]
nrJitsu: bets $3
chipsdigme86: calls $3
*** TURN *** [8s 5s 7h] [As]
nrJitsu: bets $6
chipsdigme86: calls $6
*** RIVER *** [8s 5s 7h As] [5c]
nrJitsu: checks
chipsdigme86: checks
*** SHOW DOWN ***
nrJitsu: shows [Qc Ks] (a pair of Fives)
chipsdigme86: mucks hand
nrJitsu collected $35.50 from pot
*** SUMMARY ***
Total pot $36 | Rake $0.50
Board [8s 5s 7h As 5c]
Seat 1: nrJitsu (big blind) showed [Qc Ks] and won ($35.50) with a pair of Fives
Seat 2: chipsdigme86 (button) (small blind) mucked


PokerStars Hand #146416700097:  Hold'em Limit ($3/$6 USD) - 2016/01/03 16:59:15 ET
Table 'Gezelle II' 2-max Seat #1 is the button
Seat 1: nrJitsu ($278.60 in chips)
Seat 2: chipsdigme86 ($209.13 in chips)
nrJitsu: posts small blind $1
chipsdigme86: posts big blind $3
*** HOLE CARDS ***
nrJitsu: raises $3 to $6
chipsdigme86: folds
Uncalled bet ($3) returned to nrJitsu
nrJitsu collected $6 from pot
nrJitsu: doesn't show hand
*** SUMMARY ***
Total pot $6 | Rake $0
Seat 1: nrJitsu (button) (small blind) collected ($6)
Seat 2: chipsdigme86 (big blind) folded before Flop


PokerStars Hand #146416704479:  Hold'em Limit ($3/$6 USD) - 2016/01/03 16:59:21 ET
Table 'Gezelle II' 2-max Seat #2 is the button
Seat 1: nrJitsu ($281.60 in chips)
Seat 2: chipsdigme86 ($206.13 in chips)
chipsdigme86: posts small blind $1
nrJitsu: posts big blind $3
*** HOLE CARDS ***
chipsdigme86: raises $3 to $6
nrJitsu: calls $3
*** FLOP *** [6d Kd 7d]
nrJitsu: checks
chipsdigme86: bets $3
nrJitsu: calls $3
*** TURN *** [6d Kd 7d] [Tc]
nrJitsu: checks
chipsdigme86: checks
*** RIVER *** [6d Kd 7d Tc] [8h]
nrJitsu: bets $6
chipsdigme86: raises $6 to $12
nrJitsu: raises $6 to $18
chipsdigme86: calls $6
*** SHOW DOWN ***
nrJitsu: shows [5d 9d] (a flush, King high)
chipsdigme86: mucks hand
nrJitsu collected $53.50 from pot
*** SUMMARY ***
Total pot $54 | Rake $0.50
Board [6d Kd 7d Tc 8h]
Seat 1: nrJitsu (big blind) showed [5d 9d] and won ($53.50) with a flush, King high
Seat 2: chipsdigme86 (button) (small blind) mucked


