PokerStars Hand #157544673281:  Hold'em Limit ($3/$6 USD) - 2016/08/21 5:40:33 ET
Table 'Giacobini' 6-max Seat #4 is the button
Seat 4: VolkovDmitri ($120 in chips)
Seat 6: humlefar ($75.76 in chips)
VolkovDmitri: posts small blind $1
humlefar: posts big blind $3
*** HOLE CARDS ***
zimin10 joins the table at seat #1
VolkovDmitri: raises $3 to $6
humlefar: calls $3
*** FLOP *** [6h Ts 8d]
humlefar: bets $3
VolkovDmitri: folds
Uncalled bet ($3) returned to humlefar
humlefar collected $11.76 from pot
humlefar: doesn't show hand
*** SUMMARY ***
Total pot $12 | Rake $0.24
Board [6h Ts 8d]
Seat 4: VolkovDmitri (button) (small blind) folded on the Flop
Seat 6: humlefar (big blind) collected ($11.76)


PokerStars Hand #157544659535:  Hold'em Limit ($3/$6 USD) - 2016/08/21 5:39:58 ET
Table 'Giacobini' 6-max Seat #6 is the button
Seat 4: VolkovDmitri ($120 in chips)
Seat 6: humlefar ($70 in chips)
humlefar: posts small blind $1
VolkovDmitri: posts big blind $3
*** HOLE CARDS ***
humlefar: calls $2
VolkovDmitri: raises $3 to $6
oregordog joins the table at seat #3
humlefar: calls $3
*** FLOP *** [Ad 4c 7c]
VolkovDmitri: checks
humlefar: bets $3
VolkovDmitri: folds
Uncalled bet ($3) returned to humlefar
humlefar collected $11.76 from pot
humlefar: doesn't show hand
*** SUMMARY ***
Total pot $12 | Rake $0.24
Board [Ad 4c 7c]
Seat 4: VolkovDmitri (big blind) folded on the Flop
Seat 6: humlefar (button) (small blind) collected ($11.76)


PokerStars Hand #157550096557:  Hold'em Limit ($3/$6 USD) - 2016/08/21 8:58:55 ET
Table 'Giacobini' 6-max Seat #2 is the button
Seat 2: RockKillerTY ($165.23 in chips)
Seat 6: humlefar ($155.11 in chips)
Koraseg will be allowed to play after the button
RockKillerTY: posts small blind $1
humlefar: posts big blind $3
*** HOLE CARDS ***
RockKillerTY: raises $3 to $6
humlefar: calls $3
*** FLOP *** [8d 3c 8h]
humlefar: bets $3
RockKillerTY: calls $3
*** TURN *** [8d 3c 8h] [Kh]
humlefar: bets $6
RockKillerTY: calls $6
*** RIVER *** [8d 3c 8h Kh] [7h]
humlefar: bets $6
RockKillerTY: calls $6
*** SHOW DOWN ***
humlefar: shows [3d Td] (two pair, Eights and Threes)
RockKillerTY: mucks hand
humlefar collected $41.50 from pot
*** SUMMARY ***
Total pot $42 | Rake $0.50
Board [8d 3c 8h Kh 7h]
Seat 2: RockKillerTY (button) (small blind) mucked
Seat 6: humlefar (big blind) showed [3d Td] and won ($41.50) with two pair, Eights and Threes


PokerStars Hand #157550410523:  Hold'em Limit ($3/$6 USD) - 2016/08/21 9:08:42 ET
Table 'Giacobini' 6-max Seat #1 is the button
Seat 1: Koraseg ($156.21 in chips)
Seat 6: humlefar ($244.54 in chips)
Koraseg: posts small blind $1
RockKillerTY: is sitting out
humlefar: posts big blind $3
*** HOLE CARDS ***
Koraseg: raises $3 to $6
humlefar: raises $3 to $9
Koraseg: calls $3
*** FLOP *** [8d 2d 8s]
humlefar: bets $3
Koraseg: calls $3
*** TURN *** [8d 2d 8s] [6s]
RockKillerTY leaves the table
humlefar: bets $6
Koraseg: raises $6 to $12
humlefar: folds
Uncalled bet ($6) returned to Koraseg
Koraseg collected $35.50 from pot
Koraseg: doesn't show hand
*** SUMMARY ***
Total pot $36 | Rake $0.50
Board [8d 2d 8s 6s]
Seat 1: Koraseg (button) (small blind) collected ($35.50)
Seat 6: humlefar (big blind) folded on the Turn


PokerStars Hand #157550436750:  Hold'em Limit ($3/$6 USD) - 2016/08/21 9:09:15 ET
Table 'Giacobini' 6-max Seat #6 is the button
Seat 1: Koraseg ($173.71 in chips)
Seat 6: humlefar ($226.54 in chips)
humlefar: posts small blind $1
Koraseg: posts big blind $3
*** HOLE CARDS ***
humlefar: raises $3 to $6
Koraseg: calls $3
*** FLOP *** [7s 9s 3s]
Koraseg: checks
humlefar: bets $3
Koraseg: calls $3
*** TURN *** [7s 9s 3s] [As]
Koraseg: checks
simper11 joins the table at seat #2
humlefar: bets $6
Koraseg: calls $6
*** RIVER *** [7s 9s 3s As] [5c]
Koraseg: checks
humlefar: checks
*** SHOW DOWN ***
Koraseg: shows [Ts Ah] (a flush, Ace high)
humlefar: mucks hand
Koraseg collected $29.50 from pot
*** SUMMARY ***
Total pot $30 | Rake $0.50
Board [7s 9s 3s As 5c]
Seat 1: Koraseg (big blind) showed [Ts Ah] and won ($29.50) with a flush, Ace high
Seat 6: humlefar (button) (small blind) mucked


PokerStars Hand #157551445627:  Hold'em Limit ($3/$6 USD) - 2016/08/21 9:38:14 ET
Table 'Giacobini' 6-max Seat #3 is the button
Seat 3: jassomaan ($214.88 in chips)
Seat 6: Chessnok ($103.71 in chips)
jassomaan: posts small blind $1
Kajind: is sitting out
Chessnok: posts big blind $3
*** HOLE CARDS ***
Kajind leaves the table
jassomaan: calls $2
Chessnok: checks
*** FLOP *** [4h 5h Jc]
Chessnok: checks
jassomaan: bets $3
Chessnok: folds
Uncalled bet ($3) returned to jassomaan
jassomaan collected $5.88 from pot
jassomaan: doesn't show hand
*** SUMMARY ***
Total pot $6 | Rake $0.12
Board [4h 5h Jc]
Seat 3: jassomaan (button) (small blind) collected ($5.88)
Seat 6: Chessnok (big blind) folded on the Flop


PokerStars Hand #157551453724:  Hold'em Limit ($3/$6 USD) - 2016/08/21 9:38:28 ET
Table 'Giacobini' 6-max Seat #6 is the button
Seat 3: jassomaan ($217.76 in chips)
Seat 6: Chessnok ($100.71 in chips)
Chessnok: posts small blind $1
jassomaan: posts big blind $3
*** HOLE CARDS ***
Chessnok: raises $3 to $6
jassomaan: calls $3
*** FLOP *** [4s As 6h]
jassomaan: checks
Chessnok: checks
*** TURN *** [4s As 6h] [9h]
jassomaan: bets $6
Chessnok: folds
Uncalled bet ($6) returned to jassomaan
jassomaan collected $11.76 from pot
jassomaan: doesn't show hand
*** SUMMARY ***
Total pot $12 | Rake $0.24
Board [4s As 6h 9h]
Seat 3: jassomaan (big blind) collected ($11.76)
Seat 6: Chessnok (button) (small blind) folded on the Turn


PokerStars Hand #157551463642:  Hold'em Limit ($3/$6 USD) - 2016/08/21 9:38:45 ET
Table 'Giacobini' 6-max Seat #3 is the button
Seat 3: jassomaan ($223.52 in chips)
Seat 6: Chessnok ($94.71 in chips)
jassomaan: posts small blind $1
Chessnok: posts big blind $3
*** HOLE CARDS ***
jassomaan: calls $2
Chessnok: checks
*** FLOP *** [4s 9s 3s]
Chessnok: bets $3
jassomaan: raises $3 to $6
Chessnok: calls $3
*** TURN *** [4s 9s 3s] [9d]
Chessnok: checks
jassomaan: bets $6
Chessnok: raises $6 to $12
jassomaan: raises $6 to $18
Chessnok: calls $6
*** RIVER *** [4s 9s 3s 9d] [8d]
Chessnok: checks
jassomaan: bets $6
Chessnok: calls $6
*** SHOW DOWN ***
jassomaan: shows [9h 3h] (a full house, Nines full of Threes)
Chessnok: mucks hand
jassomaan collected $65.50 from pot
*** SUMMARY ***
Total pot $66 | Rake $0.50
Board [4s 9s 3s 9d 8d]
Seat 3: jassomaan (button) (small blind) showed [9h 3h] and won ($65.50) with a full house, Nines full of Threes
Seat 6: Chessnok (big blind) mucked


PokerStars Hand #157551480814:  Hold'em Limit ($3/$6 USD) - 2016/08/21 9:39:14 ET
Table 'Giacobini' 6-max Seat #6 is the button
Seat 3: jassomaan ($256.02 in chips)
Seat 6: Chessnok ($61.71 in chips)
Chessnok: posts small blind $1
jassomaan: posts big blind $3
*** HOLE CARDS ***
Chessnok: raises $3 to $6
jassomaan: calls $3
*** FLOP *** [6h 6d 9s]
jassomaan: checks
Chessnok: bets $3
jassomaan: folds
Uncalled bet ($3) returned to Chessnok
Chessnok collected $11.76 from pot
Chessnok: doesn't show hand
*** SUMMARY ***
Total pot $12 | Rake $0.24
Board [6h 6d 9s]
Seat 3: jassomaan (big blind) folded on the Flop
Seat 6: Chessnok (button) (small blind) collected ($11.76)


PokerStars Hand #157551499844:  Hold'em Limit ($3/$6 USD) - 2016/08/21 9:39:46 ET
Table 'Giacobini' 6-max Seat #6 is the button
Seat 3: jassomaan ($258.66 in chips)
Seat 6: Chessnok ($60 in chips)
Chessnok: posts small blind $1
jassomaan: posts big blind $3
*** HOLE CARDS ***
Chessnok: raises $3 to $6
siliciom joins the table at seat #4
jassomaan: folds
Uncalled bet ($3) returned to Chessnok
Chessnok collected $6 from pot
Chessnok: doesn't show hand
*** SUMMARY ***
Total pot $6 | Rake $0
Seat 3: jassomaan (big blind) folded before Flop
Seat 6: Chessnok (button) (small blind) collected ($6)


PokerStars Hand #157551488761:  Hold'em Limit ($3/$6 USD) - 2016/08/21 9:39:27 ET
Table 'Giacobini' 6-max Seat #3 is the button
Seat 3: jassomaan ($250.02 in chips)
Seat 6: Chessnok ($67.47 in chips)
jassomaan: posts small blind $1
sml20y1 was removed from the table for failing to post
Chessnok: posts big blind $3
*** HOLE CARDS ***
jassomaan: raises $3 to $6
Chessnok: calls $3
*** FLOP *** [4d 6s 9c]
Chessnok: checks
jassomaan: bets $3
Chessnok: calls $3
*** TURN *** [4d 6s 9c] [9s]
Chessnok: checks
jassomaan: bets $6
Chessnok: folds
Uncalled bet ($6) returned to jassomaan
jassomaan collected $17.64 from pot
jassomaan: doesn't show hand
*** SUMMARY ***
Total pot $18 | Rake $0.36
Board [4d 6s 9c 9s]
Seat 3: jassomaan (button) (small blind) collected ($17.64)
Seat 6: Chessnok (big blind) folded on the Turn


PokerStars Hand #157551622902:  Hold'em Limit ($3/$6 USD) - 2016/08/21 9:43:14 ET
Table 'Giacobini' 6-max Seat #4 is the button
Seat 3: jassomaan ($247.09 in chips)
Seat 4: siliciom ($87.07 in chips)
siliciom: posts small blind $1
Chessnok: is sitting out
jassomaan: posts big blind $3
*** HOLE CARDS ***
siliciom: raises $3 to $6
jassomaan: calls $3
*** FLOP *** [3s Th Ah]
jassomaan: bets $3
siliciom: calls $3
*** TURN *** [3s Th Ah] [Kh]
jassomaan: bets $6
siliciom: folds
Uncalled bet ($6) returned to jassomaan
jassomaan collected $17.64 from pot
jassomaan: doesn't show hand
*** SUMMARY ***
Total pot $18 | Rake $0.36
Board [3s Th Ah Kh]
Seat 3: jassomaan (big blind) collected ($17.64)
Seat 4: siliciom (button) (small blind) folded on the Turn


PokerStars Hand #157551636542:  Hold'em Limit ($3/$6 USD) - 2016/08/21 9:43:37 ET
Table 'Giacobini' 6-max Seat #3 is the button
Seat 3: jassomaan ($255.73 in chips)
Seat 4: siliciom ($78.07 in chips)
jassomaan: posts small blind $1
siliciom: posts big blind $3
*** HOLE CARDS ***
jassomaan: raises $3 to $6
siliciom: calls $3
*** FLOP *** [8h 5s 8d]
siliciom: checks
jassomaan: bets $3
siliciom: calls $3
*** TURN *** [8h 5s 8d] [4s]
siliciom: checks
jassomaan: checks
*** RIVER *** [8h 5s 8d 4s] [Kh]
siliciom: checks
jassomaan: bets $6
siliciom: folds
Uncalled bet ($6) returned to jassomaan
jassomaan collected $17.64 from pot
jassomaan: doesn't show hand
*** SUMMARY ***
Total pot $18 | Rake $0.36
Board [8h 5s 8d 4s Kh]
Seat 3: jassomaan (button) (small blind) collected ($17.64)
Seat 4: siliciom (big blind) folded on the River


PokerStars Hand #157551658775:  Hold'em Limit ($3/$6 USD) - 2016/08/21 9:44:15 ET
Table 'Giacobini' 6-max Seat #4 is the button
Seat 3: jassomaan ($264.37 in chips)
Seat 4: siliciom ($72 in chips)
siliciom: posts small blind $1
jassomaan: posts big blind $3
*** HOLE CARDS ***
siliciom: raises $3 to $6
jassomaan: folds
Uncalled bet ($3) returned to siliciom
siliciom collected $6 from pot
siliciom: doesn't show hand
*** SUMMARY ***
Total pot $6 | Rake $0
Seat 3: jassomaan (big blind) folded before Flop
Seat 4: siliciom (button) (small blind) collected ($6)


PokerStars Hand #157551681303:  Hold'em Limit ($3/$6 USD) - 2016/08/21 9:44:53 ET
Table 'Giacobini' 6-max Seat #4 is the button
Seat 3: jassomaan ($234.37 in chips)
Seat 4: siliciom ($101.50 in chips)
siliciom: posts small blind $1
jassomaan: posts big blind $3
*** HOLE CARDS ***
siliciom: raises $3 to $6
jassomaan: calls $3
*** FLOP *** [Qh Ts 7h]
jassomaan: bets $3
siliciom: calls $3
*** TURN *** [Qh Ts 7h] [Jc]
jassomaan: checks
siliciom: bets $6
jassomaan: calls $6
*** RIVER *** [Qh Ts 7h Jc] [4h]
jassomaan: checks
siliciom: bets $6
jassomaan: raises $6 to $12
siliciom: calls $6
*** SHOW DOWN ***
jassomaan: shows [4d 7d] (two pair, Sevens and Fours)
siliciom: mucks hand
jassomaan collected $53.50 from pot
*** SUMMARY ***
Total pot $54 | Rake $0.50
Board [Qh Ts 7h Jc 4h]
Seat 3: jassomaan (big blind) showed [4d 7d] and won ($53.50) with two pair, Sevens and Fours
Seat 4: siliciom (button) (small blind) mucked


PokerStars Hand #157551742619:  Hold'em Limit ($3/$6 USD) - 2016/08/21 9:46:37 ET
Table 'Giacobini' 6-max Seat #4 is the button
Seat 3: jassomaan ($287.87 in chips)
Seat 4: siliciom ($73 in chips)
siliciom: posts small blind $1
jassomaan: posts big blind $3
*** HOLE CARDS ***
siliciom: folds
Uncalled bet ($2) returned to jassomaan
jassomaan collected $2 from pot
jassomaan: doesn't show hand
*** SUMMARY ***
Total pot $2 | Rake $0
Seat 3: jassomaan (big blind) collected ($2)
Seat 4: siliciom (button) (small blind) folded before Flop


PokerStars Hand #157551738553:  Hold'em Limit ($3/$6 USD) - 2016/08/21 9:46:30 ET
Table 'Giacobini' 6-max Seat #3 is the button
Seat 3: jassomaan ($288.87 in chips)
Seat 4: siliciom ($72 in chips)
jassomaan: posts small blind $1
siliciom: posts big blind $3
*** HOLE CARDS ***
jassomaan: folds
Uncalled bet ($2) returned to siliciom
siliciom collected $2 from pot
siliciom: doesn't show hand
*** SUMMARY ***
Total pot $2 | Rake $0
Seat 3: jassomaan (button) (small blind) folded before Flop
Seat 4: siliciom (big blind) collected ($2)


PokerStars Hand #157551723071:  Hold'em Limit ($3/$6 USD) - 2016/08/21 9:46:04 ET
Table 'Giacobini' 6-max Seat #3 is the button
Seat 3: jassomaan ($275.37 in chips)
Seat 4: siliciom ($77.76 in chips)
jassomaan: posts small blind $1
siliciom: posts big blind $3
*** HOLE CARDS ***
jassomaan: folds
Uncalled bet ($2) returned to siliciom
siliciom collected $2 from pot
siliciom: doesn't show hand
*** SUMMARY ***
Total pot $2 | Rake $0
Seat 3: jassomaan (button) (small blind) folded before Flop
Seat 4: siliciom (big blind) collected ($2)


PokerStars Hand #157551726019:  Hold'em Limit ($3/$6 USD) - 2016/08/21 9:46:09 ET
Table 'Giacobini' 6-max Seat #4 is the button
Seat 3: jassomaan ($274.37 in chips)
Seat 4: siliciom ($78.76 in chips)
siliciom: posts small blind $1
jassomaan: posts big blind $3
*** HOLE CARDS ***
siliciom: raises $3 to $6
jassomaan: calls $3
*** FLOP *** [6h 4s 7s]
jassomaan: bets $3
siliciom: calls $3
*** TURN *** [6h 4s 7s] [2c]
jassomaan: bets $6
siliciom: calls $6
*** RIVER *** [6h 4s 7s 2c] [3h]
jassomaan: bets $6
siliciom: folds
Uncalled bet ($6) returned to jassomaan
jassomaan collected $29.50 from pot
jassomaan: doesn't show hand
*** SUMMARY ***
Total pot $30 | Rake $0.50
Board [6h 4s 7s 2c 3h]
Seat 3: jassomaan (big blind) collected ($29.50)
Seat 4: siliciom (button) (small blind) folded on the River


PokerStars Hand #157551713155:  Hold'em Limit ($3/$6 USD) - 2016/08/21 9:45:47 ET
Table 'Giacobini' 6-max Seat #4 is the button
Seat 3: jassomaan ($281.37 in chips)
Seat 4: siliciom ($72 in chips)
siliciom: posts small blind $1
jassomaan: posts big blind $3
*** HOLE CARDS ***
siliciom: raises $3 to $6
jassomaan: calls $3
*** FLOP *** [8c 6c Ts]
jassomaan: checks
siliciom: checks
*** TURN *** [8c 6c Ts] [Qd]
jassomaan: checks
siliciom: checks
*** RIVER *** [8c 6c Ts Qd] [6d]
jassomaan: checks
siliciom: checks
*** SHOW DOWN ***
jassomaan: shows [7h 2h] (a pair of Sixes)
siliciom: shows [As 7d] (a pair of Sixes - Ace kicker)
siliciom collected $11.76 from pot
*** SUMMARY ***
Total pot $12 | Rake $0.24
Board [8c 6c Ts Qd 6d]
Seat 3: jassomaan (big blind) showed [7h 2h] and lost with a pair of Sixes
Seat 4: siliciom (button) (small blind) showed [As 7d] and won ($11.76) with a pair of Sixes


PokerStars Hand #157551750398:  Hold'em Limit ($3/$6 USD) - 2016/08/21 9:46:51 ET
Table 'Giacobini' 6-max Seat #4 is the button
Seat 3: jassomaan ($287.87 in chips)
Seat 4: siliciom ($73 in chips)
siliciom: posts small blind $1
jassomaan: posts big blind $3
*** HOLE CARDS ***
siliciom: raises $3 to $6
jassomaan: raises $3 to $9
siliciom: calls $3
*** FLOP *** [5d Ad 2c]
jassomaan: bets $3
siliciom: calls $3
*** TURN *** [5d Ad 2c] [9c]
jassomaan: bets $6
siliciom: raises $6 to $12
jassomaan: calls $6
*** RIVER *** [5d Ad 2c 9c] [4c]
jassomaan: checks
siliciom: bets $6
jassomaan: calls $6
*** SHOW DOWN ***
siliciom: shows [9h 2h] (two pair, Nines and Deuces)
jassomaan: mucks hand
siliciom collected $59.50 from pot
*** SUMMARY ***
Total pot $60 | Rake $0.50
Board [5d Ad 2c 9c 4c]
Seat 3: jassomaan (big blind) mucked
Seat 4: siliciom (button) (small blind) showed [9h 2h] and won ($59.50) with two pair, Nines and Deuces


PokerStars Hand #157551746392:  Hold'em Limit ($3/$6 USD) - 2016/08/21 9:46:44 ET
Table 'Giacobini' 6-max Seat #3 is the button
Seat 3: jassomaan ($288.87 in chips)
Seat 4: siliciom ($72 in chips)
jassomaan: posts small blind $1
siliciom: posts big blind $3
*** HOLE CARDS ***
jassomaan: folds
Uncalled bet ($2) returned to siliciom
siliciom collected $2 from pot
siliciom: doesn't show hand
*** SUMMARY ***
Total pot $2 | Rake $0
Seat 3: jassomaan (button) (small blind) folded before Flop
Seat 4: siliciom (big blind) collected ($2)


PokerStars Hand #157551780335:  Hold'em Limit ($3/$6 USD) - 2016/08/21 9:47:26 ET
Table 'Giacobini' 6-max Seat #3 is the button
Seat 3: jassomaan ($257.87 in chips)
Seat 4: siliciom ($102.50 in chips)
jassomaan: posts small blind $1
siliciom: posts big blind $3
*** HOLE CARDS ***
jassomaan: raises $3 to $6
siliciom: calls $3
*** FLOP *** [5d 6c 4s]
siliciom: checks
jassomaan: bets $3
siliciom: calls $3
*** TURN *** [5d 6c 4s] [3s]
siliciom: checks
jassomaan: bets $6
siliciom: raises $6 to $12
jassomaan: raises $6 to $18
siliciom: calls $6
*** RIVER *** [5d 6c 4s 3s] [4h]
siliciom: checks
jassomaan: bets $6
siliciom: calls $6
*** SHOW DOWN ***
jassomaan: shows [2c Ks] (a straight, Deuce to Six)
siliciom: shows [2d Ac] (a straight, Deuce to Six)
siliciom collected $32.75 from pot
jassomaan collected $32.75 from pot
*** SUMMARY ***
Total pot $66 | Rake $0.50
Board [5d 6c 4s 3s 4h]
Seat 3: jassomaan (button) (small blind) showed [2c Ks] and won ($32.75) with a straight, Deuce to Six
Seat 4: siliciom (big blind) showed [2d Ac] and won ($32.75) with a straight, Deuce to Six


PokerStars Hand #157551830553:  Hold'em Limit ($3/$6 USD) - 2016/08/21 9:48:37 ET
Table 'Giacobini' 6-max Seat #3 is the button
Seat 3: jassomaan ($254.62 in chips)
Seat 4: siliciom ($105.25 in chips)
jassomaan: posts small blind $1
siliciom: posts big blind $3
*** HOLE CARDS ***
jassomaan: folds
Uncalled bet ($2) returned to siliciom
siliciom collected $2 from pot
siliciom: doesn't show hand
*** SUMMARY ***
Total pot $2 | Rake $0
Seat 3: jassomaan (button) (small blind) folded before Flop
Seat 4: siliciom (big blind) collected ($2)


PokerStars Hand #157551826687:  Hold'em Limit ($3/$6 USD) - 2016/08/21 9:48:31 ET
Table 'Giacobini' 6-max Seat #4 is the button
Seat 3: jassomaan ($253.62 in chips)
Seat 4: siliciom ($106.25 in chips)
siliciom: posts small blind $1
jassomaan: posts big blind $3
*** HOLE CARDS ***
siliciom: folds
Uncalled bet ($2) returned to jassomaan
jassomaan collected $2 from pot
jassomaan: doesn't show hand
*** SUMMARY ***
Total pot $2 | Rake $0
Seat 3: jassomaan (big blind) collected ($2)
Seat 4: siliciom (button) (small blind) folded before Flop


PokerStars Hand #157551811915:  Hold'em Limit ($3/$6 USD) - 2016/08/21 9:48:07 ET
Table 'Giacobini' 6-max Seat #3 is the button
Seat 3: jassomaan ($254.62 in chips)
Seat 4: siliciom ($105.25 in chips)
jassomaan: posts small blind $1
siliciom: posts big blind $3
*** HOLE CARDS ***
jassomaan: folds
Uncalled bet ($2) returned to siliciom
siliciom collected $2 from pot
siliciom: doesn't show hand
*** SUMMARY ***
Total pot $2 | Rake $0
Seat 3: jassomaan (button) (small blind) folded before Flop
Seat 4: siliciom (big blind) collected ($2)


PokerStars Hand #157551803060:  Hold'em Limit ($3/$6 USD) - 2016/08/21 9:47:53 ET
Table 'Giacobini' 6-max Seat #4 is the button
Seat 3: jassomaan ($257.62 in chips)
Seat 4: siliciom ($102.25 in chips)
siliciom: posts small blind $1
jassomaan: posts big blind $3
*** HOLE CARDS ***
siliciom: raises $3 to $6
jassomaan: folds
Uncalled bet ($3) returned to siliciom
siliciom collected $6 from pot
siliciom: doesn't show hand
*** SUMMARY ***
Total pot $6 | Rake $0
Seat 3: jassomaan (big blind) folded before Flop
Seat 4: siliciom (button) (small blind) collected ($6)


PokerStars Hand #157551819838:  Hold'em Limit ($3/$6 USD) - 2016/08/21 9:48:19 ET
Table 'Giacobini' 6-max Seat #3 is the button
Seat 3: jassomaan ($254.62 in chips)
Seat 4: siliciom ($105.25 in chips)
jassomaan: posts small blind $1
siliciom: posts big blind $3
*** HOLE CARDS ***
jassomaan: folds
Uncalled bet ($2) returned to siliciom
siliciom collected $2 from pot
siliciom: doesn't show hand
*** SUMMARY ***
Total pot $2 | Rake $0
Seat 3: jassomaan (button) (small blind) folded before Flop
Seat 4: siliciom (big blind) collected ($2)


PokerStars Hand #157551815843:  Hold'em Limit ($3/$6 USD) - 2016/08/21 9:48:13 ET
Table 'Giacobini' 6-max Seat #4 is the button
Seat 3: jassomaan ($253.62 in chips)
Seat 4: siliciom ($106.25 in chips)
siliciom: posts small blind $1
jassomaan: posts big blind $3
*** HOLE CARDS ***
siliciom: folds
Uncalled bet ($2) returned to jassomaan
jassomaan collected $2 from pot
jassomaan: doesn't show hand
*** SUMMARY ***
Total pot $2 | Rake $0
Seat 3: jassomaan (big blind) collected ($2)
Seat 4: siliciom (button) (small blind) folded before Flop


PokerStars Hand #157551833618:  Hold'em Limit ($3/$6 USD) - 2016/08/21 9:48:43 ET
Table 'Giacobini' 6-max Seat #4 is the button
Seat 3: jassomaan ($253.62 in chips)
Seat 4: siliciom ($106.25 in chips)
siliciom: posts small blind $1
jassomaan: posts big blind $3
*** HOLE CARDS ***
siliciom: raises $3 to $6
jassomaan: folds
Uncalled bet ($3) returned to siliciom
siliciom collected $6 from pot
siliciom: doesn't show hand
*** SUMMARY ***
Total pot $6 | Rake $0
Seat 3: jassomaan (big blind) folded before Flop
Seat 4: siliciom (button) (small blind) collected ($6)


PokerStars Hand #157551855156:  Hold'em Limit ($3/$6 USD) - 2016/08/21 9:49:19 ET
Table 'Giacobini' 6-max Seat #4 is the button
Seat 3: jassomaan ($253.50 in chips)
Seat 4: siliciom ($106.25 in chips)
siliciom: posts small blind $1
jassomaan: posts big blind $3
*** HOLE CARDS ***
siliciom: raises $3 to $6
jassomaan: calls $3
*** FLOP *** [Kd 6h 4s]
jassomaan: checks
siliciom: bets $3
jassomaan: folds
Uncalled bet ($3) returned to siliciom
siliciom collected $11.76 from pot
siliciom: doesn't show hand
*** SUMMARY ***
Total pot $12 | Rake $0.24
Board [Kd 6h 4s]
Seat 3: jassomaan (big blind) folded on the Flop
Seat 4: siliciom (button) (small blind) collected ($11.76)


PokerStars Hand #157551839873:  Hold'em Limit ($3/$6 USD) - 2016/08/21 9:48:53 ET
Table 'Giacobini' 6-max Seat #3 is the button
Seat 3: jassomaan ($250.62 in chips)
Seat 4: siliciom ($109.25 in chips)
jassomaan: posts small blind $1
siliciom: posts big blind $3
*** HOLE CARDS ***
jassomaan: calls $2
siliciom: checks
*** FLOP *** [7c 5s 7s]
siliciom: checks
jassomaan: checks
*** TURN *** [7c 5s 7s] [Ah]
siliciom: checks
jassomaan: bets $6
siliciom: folds
Uncalled bet ($6) returned to jassomaan
jassomaan collected $5.88 from pot
jassomaan: doesn't show hand
*** SUMMARY ***
Total pot $6 | Rake $0.12
Board [7c 5s 7s Ah]
Seat 3: jassomaan (button) (small blind) collected ($5.88)
Seat 4: siliciom (big blind) folded on the Turn


PokerStars Hand #157551862337:  Hold'em Limit ($3/$6 USD) - 2016/08/21 9:49:31 ET
Table 'Giacobini' 6-max Seat #3 is the button
Seat 3: jassomaan ($247.50 in chips)
Seat 4: siliciom ($112.01 in chips)
jassomaan: posts small blind $1
siliciom: posts big blind $3
*** HOLE CARDS ***
jassomaan: raises $3 to $6
siliciom: calls $3
*** FLOP *** [3h Kh 9h]
siliciom: checks
jassomaan: bets $3
siliciom: calls $3
*** TURN *** [3h Kh 9h] [5d]
siliciom: checks
jassomaan: bets $6
siliciom: calls $6
*** RIVER *** [3h Kh 9h 5d] [7s]
siliciom: checks
jassomaan: bets $6
siliciom: calls $6
*** SHOW DOWN ***
jassomaan: shows [Ks 5s] (two pair, Kings and Fives)
siliciom: mucks hand
jassomaan collected $41.50 from pot
*** SUMMARY ***
Total pot $42 | Rake $0.50
Board [3h Kh 9h 5d 7s]
Seat 3: jassomaan (button) (small blind) showed [Ks 5s] and won ($41.50) with two pair, Kings and Fives
Seat 4: siliciom (big blind) mucked


PokerStars Hand #157551901640:  Hold'em Limit ($3/$6 USD) - 2016/08/21 9:50:39 ET
Table 'Giacobini' 6-max Seat #4 is the button
Seat 3: jassomaan ($238 in chips)
Seat 4: siliciom ($120.27 in chips)
siliciom: posts small blind $1
jassomaan: posts big blind $3
*** HOLE CARDS ***
siliciom: raises $3 to $6
jassomaan: folds
Uncalled bet ($3) returned to siliciom
siliciom collected $6 from pot
siliciom: doesn't show hand
*** SUMMARY ***
Total pot $6 | Rake $0
Seat 3: jassomaan (big blind) folded before Flop
Seat 4: siliciom (button) (small blind) collected ($6)


PokerStars Hand #157551886926:  Hold'em Limit ($3/$6 USD) - 2016/08/21 9:50:14 ET
Table 'Giacobini' 6-max Seat #3 is the button
Seat 3: jassomaan ($262 in chips)
Seat 4: siliciom ($96.77 in chips)
jassomaan: posts small blind $1
siliciom: posts big blind $3
*** HOLE CARDS ***
jassomaan: raises $3 to $6
siliciom: calls $3
*** FLOP *** [8s Ac Qc]
siliciom: checks
jassomaan: bets $3
siliciom: raises $3 to $6
jassomaan: calls $3
*** TURN *** [8s Ac Qc] [Kd]
siliciom: bets $6
jassomaan: calls $6
*** RIVER *** [8s Ac Qc Kd] [Ad]
siliciom: bets $6
jassomaan: calls $6
*** SHOW DOWN ***
siliciom: shows [As 3c] (three of a kind, Aces)
jassomaan: mucks hand
siliciom collected $47.50 from pot
*** SUMMARY ***
Total pot $48 | Rake $0.50
Board [8s Ac Qc Kd Ad]
Seat 3: jassomaan (button) (small blind) mucked
Seat 4: siliciom (big blind) showed [As 3c] and won ($47.50) with three of a kind, Aces


PokerStars Hand #157551874232:  Hold'em Limit ($3/$6 USD) - 2016/08/21 9:49:52 ET
Table 'Giacobini' 6-max Seat #4 is the button
Seat 3: jassomaan ($268 in chips)
Seat 4: siliciom ($91.01 in chips)
siliciom: posts small blind $1
jassomaan: posts big blind $3
*** HOLE CARDS ***
siliciom: raises $3 to $6
jassomaan: calls $3
*** FLOP *** [9s Ad 6h]
jassomaan: checks
siliciom: bets $3
jassomaan: folds
Uncalled bet ($3) returned to siliciom
siliciom collected $11.76 from pot
siliciom: doesn't show hand
*** SUMMARY ***
Total pot $12 | Rake $0.24
Board [9s Ad 6h]
Seat 3: jassomaan (big blind) folded on the Flop
Seat 4: siliciom (button) (small blind) collected ($11.76)


PokerStars Hand #157551915154:  Hold'em Limit ($3/$6 USD) - 2016/08/21 9:51:02 ET
Table 'Giacobini' 6-max Seat #4 is the button
Seat 3: jassomaan ($264.50 in chips)
Seat 4: siliciom ($93.27 in chips)
siliciom: posts small blind $1
jassomaan: posts big blind $3
*** HOLE CARDS ***
siliciom: raises $3 to $6
jassomaan: calls $3
*** FLOP *** [Ah Kc Qh]
jassomaan: checks
siliciom: checks
*** TURN *** [Ah Kc Qh] [Th]
jassomaan: bets $6
siliciom: calls $6
*** RIVER *** [Ah Kc Qh Th] [Jc]
jassomaan: checks
siliciom: checks
*** SHOW DOWN ***
jassomaan: shows [Qd 6s] (a straight, Ten to Ace)
siliciom: shows [Qc 8c] (a straight, Ten to Ace)
jassomaan collected $11.76 from pot
siliciom collected $11.76 from pot
*** SUMMARY ***
Total pot $24 | Rake $0.48
Board [Ah Kc Qh Th Jc]
Seat 3: jassomaan (big blind) showed [Qd 6s] and won ($11.76) with a straight, Ten to Ace
Seat 4: siliciom (button) (small blind) showed [Qc 8c] and won ($11.76) with a straight, Ten to Ace


PokerStars Hand #157551936118:  Hold'em Limit ($3/$6 USD) - 2016/08/21 9:51:37 ET
Table 'Giacobini' 6-max Seat #4 is the button
Seat 3: jassomaan ($284.76 in chips)
Seat 4: siliciom ($72.03 in chips)
siliciom: posts small blind $1
jassomaan: posts big blind $3
*** HOLE CARDS ***
siliciom: raises $3 to $6
jassomaan: folds
Uncalled bet ($3) returned to siliciom
siliciom collected $6 from pot
siliciom: doesn't show hand
*** SUMMARY ***
Total pot $6 | Rake $0
Seat 3: jassomaan (big blind) folded before Flop
Seat 4: siliciom (button) (small blind) collected ($6)


PokerStars Hand #157551924923:  Hold'em Limit ($3/$6 USD) - 2016/08/21 9:51:18 ET
Table 'Giacobini' 6-max Seat #3 is the button
Seat 3: jassomaan ($264.26 in chips)
Seat 4: siliciom ($93.03 in chips)
jassomaan: posts small blind $1
siliciom: posts big blind $3
*** HOLE CARDS ***
jassomaan: raises $3 to $6
siliciom: calls $3
*** FLOP *** [Js 5d 6d]
siliciom: checks
jassomaan: bets $3
siliciom: calls $3
*** TURN *** [Js 5d 6d] [Td]
siliciom: checks
jassomaan: bets $6
siliciom: calls $6
*** RIVER *** [Js 5d 6d Td] [7c]
siliciom: checks
jassomaan: bets $6
siliciom: calls $6
*** SHOW DOWN ***
jassomaan: shows [Ts Th] (three of a kind, Tens)
siliciom: mucks hand
jassomaan collected $41.50 from pot
*** SUMMARY ***
Total pot $42 | Rake $0.50
Board [Js 5d 6d Td 7c]
Seat 3: jassomaan (button) (small blind) showed [Ts Th] and won ($41.50) with three of a kind, Tens
Seat 4: siliciom (big blind) mucked


PokerStars Hand #157551905137:  Hold'em Limit ($3/$6 USD) - 2016/08/21 9:50:45 ET
Table 'Giacobini' 6-max Seat #3 is the button
Seat 3: jassomaan ($235 in chips)
Seat 4: siliciom ($123.27 in chips)
jassomaan: posts small blind $1
siliciom: posts big blind $3
*** HOLE CARDS ***
jassomaan: raises $3 to $6
siliciom: calls $3
*** FLOP *** [8c 2s Js]
siliciom: checks
jassomaan: bets $3
siliciom: raises $3 to $6
jassomaan: calls $3
*** TURN *** [8c 2s Js] [4s]
siliciom: bets $6
jassomaan: calls $6
*** RIVER *** [8c 2s Js 4s] [3d]
siliciom: bets $6
jassomaan: raises $6 to $12
siliciom: calls $6
*** SHOW DOWN ***
jassomaan: shows [3c 3s] (three of a kind, Threes)
siliciom: mucks hand
jassomaan collected $59.50 from pot
*** SUMMARY ***
Total pot $60 | Rake $0.50
Board [8c 2s Js 4s 3d]
Seat 3: jassomaan (button) (small blind) showed [3c 3s] and won ($59.50) with three of a kind, Threes
Seat 4: siliciom (big blind) mucked


PokerStars Hand #157551940573:  Hold'em Limit ($3/$6 USD) - 2016/08/21 9:51:45 ET
Table 'Giacobini' 6-max Seat #3 is the button
Seat 3: jassomaan ($281.76 in chips)
Seat 4: siliciom ($75.03 in chips)
jassomaan: posts small blind $1
siliciom: posts big blind $3
*** HOLE CARDS ***
jassomaan: raises $3 to $6
siliciom: folds
Uncalled bet ($3) returned to jassomaan
jassomaan collected $6 from pot
jassomaan: doesn't show hand
*** SUMMARY ***
Total pot $6 | Rake $0
Seat 3: jassomaan (button) (small blind) collected ($6)
Seat 4: siliciom (big blind) folded before Flop


PokerStars Hand #157551952586:  Hold'em Limit ($3/$6 USD) - 2016/08/21 9:52:05 ET
Table 'Giacobini' 6-max Seat #4 is the button
Seat 3: jassomaan ($284.76 in chips)
Seat 4: siliciom ($72.03 in chips)
siliciom: posts small blind $1
jassomaan: posts big blind $3
*** HOLE CARDS ***
siliciom: raises $3 to $6
jassomaan: folds
Uncalled bet ($3) returned to siliciom
siliciom collected $6 from pot
siliciom: doesn't show hand
*** SUMMARY ***
Total pot $6 | Rake $0
Seat 3: jassomaan (big blind) folded before Flop
Seat 4: siliciom (button) (small blind) collected ($6)


PokerStars Hand #157551957379:  Hold'em Limit ($3/$6 USD) - 2016/08/21 9:52:13 ET
Table 'Giacobini' 6-max Seat #3 is the button
Seat 3: jassomaan ($281.76 in chips)
Seat 4: siliciom ($75.03 in chips)
jassomaan: posts small blind $1
siliciom: posts big blind $3
*** HOLE CARDS ***
jassomaan: folds
Uncalled bet ($2) returned to siliciom
siliciom collected $2 from pot
siliciom: doesn't show hand
*** SUMMARY ***
Total pot $2 | Rake $0
Seat 3: jassomaan (button) (small blind) folded before Flop
Seat 4: siliciom (big blind) collected ($2)


PokerStars Hand #157551972521:  Hold'em Limit ($3/$6 USD) - 2016/08/21 9:52:39 ET
Table 'Giacobini' 6-max Seat #3 is the button
Seat 3: jassomaan ($280.51 in chips)
Seat 4: siliciom ($75.78 in chips)
jassomaan: posts small blind $1
siliciom: posts big blind $3
*** HOLE CARDS ***
jassomaan: folds
Uncalled bet ($2) returned to siliciom
siliciom collected $2 from pot
siliciom: doesn't show hand
*** SUMMARY ***
Total pot $2 | Rake $0
Seat 3: jassomaan (button) (small blind) folded before Flop
Seat 4: siliciom (big blind) collected ($2)


PokerStars Hand #157551961078:  Hold'em Limit ($3/$6 USD) - 2016/08/21 9:52:20 ET
Table 'Giacobini' 6-max Seat #4 is the button
Seat 3: jassomaan ($280.76 in chips)
Seat 4: siliciom ($76.03 in chips)
siliciom: posts small blind $1
jassomaan: posts big blind $3
*** HOLE CARDS ***
siliciom: raises $3 to $6
jassomaan: raises $3 to $9
siliciom: calls $3
*** FLOP *** [9s 3s 6h]
jassomaan: bets $3
siliciom: calls $3
*** TURN *** [9s 3s 6h] [8h]
jassomaan: bets $6
siliciom: calls $6
*** RIVER *** [9s 3s 6h 8h] [Qh]
jassomaan: checks
siliciom: checks
*** SHOW DOWN ***
jassomaan: shows [Jh Kc] (high card King)
siliciom: shows [Jc Ks] (high card King)
jassomaan collected $17.75 from pot
siliciom collected $17.75 from pot
*** SUMMARY ***
Total pot $36 | Rake $0.50
Board [9s 3s 6h 8h Qh]
Seat 3: jassomaan (big blind) showed [Jh Kc] and won ($17.75) with high card King
Seat 4: siliciom (button) (small blind) showed [Jc Ks] and won ($17.75) with high card King


PokerStars Hand #157551997616:  Hold'em Limit ($3/$6 USD) - 2016/08/21 9:53:22 ET
Table 'Giacobini' 6-max Seat #3 is the button
Seat 3: jassomaan ($279.15 in chips)
Seat 4: siliciom ($77.76 in chips)
jassomaan: posts small blind $1
siliciom: posts big blind $3
*** HOLE CARDS ***
jassomaan: raises $3 to $6
siliciom: calls $3
*** FLOP *** [7d Qc 7c]
siliciom: checks
jassomaan: bets $3
siliciom: raises $3 to $6
jassomaan: folds
Uncalled bet ($3) returned to siliciom
siliciom collected $17.64 from pot
siliciom: doesn't show hand
*** SUMMARY ***
Total pot $18 | Rake $0.36
Board [7d Qc 7c]
Seat 3: jassomaan (button) (small blind) folded on the Flop
Seat 4: siliciom (big blind) collected ($17.64)


PokerStars Hand #157551979783:  Hold'em Limit ($3/$6 USD) - 2016/08/21 9:52:51 ET
Table 'Giacobini' 6-max Seat #3 is the button
Seat 3: jassomaan ($276.51 in chips)
Seat 4: siliciom ($79.78 in chips)
jassomaan: posts small blind $1
siliciom: posts big blind $3
*** HOLE CARDS ***
jassomaan: raises $3 to $6
siliciom: calls $3
*** FLOP *** [Jd 9h 7s]
siliciom: checks
jassomaan: bets $3
siliciom: calls $3
*** TURN *** [Jd 9h 7s] [Tc]
siliciom: checks
jassomaan: bets $6
siliciom: folds
Uncalled bet ($6) returned to jassomaan
jassomaan collected $17.64 from pot
jassomaan: doesn't show hand
*** SUMMARY ***
Total pot $18 | Rake $0.36
Board [Jd 9h 7s Tc]
Seat 3: jassomaan (button) (small blind) collected ($17.64)
Seat 4: siliciom (big blind) folded on the Turn


PokerStars Hand #157551990657:  Hold'em Limit ($3/$6 USD) - 2016/08/21 9:53:11 ET
Table 'Giacobini' 6-max Seat #4 is the button
Seat 3: jassomaan ($285.15 in chips)
Seat 4: siliciom ($72 in chips)
siliciom: posts small blind $1
jassomaan: posts big blind $3
*** HOLE CARDS ***
siliciom: raises $3 to $6
jassomaan: calls $3
*** FLOP *** [Ad Qc 2s]
jassomaan: checks
siliciom: bets $3
jassomaan: folds
Uncalled bet ($3) returned to siliciom
siliciom collected $11.76 from pot
siliciom: doesn't show hand
*** SUMMARY ***
Total pot $12 | Rake $0.24
Board [Ad Qc 2s]
Seat 3: jassomaan (big blind) folded on the Flop
Seat 4: siliciom (button) (small blind) collected ($11.76)


PokerStars Hand #157551975824:  Hold'em Limit ($3/$6 USD) - 2016/08/21 9:52:45 ET
Table 'Giacobini' 6-max Seat #4 is the button
Seat 3: jassomaan ($279.51 in chips)
Seat 4: siliciom ($76.78 in chips)
siliciom: posts small blind $1
jassomaan: posts big blind $3
*** HOLE CARDS ***
siliciom: raises $3 to $6
jassomaan: folds
Uncalled bet ($3) returned to siliciom
siliciom collected $6 from pot
siliciom: doesn't show hand
*** SUMMARY ***
Total pot $6 | Rake $0
Seat 3: jassomaan (big blind) folded before Flop
Seat 4: siliciom (button) (small blind) collected ($6)


PokerStars Hand #157552005346:  Hold'em Limit ($3/$6 USD) - 2016/08/21 9:53:35 ET
Table 'Giacobini' 6-max Seat #4 is the button
Seat 3: jassomaan ($270.15 in chips)
Seat 4: siliciom ($86.40 in chips)
siliciom: posts small blind $1
jassomaan: posts big blind $3
*** HOLE CARDS ***
siliciom: raises $3 to $6
jassomaan: calls $3
*** FLOP *** [4h 3h Jd]
jassomaan: checks
siliciom: bets $3
jassomaan: calls $3
*** TURN *** [4h 3h Jd] [8h]
jassomaan: checks
siliciom: checks
*** RIVER *** [4h 3h Jd 8h] [Ks]
jassomaan: bets $6
siliciom: calls $6
*** SHOW DOWN ***
jassomaan: shows [7s 6s] (high card King)
siliciom: shows [Ad 5s] (high card Ace)
siliciom collected $29.50 from pot
*** SUMMARY ***
Total pot $30 | Rake $0.50
Board [4h 3h Jd 8h Ks]
Seat 3: jassomaan (big blind) showed [7s 6s] and lost with high card King
Seat 4: siliciom (button) (small blind) showed [Ad 5s] and won ($29.50) with high card Ace


PokerStars Hand #157552016944:  Hold'em Limit ($3/$6 USD) - 2016/08/21 9:53:54 ET
Table 'Giacobini' 6-max Seat #3 is the button
Seat 3: jassomaan ($255.15 in chips)
Seat 4: siliciom ($100.90 in chips)
jassomaan: posts small blind $1
siliciom: posts big blind $3
*** HOLE CARDS ***
jassomaan: calls $2
siliciom: raises $3 to $6
jassomaan: calls $3
*** FLOP *** [Jh 8h Qd]
siliciom: bets $3
jassomaan: calls $3
*** TURN *** [Jh 8h Qd] [8s]
siliciom: checks
jassomaan: bets $6
siliciom: calls $6
*** RIVER *** [Jh 8h Qd 8s] [8c]
siliciom: checks
jassomaan: bets $6
siliciom: calls $6
*** SHOW DOWN ***
jassomaan: shows [8d Kh] (four of a kind, Eights)
siliciom: mucks hand
jassomaan collected $41.50 from pot
*** SUMMARY ***
Total pot $42 | Rake $0.50
Board [Jh 8h Qd 8s 8c]
Seat 3: jassomaan (button) (small blind) showed [8d Kh] and won ($41.50) with four of a kind, Eights
Seat 4: siliciom (big blind) mucked


PokerStars Hand #157552028366:  Hold'em Limit ($3/$6 USD) - 2016/08/21 9:54:14 ET
Table 'Giacobini' 6-max Seat #4 is the button
Seat 3: jassomaan ($275.65 in chips)
Seat 4: siliciom ($79.90 in chips)
siliciom: posts small blind $1
jassomaan: posts big blind $3
*** HOLE CARDS ***
siliciom: raises $3 to $6
jassomaan: folds
Uncalled bet ($3) returned to siliciom
siliciom collected $6 from pot
siliciom: doesn't show hand
*** SUMMARY ***
Total pot $6 | Rake $0
Seat 3: jassomaan (big blind) folded before Flop
Seat 4: siliciom (button) (small blind) collected ($6)


PokerStars Hand #157552076537:  Hold'em Limit ($3/$6 USD) - 2016/08/21 9:55:23 ET
Table 'Giacobini' 6-max Seat #3 is the button
Seat 3: jassomaan ($290.15 in chips)
Seat 4: siliciom ($75 in chips)
jassomaan: posts small blind $1
siliciom: posts big blind $3
*** HOLE CARDS ***
jassomaan: folds
Uncalled bet ($2) returned to siliciom
siliciom collected $2 from pot
siliciom: doesn't show hand
*** SUMMARY ***
Total pot $2 | Rake $0
Seat 3: jassomaan (button) (small blind) folded before Flop
Seat 4: siliciom (big blind) collected ($2)


PokerStars Hand #157552072320:  Hold'em Limit ($3/$6 USD) - 2016/08/21 9:55:14 ET
Table 'Giacobini' 6-max Seat #4 is the button
Seat 3: jassomaan ($293.15 in chips)
Seat 4: siliciom ($72 in chips)
siliciom: posts small blind $1
jassomaan: posts big blind $3
*** HOLE CARDS ***
siliciom: raises $3 to $6
jassomaan: folds
Uncalled bet ($3) returned to siliciom
siliciom collected $6 from pot
siliciom: doesn't show hand
*** SUMMARY ***
Total pot $6 | Rake $0
Seat 3: jassomaan (big blind) folded before Flop
Seat 4: siliciom (button) (small blind) collected ($6)


PokerStars Hand #157552037031:  Hold'em Limit ($3/$6 USD) - 2016/08/21 9:54:28 ET
Table 'Giacobini' 6-max Seat #3 is the button
Seat 3: jassomaan ($272.65 in chips)
Seat 4: siliciom ($82.90 in chips)
jassomaan: posts small blind $1
siliciom: posts big blind $3
*** HOLE CARDS ***
jassomaan: calls $2
siliciom: raises $3 to $6
jassomaan: calls $3
*** FLOP *** [6c 9s 4h]
siliciom: bets $3
jassomaan: calls $3
*** TURN *** [6c 9s 4h] [3c]
siliciom: bets $6
jassomaan: raises $6 to $12
siliciom: calls $6
*** RIVER *** [6c 9s 4h 3c] [Kh]
siliciom: checks
jassomaan: bets $6
siliciom: folds
Uncalled bet ($6) returned to jassomaan
jassomaan collected $41.50 from pot
jassomaan: doesn't show hand
*** SUMMARY ***
Total pot $42 | Rake $0.50
Board [6c 9s 4h 3c Kh]
Seat 3: jassomaan (button) (small blind) collected ($41.50)
Seat 4: siliciom (big blind) folded on the River


PokerStars Hand #157552093549:  Hold'em Limit ($3/$6 USD) - 2016/08/21 9:55:58 ET
Table 'Giacobini' 6-max Seat #3 is the button
Seat 3: jassomaan ($339.65 in chips)
Seat 4: siliciom ($72 in chips)
jassomaan: posts small blind $1
siliciom: posts big blind $3
*** HOLE CARDS ***
jassomaan: folds
Uncalled bet ($2) returned to siliciom
siliciom collected $2 from pot
siliciom: doesn't show hand
*** SUMMARY ***
Total pot $2 | Rake $0
Seat 3: jassomaan (button) (small blind) folded before Flop
Seat 4: siliciom (big blind) collected ($2)


PokerStars Hand #157552097694:  Hold'em Limit ($3/$6 USD) - 2016/08/21 9:56:06 ET
Table 'Giacobini' 6-max Seat #4 is the button
Seat 3: jassomaan ($338.65 in chips)
Seat 4: siliciom ($73 in chips)
siliciom: posts small blind $1
jassomaan: posts big blind $3
*** HOLE CARDS ***
siliciom: folds
Uncalled bet ($2) returned to jassomaan
jassomaan collected $2 from pot
jassomaan: doesn't show hand
*** SUMMARY ***
Total pot $2 | Rake $0
Seat 3: jassomaan (big blind) collected ($2)
Seat 4: siliciom (button) (small blind) folded before Flop


PokerStars Hand #157552110298:  Hold'em Limit ($3/$6 USD) - 2016/08/21 9:56:32 ET
Table 'Giacobini' 6-max Seat #4 is the button
Seat 3: jassomaan ($345.41 in chips)
Seat 4: siliciom ($72 in chips)
siliciom: posts small blind $1
jassomaan: posts big blind $3
*** HOLE CARDS ***
siliciom: folds
Uncalled bet ($2) returned to jassomaan
jassomaan collected $2 from pot
jassomaan: doesn't show hand
*** SUMMARY ***
Total pot $2 | Rake $0
Seat 3: jassomaan (big blind) collected ($2)
Seat 4: siliciom (button) (small blind) folded before Flop


PokerStars Hand #157552100384:  Hold'em Limit ($3/$6 USD) - 2016/08/21 9:56:12 ET
Table 'Giacobini' 6-max Seat #3 is the button
Seat 3: jassomaan ($339.65 in chips)
Seat 4: siliciom ($72 in chips)
jassomaan: posts small blind $1
siliciom: posts big blind $3
*** HOLE CARDS ***
jassomaan: raises $3 to $6
siliciom: calls $3
*** FLOP *** [7h Tc 8h]
siliciom: checks
jassomaan: bets $3
siliciom: folds
Uncalled bet ($3) returned to jassomaan
jassomaan collected $11.76 from pot
jassomaan: doesn't show hand
*** SUMMARY ***
Total pot $12 | Rake $0.24
Board [7h Tc 8h]
Seat 3: jassomaan (button) (small blind) collected ($11.76)
Seat 4: siliciom (big blind) folded on the Flop


PokerStars Hand #157552128402:  Hold'em Limit ($3/$6 USD) - 2016/08/21 9:57:09 ET
Table 'Giacobini' 6-max Seat #4 is the button
Seat 3: jassomaan ($318.41 in chips)
Seat 4: siliciom ($99.26 in chips)
siliciom: posts small blind $1
jassomaan: posts big blind $3
*** HOLE CARDS ***
siliciom: raises $3 to $6
jassomaan: calls $3
*** FLOP *** [Kd 4s 2d]
jassomaan: bets $3
siliciom: calls $3
*** TURN *** [Kd 4s 2d] [Ac]
jassomaan: bets $6
siliciom: raises $6 to $12
**Geka**555 joins the table at seat #2
jassomaan: raises $6 to $18
siliciom: raises $6 to $24
Betting is capped
jassomaan: calls $6
*** RIVER *** [Kd 4s 2d Ac] [Jc]
jassomaan: checks
siliciom: bets $6
jassomaan: calls $6
*** SHOW DOWN ***
siliciom: shows [As 4d] (two pair, Aces and Fours)
jassomaan: mucks hand
siliciom collected $77.50 from pot
*** SUMMARY ***
Total pot $78 | Rake $0.50
Board [Kd 4s 2d Ac Jc]
Seat 3: jassomaan (big blind) mucked
Seat 4: siliciom (button) (small blind) showed [As 4d] and won ($77.50) with two pair, Aces and Fours


PokerStars Hand #157552125212:  Hold'em Limit ($3/$6 USD) - 2016/08/21 9:57:02 ET
Table 'Giacobini' 6-max Seat #3 is the button
Seat 3: jassomaan ($319.41 in chips)
Seat 4: siliciom ($98.26 in chips)
jassomaan: posts small blind $1
siliciom: posts big blind $3
*** HOLE CARDS ***
jassomaan: folds
Uncalled bet ($2) returned to siliciom
siliciom collected $2 from pot
siliciom: doesn't show hand
*** SUMMARY ***
Total pot $2 | Rake $0
Seat 3: jassomaan (button) (small blind) folded before Flop
Seat 4: siliciom (big blind) collected ($2)


PokerStars Hand #157552119910:  Hold'em Limit ($3/$6 USD) - 2016/08/21 9:56:51 ET
Table 'Giacobini' 6-max Seat #4 is the button
Seat 3: jassomaan ($325.41 in chips)
Seat 4: siliciom ($92.50 in chips)
siliciom: posts small blind $1
jassomaan: posts big blind $3
*** HOLE CARDS ***
siliciom: raises $3 to $6
jassomaan: calls $3
*** FLOP *** [8d Jh 5s]
jassomaan: checks
siliciom: bets $3
jassomaan: folds
Uncalled bet ($3) returned to siliciom
siliciom collected $11.76 from pot
siliciom: doesn't show hand
*** SUMMARY ***
Total pot $12 | Rake $0.24
Board [8d Jh 5s]
Seat 3: jassomaan (big blind) folded on the Flop
Seat 4: siliciom (button) (small blind) collected ($11.76)


PokerStars Hand #157552113143:  Hold'em Limit ($3/$6 USD) - 2016/08/21 9:56:38 ET
Table 'Giacobini' 6-max Seat #3 is the button
Seat 3: jassomaan ($346.41 in chips)
Seat 4: siliciom ($72 in chips)
jassomaan: posts small blind $1
siliciom: posts big blind $3
*** HOLE CARDS ***
jassomaan: calls $2
siliciom: raises $3 to $6
jassomaan: calls $3
*** FLOP *** [5c 9h 3s]
siliciom: bets $3
jassomaan: calls $3
*** TURN *** [5c 9h 3s] [Ad]
siliciom: bets $6
jassomaan: calls $6
*** RIVER *** [5c 9h 3s Ad] [Th]
siliciom: bets $6
jassomaan: calls $6
*** SHOW DOWN ***
siliciom: shows [3d 5d] (two pair, Fives and Threes)
jassomaan: mucks hand
siliciom collected $41.50 from pot
*** SUMMARY ***
Total pot $42 | Rake $0.50
Board [5c 9h 3s Ad Th]
Seat 3: jassomaan (button) (small blind) mucked
Seat 4: siliciom (big blind) showed [3d 5d] and won ($41.50) with two pair, Fives and Threes


PokerStars Hand #157552145838:  Hold'em Limit ($3/$6 USD) - 2016/08/21 9:57:44 ET
Table 'Giacobini' 6-max Seat #3 is the button
Seat 3: jassomaan ($279.41 in chips)
Seat 4: siliciom ($137.76 in chips)
jassomaan: posts small blind $1
siliciom: posts big blind $3
*** HOLE CARDS ***
jassomaan: raises $3 to $6
siliciom: folds
Uncalled bet ($3) returned to jassomaan
jassomaan collected $6 from pot
jassomaan: doesn't show hand
*** SUMMARY ***
Total pot $6 | Rake $0
Seat 3: jassomaan (button) (small blind) collected ($6)
Seat 4: siliciom (big blind) folded before Flop


PokerStars Hand #157552645953:  Hold'em Limit ($3/$6 USD) - 2016/08/21 10:11:52 ET
Table 'Giacobini' 6-max Seat #4 is the button
Seat 3: jassomaan ($140.39 in chips)
Seat 4: siliciom ($174.77 in chips)
siliciom: posts small blind $1
Great_Kang: is sitting out
jassomaan: posts big blind $3
*** HOLE CARDS ***
Great_Kang leaves the table
siliciom: raises $3 to $6
jassomaan: raises $3 to $9
vovojc joins the table at seat #5
Great_Kang joins the table at seat #6
siliciom: calls $3
*** FLOP *** [Td 7h 3h]
jassomaan: bets $3
Clark205 joins the table at seat #1
siliciom: calls $3
*** TURN *** [Td 7h 3h] [Ad]
jassomaan: bets $6
siliciom: raises $6 to $12
jassomaan: calls $6
*** RIVER *** [Td 7h 3h Ad] [7d]
jassomaan: checks
siliciom: bets $6
jassomaan: calls $6
*** SHOW DOWN ***
siliciom: shows [Ah Kd] (two pair, Aces and Sevens)
jassomaan: mucks hand
siliciom collected $59.50 from pot
*** SUMMARY ***
Total pot $60 | Rake $0.50
Board [Td 7h 3h Ad 7d]
Seat 3: jassomaan (big blind) mucked
Seat 4: siliciom (button) (small blind) showed [Ah Kd] and won ($59.50) with two pair, Aces and Sevens


PokerStars Hand #157552679284:  Hold'em Limit ($3/$6 USD) - 2016/08/21 10:12:46 ET
Table 'Giacobini' 6-max Seat #3 is the button
Seat 3: jassomaan ($110.39 in chips)
Seat 4: siliciom ($204.27 in chips)
jassomaan: posts small blind $1
siliciom: posts big blind $3
*** HOLE CARDS ***
jassomaan: raises $3 to $6
siliciom: calls $3
*** FLOP *** [Qs 6d 5h]
siliciom: checks
jassomaan: bets $3
siliciom: raises $3 to $6
jassomaan: calls $3
*** TURN *** [Qs 6d 5h] [3h]
siliciom: bets $6
jassomaan: calls $6
*** RIVER *** [Qs 6d 5h 3h] [9c]
siliciom: bets $6
jassomaan: calls $6
*** SHOW DOWN ***
siliciom: shows [8d Jd] (high card Queen)
jassomaan: shows [4d Ad] (high card Ace)
jassomaan collected $47.50 from pot
$polu4atel*$ joins the table at seat #2
*** SUMMARY ***
Total pot $48 | Rake $0.50
Board [Qs 6d 5h 3h 9c]
Seat 3: jassomaan (button) (small blind) showed [4d Ad] and won ($47.50) with high card Ace
Seat 4: siliciom (big blind) showed [8d Jd] and lost with high card Queen


PokerStars Hand #157553292118:  Hold'em Limit ($3/$6 USD) - 2016/08/21 10:29:10 ET
Table 'Giacobini' 6-max Seat #4 is the button
Seat 3: jassomaan ($165.57 in chips)
Seat 4: siliciom ($238.78 in chips)
siliciom: posts small blind $1
Great_Kang: is sitting out
jassomaan: posts big blind $3
*** HOLE CARDS ***
siliciom: raises $3 to $6
jassomaan: calls $3
*** FLOP *** [2h 2c Qd]
jassomaan: checks
siliciom: bets $3
jassomaan: folds
Uncalled bet ($3) returned to siliciom
siliciom collected $11.76 from pot
siliciom: doesn't show hand
*** SUMMARY ***
Total pot $12 | Rake $0.24
Board [2h 2c Qd]
Seat 3: jassomaan (big blind) folded on the Flop
Seat 4: siliciom (button) (small blind) collected ($11.76)


PokerStars Hand #157553331596:  Hold'em Limit ($3/$6 USD) - 2016/08/21 10:30:14 ET
Table 'Giacobini' 6-max Seat #3 is the button
Seat 3: jassomaan ($132.57 in chips)
Seat 4: siliciom ($271.04 in chips)
jassomaan: posts small blind $1
siliciom: posts big blind $3
*** HOLE CARDS ***
jassomaan: raises $3 to $6
siliciom: calls $3
*** FLOP *** [7c 7d As]
siliciom: checks
jassomaan: bets $3
Great_Kang leaves the table
siliciom: folds
Uncalled bet ($3) returned to jassomaan
jassomaan collected $11.76 from pot
jassomaan: doesn't show hand
*** SUMMARY ***
Total pot $12 | Rake $0.24
Board [7c 7d As]
Seat 3: jassomaan (button) (small blind) collected ($11.76)
Seat 4: siliciom (big blind) folded on the Flop


PokerStars Hand #157553307319:  Hold'em Limit ($3/$6 USD) - 2016/08/21 10:29:35 ET
Table 'Giacobini' 6-max Seat #3 is the button
Seat 3: jassomaan ($159.57 in chips)
Seat 4: siliciom ($244.54 in chips)
jassomaan: posts small blind $1
siliciom: posts big blind $3
*** HOLE CARDS ***
jassomaan: raises $3 to $6
siliciom: calls $3
*** FLOP *** [6d Qs Kc]
siliciom: checks
jassomaan: bets $3
siliciom: raises $3 to $6
jassomaan: calls $3
*** TURN *** [6d Qs Kc] [Tc]
siliciom: bets $6
jassomaan: calls $6
*** RIVER *** [6d Qs Kc Tc] [Kh]
siliciom: bets $6
jassomaan: calls $6
*** SHOW DOWN ***
siliciom: shows [5h Kd] (three of a kind, Kings)
jassomaan: mucks hand
siliciom collected $47.50 from pot
*** SUMMARY ***
Total pot $48 | Rake $0.50
Board [6d Qs Kc Tc Kh]
Seat 3: jassomaan (button) (small blind) mucked
Seat 4: siliciom (big blind) showed [5h Kd] and won ($47.50) with three of a kind, Kings


PokerStars Hand #157553319233:  Hold'em Limit ($3/$6 USD) - 2016/08/21 10:29:54 ET
Table 'Giacobini' 6-max Seat #4 is the button
Seat 3: jassomaan ($135.57 in chips)
Seat 4: siliciom ($268.04 in chips)
siliciom: posts small blind $1
jassomaan: posts big blind $3
*** HOLE CARDS ***
siliciom: raises $3 to $6
jassomaan: folds
Uncalled bet ($3) returned to siliciom
siliciom collected $6 from pot
siliciom: doesn't show hand
*** SUMMARY ***
Total pot $6 | Rake $0
Seat 3: jassomaan (big blind) folded before Flop
Seat 4: siliciom (button) (small blind) collected ($6)


