PokerStars Hand #151729131950:  Hold'em Limit ($3/$6 USD) - 2016/04/10 15:41:56 ET
Table 'Giacobini II' 6-max Seat #3 is the button
Seat 3: Bonkman05 ($87.47 in chips)
Seat 5: kolaz03 ($89.98 in chips)
Bonkman05: posts small blind $1
kolaz03: posts big blind $3
*** HOLE CARDS ***
Bonkman05: folds
Uncalled bet ($2) returned to kolaz03
kolaz03 collected $2 from pot
kolaz03: doesn't show hand
*** SUMMARY ***
Total pot $2 | Rake $0
Seat 3: Bonkman05 (button) (small blind) folded before Flop
Seat 5: kolaz03 (big blind) collected ($2)


PokerStars Hand #151729137369:  Hold'em Limit ($3/$6 USD) - 2016/04/10 15:42:01 ET
Table 'Giacobini II' 6-max Seat #5 is the button
Seat 3: Bonkman05 ($86.47 in chips)
Seat 5: kolaz03 ($90.98 in chips)
kolaz03: posts small blind $1
Bonkman05: posts big blind $3
*** HOLE CARDS ***
kolaz03: raises $3 to $6
Bonkman05: calls $3
*** FLOP *** [Qh 9c Ts]
Bonkman05: checks
kolaz03: bets $3
Bonkman05: calls $3
*** TURN *** [Qh 9c Ts] [Jh]
Bonkman05: bets $6
kolaz03: raises $6 to $12
Bonkman05: folds
Uncalled bet ($6) returned to kolaz03
kolaz03 collected $29.50 from pot
kolaz03: doesn't show hand
*** SUMMARY ***
Total pot $30 | Rake $0.50
Board [Qh 9c Ts Jh]
Seat 3: Bonkman05 (big blind) folded on the Turn
Seat 5: kolaz03 (button) (small blind) collected ($29.50)


PokerStars Hand #151730125696:  Hold'em Limit ($3/$6 USD) - 2016/04/10 15:58:00 ET
Table 'Giacobini II' 6-max Seat #3 is the button
Seat 3: robertass84 ($120 in chips)
Seat 4: BuzovaPro ($96.50 in chips)
robertass84: posts small blind $1
BuzovaPro: posts big blind $3
*** HOLE CARDS ***
robertass84: folds
Uncalled bet ($2) returned to BuzovaPro
BuzovaPro collected $2 from pot
BuzovaPro: doesn't show hand
*** SUMMARY ***
Total pot $2 | Rake $0
Seat 3: robertass84 (button) (small blind) folded before Flop
Seat 4: BuzovaPro (big blind) collected ($2)


PokerStars Hand #151730108337:  Hold'em Limit ($3/$6 USD) - 2016/04/10 15:57:37 ET
Table 'Giacobini II' 6-max Seat #4 is the button
Seat 3: robertass84 ($123 in chips)
Seat 4: BuzovaPro ($73 in chips)
BuzovaPro: posts small blind $1
robertass84: posts big blind $3
*** HOLE CARDS ***
BuzovaPro: raises $3 to $6
robertass84: raises $3 to $9
BuzovaPro: calls $3
*** FLOP *** [2d 8h Qs]
robertass84: bets $3
BuzovaPro: calls $3
*** TURN *** [2d 8h Qs] [Kd]
robertass84: bets $6
BuzovaPro: calls $6
*** RIVER *** [2d 8h Qs Kd] [Ac]
robertass84: bets $6
BuzovaPro: calls $6
*** SHOW DOWN ***
robertass84: shows [3h Th] (high card Ace)
BuzovaPro: shows [Qh 9d] (a pair of Queens)
BuzovaPro collected $47.50 from pot
*** SUMMARY ***
Total pot $48 | Rake $0.50
Board [2d 8h Qs Kd Ac]
Seat 3: robertass84 (big blind) showed [3h Th] and lost with high card Ace
Seat 4: BuzovaPro (button) (small blind) showed [Qh 9d] and won ($47.50) with a pair of Queens


PokerStars Hand #151730094911:  Hold'em Limit ($3/$6 USD) - 2016/04/10 15:57:19 ET
Table 'Giacobini II' 6-max Seat #3 is the button
Seat 3: robertass84 ($120 in chips)
Seat 4: BuzovaPro ($76 in chips)
robertass84: posts small blind $1
BuzovaPro: posts big blind $3
*** HOLE CARDS ***
robertass84: raises $3 to $6
BuzovaPro: folds
Uncalled bet ($3) returned to robertass84
robertass84 collected $6 from pot
robertass84: doesn't show hand
*** SUMMARY ***
Total pot $6 | Rake $0
Seat 3: robertass84 (button) (small blind) collected ($6)
Seat 4: BuzovaPro (big blind) folded before Flop


PokerStars Hand #151730130011:  Hold'em Limit ($3/$6 USD) - 2016/04/10 15:58:06 ET
Table 'Giacobini II' 6-max Seat #4 is the button
Seat 3: robertass84 ($120 in chips)
Seat 4: BuzovaPro ($97.50 in chips)
BuzovaPro: posts small blind $1
robertass84: posts big blind $3
*** HOLE CARDS ***
BuzovaPro: raises $3 to $6
robertass84: raises $3 to $9
BuzovaPro: calls $3
*** FLOP *** [Td 4c 2d]
robertass84: bets $3
BuzovaPro: calls $3
*** TURN *** [Td 4c 2d] [9d]
robertass84: bets $6
BuzovaPro: calls $6
*** RIVER *** [Td 4c 2d 9d] [Jc]
robertass84: bets $6
BuzovaPro: raises $6 to $12
robertass84: raises $6 to $18
BuzovaPro: raises $6 to $24
Betting is capped
robertass84: calls $6
*** SHOW DOWN ***
BuzovaPro: shows [7d Qd] (a flush, Queen high)
robertass84: mucks hand
BuzovaPro collected $83.50 from pot
*** SUMMARY ***
Total pot $84 | Rake $0.50
Board [Td 4c 2d 9d Jc]
Seat 3: robertass84 (big blind) mucked
Seat 4: BuzovaPro (button) (small blind) showed [7d Qd] and won ($83.50) with a flush, Queen high


PokerStars Hand #151730160166:  Hold'em Limit ($3/$6 USD) - 2016/04/10 15:58:46 ET
Table 'Giacobini II' 6-max Seat #6 is the button
Seat 4: BuzovaPro ($139 in chips)
Seat 6: avraam888 ($78 in chips)
avraam888: posts small blind $1
BuzovaPro: posts big blind $3
*** HOLE CARDS ***
avraam888: raises $3 to $6
BuzovaPro: calls $3
*** FLOP *** [7c 5s 5h]
BuzovaPro: checks
avraam888: bets $3
avraam888 said, "zzzzzzzzzzzzzzz"
BuzovaPro: calls $3
*** TURN *** [7c 5s 5h] [9d]
BuzovaPro: checks
avraam888: bets $6
BuzovaPro: calls $6
*** RIVER *** [7c 5s 5h 9d] [Qd]
BuzovaPro: checks
avraam888: checks
*** SHOW DOWN ***
BuzovaPro: shows [Ad Td] (a pair of Fives)
avraam888: shows [4d 7d] (two pair, Sevens and Fives)
avraam888 collected $29.50 from pot
*** SUMMARY ***
Total pot $30 | Rake $0.50
Board [7c 5s 5h 9d Qd]
Seat 4: BuzovaPro (big blind) showed [Ad Td] and lost with a pair of Fives
Seat 6: avraam888 (button) (small blind) showed [4d 7d] and won ($29.50) with two pair, Sevens and Fives


PokerStars Hand #151732732023:  Hold'em Limit ($3/$6 USD) - 2016/04/10 16:39:45 ET
Table 'Giacobini II' 6-max Seat #2 is the button
Seat 2: kaypoker619 ($48.80 in chips)
Seat 3: Tsoy777 ($60 in chips)
kaypoker619: posts small blind $1
Tsoy777: posts big blind $3
*** HOLE CARDS ***
vestimokrec joins the table at seat #4
kaypoker619: calls $2
Tsoy777: checks
*** FLOP *** [Ac 4d 9h]
Tsoy777: bets $3
kaypoker619: calls $3
*** TURN *** [Ac 4d 9h] [Kc]
Tsoy777: bets $6
kaypoker619: calls $6
*** RIVER *** [Ac 4d 9h Kc] [5c]
Tsoy777: bets $6
kaypoker619: folds
Uncalled bet ($6) returned to Tsoy777
Tsoy777 collected $23.52 from pot
Tsoy777: doesn't show hand
*** SUMMARY ***
Total pot $24 | Rake $0.48
Board [Ac 4d 9h Kc 5c]
Seat 2: kaypoker619 (button) (small blind) folded on the River
Seat 3: Tsoy777 (big blind) collected ($23.52)


PokerStars Hand #151732792994:  Hold'em Limit ($3/$6 USD) - 2016/04/10 16:40:45 ET
Table 'Giacobini II' 6-max Seat #4 is the button
Seat 2: kaypoker619 ($32.80 in chips)
Seat 4: vestimokrec ($124 in chips)
vestimokrec: posts small blind $1
kaypoker619: posts big blind $3
*** HOLE CARDS ***
vestimokrec: raises $3 to $6
kaypoker619: calls $3
*** FLOP *** [8s 2c 7c]
kaypoker619: bets $3
vestimokrec: calls $3
*** TURN *** [8s 2c 7c] [4h]
kaypoker619: bets $6
vestimokrec: calls $6
*** RIVER *** [8s 2c 7c 4h] [Tc]
kaypoker619: bets $6
vestimokrec: raises $6 to $12
kaypoker619: calls $6
*** SHOW DOWN ***
vestimokrec: shows [9d Jd] (a straight, Seven to Jack)
kaypoker619: mucks hand
vestimokrec collected $53.50 from pot
*** SUMMARY ***
Total pot $54 | Rake $0.50
Board [8s 2c 7c 4h Tc]
Seat 2: kaypoker619 (big blind) mucked
Seat 4: vestimokrec (button) (small blind) showed [9d Jd] and won ($53.50) with a straight, Seven to Jack


PokerStars Hand #151732778488:  Hold'em Limit ($3/$6 USD) - 2016/04/10 16:40:31 ET
Table 'Giacobini II' 6-max Seat #4 is the button
Seat 2: kaypoker619 ($36.80 in chips)
Seat 4: vestimokrec ($120 in chips)
vestimokrec: posts small blind $1
kaypoker619: posts big blind $3
*** HOLE CARDS ***
vestimokrec: raises $3 to $6
kaypoker619: folds
Uncalled bet ($3) returned to vestimokrec
vestimokrec collected $6 from pot
vestimokrec: doesn't show hand
*** SUMMARY ***
Total pot $6 | Rake $0
Seat 2: kaypoker619 (big blind) folded before Flop
Seat 4: vestimokrec (button) (small blind) collected ($6)


