PokerStars Hand #148467236007:  Hold'em Limit ($3/$6 USD) - 2016/02/08 15:48:58 ET
Table 'Giacobini' 2-max Seat #2 is the button
Seat 1: yur4ok ($72 in chips)
Seat 2: musto111 ($85.28 in chips)
musto111: posts small blind $1
yur4ok: posts big blind $3
*** HOLE CARDS ***
musto111: raises $3 to $6
yur4ok: raises $3 to $9
musto111: calls $3
*** FLOP *** [6c 3d Js]
yur4ok: bets $3
musto111: calls $3
*** TURN *** [6c 3d Js] [2h]
yur4ok: bets $6
musto111: folds
Uncalled bet ($6) returned to yur4ok
yur4ok collected $23.52 from pot
yur4ok: doesn't show hand
*** SUMMARY ***
Total pot $24 | Rake $0.48
Board [6c 3d Js 2h]
Seat 1: yur4ok (big blind) collected ($23.52)
Seat 2: musto111 (button) (small blind) folded on the Turn


PokerStars Hand #148467307999:  Hold'em Limit ($3/$6 USD) - 2016/02/08 15:50:03 ET
Table 'Giacobini' 2-max Seat #2 is the button
Seat 1: yur4ok ($94.78 in chips)
Seat 2: musto111 ($60.92 in chips)
musto111: posts small blind $1
yur4ok: posts big blind $3
*** HOLE CARDS ***
musto111: folds
Uncalled bet ($2) returned to yur4ok
yur4ok collected $2 from pot
yur4ok: doesn't show hand
*** SUMMARY ***
Total pot $2 | Rake $0
Seat 1: yur4ok (big blind) collected ($2)
Seat 2: musto111 (button) (small blind) folded before Flop


PokerStars Hand #148467297722:  Hold'em Limit ($3/$6 USD) - 2016/02/08 15:49:54 ET
Table 'Giacobini' 2-max Seat #1 is the button
Seat 1: yur4ok ($89.02 in chips)
Seat 2: musto111 ($66.92 in chips)
yur4ok: posts small blind $1
musto111: posts big blind $3
*** HOLE CARDS ***
yur4ok: raises $3 to $6
musto111: calls $3
*** FLOP *** [8h 7s 7d]
musto111: checks
yur4ok: bets $3
musto111: folds
Uncalled bet ($3) returned to yur4ok
yur4ok collected $11.76 from pot
yur4ok: doesn't show hand
*** SUMMARY ***
Total pot $12 | Rake $0.24
Board [8h 7s 7d]
Seat 1: yur4ok (button) (small blind) collected ($11.76)
Seat 2: musto111 (big blind) folded on the Flop


PokerStars Hand #148467277696:  Hold'em Limit ($3/$6 USD) - 2016/02/08 15:49:36 ET
Table 'Giacobini' 2-max Seat #2 is the button
Seat 1: yur4ok ($98.02 in chips)
Seat 2: musto111 ($58.28 in chips)
musto111: posts small blind $1
yur4ok: posts big blind $3
*** HOLE CARDS ***
musto111: raises $3 to $6
yur4ok: calls $3
*** FLOP *** [8s 5h Jd]
yur4ok: checks
musto111: bets $3
yur4ok: calls $3
*** TURN *** [8s 5h Jd] [Jc]
yur4ok: checks
musto111: bets $6
yur4ok: folds
Uncalled bet ($6) returned to musto111
musto111 collected $17.64 from pot
*** SUMMARY ***
Total pot $18 | Rake $0.36
Board [8s 5h Jd Jc]
Seat 1: yur4ok (big blind) folded on the Turn
Seat 2: musto111 (button) (small blind) collected ($17.64)


PokerStars Hand #148467253254:  Hold'em Limit ($3/$6 USD) - 2016/02/08 15:49:14 ET
Table 'Giacobini' 2-max Seat #1 is the button
Seat 1: yur4ok ($83.52 in chips)
Seat 2: musto111 ($73.28 in chips)
yur4ok: posts small blind $1
musto111: posts big blind $3
*** HOLE CARDS ***
yur4ok: raises $3 to $6
musto111: calls $3
*** FLOP *** [6c 4h Kd]
musto111: checks
yur4ok: bets $3
musto111: calls $3
*** TURN *** [6c 4h Kd] [Kh]
musto111: checks
yur4ok: checks
*** RIVER *** [6c 4h Kd Kh] [Qd]
musto111: checks
yur4ok: bets $6
musto111: calls $6
*** SHOW DOWN ***
yur4ok: shows [Qs As] (two pair, Kings and Queens)
musto111: mucks hand
yur4ok collected $29.50 from pot
*** SUMMARY ***
Total pot $30 | Rake $0.50
Board [6c 4h Kd Kh Qd]
Seat 1: yur4ok (button) (small blind) showed [Qs As] and won ($29.50) with two pair, Kings and Queens
Seat 2: musto111 (big blind) mucked


PokerStars Hand #148467344979:  Hold'em Limit ($3/$6 USD) - 2016/02/08 15:50:37 ET
Table 'Giacobini' 2-max Seat #1 is the button
Seat 1: yur4ok ($81.78 in chips)
Seat 2: musto111 ($73.42 in chips)
yur4ok: posts small blind $1
musto111: posts big blind $3
*** HOLE CARDS ***
yur4ok: folds
Uncalled bet ($2) returned to musto111
musto111 collected $2 from pot
*** SUMMARY ***
Total pot $2 | Rake $0
Seat 1: yur4ok (button) (small blind) folded before Flop
Seat 2: musto111 (big blind) collected ($2)


PokerStars Hand #148467338412:  Hold'em Limit ($3/$6 USD) - 2016/02/08 15:50:31 ET
Table 'Giacobini' 2-max Seat #2 is the button
Seat 1: yur4ok ($80.78 in chips)
Seat 2: musto111 ($74.42 in chips)
musto111: posts small blind $1
yur4ok: posts big blind $3
*** HOLE CARDS ***
musto111: folds
Uncalled bet ($2) returned to yur4ok
yur4ok collected $2 from pot
yur4ok: doesn't show hand
*** SUMMARY ***
Total pot $2 | Rake $0
Seat 1: yur4ok (big blind) collected ($2)
Seat 2: musto111 (button) (small blind) folded before Flop


PokerStars Hand #148467312864:  Hold'em Limit ($3/$6 USD) - 2016/02/08 15:50:08 ET
Table 'Giacobini' 2-max Seat #1 is the button
Seat 1: yur4ok ($95.78 in chips)
Seat 2: musto111 ($59.92 in chips)
yur4ok: posts small blind $1
musto111: posts big blind $3
*** HOLE CARDS ***
yur4ok: raises $3 to $6
musto111: calls $3
*** FLOP *** [6h 6d 8d]
musto111: checks
yur4ok: bets $3
musto111: calls $3
*** TURN *** [6h 6d 8d] [Ac]
musto111: checks
yur4ok: bets $6
musto111: calls $6
*** RIVER *** [6h 6d 8d Ac] [7s]
musto111: checks
yur4ok: checks
*** SHOW DOWN ***
musto111: shows [Qs 8s] (two pair, Eights and Sixes)
yur4ok: mucks hand
musto111 collected $29.50 from pot
*** SUMMARY ***
Total pot $30 | Rake $0.50
Board [6h 6d 8d Ac 7s]
Seat 1: yur4ok (button) (small blind) mucked
Seat 2: musto111 (big blind) showed [Qs 8s] and won ($29.50) with two pair, Eights and Sixes


PokerStars Hand #148467410965:  Hold'em Limit ($3/$6 USD) - 2016/02/08 15:51:37 ET
Table 'Giacobini' 2-max Seat #1 is the button
Seat 1: yur4ok ($75.42 in chips)
Seat 2: musto111 ($78.92 in chips)
yur4ok: posts small blind $1
musto111: posts big blind $3
*** HOLE CARDS ***
yur4ok: raises $3 to $6
musto111: calls $3
*** FLOP *** [5h As 2h]
musto111: checks
yur4ok: bets $3
musto111: calls $3
*** TURN *** [5h As 2h] [3c]
musto111: checks
yur4ok: bets $6
musto111: calls $6
*** RIVER *** [5h As 2h 3c] [Ts]
musto111: checks
yur4ok: bets $6
musto111: folds
Uncalled bet ($6) returned to yur4ok
yur4ok collected $29.50 from pot
yur4ok: doesn't show hand
*** SUMMARY ***
Total pot $30 | Rake $0.50
Board [5h As 2h 3c Ts]
Seat 1: yur4ok (button) (small blind) collected ($29.50)
Seat 2: musto111 (big blind) folded on the River


PokerStars Hand #148467405821:  Hold'em Limit ($3/$6 USD) - 2016/02/08 15:51:33 ET
Table 'Giacobini' 2-max Seat #2 is the button
Seat 1: yur4ok ($74.42 in chips)
Seat 2: musto111 ($79.92 in chips)
musto111: posts small blind $1
yur4ok: posts big blind $3
*** HOLE CARDS ***
musto111: folds
Uncalled bet ($2) returned to yur4ok
yur4ok collected $2 from pot
yur4ok: doesn't show hand
*** SUMMARY ***
Total pot $2 | Rake $0
Seat 1: yur4ok (big blind) collected ($2)
Seat 2: musto111 (button) (small blind) folded before Flop


PokerStars Hand #148467381319:  Hold'em Limit ($3/$6 USD) - 2016/02/08 15:51:10 ET
Table 'Giacobini' 2-max Seat #1 is the button
Seat 1: yur4ok ($89.42 in chips)
Seat 2: musto111 ($65.42 in chips)
yur4ok: posts small blind $1
musto111: posts big blind $3
*** HOLE CARDS ***
yur4ok: raises $3 to $6
musto111: calls $3
*** FLOP *** [2h 2c Td]
musto111: checks
yur4ok: bets $3
musto111: calls $3
*** TURN *** [2h 2c Td] [Qs]
musto111: checks
yur4ok: bets $6
musto111: calls $6
*** RIVER *** [2h 2c Td Qs] [2s]
musto111: checks
yur4ok: checks
*** SHOW DOWN ***
musto111: shows [Js Ac] (three of a kind, Deuces)
yur4ok: mucks hand
musto111 collected $29.50 from pot
*** SUMMARY ***
Total pot $30 | Rake $0.50
Board [2h 2c Td Qs 2s]
Seat 1: yur4ok (button) (small blind) mucked
Seat 2: musto111 (big blind) showed [Js Ac] and won ($29.50) with three of a kind, Deuces


PokerStars Hand #148467351411:  Hold'em Limit ($3/$6 USD) - 2016/02/08 15:50:43 ET
Table 'Giacobini' 2-max Seat #2 is the button
Seat 1: yur4ok ($80.78 in chips)
Seat 2: musto111 ($74.42 in chips)
musto111: posts small blind $1
yur4ok: posts big blind $3
*** HOLE CARDS ***
musto111: raises $3 to $6
yur4ok: calls $3
*** FLOP *** [4s 8d 5c]
yur4ok: checks
musto111: bets $3
yur4ok: calls $3
*** TURN *** [4s 8d 5c] [6s]
yur4ok: checks
musto111: checks
*** RIVER *** [4s 8d 5c 6s] [6d]
yur4ok: bets $6
musto111: folds
Uncalled bet ($6) returned to yur4ok
yur4ok collected $17.64 from pot
yur4ok: doesn't show hand
*** SUMMARY ***
Total pot $18 | Rake $0.36
Board [4s 8d 5c 6s 6d]
Seat 1: yur4ok (big blind) collected ($17.64)
Seat 2: musto111 (button) (small blind) folded on the River


PokerStars Hand #148467501147:  Hold'em Limit ($3/$6 USD) - 2016/02/08 15:52:59 ET
Table 'Giacobini' 2-max Seat #1 is the button
Seat 1: yur4ok ($116.18 in chips)
Seat 2: musto111 ($36.92 in chips)
yur4ok: posts small blind $1
musto111: posts big blind $3
*** HOLE CARDS ***
yur4ok: raises $3 to $6
musto111: folds
Uncalled bet ($3) returned to yur4ok
yur4ok collected $6 from pot
yur4ok: doesn't show hand
*** SUMMARY ***
Total pot $6 | Rake $0
Seat 1: yur4ok (button) (small blind) collected ($6)
Seat 2: musto111 (big blind) folded before Flop


PokerStars Hand #148467492128:  Hold'em Limit ($3/$6 USD) - 2016/02/08 15:52:51 ET
Table 'Giacobini' 2-max Seat #2 is the button
Seat 1: yur4ok ($119.18 in chips)
Seat 2: musto111 ($33.92 in chips)
musto111: posts small blind $1
yur4ok: posts big blind $3
*** HOLE CARDS ***
musto111: raises $3 to $6
yur4ok: folds
Uncalled bet ($3) returned to musto111
musto111 collected $6 from pot
*** SUMMARY ***
Total pot $6 | Rake $0
Seat 1: yur4ok (big blind) folded before Flop
Seat 2: musto111 (button) (small blind) collected ($6)


PokerStars Hand #148467477286:  Hold'em Limit ($3/$6 USD) - 2016/02/08 15:52:38 ET
Table 'Giacobini' 2-max Seat #1 is the button
Seat 1: yur4ok ($120.18 in chips)
Seat 2: musto111 ($32.92 in chips)
yur4ok: posts small blind $1
musto111: posts big blind $3
*** HOLE CARDS ***
yur4ok: folds
Uncalled bet ($2) returned to musto111
musto111 collected $2 from pot
*** SUMMARY ***
Total pot $2 | Rake $0
Seat 1: yur4ok (button) (small blind) folded before Flop
Seat 2: musto111 (big blind) collected ($2)


PokerStars Hand #148467472281:  Hold'em Limit ($3/$6 USD) - 2016/02/08 15:52:33 ET
Table 'Giacobini' 2-max Seat #2 is the button
Seat 1: yur4ok ($119.18 in chips)
Seat 2: musto111 ($33.92 in chips)
musto111: posts small blind $1
yur4ok: posts big blind $3
*** HOLE CARDS ***
musto111: folds
Uncalled bet ($2) returned to yur4ok
yur4ok collected $2 from pot
yur4ok: doesn't show hand
*** SUMMARY ***
Total pot $2 | Rake $0
Seat 1: yur4ok (big blind) collected ($2)
Seat 2: musto111 (button) (small blind) folded before Flop


PokerStars Hand #148467460526:  Hold'em Limit ($3/$6 USD) - 2016/02/08 15:52:22 ET
Table 'Giacobini' 2-max Seat #1 is the button
Seat 1: yur4ok ($113.42 in chips)
Seat 2: musto111 ($39.92 in chips)
yur4ok: posts small blind $1
musto111: posts big blind $3
*** HOLE CARDS ***
yur4ok: raises $3 to $6
musto111: calls $3
*** FLOP *** [3d 4h 7d]
musto111: checks
yur4ok: bets $3
musto111: folds
Uncalled bet ($3) returned to yur4ok
yur4ok collected $11.76 from pot
yur4ok: doesn't show hand
*** SUMMARY ***
Total pot $12 | Rake $0.24
Board [3d 4h 7d]
Seat 1: yur4ok (button) (small blind) collected ($11.76)
Seat 2: musto111 (big blind) folded on the Flop


PokerStars Hand #148467440031:  Hold'em Limit ($3/$6 USD) - 2016/02/08 15:52:04 ET
Table 'Giacobini' 2-max Seat #2 is the button
Seat 1: yur4ok ($89.92 in chips)
Seat 2: musto111 ($63.92 in chips)
musto111: posts small blind $1
yur4ok: posts big blind $3
*** HOLE CARDS ***
musto111: raises $3 to $6
yur4ok: raises $3 to $9
musto111: calls $3
*** FLOP *** [Qs 2h 5s]
yur4ok: bets $3
musto111: calls $3
*** TURN *** [Qs 2h 5s] [9s]
yur4ok: bets $6
musto111: calls $6
*** RIVER *** [Qs 2h 5s 9s] [2s]
yur4ok: bets $6
musto111: calls $6
*** SHOW DOWN ***
yur4ok: shows [Ah Ac] (two pair, Aces and Deuces)
musto111: mucks hand
yur4ok collected $47.50 from pot
*** SUMMARY ***
Total pot $48 | Rake $0.50
Board [Qs 2h 5s 9s 2s]
Seat 1: yur4ok (big blind) showed [Ah Ac] and won ($47.50) with two pair, Aces and Deuces
Seat 2: musto111 (button) (small blind) mucked


PokerStars Hand #148467557658:  Hold'em Limit ($3/$6 USD) - 2016/02/08 15:53:51 ET
Table 'Giacobini' 2-max Seat #2 is the button
Seat 1: yur4ok ($82.18 in chips)
Seat 2: musto111 ($69.58 in chips)
musto111: posts small blind $1
yur4ok: posts big blind $3
*** HOLE CARDS ***
musto111: raises $3 to $6
yur4ok: folds
Uncalled bet ($3) returned to musto111
musto111 collected $6 from pot
*** SUMMARY ***
Total pot $6 | Rake $0
Seat 1: yur4ok (big blind) folded before Flop
Seat 2: musto111 (button) (small blind) collected ($6)


PokerStars Hand #148467542598:  Hold'em Limit ($3/$6 USD) - 2016/02/08 15:53:37 ET
Table 'Giacobini' 2-max Seat #1 is the button
Seat 1: yur4ok ($91.18 in chips)
Seat 2: musto111 ($60.94 in chips)
yur4ok: posts small blind $1
musto111: posts big blind $3
*** HOLE CARDS ***
yur4ok: raises $3 to $6
musto111: calls $3
*** FLOP *** [Qc Tc Td]
musto111: checks
yur4ok: bets $3
musto111: calls $3
*** TURN *** [Qc Tc Td] [3h]
musto111: checks
yur4ok: checks
*** RIVER *** [Qc Tc Td 3h] [9s]
musto111: bets $6
yur4ok: folds
Uncalled bet ($6) returned to musto111
musto111 collected $17.64 from pot
*** SUMMARY ***
Total pot $18 | Rake $0.36
Board [Qc Tc Td 3h 9s]
Seat 1: yur4ok (button) (small blind) folded on the River
Seat 2: musto111 (big blind) collected ($17.64)


PokerStars Hand #148467527237:  Hold'em Limit ($3/$6 USD) - 2016/02/08 15:53:23 ET
Table 'Giacobini' 2-max Seat #2 is the button
Seat 1: yur4ok ($106.18 in chips)
Seat 2: musto111 ($46.44 in chips)
musto111: posts small blind $1
yur4ok: posts big blind $3
*** HOLE CARDS ***
musto111: raises $3 to $6
yur4ok: calls $3
*** FLOP *** [6h 8h Ah]
yur4ok: checks
musto111: bets $3
yur4ok: calls $3
*** TURN *** [6h 8h Ah] [7s]
yur4ok: checks
musto111: checks
*** RIVER *** [6h 8h Ah 7s] [5h]
yur4ok: bets $6
musto111: calls $6
*** SHOW DOWN ***
yur4ok: shows [5c 9c] (a straight, Five to Nine)
musto111: shows [Ts Jh] (a flush, Ace high)
musto111 collected $29.50 from pot
*** SUMMARY ***
Total pot $30 | Rake $0.50
Board [6h 8h Ah 7s 5h]
Seat 1: yur4ok (big blind) showed [5c 9c] and lost with a straight, Five to Nine
Seat 2: musto111 (button) (small blind) showed [Ts Jh] and won ($29.50) with a flush, Ace high


PokerStars Hand #148467521319:  Hold'em Limit ($3/$6 USD) - 2016/02/08 15:53:18 ET
Table 'Giacobini' 2-max Seat #1 is the button
Seat 1: yur4ok ($107.18 in chips)
Seat 2: musto111 ($45.44 in chips)
yur4ok: posts small blind $1
musto111: posts big blind $3
*** HOLE CARDS ***
yur4ok: folds
Uncalled bet ($2) returned to musto111
musto111 collected $2 from pot
*** SUMMARY ***
Total pot $2 | Rake $0
Seat 1: yur4ok (button) (small blind) folded before Flop
Seat 2: musto111 (big blind) collected ($2)


PokerStars Hand #148467506249:  Hold'em Limit ($3/$6 USD) - 2016/02/08 15:53:04 ET
Table 'Giacobini' 2-max Seat #2 is the button
Seat 1: yur4ok ($119.18 in chips)
Seat 2: musto111 ($33.92 in chips)
musto111: posts small blind $1
yur4ok: posts big blind $3
*** HOLE CARDS ***
musto111: raises $3 to $6
yur4ok: raises $3 to $9
musto111: calls $3
*** FLOP *** [3h 8s 7d]
yur4ok: bets $3
musto111: calls $3
*** TURN *** [3h 8s 7d] [5h]
yur4ok: checks
musto111: checks
*** RIVER *** [3h 8s 7d 5h] [Jc]
yur4ok: checks
musto111: checks
*** SHOW DOWN ***
yur4ok: shows [Th Kh] (high card King)
musto111: shows [4c Ad] (high card Ace)
musto111 collected $23.52 from pot
*** SUMMARY ***
Total pot $24 | Rake $0.48
Board [3h 8s 7d 5h Jc]
Seat 1: yur4ok (big blind) showed [Th Kh] and lost with high card King
Seat 2: musto111 (button) (small blind) showed [4c Ad] and won ($23.52) with high card Ace


PokerStars Hand #148467625741:  Hold'em Limit ($3/$6 USD) - 2016/02/08 15:54:52 ET
Table 'Giacobini' 2-max Seat #1 is the button
Seat 1: yur4ok ($105 in chips)
Seat 2: musto111 ($53.08 in chips)
yur4ok: posts small blind $1
musto111: posts big blind $3
*** HOLE CARDS ***
yur4ok: raises $3 to $6
musto111: calls $3
*** FLOP *** [Js 7s 4d]
musto111: checks
yur4ok: bets $3
musto111: folds
Uncalled bet ($3) returned to yur4ok
yur4ok collected $11.76 from pot
yur4ok: doesn't show hand
*** SUMMARY ***
Total pot $12 | Rake $0.24
Board [Js 7s 4d]
Seat 1: yur4ok (button) (small blind) collected ($11.76)
Seat 2: musto111 (big blind) folded on the Flop


PokerStars Hand #148467609102:  Hold'em Limit ($3/$6 USD) - 2016/02/08 15:54:37 ET
Table 'Giacobini' 2-max Seat #2 is the button
Seat 1: yur4ok ($87.50 in chips)
Seat 2: musto111 ($71.08 in chips)
musto111: posts small blind $1
yur4ok: posts big blind $3
*** HOLE CARDS ***
musto111: raises $3 to $6
yur4ok: raises $3 to $9
musto111: calls $3
*** FLOP *** [6d Jh 4h]
yur4ok: bets $3
musto111: calls $3
*** TURN *** [6d Jh 4h] [Td]
yur4ok: bets $6
musto111: calls $6
*** RIVER *** [6d Jh 4h Td] [Qs]
yur4ok: bets $6
musto111: folds
Uncalled bet ($6) returned to yur4ok
yur4ok collected $35.50 from pot
yur4ok: doesn't show hand
*** SUMMARY ***
Total pot $36 | Rake $0.50
Board [6d Jh 4h Td Qs]
Seat 1: yur4ok (big blind) collected ($35.50)
Seat 2: musto111 (button) (small blind) folded on the River


PokerStars Hand #148467582850:  Hold'em Limit ($3/$6 USD) - 2016/02/08 15:54:13 ET
Table 'Giacobini' 2-max Seat #2 is the button
Seat 1: yur4ok ($72 in chips)
Seat 2: musto111 ($87.08 in chips)
musto111: posts small blind $1
yur4ok: posts big blind $3
*** HOLE CARDS ***
musto111: folds
Uncalled bet ($2) returned to yur4ok
yur4ok collected $2 from pot
yur4ok: doesn't show hand
*** SUMMARY ***
Total pot $2 | Rake $0
Seat 1: yur4ok (big blind) collected ($2)
Seat 2: musto111 (button) (small blind) folded before Flop


PokerStars Hand #148467564070:  Hold'em Limit ($3/$6 USD) - 2016/02/08 15:53:57 ET
Table 'Giacobini' 2-max Seat #1 is the button
Seat 1: yur4ok ($79.18 in chips)
Seat 2: musto111 ($72.58 in chips)
yur4ok: posts small blind $1
musto111: posts big blind $3
*** HOLE CARDS ***
yur4ok: raises $3 to $6
musto111: calls $3
*** FLOP *** [8s 6d 6c]
musto111: checks
yur4ok: bets $3
musto111: calls $3
*** TURN *** [8s 6d 6c] [Jc]
musto111: checks
yur4ok: checks
*** RIVER *** [8s 6d 6c Jc] [5s]
musto111: bets $6
yur4ok: calls $6
*** SHOW DOWN ***
musto111: shows [9s 6s] (three of a kind, Sixes)
yur4ok: mucks hand
musto111 collected $29.50 from pot
*** SUMMARY ***
Total pot $30 | Rake $0.50
Board [8s 6d 6c Jc 5s]
Seat 1: yur4ok (button) (small blind) mucked
Seat 2: musto111 (big blind) showed [9s 6s] and won ($29.50) with three of a kind, Sixes


PokerStars Hand #148467587833:  Hold'em Limit ($3/$6 USD) - 2016/02/08 15:54:18 ET
Table 'Giacobini' 2-max Seat #1 is the button
Seat 1: yur4ok ($73 in chips)
Seat 2: musto111 ($86.08 in chips)
yur4ok: posts small blind $1
musto111: posts big blind $3
*** HOLE CARDS ***
yur4ok: raises $3 to $6
musto111: calls $3
*** FLOP *** [2h 3s 5h]
musto111: checks
yur4ok: bets $3
musto111: calls $3
*** TURN *** [2h 3s 5h] [9h]
musto111: checks
yur4ok: bets $6
musto111: calls $6
*** RIVER *** [2h 3s 5h 9h] [6s]
musto111: checks
yur4ok: checks
*** SHOW DOWN ***
musto111: shows [Kh 8c] (high card King)
yur4ok: shows [5c Ah] (a pair of Fives)
yur4ok collected $29.50 from pot
*** SUMMARY ***
Total pot $30 | Rake $0.50
Board [2h 3s 5h 9h 6s]
Seat 1: yur4ok (button) (small blind) showed [5c Ah] and won ($29.50) with a pair of Fives
Seat 2: musto111 (big blind) showed [Kh 8c] and lost with high card King


PokerStars Hand #148467748262:  Hold'em Limit ($3/$6 USD) - 2016/02/08 15:57:10 ET
Table 'Giacobini' 2-max Seat #1 is the button
Seat 1: yur4ok ($128.72 in chips)
Seat 2: musto111 ($26.08 in chips)
yur4ok: posts small blind $1
musto111: posts big blind $3
*** HOLE CARDS ***
yur4ok: raises $3 to $6
musto111: calls $3
*** FLOP *** [Td 6s Kd]
musto111: checks
yur4ok: bets $3
musto111: folds
Uncalled bet ($3) returned to yur4ok
yur4ok collected $11.76 from pot
yur4ok: doesn't show hand
*** SUMMARY ***
Total pot $12 | Rake $0.24
Board [Td 6s Kd]
Seat 1: yur4ok (button) (small blind) collected ($11.76)
Seat 2: musto111 (big blind) folded on the Flop


PokerStars Hand #148467756369:  Hold'em Limit ($3/$6 USD) - 2016/02/08 15:57:20 ET
Table 'Giacobini' 2-max Seat #2 is the button
Seat 1: yur4ok ($134.48 in chips)
Seat 2: musto111 ($20.08 in chips)
musto111: posts small blind $1
yur4ok: posts big blind $3
*** HOLE CARDS ***
musto111: raises $3 to $6
yur4ok: calls $3
*** FLOP *** [Tc 3c 2c]
yur4ok: checks
musto111: checks
*** TURN *** [Tc 3c 2c] [Ac]
yur4ok: checks
musto111: checks
*** RIVER *** [Tc 3c 2c Ac] [8c]
yur4ok: checks
musto111: checks
*** SHOW DOWN ***
yur4ok: shows [Jd 9s] (a flush, Ace high)
musto111: shows [Ad 8s] (a flush, Ace high)
yur4ok collected $5.88 from pot
musto111 collected $5.88 from pot
*** SUMMARY ***
Total pot $12 | Rake $0.24
Board [Tc 3c 2c Ac 8c]
Seat 1: yur4ok (big blind) showed [Jd 9s] and won ($5.88) with a flush, Ace high
Seat 2: musto111 (button) (small blind) showed [Ad 8s] and won ($5.88) with a flush, Ace high


PokerStars Hand #148467805610:  Hold'em Limit ($3/$6 USD) - 2016/02/08 15:58:11 ET
Table 'Giacobini' 2-max Seat #1 is the button
Seat 1: yur4ok ($134 in chips)
Seat 2: musto111 ($19.48 in chips)
yur4ok: posts small blind $1
musto111: posts big blind $3
*** HOLE CARDS ***
yur4ok: folds
Uncalled bet ($2) returned to musto111
musto111 collected $2 from pot
*** SUMMARY ***
Total pot $2 | Rake $0
Seat 1: yur4ok (button) (small blind) folded before Flop
Seat 2: musto111 (big blind) collected ($2)


PokerStars Hand #148467790405:  Hold'em Limit ($3/$6 USD) - 2016/02/08 15:57:59 ET
Table 'Giacobini' 2-max Seat #2 is the button
Seat 1: yur4ok ($140 in chips)
Seat 2: musto111 ($13.72 in chips)
musto111: posts small blind $1
yur4ok: posts big blind $3
*** HOLE CARDS ***
musto111: raises $3 to $6
yur4ok: calls $3
*** FLOP *** [8d Kc Ks]
yur4ok: checks
musto111: checks
*** TURN *** [8d Kc Ks] [3s]
yur4ok: checks
musto111: checks
*** RIVER *** [8d Kc Ks 3s] [8c]
yur4ok: checks
musto111: bets $6
yur4ok: folds
Uncalled bet ($6) returned to musto111
musto111 collected $11.76 from pot
*** SUMMARY ***
Total pot $12 | Rake $0.24
Board [8d Kc Ks 3s 8c]
Seat 1: yur4ok (big blind) folded on the River
Seat 2: musto111 (button) (small blind) collected ($11.76)


PokerStars Hand #148467815569:  Hold'em Limit ($3/$6 USD) - 2016/02/08 15:58:18 ET
Table 'Giacobini' 2-max Seat #2 is the button
Seat 1: yur4ok ($133 in chips)
Seat 2: musto111 ($20.48 in chips)
musto111: posts small blind $1
yur4ok: posts big blind $3
*** HOLE CARDS ***
musto111: folds
Uncalled bet ($2) returned to yur4ok
yur4ok collected $2 from pot
yur4ok: doesn't show hand
*** SUMMARY ***
Total pot $2 | Rake $0
Seat 1: yur4ok (big blind) collected ($2)
Seat 2: musto111 (button) (small blind) folded before Flop


PokerStars Hand #148467766932:  Hold'em Limit ($3/$6 USD) - 2016/02/08 15:57:32 ET
Table 'Giacobini' 2-max Seat #1 is the button
Seat 1: yur4ok ($134.36 in chips)
Seat 2: musto111 ($19.96 in chips)
yur4ok: posts small blind $1
musto111: posts big blind $3
*** HOLE CARDS ***
yur4ok: raises $3 to $6
musto111: calls $3
*** FLOP *** [9d 8c Kc]
musto111: checks
yur4ok: bets $3
musto111: calls $3
*** TURN *** [9d 8c Kc] [4h]
musto111: checks
yur4ok: bets $6
musto111: folds
Uncalled bet ($6) returned to yur4ok
yur4ok collected $17.64 from pot
yur4ok: doesn't show hand
*** SUMMARY ***
Total pot $18 | Rake $0.36
Board [9d 8c Kc 4h]
Seat 1: yur4ok (button) (small blind) collected ($17.64)
Seat 2: musto111 (big blind) folded on the Turn


PokerStars Hand #148467777077:  Hold'em Limit ($3/$6 USD) - 2016/02/08 15:57:43 ET
Table 'Giacobini' 2-max Seat #2 is the button
Seat 1: yur4ok ($143 in chips)
Seat 2: musto111 ($10.96 in chips)
musto111: posts small blind $1
yur4ok: posts big blind $3
*** HOLE CARDS ***
musto111: raises $3 to $6
yur4ok: calls $3
*** FLOP *** [Kc 5h Jc]
yur4ok: checks
musto111: bets $3
yur4ok: folds
Uncalled bet ($3) returned to musto111
musto111 collected $11.76 from pot
*** SUMMARY ***
Total pot $12 | Rake $0.24
Board [Kc 5h Jc]
Seat 1: yur4ok (big blind) folded on the Flop
Seat 2: musto111 (button) (small blind) collected ($11.76)


PokerStars Hand #148467819746:  Hold'em Limit ($3/$6 USD) - 2016/02/08 15:58:23 ET
Table 'Giacobini' 2-max Seat #1 is the button
Seat 1: yur4ok ($134 in chips)
Seat 2: musto111 ($19.48 in chips)
yur4ok: posts small blind $1
musto111: posts big blind $3
*** HOLE CARDS ***
yur4ok: raises $3 to $6
musto111: calls $3
*** FLOP *** [4c Ac 9d]
musto111: checks
yur4ok: bets $3
musto111: folds
Uncalled bet ($3) returned to yur4ok
yur4ok collected $11.76 from pot
yur4ok: doesn't show hand
*** SUMMARY ***
Total pot $12 | Rake $0.24
Board [4c Ac 9d]
Seat 1: yur4ok (button) (small blind) collected ($11.76)
Seat 2: musto111 (big blind) folded on the Flop


PokerStars Hand #148467636739:  Hold'em Limit ($3/$6 USD) - 2016/02/08 15:55:02 ET
Table 'Giacobini' 2-max Seat #2 is the button
Seat 1: yur4ok ($110.76 in chips)
Seat 2: musto111 ($47.08 in chips)
musto111: posts small blind $1
yur4ok: posts big blind $3
*** HOLE CARDS ***
musto111: raises $3 to $6
yur4ok: raises $3 to $9
musto111: calls $3
*** FLOP *** [Jc 3s 8s]
yur4ok: bets $3
musto111: calls $3
*** TURN *** [Jc 3s 8s] [Ah]
yur4ok: bets $6
musto111: folds
Uncalled bet ($6) returned to yur4ok
yur4ok collected $23.52 from pot
yur4ok: doesn't show hand
*** SUMMARY ***
Total pot $24 | Rake $0.48
Board [Jc 3s 8s Ah]
Seat 1: yur4ok (big blind) collected ($23.52)
Seat 2: musto111 (button) (small blind) folded on the Turn


PokerStars Hand #148467665486:  Hold'em Limit ($3/$6 USD) - 2016/02/08 15:55:35 ET
Table 'Giacobini' 2-max Seat #2 is the button
Seat 1: yur4ok ($107.28 in chips)
Seat 2: musto111 ($49.58 in chips)
musto111: posts small blind $1
yur4ok: posts big blind $3
*** HOLE CARDS ***
musto111: raises $3 to $6
yur4ok: folds
Uncalled bet ($3) returned to musto111
musto111 collected $6 from pot
*** SUMMARY ***
Total pot $6 | Rake $0
Seat 1: yur4ok (big blind) folded before Flop
Seat 2: musto111 (button) (small blind) collected ($6)


PokerStars Hand #148467649824:  Hold'em Limit ($3/$6 USD) - 2016/02/08 15:55:17 ET
Table 'Giacobini' 2-max Seat #1 is the button
Seat 1: yur4ok ($122.28 in chips)
Seat 2: musto111 ($35.08 in chips)
yur4ok: posts small blind $1
musto111: posts big blind $3
*** HOLE CARDS ***
yur4ok: raises $3 to $6
musto111: calls $3
*** FLOP *** [4d 9s 7s]
musto111: checks
yur4ok: bets $3
musto111: calls $3
*** TURN *** [4d 9s 7s] [9h]
musto111: checks
yur4ok: bets $6
musto111: calls $6
*** RIVER *** [4d 9s 7s 9h] [8c]
musto111: checks
yur4ok: checks
*** SHOW DOWN ***
musto111: shows [8s Tc] (two pair, Nines and Eights)
yur4ok: mucks hand
musto111 collected $29.50 from pot
*** SUMMARY ***
Total pot $30 | Rake $0.50
Board [4d 9s 7s 9h 8c]
Seat 1: yur4ok (button) (small blind) mucked
Seat 2: musto111 (big blind) showed [8s Tc] and won ($29.50) with two pair, Nines and Eights


PokerStars Hand #148467669982:  Hold'em Limit ($3/$6 USD) - 2016/02/08 15:55:40 ET
Table 'Giacobini' 2-max Seat #1 is the button
Seat 1: yur4ok ($104.28 in chips)
Seat 2: musto111 ($52.58 in chips)
yur4ok: posts small blind $1
musto111: posts big blind $3
*** HOLE CARDS ***
yur4ok: raises $3 to $6
musto111: calls $3
*** FLOP *** [2s Ks 5h]
musto111: checks
yur4ok: bets $3
musto111: calls $3
*** TURN *** [2s Ks 5h] [4c]
musto111: checks
yur4ok: checks
*** RIVER *** [2s Ks 5h 4c] [Qc]
musto111: bets $6
yur4ok: calls $6
*** SHOW DOWN ***
musto111: shows [Qs 8s] (a pair of Queens)
yur4ok: mucks hand
musto111 collected $29.50 from pot
*** SUMMARY ***
Total pot $30 | Rake $0.50
Board [2s Ks 5h 4c Qc]
Seat 1: yur4ok (button) (small blind) mucked
Seat 2: musto111 (big blind) showed [Qs 8s] and won ($29.50) with a pair of Queens


PokerStars Hand #148467686144:  Hold'em Limit ($3/$6 USD) - 2016/02/08 15:55:59 ET
Table 'Giacobini' 2-max Seat #2 is the button
Seat 1: yur4ok ($89.28 in chips)
Seat 2: musto111 ($67.08 in chips)
musto111: posts small blind $1
yur4ok: posts big blind $3
*** HOLE CARDS ***
musto111: folds
Uncalled bet ($2) returned to yur4ok
yur4ok collected $2 from pot
yur4ok: doesn't show hand
*** SUMMARY ***
Total pot $2 | Rake $0
Seat 1: yur4ok (big blind) collected ($2)
Seat 2: musto111 (button) (small blind) folded before Flop


PokerStars Hand #148467701172:  Hold'em Limit ($3/$6 USD) - 2016/02/08 15:56:16 ET
Table 'Giacobini' 2-max Seat #2 is the button
Seat 1: yur4ok ($98.92 in chips)
Seat 2: musto111 ($57.08 in chips)
musto111: posts small blind $1
yur4ok: posts big blind $3
*** HOLE CARDS ***
musto111: folds
Uncalled bet ($2) returned to yur4ok
yur4ok collected $2 from pot
yur4ok: doesn't show hand
*** SUMMARY ***
Total pot $2 | Rake $0
Seat 1: yur4ok (big blind) collected ($2)
Seat 2: musto111 (button) (small blind) folded before Flop


PokerStars Hand #148467690050:  Hold'em Limit ($3/$6 USD) - 2016/02/08 15:56:03 ET
Table 'Giacobini' 2-max Seat #1 is the button
Seat 1: yur4ok ($90.28 in chips)
Seat 2: musto111 ($66.08 in chips)
yur4ok: posts small blind $1
musto111: posts big blind $3
*** HOLE CARDS ***
yur4ok: raises $3 to $6
musto111: calls $3
*** FLOP *** [2s 5d Jc]
musto111: checks
yur4ok: bets $3
musto111: calls $3
*** TURN *** [2s 5d Jc] [7d]
musto111: checks
yur4ok: bets $6
musto111: folds
Uncalled bet ($6) returned to yur4ok
yur4ok collected $17.64 from pot
yur4ok: doesn't show hand
*** SUMMARY ***
Total pot $18 | Rake $0.36
Board [2s 5d Jc 7d]
Seat 1: yur4ok (button) (small blind) collected ($17.64)
Seat 2: musto111 (big blind) folded on the Turn


PokerStars Hand #148467704961:  Hold'em Limit ($3/$6 USD) - 2016/02/08 15:56:21 ET
Table 'Giacobini' 2-max Seat #1 is the button
Seat 1: yur4ok ($99.92 in chips)
Seat 2: musto111 ($56.08 in chips)
yur4ok: posts small blind $1
musto111: posts big blind $3
*** HOLE CARDS ***
yur4ok: folds
Uncalled bet ($2) returned to musto111
musto111 collected $2 from pot
*** SUMMARY ***
Total pot $2 | Rake $0
Seat 1: yur4ok (button) (small blind) folded before Flop
Seat 2: musto111 (big blind) collected ($2)


PokerStars Hand #148467871631:  Hold'em Limit ($3/$6 USD) - 2016/02/08 15:59:16 ET
Table 'Giacobini' 2-max Seat #2 is the button
Seat 1: yur4ok ($113.58 in chips)
Seat 2: musto111 ($38.42 in chips)
musto111: posts small blind $1
yur4ok: posts big blind $3
*** HOLE CARDS ***
musto111: folds
Uncalled bet ($2) returned to yur4ok
yur4ok collected $2 from pot
yur4ok: doesn't show hand
*** SUMMARY ***
Total pot $2 | Rake $0
Seat 1: yur4ok (big blind) collected ($2)
Seat 2: musto111 (button) (small blind) folded before Flop


PokerStars Hand #148467844843:  Hold'em Limit ($3/$6 USD) - 2016/02/08 15:58:47 ET
Table 'Giacobini' 2-max Seat #1 is the button
Seat 1: yur4ok ($126.28 in chips)
Seat 2: musto111 ($26.46 in chips)
yur4ok: posts small blind $1
musto111: posts big blind $3
*** HOLE CARDS ***
yur4ok: raises $3 to $6
musto111: calls $3
*** FLOP *** [Kc As 6d]
musto111: checks
yur4ok: bets $3
musto111: folds
Uncalled bet ($3) returned to yur4ok
yur4ok collected $11.76 from pot
yur4ok: doesn't show hand
*** SUMMARY ***
Total pot $12 | Rake $0.24
Board [Kc As 6d]
Seat 1: yur4ok (button) (small blind) collected ($11.76)
Seat 2: musto111 (big blind) folded on the Flop


PokerStars Hand #148467852751:  Hold'em Limit ($3/$6 USD) - 2016/02/08 15:58:55 ET
Table 'Giacobini' 2-max Seat #2 is the button
Seat 1: yur4ok ($132.04 in chips)
Seat 2: musto111 ($20.46 in chips)
musto111: posts small blind $1
yur4ok: posts big blind $3
*** HOLE CARDS ***
musto111: folds
Uncalled bet ($2) returned to yur4ok
yur4ok collected $2 from pot
yur4ok: doesn't show hand
*** SUMMARY ***
Total pot $2 | Rake $0
Seat 1: yur4ok (big blind) collected ($2)
Seat 2: musto111 (button) (small blind) folded before Flop


PokerStars Hand #148467857156:  Hold'em Limit ($3/$6 USD) - 2016/02/08 15:59:00 ET
Table 'Giacobini' 2-max Seat #1 is the button
Seat 1: yur4ok ($133.04 in chips)
Seat 2: musto111 ($19.46 in chips)
yur4ok: posts small blind $1
musto111: posts big blind $3
*** HOLE CARDS ***
yur4ok: raises $3 to $6
musto111: calls $3
*** FLOP *** [Qs 2h Th]
musto111: checks
yur4ok: bets $3
musto111: raises $3 to $6
yur4ok: calls $3
*** TURN *** [Qs 2h Th] [8h]
musto111: bets $6
yur4ok: calls $6
*** RIVER *** [Qs 2h Th 8h] [Qc]
musto111: bets $1.46 and is all-in
yur4ok: calls $1.46
*** SHOW DOWN ***
musto111: shows [Tc 2c] (two pair, Queens and Tens)
yur4ok: shows [9s 2s] (two pair, Queens and Deuces)
musto111 collected $38.42 from pot
*** SUMMARY ***
Total pot $38.92 | Rake $0.50
Board [Qs 2h Th 8h Qc]
Seat 1: yur4ok (button) (small blind) showed [9s 2s] and lost with two pair, Queens and Deuces
Seat 2: musto111 (big blind) showed [Tc 2c] and won ($38.42) with two pair, Queens and Tens


PokerStars Hand #148467831293:  Hold'em Limit ($3/$6 USD) - 2016/02/08 15:58:33 ET
Table 'Giacobini' 2-max Seat #2 is the button
Seat 1: yur4ok ($139.76 in chips)
Seat 2: musto111 ($13.48 in chips)
musto111: posts small blind $1
yur4ok: posts big blind $3
*** HOLE CARDS ***
musto111: raises $3 to $6
yur4ok: calls $3
*** FLOP *** [Ts 6h 4c]
yur4ok: checks
musto111: checks
*** TURN *** [Ts 6h 4c] [3d]
yur4ok: bets $6
musto111: raises $1.48 to $7.48 and is all-in
yur4ok: calls $1.48
*** RIVER *** [Ts 6h 4c 3d] [5s]
*** SHOW DOWN ***
yur4ok: shows [6s Ks] (a pair of Sixes)
musto111: shows [Ad 2d] (a straight, Deuce to Six)
musto111 collected $26.46 from pot
*** SUMMARY ***
Total pot $26.96 | Rake $0.50
Board [Ts 6h 4c 3d 5s]
Seat 1: yur4ok (big blind) showed [6s Ks] and lost with a pair of Sixes
Seat 2: musto111 (button) (small blind) showed [Ad 2d] and won ($26.46) with a straight, Deuce to Six


PokerStars Hand #148467875687:  Hold'em Limit ($3/$6 USD) - 2016/02/08 15:59:21 ET
Table 'Giacobini' 2-max Seat #1 is the button
Seat 1: yur4ok ($114.58 in chips)
Seat 2: musto111 ($37.42 in chips)
yur4ok: posts small blind $1
musto111: posts big blind $3
*** HOLE CARDS ***
yur4ok: raises $3 to $6
musto111: calls $3
*** FLOP *** [7s 5s Ad]
musto111: checks
yur4ok: bets $3
musto111: calls $3
*** TURN *** [7s 5s Ad] [Ac]
musto111: checks
yur4ok: bets $6
musto111: calls $6
*** RIVER *** [7s 5s Ad Ac] [8s]
musto111: checks
yur4ok: checks
*** SHOW DOWN ***
musto111: shows [8c 7d] (two pair, Aces and Eights)
yur4ok: mucks hand
musto111 collected $29.50 from pot
*** SUMMARY ***
Total pot $30 | Rake $0.50
Board [7s 5s Ad Ac 8s]
Seat 1: yur4ok (button) (small blind) mucked
Seat 2: musto111 (big blind) showed [8c 7d] and won ($29.50) with two pair, Aces and Eights


PokerStars Hand #148467901913:  Hold'em Limit ($3/$6 USD) - 2016/02/08 15:59:51 ET
Table 'Giacobini' 2-max Seat #2 is the button
Seat 1: yur4ok ($92.58 in chips)
Seat 2: musto111 ($58.68 in chips)
musto111: posts small blind $1
yur4ok: posts big blind $3
*** HOLE CARDS ***
musto111: folds
Uncalled bet ($2) returned to yur4ok
yur4ok collected $2 from pot
yur4ok: doesn't show hand
*** SUMMARY ***
Total pot $2 | Rake $0
Seat 1: yur4ok (big blind) collected ($2)
Seat 2: musto111 (button) (small blind) folded before Flop


PokerStars Hand #148467898305:  Hold'em Limit ($3/$6 USD) - 2016/02/08 15:59:47 ET
Table 'Giacobini' 2-max Seat #1 is the button
Seat 1: yur4ok ($93.58 in chips)
Seat 2: musto111 ($57.68 in chips)
yur4ok: posts small blind $1
musto111: posts big blind $3
*** HOLE CARDS ***
yur4ok: folds
Uncalled bet ($2) returned to musto111
musto111 collected $2 from pot
*** SUMMARY ***
Total pot $2 | Rake $0
Seat 1: yur4ok (button) (small blind) folded before Flop
Seat 2: musto111 (big blind) collected ($2)


PokerStars Hand #148467912938:  Hold'em Limit ($3/$6 USD) - 2016/02/08 16:00:03 ET
Table 'Giacobini' 2-max Seat #2 is the button
Seat 1: yur4ok ($99.34 in chips)
Seat 2: musto111 ($51.68 in chips)
musto111: posts small blind $1
yur4ok: posts big blind $3
*** HOLE CARDS ***
musto111: folds
Uncalled bet ($2) returned to yur4ok
yur4ok collected $2 from pot
yur4ok: doesn't show hand
*** SUMMARY ***
Total pot $2 | Rake $0
Seat 1: yur4ok (big blind) collected ($2)
Seat 2: musto111 (button) (small blind) folded before Flop


PokerStars Hand #148467905671:  Hold'em Limit ($3/$6 USD) - 2016/02/08 15:59:55 ET
Table 'Giacobini' 2-max Seat #1 is the button
Seat 1: yur4ok ($93.58 in chips)
Seat 2: musto111 ($57.68 in chips)
yur4ok: posts small blind $1
musto111: posts big blind $3
*** HOLE CARDS ***
yur4ok: raises $3 to $6
musto111: calls $3
*** FLOP *** [7d 3d Qs]
musto111: checks
yur4ok: bets $3
musto111: folds
Uncalled bet ($3) returned to yur4ok
yur4ok collected $11.76 from pot
yur4ok: doesn't show hand
*** SUMMARY ***
Total pot $12 | Rake $0.24
Board [7d 3d Qs]
Seat 1: yur4ok (button) (small blind) collected ($11.76)
Seat 2: musto111 (big blind) folded on the Flop


PokerStars Hand #148467920818:  Hold'em Limit ($3/$6 USD) - 2016/02/08 16:00:12 ET
Table 'Giacobini' 2-max Seat #2 is the button
Seat 1: yur4ok ($99.34 in chips)
Seat 2: musto111 ($51.68 in chips)
musto111: posts small blind $1
yur4ok: posts big blind $3
*** HOLE CARDS ***
musto111: folds
Uncalled bet ($2) returned to yur4ok
yur4ok collected $2 from pot
yur4ok: doesn't show hand
*** SUMMARY ***
Total pot $2 | Rake $0
Seat 1: yur4ok (big blind) collected ($2)
Seat 2: musto111 (button) (small blind) folded before Flop


PokerStars Hand #148467916846:  Hold'em Limit ($3/$6 USD) - 2016/02/08 16:00:08 ET
Table 'Giacobini' 2-max Seat #1 is the button
Seat 1: yur4ok ($100.34 in chips)
Seat 2: musto111 ($50.68 in chips)
yur4ok: posts small blind $1
musto111: posts big blind $3
*** HOLE CARDS ***
yur4ok: folds
Uncalled bet ($2) returned to musto111
musto111 collected $2 from pot
*** SUMMARY ***
Total pot $2 | Rake $0
Seat 1: yur4ok (button) (small blind) folded before Flop
Seat 2: musto111 (big blind) collected ($2)


PokerStars Hand #148467924845:  Hold'em Limit ($3/$6 USD) - 2016/02/08 16:00:16 ET
Table 'Giacobini' 2-max Seat #1 is the button
Seat 1: yur4ok ($100.34 in chips)
Seat 2: musto111 ($50.68 in chips)
yur4ok: posts small blind $1
musto111: posts big blind $3
*** HOLE CARDS ***
yur4ok: raises $3 to $6
musto111: calls $3
*** FLOP *** [5c Qc 6h]
musto111: checks
yur4ok: bets $3
musto111: calls $3
*** TURN *** [5c Qc 6h] [5h]
musto111: checks
yur4ok: checks
*** RIVER *** [5c Qc 6h 5h] [7h]
musto111: bets $6
yur4ok: calls $6
*** SHOW DOWN ***
musto111: shows [7s 9d] (two pair, Sevens and Fives)
yur4ok: shows [Tc 7c] (two pair, Sevens and Fives)
musto111 collected $14.75 from pot
yur4ok collected $14.75 from pot
*** SUMMARY ***
Total pot $30 | Rake $0.50
Board [5c Qc 6h 5h 7h]
Seat 1: yur4ok (button) (small blind) showed [Tc 7c] and won ($14.75) with two pair, Sevens and Fives
Seat 2: musto111 (big blind) showed [7s 9d] and won ($14.75) with two pair, Sevens and Fives


PokerStars Hand #148467890079:  Hold'em Limit ($3/$6 USD) - 2016/02/08 15:59:37 ET
Table 'Giacobini' 2-max Seat #2 is the button
Seat 1: yur4ok ($99.58 in chips)
Seat 2: musto111 ($51.92 in chips)
musto111: posts small blind $1
yur4ok: posts big blind $3
*** HOLE CARDS ***
musto111: raises $3 to $6
yur4ok: calls $3
*** FLOP *** [5s Qs Jc]
yur4ok: checks
musto111: bets $3
yur4ok: folds
Uncalled bet ($3) returned to musto111
musto111 collected $11.76 from pot
*** SUMMARY ***
Total pot $12 | Rake $0.24
Board [5s Qs Jc]
Seat 1: yur4ok (big blind) folded on the Flop
Seat 2: musto111 (button) (small blind) collected ($11.76)


PokerStars Hand #148467948377:  Hold'em Limit ($3/$6 USD) - 2016/02/08 16:00:42 ET
Table 'Giacobini' 2-max Seat #1 is the button
Seat 1: yur4ok ($94.09 in chips)
Seat 2: musto111 ($56.19 in chips)
yur4ok: posts small blind $1
musto111: posts big blind $3
*** HOLE CARDS ***
yur4ok: raises $3 to $6
musto111: calls $3
*** FLOP *** [Kd 5s 9c]
musto111: checks
yur4ok: bets $3
musto111: calls $3
*** TURN *** [Kd 5s 9c] [As]
musto111: checks
yur4ok: bets $6
musto111: folds
Uncalled bet ($6) returned to yur4ok
yur4ok collected $17.64 from pot
yur4ok: doesn't show hand
*** SUMMARY ***
Total pot $18 | Rake $0.36
Board [Kd 5s 9c As]
Seat 1: yur4ok (button) (small blind) collected ($17.64)
Seat 2: musto111 (big blind) folded on the Turn


PokerStars Hand #148467959392:  Hold'em Limit ($3/$6 USD) - 2016/02/08 16:00:53 ET
Table 'Giacobini' 2-max Seat #2 is the button
Seat 1: yur4ok ($102.73 in chips)
Seat 2: musto111 ($47.19 in chips)
musto111: posts small blind $1
yur4ok: posts big blind $3
*** HOLE CARDS ***
musto111: raises $3 to $6
yur4ok: calls $3
*** FLOP *** [Kh Jc 6h]
yur4ok: checks
musto111: bets $3
yur4ok: folds
Uncalled bet ($3) returned to musto111
musto111 collected $11.76 from pot
*** SUMMARY ***
Total pot $12 | Rake $0.24
Board [Kh Jc 6h]
Seat 1: yur4ok (big blind) folded on the Flop
Seat 2: musto111 (button) (small blind) collected ($11.76)


PokerStars Hand #148467971949:  Hold'em Limit ($3/$6 USD) - 2016/02/08 16:01:06 ET
Table 'Giacobini' 2-max Seat #2 is the button
Seat 1: yur4ok ($99.73 in chips)
Seat 2: musto111 ($49.95 in chips)
musto111: posts small blind $1
yur4ok: posts big blind $3
*** HOLE CARDS ***
musto111: raises $3 to $6
yur4ok: folds
Uncalled bet ($3) returned to musto111
musto111 collected $6 from pot
*** SUMMARY ***
Total pot $6 | Rake $0
Seat 1: yur4ok (big blind) folded before Flop
Seat 2: musto111 (button) (small blind) collected ($6)


PokerStars Hand #148467976731:  Hold'em Limit ($3/$6 USD) - 2016/02/08 16:01:11 ET
Table 'Giacobini' 2-max Seat #1 is the button
Seat 1: yur4ok ($96.73 in chips)
Seat 2: musto111 ($52.95 in chips)
yur4ok: posts small blind $1
musto111: posts big blind $3
*** HOLE CARDS ***
yur4ok: raises $3 to $6
musto111: calls $3
*** FLOP *** [6h 7h 9c]
musto111: checks
yur4ok: bets $3
musto111: calls $3
*** TURN *** [6h 7h 9c] [8d]
musto111: checks
yur4ok: bets $6
musto111: calls $6
*** RIVER *** [6h 7h 9c 8d] [2s]
musto111: checks
yur4ok: checks
*** SHOW DOWN ***
musto111: shows [9h 7s] (two pair, Nines and Sevens)
yur4ok: mucks hand
musto111 collected $29.50 from pot
*** SUMMARY ***
Total pot $30 | Rake $0.50
Board [6h 7h 9c 8d 2s]
Seat 1: yur4ok (button) (small blind) mucked
Seat 2: musto111 (big blind) showed [9h 7s] and won ($29.50) with two pair, Nines and Sevens


PokerStars Hand #148467994358:  Hold'em Limit ($3/$6 USD) - 2016/02/08 16:01:28 ET
Table 'Giacobini' 2-max Seat #2 is the button
Seat 1: yur4ok ($81.73 in chips)
Seat 2: musto111 ($67.45 in chips)
musto111: posts small blind $1
yur4ok: posts big blind $3
*** HOLE CARDS ***
musto111: raises $3 to $6
yur4ok: calls $3
*** FLOP *** [4d Jd 6s]
yur4ok: checks
musto111: bets $3
yur4ok: folds
Uncalled bet ($3) returned to musto111
musto111 collected $11.76 from pot
*** SUMMARY ***
Total pot $12 | Rake $0.24
Board [4d Jd 6s]
Seat 1: yur4ok (big blind) folded on the Flop
Seat 2: musto111 (button) (small blind) collected ($11.76)


PokerStars Hand #148467936702:  Hold'em Limit ($3/$6 USD) - 2016/02/08 16:00:29 ET
Table 'Giacobini' 2-max Seat #2 is the button
Seat 1: yur4ok ($100.09 in chips)
Seat 2: musto111 ($50.43 in chips)
musto111: posts small blind $1
yur4ok: posts big blind $3
*** HOLE CARDS ***
musto111: raises $3 to $6
yur4ok: calls $3
*** FLOP *** [Ac 4d 6s]
yur4ok: checks
musto111: checks
*** TURN *** [Ac 4d 6s] [2s]
yur4ok: checks
musto111: checks
*** RIVER *** [Ac 4d 6s 2s] [3s]
yur4ok: checks
musto111: checks
*** SHOW DOWN ***
yur4ok: shows [9s 7h] (high card Ace)
musto111: shows [Qc 9c] (high card Ace - Queen kicker)
musto111 collected $11.76 from pot
*** SUMMARY ***
Total pot $12 | Rake $0.24
Board [Ac 4d 6s 2s 3s]
Seat 1: yur4ok (big blind) showed [9s 7h] and lost with high card Ace
Seat 2: musto111 (button) (small blind) showed [Qc 9c] and won ($11.76) with high card Ace


PokerStars Hand #148468029501:  Hold'em Limit ($3/$6 USD) - 2016/02/08 16:02:01 ET
Table 'Giacobini' 2-max Seat #1 is the button
Seat 1: yur4ok ($85.37 in chips)
Seat 2: musto111 ($63.21 in chips)
yur4ok: posts small blind $1
musto111: posts big blind $3
*** HOLE CARDS ***
yur4ok: raises $3 to $6
musto111: calls $3
*** FLOP *** [5c 7h 9c]
musto111: checks
yur4ok: bets $3
musto111: folds
Uncalled bet ($3) returned to yur4ok
yur4ok collected $11.76 from pot
yur4ok: doesn't show hand
*** SUMMARY ***
Total pot $12 | Rake $0.24
Board [5c 7h 9c]
Seat 1: yur4ok (button) (small blind) collected ($11.76)
Seat 2: musto111 (big blind) folded on the Flop


PokerStars Hand #148468040294:  Hold'em Limit ($3/$6 USD) - 2016/02/08 16:02:11 ET
Table 'Giacobini' 2-max Seat #2 is the button
Seat 1: yur4ok ($91.13 in chips)
Seat 2: musto111 ($57.21 in chips)
musto111: posts small blind $1
yur4ok: posts big blind $3
*** HOLE CARDS ***
musto111: raises $3 to $6
yur4ok: raises $3 to $9
musto111: calls $3
*** FLOP *** [As Ts 9s]
yur4ok: bets $3
musto111: calls $3
*** TURN *** [As Ts 9s] [9h]
yur4ok: bets $6
musto111: calls $6
*** RIVER *** [As Ts 9s 9h] [Kd]
yur4ok: bets $6
musto111: folds
Uncalled bet ($6) returned to yur4ok
yur4ok collected $35.50 from pot
yur4ok: doesn't show hand
*** SUMMARY ***
Total pot $36 | Rake $0.50
Board [As Ts 9s 9h Kd]
Seat 1: yur4ok (big blind) collected ($35.50)
Seat 2: musto111 (button) (small blind) folded on the River


PokerStars Hand #148468024554:  Hold'em Limit ($3/$6 USD) - 2016/02/08 16:01:56 ET
Table 'Giacobini' 2-max Seat #2 is the button
Seat 1: yur4ok ($84.37 in chips)
Seat 2: musto111 ($64.21 in chips)
musto111: posts small blind $1
yur4ok: posts big blind $3
*** HOLE CARDS ***
musto111: folds
Uncalled bet ($2) returned to yur4ok
yur4ok collected $2 from pot
yur4ok: doesn't show hand
*** SUMMARY ***
Total pot $2 | Rake $0
Seat 1: yur4ok (big blind) collected ($2)
Seat 2: musto111 (button) (small blind) folded before Flop


PokerStars Hand #148468003057:  Hold'em Limit ($3/$6 USD) - 2016/02/08 16:01:36 ET
Table 'Giacobini' 2-max Seat #1 is the button
Seat 1: yur4ok ($75.73 in chips)
Seat 2: musto111 ($73.21 in chips)
yur4ok: posts small blind $1
musto111: posts big blind $3
*** HOLE CARDS ***
yur4ok: raises $3 to $6
musto111: calls $3
*** FLOP *** [3s 9h Ks]
musto111: checks
yur4ok: bets $3
musto111: calls $3
*** TURN *** [3s 9h Ks] [2c]
musto111: checks
yur4ok: checks
*** RIVER *** [3s 9h Ks 2c] [7d]
musto111: checks
yur4ok: checks
*** SHOW DOWN ***
musto111: shows [Ad 8s] (high card Ace)
yur4ok: shows [Ah Td] (high card Ace - King+Ten kicker)
yur4ok collected $17.64 from pot
*** SUMMARY ***
Total pot $18 | Rake $0.36
Board [3s 9h Ks 2c 7d]
Seat 1: yur4ok (button) (small blind) showed [Ah Td] and won ($17.64) with high card Ace
Seat 2: musto111 (big blind) showed [Ad 8s] and lost with high card Ace


PokerStars Hand #148468106937:  Hold'em Limit ($3/$6 USD) - 2016/02/08 16:03:12 ET
Table 'Giacobini' 2-max Seat #2 is the button
Seat 1: yur4ok ($119.88 in chips)
Seat 2: musto111 ($26.60 in chips)
musto111: posts small blind $1
yur4ok: posts big blind $3
*** HOLE CARDS ***
musto111: folds
Uncalled bet ($2) returned to yur4ok
yur4ok collected $2 from pot
yur4ok: doesn't show hand
*** SUMMARY ***
Total pot $2 | Rake $0
Seat 1: yur4ok (big blind) collected ($2)
Seat 2: musto111 (button) (small blind) folded before Flop


PokerStars Hand #148468092920:  Hold'em Limit ($3/$6 USD) - 2016/02/08 16:02:59 ET
Table 'Giacobini' 2-max Seat #1 is the button
Seat 1: yur4ok ($128.88 in chips)
Seat 2: musto111 ($17.96 in chips)
yur4ok: posts small blind $1
musto111: posts big blind $3
*** HOLE CARDS ***
yur4ok: raises $3 to $6
musto111: calls $3
*** FLOP *** [Jc 2d Kd]
musto111: checks
yur4ok: bets $3
musto111: calls $3
*** TURN *** [Jc 2d Kd] [9c]
musto111: checks
yur4ok: checks
*** RIVER *** [Jc 2d Kd 9c] [Qs]
musto111: bets $6
yur4ok: folds
Uncalled bet ($6) returned to musto111
musto111 collected $17.64 from pot
*** SUMMARY ***
Total pot $18 | Rake $0.36
Board [Jc 2d Kd 9c Qs]
Seat 1: yur4ok (button) (small blind) folded on the River
Seat 2: musto111 (big blind) collected ($17.64)


PokerStars Hand #148468129759:  Hold'em Limit ($3/$6 USD) - 2016/02/08 16:03:33 ET
Table 'Giacobini' 2-max Seat #2 is the button
Seat 1: yur4ok ($105.88 in chips)
Seat 2: musto111 ($40.10 in chips)
musto111: posts small blind $1
yur4ok: posts big blind $3
*** HOLE CARDS ***
musto111: folds
Uncalled bet ($2) returned to yur4ok
yur4ok collected $2 from pot
yur4ok: doesn't show hand
*** SUMMARY ***
Total pot $2 | Rake $0
Seat 1: yur4ok (big blind) collected ($2)
Seat 2: musto111 (button) (small blind) folded before Flop


PokerStars Hand #148468112039:  Hold'em Limit ($3/$6 USD) - 2016/02/08 16:03:16 ET
Table 'Giacobini' 2-max Seat #1 is the button
Seat 1: yur4ok ($120.88 in chips)
Seat 2: musto111 ($25.60 in chips)
yur4ok: posts small blind $1
musto111: posts big blind $3
*** HOLE CARDS ***
yur4ok: raises $3 to $6
musto111: calls $3
*** FLOP *** [Qd 4h Kc]
musto111: checks
yur4ok: bets $3
musto111: calls $3
*** TURN *** [Qd 4h Kc] [9c]
musto111: checks
yur4ok: checks
*** RIVER *** [Qd 4h Kc 9c] [8s]
musto111: bets $6
yur4ok: calls $6
*** SHOW DOWN ***
musto111: shows [Kh 6s] (a pair of Kings)
yur4ok: mucks hand
musto111 collected $29.50 from pot
*** SUMMARY ***
Total pot $30 | Rake $0.50
Board [Qd 4h Kc 9c 8s]
Seat 1: yur4ok (button) (small blind) mucked
Seat 2: musto111 (big blind) showed [Kh 6s] and won ($29.50) with a pair of Kings


PokerStars Hand #148468074695:  Hold'em Limit ($3/$6 USD) - 2016/02/08 16:02:43 ET
Table 'Giacobini' 2-max Seat #2 is the button
Seat 1: yur4ok ($129.13 in chips)
Seat 2: musto111 ($18.21 in chips)
musto111: posts small blind $1
yur4ok: posts big blind $3
*** HOLE CARDS ***
musto111: raises $3 to $6
yur4ok: raises $3 to $9
musto111: calls $3
*** FLOP *** [4h Jc 6c]
yur4ok: bets $3
musto111: calls $3
*** TURN *** [4h Jc 6c] [8h]
yur4ok: bets $6
musto111: raises $0.21 to $6.21 and is all-in
yur4ok: calls $0.21
*** RIVER *** [4h Jc 6c 8h] [Ah]
*** SHOW DOWN ***
yur4ok: shows [5s 5d] (a pair of Fives)
musto111: shows [5h 5c] (a pair of Fives)
yur4ok collected $17.96 from pot
musto111 collected $17.96 from pot
*** SUMMARY ***
Total pot $36.42 | Rake $0.50
Board [4h Jc 6c 8h Ah]
Seat 1: yur4ok (big blind) showed [5s 5d] and won ($17.96) with a pair of Fives
Seat 2: musto111 (button) (small blind) showed [5h 5c] and won ($17.96) with a pair of Fives


PokerStars Hand #148468055741:  Hold'em Limit ($3/$6 USD) - 2016/02/08 16:02:25 ET
Table 'Giacobini' 2-max Seat #1 is the button
Seat 1: yur4ok ($108.63 in chips)
Seat 2: musto111 ($39.21 in chips)
yur4ok: posts small blind $1
musto111: posts big blind $3
*** HOLE CARDS ***
yur4ok: raises $3 to $6
musto111: calls $3
*** FLOP *** [Ks 6c 7s]
musto111: checks
yur4ok: bets $3
musto111: calls $3
*** TURN *** [Ks 6c 7s] [8h]
musto111: checks
yur4ok: bets $6
musto111: calls $6
*** RIVER *** [Ks 6c 7s 8h] [3h]
musto111: checks
yur4ok: bets $6
musto111: calls $6
*** SHOW DOWN ***
yur4ok: shows [Kd 5h] (a pair of Kings)
musto111: mucks hand
yur4ok collected $41.50 from pot
*** SUMMARY ***
Total pot $42 | Rake $0.50
Board [Ks 6c 7s 8h 3h]
Seat 1: yur4ok (button) (small blind) showed [Kd 5h] and won ($41.50) with a pair of Kings
Seat 2: musto111 (big blind) mucked


PokerStars Hand #148468155555:  Hold'em Limit ($3/$6 USD) - 2016/02/08 16:03:56 ET
Table 'Giacobini' 2-max Seat #1 is the button
Seat 1: yur4ok ($98.88 in chips)
Seat 2: musto111 ($46.74 in chips)
yur4ok: posts small blind $1
musto111: posts big blind $3
*** HOLE CARDS ***
yur4ok: raises $3 to $6
musto111: calls $3
*** FLOP *** [Jh Jc 7h]
musto111: checks
yur4ok: bets $3
musto111: calls $3
*** TURN *** [Jh Jc 7h] [8s]
musto111: checks
yur4ok: bets $6
musto111: raises $6 to $12
yur4ok: calls $6
*** RIVER *** [Jh Jc 7h 8s] [7d]
musto111: bets $6
yur4ok: calls $6
*** SHOW DOWN ***
musto111: shows [5h Js] (a full house, Jacks full of Sevens)
yur4ok: mucks hand
musto111 collected $53.50 from pot
*** SUMMARY ***
Total pot $54 | Rake $0.50
Board [Jh Jc 7h 8s 7d]
Seat 1: yur4ok (button) (small blind) mucked
Seat 2: musto111 (big blind) showed [5h Js] and won ($53.50) with a full house, Jacks full of Sevens


PokerStars Hand #148468176767:  Hold'em Limit ($3/$6 USD) - 2016/02/08 16:04:15 ET
Table 'Giacobini' 2-max Seat #2 is the button
Seat 1: yur4ok ($72 in chips)
Seat 2: musto111 ($73.24 in chips)
musto111: posts small blind $1
yur4ok: posts big blind $3
*** HOLE CARDS ***
musto111: raises $3 to $6
yur4ok: raises $3 to $9
musto111: calls $3
*** FLOP *** [8d 8s Jh]
yur4ok: bets $3
musto111: folds
Uncalled bet ($3) returned to yur4ok
yur4ok collected $17.64 from pot
yur4ok: doesn't show hand
*** SUMMARY ***
Total pot $18 | Rake $0.36
Board [8d 8s Jh]
Seat 1: yur4ok (big blind) collected ($17.64)
Seat 2: musto111 (button) (small blind) folded on the Flop


PokerStars Hand #148468188172:  Hold'em Limit ($3/$6 USD) - 2016/02/08 16:04:26 ET
Table 'Giacobini' 2-max Seat #1 is the button
Seat 1: yur4ok ($80.64 in chips)
Seat 2: musto111 ($64.24 in chips)
yur4ok: posts small blind $1
musto111: posts big blind $3
*** HOLE CARDS ***
yur4ok: raises $3 to $6
musto111: calls $3
*** FLOP *** [9s 9d Ad]
musto111: checks
yur4ok: bets $3
musto111: calls $3
*** TURN *** [9s 9d Ad] [Td]
musto111: checks
yur4ok: checks
*** RIVER *** [9s 9d Ad Td] [7d]
musto111: bets $6
yur4ok: folds
Uncalled bet ($6) returned to musto111
musto111 collected $17.64 from pot
*** SUMMARY ***
Total pot $18 | Rake $0.36
Board [9s 9d Ad Td 7d]
Seat 1: yur4ok (button) (small blind) folded on the River
Seat 2: musto111 (big blind) collected ($17.64)


PokerStars Hand #148468150500:  Hold'em Limit ($3/$6 USD) - 2016/02/08 16:03:52 ET
Table 'Giacobini' 2-max Seat #2 is the button
Seat 1: yur4ok ($97.88 in chips)
Seat 2: musto111 ($47.74 in chips)
musto111: posts small blind $1
yur4ok: posts big blind $3
*** HOLE CARDS ***
musto111: folds
Uncalled bet ($2) returned to yur4ok
yur4ok collected $2 from pot
yur4ok: doesn't show hand
*** SUMMARY ***
Total pot $2 | Rake $0
Seat 1: yur4ok (big blind) collected ($2)
Seat 2: musto111 (button) (small blind) folded before Flop


PokerStars Hand #148468134980:  Hold'em Limit ($3/$6 USD) - 2016/02/08 16:03:37 ET
Table 'Giacobini' 2-max Seat #1 is the button
Seat 1: yur4ok ($106.88 in chips)
Seat 2: musto111 ($39.10 in chips)
yur4ok: posts small blind $1
musto111: posts big blind $3
*** HOLE CARDS ***
yur4ok: raises $3 to $6
musto111: calls $3
*** FLOP *** [Ah 3c 2d]
musto111: checks
yur4ok: bets $3
musto111: calls $3
*** TURN *** [Ah 3c 2d] [7h]
musto111: checks
yur4ok: checks
*** RIVER *** [Ah 3c 2d 7h] [Th]
musto111: bets $6
yur4ok: folds
Uncalled bet ($6) returned to musto111
musto111 collected $17.64 from pot
*** SUMMARY ***
Total pot $18 | Rake $0.36
Board [Ah 3c 2d 7h Th]
Seat 1: yur4ok (button) (small blind) folded on the River
Seat 2: musto111 (big blind) collected ($17.64)


PokerStars Hand #148468240762:  Hold'em Limit ($3/$6 USD) - 2016/02/08 16:05:13 ET
Table 'Giacobini' 2-max Seat #2 is the button
Seat 1: yur4ok ($74.50 in chips)
Seat 2: musto111 ($69.38 in chips)
musto111: posts small blind $1
yur4ok: posts big blind $3
*** HOLE CARDS ***
musto111: folds
Uncalled bet ($2) returned to yur4ok
yur4ok collected $2 from pot
yur4ok: doesn't show hand
*** SUMMARY ***
Total pot $2 | Rake $0
Seat 1: yur4ok (big blind) collected ($2)
Seat 2: musto111 (button) (small blind) folded before Flop


PokerStars Hand #148468216214:  Hold'em Limit ($3/$6 USD) - 2016/02/08 16:04:51 ET
Table 'Giacobini' 2-max Seat #1 is the button
Seat 1: yur4ok ($95.50 in chips)
Seat 2: musto111 ($48.88 in chips)
yur4ok: posts small blind $1
musto111: posts big blind $3
*** HOLE CARDS ***
yur4ok: raises $3 to $6
musto111: calls $3
*** FLOP *** [Kh Js Th]
musto111: checks
yur4ok: bets $3
musto111: calls $3
*** TURN *** [Kh Js Th] [5d]
musto111: checks
yur4ok: bets $6
musto111: raises $6 to $12
yur4ok: calls $6
*** RIVER *** [Kh Js Th 5d] [Qh]
musto111: checks
yur4ok: checks
*** SHOW DOWN ***
musto111: shows [2c Ks] (a pair of Kings)
yur4ok: mucks hand
musto111 collected $41.50 from pot
*** SUMMARY ***
Total pot $42 | Rake $0.50
Board [Kh Js Th 5d Qh]
Seat 1: yur4ok (button) (small blind) mucked
Seat 2: musto111 (big blind) showed [2c Ks] and won ($41.50) with a pair of Kings


PokerStars Hand #148468255897:  Hold'em Limit ($3/$6 USD) - 2016/02/08 16:05:27 ET
Table 'Giacobini' 2-max Seat #2 is the button
Seat 1: yur4ok ($81.26 in chips)
Seat 2: musto111 ($62.38 in chips)
musto111: posts small blind $1
yur4ok: posts big blind $3
*** HOLE CARDS ***
musto111: folds
Uncalled bet ($2) returned to yur4ok
yur4ok collected $2 from pot
yur4ok: doesn't show hand
*** SUMMARY ***
Total pot $2 | Rake $0
Seat 1: yur4ok (big blind) collected ($2)
Seat 2: musto111 (button) (small blind) folded before Flop


PokerStars Hand #148468246591:  Hold'em Limit ($3/$6 USD) - 2016/02/08 16:05:19 ET
Table 'Giacobini' 2-max Seat #1 is the button
Seat 1: yur4ok ($75.50 in chips)
Seat 2: musto111 ($68.38 in chips)
yur4ok: posts small blind $1
musto111: posts big blind $3
*** HOLE CARDS ***
yur4ok: raises $3 to $6
musto111: calls $3
*** FLOP *** [Qh Qs 8c]
musto111: checks
yur4ok: bets $3
musto111: folds
Uncalled bet ($3) returned to yur4ok
yur4ok collected $11.76 from pot
yur4ok: doesn't show hand
*** SUMMARY ***
Total pot $12 | Rake $0.24
Board [Qh Qs 8c]
Seat 1: yur4ok (button) (small blind) collected ($11.76)
Seat 2: musto111 (big blind) folded on the Flop


PokerStars Hand #148468202147:  Hold'em Limit ($3/$6 USD) - 2016/02/08 16:04:38 ET
Table 'Giacobini' 2-max Seat #2 is the button
Seat 1: yur4ok ($72 in chips)
Seat 2: musto111 ($72.88 in chips)
musto111: posts small blind $1
yur4ok: posts big blind $3
*** HOLE CARDS ***
musto111: raises $3 to $6
yur4ok: raises $3 to $9
musto111: calls $3
*** FLOP *** [7s Kh 6h]
yur4ok: bets $3
musto111: calls $3
*** TURN *** [7s Kh 6h] [Ks]
yur4ok: bets $6
musto111: calls $6
*** RIVER *** [7s Kh 6h Ks] [3d]
yur4ok: bets $6
musto111: calls $6
*** SHOW DOWN ***
yur4ok: shows [Qh Kd] (three of a kind, Kings)
musto111: mucks hand
yur4ok collected $47.50 from pot
*** SUMMARY ***
Total pot $48 | Rake $0.50
Board [7s Kh 6h Ks 3d]
Seat 1: yur4ok (big blind) showed [Qh Kd] and won ($47.50) with three of a kind, Kings
Seat 2: musto111 (button) (small blind) mucked


PokerStars Hand #148468278980:  Hold'em Limit ($3/$6 USD) - 2016/02/08 16:05:48 ET
Table 'Giacobini' 2-max Seat #2 is the button
Seat 1: yur4ok ($96.76 in chips)
Seat 2: musto111 ($46.38 in chips)
musto111: posts small blind $1
yur4ok: posts big blind $3
*** HOLE CARDS ***
musto111: folds
Uncalled bet ($2) returned to yur4ok
yur4ok collected $2 from pot
yur4ok: doesn't show hand
*** SUMMARY ***
Total pot $2 | Rake $0
Seat 1: yur4ok (big blind) collected ($2)
Seat 2: musto111 (button) (small blind) folded before Flop


PokerStars Hand #148468302365:  Hold'em Limit ($3/$6 USD) - 2016/02/08 16:06:10 ET
Table 'Giacobini' 2-max Seat #2 is the button
Seat 1: yur4ok ($121.26 in chips)
Seat 2: musto111 ($21.38 in chips)
musto111: posts small blind $1
yur4ok: posts big blind $3
*** HOLE CARDS ***
musto111: raises $3 to $6
yur4ok: calls $3
*** FLOP *** [Kd Td 7h]
yur4ok: checks
musto111: bets $3
yur4ok: folds
Uncalled bet ($3) returned to musto111
musto111 collected $11.76 from pot
*** SUMMARY ***
Total pot $12 | Rake $0.24
Board [Kd Td 7h]
Seat 1: yur4ok (big blind) folded on the Flop
Seat 2: musto111 (button) (small blind) collected ($11.76)


PokerStars Hand #148468310458:  Hold'em Limit ($3/$6 USD) - 2016/02/08 16:06:17 ET
Table 'Giacobini' 2-max Seat #1 is the button
Seat 1: yur4ok ($115.26 in chips)
Seat 2: musto111 ($27.14 in chips)
yur4ok: posts small blind $1
musto111: posts big blind $3
*** HOLE CARDS ***
yur4ok: raises $3 to $6
musto111: calls $3
*** FLOP *** [2s Th 8s]
musto111: checks
yur4ok: bets $3
musto111: calls $3
*** TURN *** [2s Th 8s] [9s]
musto111: checks
yur4ok: bets $6
musto111: folds
Uncalled bet ($6) returned to yur4ok
yur4ok collected $17.64 from pot
yur4ok: doesn't show hand
*** SUMMARY ***
Total pot $18 | Rake $0.36
Board [2s Th 8s 9s]
Seat 1: yur4ok (button) (small blind) collected ($17.64)
Seat 2: musto111 (big blind) folded on the Turn


PokerStars Hand #148468322888:  Hold'em Limit ($3/$6 USD) - 2016/02/08 16:06:28 ET
Table 'Giacobini' 2-max Seat #2 is the button
Seat 1: yur4ok ($123.90 in chips)
Seat 2: musto111 ($18.14 in chips)
musto111: posts small blind $1
yur4ok: posts big blind $3
*** HOLE CARDS ***
musto111: raises $3 to $6
yur4ok: calls $3
*** FLOP *** [6s 2c Ks]
yur4ok: checks
musto111: bets $3
yur4ok: folds
Uncalled bet ($3) returned to musto111
musto111 collected $11.76 from pot
*** SUMMARY ***
Total pot $12 | Rake $0.24
Board [6s 2c Ks]
Seat 1: yur4ok (big blind) folded on the Flop
Seat 2: musto111 (button) (small blind) collected ($11.76)


PokerStars Hand #148468260793:  Hold'em Limit ($3/$6 USD) - 2016/02/08 16:05:32 ET
Table 'Giacobini' 2-max Seat #1 is the button
Seat 1: yur4ok ($82.26 in chips)
Seat 2: musto111 ($61.38 in chips)
yur4ok: posts small blind $1
musto111: posts big blind $3
*** HOLE CARDS ***
yur4ok: raises $3 to $6
musto111: calls $3
*** FLOP *** [4h 7h 5d]
musto111: checks
yur4ok: bets $3
musto111: calls $3
*** TURN *** [4h 7h 5d] [8d]
musto111: checks
yur4ok: bets $6
musto111: calls $6
*** RIVER *** [4h 7h 5d 8d] [Kd]
musto111: checks
yur4ok: bets $6
musto111: folds
Uncalled bet ($6) returned to yur4ok
yur4ok collected $29.50 from pot
yur4ok: doesn't show hand
*** SUMMARY ***
Total pot $30 | Rake $0.50
Board [4h 7h 5d 8d Kd]
Seat 1: yur4ok (button) (small blind) collected ($29.50)
Seat 2: musto111 (big blind) folded on the River


PokerStars Hand #148468283663:  Hold'em Limit ($3/$6 USD) - 2016/02/08 16:05:53 ET
Table 'Giacobini' 2-max Seat #1 is the button
Seat 1: yur4ok ($97.76 in chips)
Seat 2: musto111 ($45.38 in chips)
yur4ok: posts small blind $1
musto111: posts big blind $3
*** HOLE CARDS ***
yur4ok: raises $3 to $6
musto111: raises $3 to $9
yur4ok: calls $3
*** FLOP *** [2c 9s Jd]
musto111: bets $3
yur4ok: calls $3
*** TURN *** [2c 9s Jd] [Th]
musto111: bets $6
yur4ok: calls $6
*** RIVER *** [2c 9s Jd Th] [7c]
musto111: checks
yur4ok: bets $6
musto111: calls $6
*** SHOW DOWN ***
yur4ok: shows [8d 9d] (a straight, Seven to Jack)
musto111: mucks hand
yur4ok collected $47.50 from pot
*** SUMMARY ***
Total pot $48 | Rake $0.50
Board [2c 9s Jd Th 7c]
Seat 1: yur4ok (button) (small blind) showed [8d 9d] and won ($47.50) with a straight, Seven to Jack
Seat 2: musto111 (big blind) mucked


PokerStars Hand #148468331722:  Hold'em Limit ($3/$6 USD) - 2016/02/08 16:06:36 ET
Table 'Giacobini' 2-max Seat #1 is the button
Seat 1: yur4ok ($117.90 in chips)
Seat 2: musto111 ($23.90 in chips)
yur4ok: posts small blind $1
musto111: posts big blind $3
*** HOLE CARDS ***
yur4ok: raises $3 to $6
musto111: calls $3
*** FLOP *** [8d 6h Qd]
musto111: checks
yur4ok: bets $3
musto111: raises $3 to $6
yur4ok: calls $3
*** TURN *** [8d 6h Qd] [7s]
musto111: bets $6
yur4ok: raises $6 to $12
musto111: calls $5.90 and is all-in
Uncalled bet ($0.10) returned to yur4ok
*** RIVER *** [8d 6h Qd 7s] [9d]
*** SHOW DOWN ***
musto111: shows [7d Qh] (two pair, Queens and Sevens)
yur4ok: shows [2h Qc] (a pair of Queens)
musto111 collected $47.30 from pot
*** SUMMARY ***
Total pot $47.80 | Rake $0.50
Board [8d 6h Qd 7s 9d]
Seat 1: yur4ok (button) (small blind) showed [2h Qc] and lost with a pair of Queens
Seat 2: musto111 (big blind) showed [7d Qh] and won ($47.30) with two pair, Queens and Sevens


PokerStars Hand #148468370034:  Hold'em Limit ($3/$6 USD) - 2016/02/08 16:07:11 ET
Table 'Giacobini' 2-max Seat #2 is the button
Seat 1: yur4ok ($74 in chips)
Seat 2: musto111 ($66.80 in chips)
musto111: posts small blind $1
yur4ok: posts big blind $3
*** HOLE CARDS ***
musto111: raises $3 to $6
yur4ok: calls $3
*** FLOP *** [7h As 7c]
yur4ok: checks
musto111: bets $3
yur4ok: folds
Uncalled bet ($3) returned to musto111
musto111 collected $11.76 from pot
*** SUMMARY ***
Total pot $12 | Rake $0.24
Board [7h As 7c]
Seat 1: yur4ok (big blind) folded on the Flop
Seat 2: musto111 (button) (small blind) collected ($11.76)


PokerStars Hand #148468348807:  Hold'em Limit ($3/$6 USD) - 2016/02/08 16:06:52 ET
Table 'Giacobini' 2-max Seat #2 is the button
Seat 1: yur4ok ($94 in chips)
Seat 2: musto111 ($47.30 in chips)
musto111: posts small blind $1
yur4ok: posts big blind $3
*** HOLE CARDS ***
musto111: folds
Uncalled bet ($2) returned to yur4ok
yur4ok collected $2 from pot
yur4ok: doesn't show hand
*** SUMMARY ***
Total pot $2 | Rake $0
Seat 1: yur4ok (big blind) collected ($2)
Seat 2: musto111 (button) (small blind) folded before Flop


PokerStars Hand #148468353614:  Hold'em Limit ($3/$6 USD) - 2016/02/08 16:06:56 ET
Table 'Giacobini' 2-max Seat #1 is the button
Seat 1: yur4ok ($95 in chips)
Seat 2: musto111 ($46.30 in chips)
yur4ok: posts small blind $1
musto111: posts big blind $3
*** HOLE CARDS ***
yur4ok: raises $3 to $6
musto111: calls $3
*** FLOP *** [5s 5d 4d]
musto111: checks
yur4ok: bets $3
musto111: calls $3
*** TURN *** [5s 5d 4d] [Ks]
musto111: checks
yur4ok: bets $6
musto111: raises $6 to $12
yur4ok: calls $6
*** RIVER *** [5s 5d 4d Ks] [7c]
musto111: bets $6
yur4ok: folds
Uncalled bet ($6) returned to musto111
musto111 collected $41.50 from pot
*** SUMMARY ***
Total pot $42 | Rake $0.50
Board [5s 5d 4d Ks 7c]
Seat 1: yur4ok (button) (small blind) folded on the River
Seat 2: musto111 (big blind) collected ($41.50)


PokerStars Hand #148468384241:  Hold'em Limit ($3/$6 USD) - 2016/02/08 16:07:24 ET
Table 'Giacobini' 2-max Seat #1 is the button
Seat 1: yur4ok ($72 in chips)
Seat 2: musto111 ($72.56 in chips)
yur4ok: posts small blind $1
musto111: posts big blind $3
*** HOLE CARDS ***
yur4ok: raises $3 to $6
musto111: calls $3
*** FLOP *** [2h 7c Th]
musto111: checks
yur4ok: bets $3
musto111: calls $3
*** TURN *** [2h 7c Th] [Qs]
musto111: checks
yur4ok: checks
*** RIVER *** [2h 7c Th Qs] [8c]
musto111: checks
yur4ok: checks
*** SHOW DOWN ***
musto111: shows [Ah 3s] (high card Ace)
yur4ok: shows [4s Ac] (high card Ace)
musto111 collected $8.82 from pot
yur4ok collected $8.82 from pot
*** SUMMARY ***
Total pot $18 | Rake $0.36
Board [2h 7c Th Qs 8c]
Seat 1: yur4ok (button) (small blind) showed [4s Ac] and won ($8.82) with high card Ace
Seat 2: musto111 (big blind) showed [Ah 3s] and won ($8.82) with high card Ace


PokerStars Hand #148468438065:  Hold'em Limit ($3/$6 USD) - 2016/02/08 16:08:13 ET
Table 'Giacobini' 2-max Seat #2 is the button
Seat 1: yur4ok ($101 in chips)
Seat 2: musto111 ($42.38 in chips)
musto111: posts small blind $1
yur4ok: posts big blind $3
*** HOLE CARDS ***
musto111: raises $3 to $6
yur4ok: calls $3
*** FLOP *** [Th 3h 7c]
yur4ok: checks
musto111: checks
*** TURN *** [Th 3h 7c] [9c]
yur4ok: bets $6
musto111: folds
Uncalled bet ($6) returned to yur4ok
yur4ok collected $11.76 from pot
yur4ok: doesn't show hand
*** SUMMARY ***
Total pot $12 | Rake $0.24
Board [Th 3h 7c 9c]
Seat 1: yur4ok (big blind) collected ($11.76)
Seat 2: musto111 (button) (small blind) folded on the Turn


PokerStars Hand #148468422756:  Hold'em Limit ($3/$6 USD) - 2016/02/08 16:07:59 ET
Table 'Giacobini' 2-max Seat #1 is the button
Seat 1: yur4ok ($86.50 in chips)
Seat 2: musto111 ($57.38 in chips)
yur4ok: posts small blind $1
musto111: posts big blind $3
*** HOLE CARDS ***
yur4ok: raises $3 to $6
musto111: calls $3
*** FLOP *** [7h Tc Jd]
musto111: checks
yur4ok: bets $3
musto111: calls $3
*** TURN *** [7h Tc Jd] [Jc]
musto111: checks
yur4ok: bets $6
musto111: calls $6
*** RIVER *** [7h Tc Jd Jc] [4h]
musto111: checks
yur4ok: checks
*** SHOW DOWN ***
musto111: shows [9c Ks] (a pair of Jacks)
yur4ok: shows [8c 4d] (two pair, Jacks and Fours)
yur4ok collected $29.50 from pot
*** SUMMARY ***
Total pot $30 | Rake $0.50
Board [7h Tc Jd Jc 4h]
Seat 1: yur4ok (button) (small blind) showed [8c 4d] and won ($29.50) with two pair, Jacks and Fours
Seat 2: musto111 (big blind) showed [9c Ks] and lost with a pair of Jacks


PokerStars Hand #148468448728:  Hold'em Limit ($3/$6 USD) - 2016/02/08 16:08:23 ET
Table 'Giacobini' 2-max Seat #1 is the button
Seat 1: yur4ok ($106.76 in chips)
Seat 2: musto111 ($36.38 in chips)
yur4ok: posts small blind $1
musto111: posts big blind $3
*** HOLE CARDS ***
yur4ok: raises $3 to $6
musto111: calls $3
*** FLOP *** [Kc 4c 2d]
musto111: checks
yur4ok: bets $3
musto111: calls $3
*** TURN *** [Kc 4c 2d] [Ac]
musto111: checks
yur4ok: checks
*** RIVER *** [Kc 4c 2d Ac] [9c]
musto111: checks
yur4ok: bets $6
musto111: calls $6
*** SHOW DOWN ***
yur4ok: shows [5d Qh] (high card Ace)
musto111: shows [Kh Td] (a pair of Kings)
musto111 collected $29.50 from pot
*** SUMMARY ***
Total pot $30 | Rake $0.50
Board [Kc 4c 2d Ac 9c]
Seat 1: yur4ok (button) (small blind) showed [5d Qh] and lost with high card Ace
Seat 2: musto111 (big blind) showed [Kh Td] and won ($29.50) with a pair of Kings


PokerStars Hand #148468406696:  Hold'em Limit ($3/$6 USD) - 2016/02/08 16:07:45 ET
Table 'Giacobini' 2-max Seat #2 is the button
Seat 1: yur4ok ($72 in chips)
Seat 2: musto111 ($72.38 in chips)
musto111: posts small blind $1
yur4ok: posts big blind $3
*** HOLE CARDS ***
musto111: raises $3 to $6
yur4ok: calls $3
*** FLOP *** [Ad Qd 4c]
yur4ok: checks
musto111: bets $3
yur4ok: calls $3
*** TURN *** [Ad Qd 4c] [5s]
yur4ok: checks
musto111: checks
*** RIVER *** [Ad Qd 4c 5s] [5c]
yur4ok: bets $6
musto111: calls $6
*** SHOW DOWN ***
yur4ok: shows [4d Td] (two pair, Fives and Fours)
musto111: mucks hand
yur4ok collected $29.50 from pot
*** SUMMARY ***
Total pot $30 | Rake $0.50
Board [Ad Qd 4c 5s 5c]
Seat 1: yur4ok (big blind) showed [4d Td] and won ($29.50) with two pair, Fives and Fours
Seat 2: musto111 (button) (small blind) mucked


PokerStars Hand #148468513975:  Hold'em Limit ($3/$6 USD) - 2016/02/08 16:09:23 ET
Table 'Giacobini' 2-max Seat #2 is the button
Seat 1: yur4ok ($72 in chips)
Seat 2: musto111 ($83.64 in chips)
musto111: posts small blind $1
yur4ok: posts big blind $3
*** HOLE CARDS ***
musto111: raises $3 to $6
yur4ok: calls $3
*** FLOP *** [Td 3d Ts]
yur4ok: checks
musto111: bets $3
yur4ok: calls $3
*** TURN *** [Td 3d Ts] [Ad]
yur4ok: checks
musto111: checks
*** RIVER *** [Td 3d Ts Ad] [Tc]
yur4ok: checks
musto111: bets $6
yur4ok: folds
Uncalled bet ($6) returned to musto111
musto111 collected $17.64 from pot
*** SUMMARY ***
Total pot $18 | Rake $0.36
Board [Td 3d Ts Ad Tc]
Seat 1: yur4ok (big blind) folded on the River
Seat 2: musto111 (button) (small blind) collected ($17.64)


PokerStars Hand #148468474299:  Hold'em Limit ($3/$6 USD) - 2016/02/08 16:08:47 ET
Table 'Giacobini' 2-max Seat #1 is the button
Seat 1: yur4ok ($91.52 in chips)
Seat 2: musto111 ($50.64 in chips)
yur4ok: posts small blind $1
musto111: posts big blind $3
*** HOLE CARDS ***
yur4ok: folds
Uncalled bet ($2) returned to musto111
musto111 collected $2 from pot
*** SUMMARY ***
Total pot $2 | Rake $0
Seat 1: yur4ok (button) (small blind) folded before Flop
Seat 2: musto111 (big blind) collected ($2)


PokerStars Hand #148468462912:  Hold'em Limit ($3/$6 USD) - 2016/02/08 16:08:36 ET
Table 'Giacobini' 2-max Seat #2 is the button
Seat 1: yur4ok ($91.76 in chips)
Seat 2: musto111 ($50.88 in chips)
musto111: posts small blind $1
yur4ok: posts big blind $3
*** HOLE CARDS ***
musto111: raises $3 to $6
yur4ok: calls $3
*** FLOP *** [7s Js 7c]
yur4ok: checks
musto111: checks
*** TURN *** [7s Js 7c] [2c]
yur4ok: checks
musto111: checks
*** RIVER *** [7s Js 7c 2c] [2h]
yur4ok: bets $6
musto111: calls $6
*** SHOW DOWN ***
yur4ok: shows [Ah 6s] (two pair, Sevens and Deuces)
musto111: shows [5c As] (two pair, Sevens and Deuces)
yur4ok collected $11.76 from pot
musto111 collected $11.76 from pot
*** SUMMARY ***
Total pot $24 | Rake $0.48
Board [7s Js 7c 2c 2h]
Seat 1: yur4ok (big blind) showed [Ah 6s] and won ($11.76) with two pair, Sevens and Deuces
Seat 2: musto111 (button) (small blind) showed [5c As] and won ($11.76) with two pair, Sevens and Deuces


PokerStars Hand #148468478869:  Hold'em Limit ($3/$6 USD) - 2016/02/08 16:08:51 ET
Table 'Giacobini' 2-max Seat #2 is the button
Seat 1: yur4ok ($90.52 in chips)
Seat 2: musto111 ($51.64 in chips)
musto111: posts small blind $1
yur4ok: posts big blind $3
*** HOLE CARDS ***
musto111: raises $3 to $6
yur4ok: calls $3
*** FLOP *** [6s 4h 8c]
yur4ok: checks
musto111: bets $3
yur4ok: calls $3
*** TURN *** [6s 4h 8c] [Jc]
yur4ok: checks
musto111: bets $6
yur4ok: calls $6
*** RIVER *** [6s 4h 8c Jc] [Jh]
yur4ok: checks
musto111: bets $6
yur4ok: folds
Uncalled bet ($6) returned to musto111
musto111 collected $29.50 from pot
*** SUMMARY ***
Total pot $30 | Rake $0.50
Board [6s 4h 8c Jc Jh]
Seat 1: yur4ok (big blind) folded on the River
Seat 2: musto111 (button) (small blind) collected ($29.50)


PokerStars Hand #148468496629:  Hold'em Limit ($3/$6 USD) - 2016/02/08 16:09:07 ET
Table 'Giacobini' 2-max Seat #1 is the button
Seat 1: yur4ok ($75.52 in chips)
Seat 2: musto111 ($66.14 in chips)
yur4ok: posts small blind $1
musto111: posts big blind $3
*** HOLE CARDS ***
yur4ok: raises $3 to $6
musto111: raises $3 to $9
yur4ok: calls $3
*** FLOP *** [Qh Qc 9h]
musto111: bets $3
yur4ok: calls $3
*** TURN *** [Qh Qc 9h] [6c]
musto111: bets $6
yur4ok: calls $6
*** RIVER *** [Qh Qc 9h 6c] [Jd]
musto111: checks
yur4ok: checks
*** SHOW DOWN ***
musto111: shows [7c 7s] (two pair, Queens and Sevens)
yur4ok: mucks hand
musto111 collected $35.50 from pot
*** SUMMARY ***
Total pot $36 | Rake $0.50
Board [Qh Qc 9h 6c Jd]
Seat 1: yur4ok (button) (small blind) mucked
Seat 2: musto111 (big blind) showed [7c 7s] and won ($35.50) with two pair, Queens and Sevens


PokerStars Hand #148468537037:  Hold'em Limit ($3/$6 USD) - 2016/02/08 16:09:44 ET
Table 'Giacobini' 2-max Seat #2 is the button
Seat 1: yur4ok ($75 in chips)
Seat 2: musto111 ($89.28 in chips)
musto111: posts small blind $1
yur4ok: posts big blind $3
*** HOLE CARDS ***
musto111: raises $3 to $6
yur4ok: calls $3
*** FLOP *** [8c 2c 3s]
yur4ok: checks
musto111: checks
*** TURN *** [8c 2c 3s] [Th]
yur4ok: bets $6
musto111: folds
Uncalled bet ($6) returned to yur4ok
yur4ok collected $11.76 from pot
yur4ok: doesn't show hand
*** SUMMARY ***
Total pot $12 | Rake $0.24
Board [8c 2c 3s Th]
Seat 1: yur4ok (big blind) collected ($11.76)
Seat 2: musto111 (button) (small blind) folded on the Turn


PokerStars Hand #148468531666:  Hold'em Limit ($3/$6 USD) - 2016/02/08 16:09:39 ET
Table 'Giacobini' 2-max Seat #1 is the button
Seat 1: yur4ok ($72 in chips)
Seat 2: musto111 ($92.28 in chips)
yur4ok: posts small blind $1
musto111: posts big blind $3
*** HOLE CARDS ***
yur4ok: raises $3 to $6
musto111: folds
Uncalled bet ($3) returned to yur4ok
yur4ok collected $6 from pot
yur4ok: doesn't show hand
*** SUMMARY ***
Total pot $6 | Rake $0
Seat 1: yur4ok (button) (small blind) collected ($6)
Seat 2: musto111 (big blind) folded before Flop


PokerStars Hand #148468563865:  Hold'em Limit ($3/$6 USD) - 2016/02/08 16:10:09 ET
Table 'Giacobini' 2-max Seat #2 is the button
Seat 1: yur4ok ($72 in chips)
Seat 2: musto111 ($103.78 in chips)
musto111: posts small blind $1
yur4ok: posts big blind $3
*** HOLE CARDS ***
musto111: folds
Uncalled bet ($2) returned to yur4ok
yur4ok collected $2 from pot
yur4ok: doesn't show hand
*** SUMMARY ***
Total pot $2 | Rake $0
Seat 1: yur4ok (big blind) collected ($2)
Seat 2: musto111 (button) (small blind) folded before Flop


PokerStars Hand #148468546954:  Hold'em Limit ($3/$6 USD) - 2016/02/08 16:09:53 ET
Table 'Giacobini' 2-max Seat #1 is the button
Seat 1: yur4ok ($80.76 in chips)
Seat 2: musto111 ($83.28 in chips)
yur4ok: posts small blind $1
musto111: posts big blind $3
*** HOLE CARDS ***
yur4ok: raises $3 to $6
musto111: calls $3
*** FLOP *** [2s 4h Jd]
musto111: checks
yur4ok: bets $3
musto111: calls $3
*** TURN *** [2s 4h Jd] [9d]
musto111: checks
yur4ok: bets $6
musto111: raises $6 to $12
yur4ok: calls $6
*** RIVER *** [2s 4h Jd 9d] [5c]
musto111: bets $6
yur4ok: folds
Uncalled bet ($6) returned to musto111
musto111 collected $41.50 from pot
*** SUMMARY ***
Total pot $42 | Rake $0.50
Board [2s 4h Jd 9d 5c]
Seat 1: yur4ok (button) (small blind) folded on the River
Seat 2: musto111 (big blind) collected ($41.50)


PokerStars Hand #148468584880:  Hold'em Limit ($3/$6 USD) - 2016/02/08 16:10:29 ET
Table 'Giacobini' 2-max Seat #1 is the button
Seat 1: yur4ok ($82.64 in chips)
Seat 2: musto111 ($92.78 in chips)
yur4ok: posts small blind $1
musto111: posts big blind $3
*** HOLE CARDS ***
yur4ok: folds
Uncalled bet ($2) returned to musto111
musto111 collected $2 from pot
*** SUMMARY ***
Total pot $2 | Rake $0
Seat 1: yur4ok (button) (small blind) folded before Flop
Seat 2: musto111 (big blind) collected ($2)


PokerStars Hand #148468580308:  Hold'em Limit ($3/$6 USD) - 2016/02/08 16:10:24 ET
Table 'Giacobini' 2-max Seat #2 is the button
Seat 1: yur4ok ($81.64 in chips)
Seat 2: musto111 ($93.78 in chips)
musto111: posts small blind $1
yur4ok: posts big blind $3
*** HOLE CARDS ***
musto111: folds
Uncalled bet ($2) returned to yur4ok
yur4ok collected $2 from pot
yur4ok: doesn't show hand
*** SUMMARY ***
Total pot $2 | Rake $0
Seat 1: yur4ok (big blind) collected ($2)
Seat 2: musto111 (button) (small blind) folded before Flop


PokerStars Hand #148468568477:  Hold'em Limit ($3/$6 USD) - 2016/02/08 16:10:13 ET
Table 'Giacobini' 2-max Seat #1 is the button
Seat 1: yur4ok ($73 in chips)
Seat 2: musto111 ($102.78 in chips)
yur4ok: posts small blind $1
musto111: posts big blind $3
*** HOLE CARDS ***
yur4ok: raises $3 to $6
musto111: calls $3
*** FLOP *** [5d Jd Th]
musto111: checks
yur4ok: bets $3
musto111: calls $3
*** TURN *** [5d Jd Th] [5h]
musto111: checks
yur4ok: bets $6
musto111: folds
Uncalled bet ($6) returned to yur4ok
yur4ok collected $17.64 from pot
yur4ok: doesn't show hand
*** SUMMARY ***
Total pot $18 | Rake $0.36
Board [5d Jd Th 5h]
Seat 1: yur4ok (button) (small blind) collected ($17.64)
Seat 2: musto111 (big blind) folded on the Turn


PokerStars Hand #148468605080:  Hold'em Limit ($3/$6 USD) - 2016/02/08 16:10:47 ET
Table 'Giacobini' 2-max Seat #1 is the button
Seat 1: yur4ok ($72 in chips)
Seat 2: musto111 ($108.28 in chips)
yur4ok: posts small blind $1
musto111: posts big blind $3
*** HOLE CARDS ***
yur4ok: raises $3 to $6
musto111: folds
Uncalled bet ($3) returned to yur4ok
yur4ok collected $6 from pot
yur4ok: doesn't show hand
*** SUMMARY ***
Total pot $6 | Rake $0
Seat 1: yur4ok (button) (small blind) collected ($6)
Seat 2: musto111 (big blind) folded before Flop


PokerStars Hand #148468589469:  Hold'em Limit ($3/$6 USD) - 2016/02/08 16:10:33 ET
Table 'Giacobini' 2-max Seat #2 is the button
Seat 1: yur4ok ($81.64 in chips)
Seat 2: musto111 ($93.78 in chips)
musto111: posts small blind $1
yur4ok: posts big blind $3
*** HOLE CARDS ***
musto111: raises $3 to $6
yur4ok: calls $3
*** FLOP *** [3c 8c 9d]
yur4ok: checks
musto111: bets $3
yur4ok: calls $3
*** TURN *** [3c 8c 9d] [7h]
yur4ok: checks
musto111: bets $6
yur4ok: calls $6
*** RIVER *** [3c 8c 9d 7h] [Td]
yur4ok: checks
musto111: checks
*** SHOW DOWN ***
yur4ok: shows [8h Qs] (a pair of Eights)
musto111: shows [Qc Tc] (a pair of Tens)
musto111 collected $29.50 from pot
*** SUMMARY ***
Total pot $30 | Rake $0.50
Board [3c 8c 9d 7h Td]
Seat 1: yur4ok (big blind) showed [8h Qs] and lost with a pair of Eights
Seat 2: musto111 (button) (small blind) showed [Qc Tc] and won ($29.50) with a pair of Tens


PokerStars Hand #148468610410:  Hold'em Limit ($3/$6 USD) - 2016/02/08 16:10:52 ET
Table 'Giacobini' 2-max Seat #2 is the button
Seat 1: yur4ok ($75 in chips)
Seat 2: musto111 ($105.28 in chips)
musto111: posts small blind $1
yur4ok: posts big blind $3
*** HOLE CARDS ***
musto111: raises $3 to $6
yur4ok: calls $3
*** FLOP *** [4d 5c 3s]
yur4ok: checks
musto111: checks
*** TURN *** [4d 5c 3s] [7c]
yur4ok: bets $6
musto111: folds
Uncalled bet ($6) returned to yur4ok
yur4ok collected $11.76 from pot
yur4ok: doesn't show hand
*** SUMMARY ***
Total pot $12 | Rake $0.24
Board [4d 5c 3s 7c]
Seat 1: yur4ok (big blind) collected ($11.76)
Seat 2: musto111 (button) (small blind) folded on the Turn


PokerStars Hand #148468637132:  Hold'em Limit ($3/$6 USD) - 2016/02/08 16:11:17 ET
Table 'Giacobini' 2-max Seat #2 is the button
Seat 1: yur4ok ($74.76 in chips)
Seat 2: musto111 ($105.04 in chips)
musto111: posts small blind $1
yur4ok: posts big blind $3
*** HOLE CARDS ***
musto111: raises $3 to $6
yur4ok: calls $3
*** FLOP *** [Ts 9s 2s]
yur4ok: checks
musto111: checks
*** TURN *** [Ts 9s 2s] [9c]
yur4ok: checks
musto111: checks
*** RIVER *** [Ts 9s 2s 9c] [9h]
yur4ok: checks
musto111: bets $6
yur4ok: folds
Uncalled bet ($6) returned to musto111
musto111 collected $11.76 from pot
*** SUMMARY ***
Total pot $12 | Rake $0.24
Board [Ts 9s 2s 9c 9h]
Seat 1: yur4ok (big blind) folded on the River
Seat 2: musto111 (button) (small blind) collected ($11.76)


PokerStars Hand #148468620604:  Hold'em Limit ($3/$6 USD) - 2016/02/08 16:11:02 ET
Table 'Giacobini' 2-max Seat #1 is the button
Seat 1: yur4ok ($80.76 in chips)
Seat 2: musto111 ($99.28 in chips)
yur4ok: posts small blind $1
musto111: posts big blind $3
*** HOLE CARDS ***
yur4ok: raises $3 to $6
musto111: calls $3
*** FLOP *** [Qs 9c 8d]
musto111: checks
yur4ok: checks
*** TURN *** [Qs 9c 8d] [2s]
musto111: checks
yur4ok: checks
*** RIVER *** [Qs 9c 8d 2s] [Ad]
musto111: checks
yur4ok: checks
*** SHOW DOWN ***
musto111: shows [6s Kd] (high card Ace)
yur4ok: mucks hand
musto111 collected $11.76 from pot
*** SUMMARY ***
Total pot $12 | Rake $0.24
Board [Qs 9c 8d 2s Ad]
Seat 1: yur4ok (button) (small blind) mucked
Seat 2: musto111 (big blind) showed [6s Kd] and won ($11.76) with high card Ace


PokerStars Hand #148468686620:  Hold'em Limit ($3/$6 USD) - 2016/02/08 16:12:04 ET
Table 'Giacobini' 2-max Seat #1 is the button
Seat 1: yur4ok ($140 in chips)
Seat 2: musto111 ($41.80 in chips)
yur4ok: posts small blind $1
musto111: posts big blind $3
*** HOLE CARDS ***
yur4ok: raises $3 to $6
musto111: calls $3
*** FLOP *** [Ah Ad 3h]
musto111: checks
yur4ok: bets $3
musto111: calls $3
*** TURN *** [Ah Ad 3h] [As]
musto111: checks
yur4ok: checks
*** RIVER *** [Ah Ad 3h As] [6c]
musto111: bets $6
yur4ok: folds
Uncalled bet ($6) returned to musto111
musto111 collected $17.64 from pot
*** SUMMARY ***
Total pot $18 | Rake $0.36
Board [Ah Ad 3h As 6c]
Seat 1: yur4ok (button) (small blind) folded on the River
Seat 2: musto111 (big blind) collected ($17.64)


PokerStars Hand #148468672598:  Hold'em Limit ($3/$6 USD) - 2016/02/08 16:11:51 ET
Table 'Giacobini' 2-max Seat #2 is the button
Seat 1: yur4ok ($116.50 in chips)
Seat 2: musto111 ($65.80 in chips)
musto111: posts small blind $1
yur4ok: posts big blind $3
*** HOLE CARDS ***
musto111: raises $3 to $6
yur4ok: raises $3 to $9
musto111: calls $3
*** FLOP *** [6c Th Jc]
yur4ok: bets $3
musto111: calls $3
*** TURN *** [6c Th Jc] [As]
yur4ok: bets $6
musto111: calls $6
*** RIVER *** [6c Th Jc As] [Jh]
yur4ok: bets $6
musto111: calls $6
*** SHOW DOWN ***
yur4ok: shows [Jd Td] (a full house, Jacks full of Tens)
musto111: mucks hand
yur4ok collected $47.50 from pot
*** SUMMARY ***
Total pot $48 | Rake $0.50
Board [6c Th Jc As Jh]
Seat 1: yur4ok (big blind) showed [Jd Td] and won ($47.50) with a full house, Jacks full of Tens
Seat 2: musto111 (button) (small blind) mucked


PokerStars Hand #148468705608:  Hold'em Limit ($3/$6 USD) - 2016/02/08 16:12:22 ET
Table 'Giacobini' 2-max Seat #2 is the button
Seat 1: yur4ok ($131 in chips)
Seat 2: musto111 ($50.44 in chips)
musto111: posts small blind $1
yur4ok: posts big blind $3
*** HOLE CARDS ***
musto111: raises $3 to $6
yur4ok: calls $3
*** FLOP *** [3c 9d 5h]
yur4ok: checks
musto111: checks
*** TURN *** [3c 9d 5h] [5c]
yur4ok: bets $6
musto111: folds
Uncalled bet ($6) returned to yur4ok
yur4ok collected $11.76 from pot
yur4ok: doesn't show hand
*** SUMMARY ***
Total pot $12 | Rake $0.24
Board [3c 9d 5h 5c]
Seat 1: yur4ok (big blind) collected ($11.76)
Seat 2: musto111 (button) (small blind) folded on the Turn


PokerStars Hand #148468650947:  Hold'em Limit ($3/$6 USD) - 2016/02/08 16:11:31 ET
Table 'Giacobini' 2-max Seat #1 is the button
Seat 1: yur4ok ($72 in chips)
Seat 2: musto111 ($110.80 in chips)
yur4ok: posts small blind $1
musto111: posts big blind $3
*** HOLE CARDS ***
yur4ok: raises $3 to $6
musto111: calls $3
*** FLOP *** [Tc Jh Kc]
musto111: checks
yur4ok: bets $3
musto111: calls $3
*** TURN *** [Tc Jh Kc] [2c]
musto111: checks
yur4ok: bets $6
musto111: raises $6 to $12
yur4ok: calls $6
*** RIVER *** [Tc Jh Kc 2c] [7s]
musto111: bets $6
yur4ok: raises $6 to $12
musto111: raises $6 to $18
yur4ok: raises $6 to $24
Betting is capped
musto111: calls $6
*** SHOW DOWN ***
yur4ok: shows [3c 9c] (a flush, King high)
musto111: mucks hand
yur4ok collected $89.50 from pot
*** SUMMARY ***
Total pot $90 | Rake $0.50
Board [Tc Jh Kc 2c 7s]
Seat 1: yur4ok (button) (small blind) showed [3c 9c] and won ($89.50) with a flush, King high
Seat 2: musto111 (big blind) mucked


PokerStars Hand #148468775214:  Hold'em Limit ($3/$6 USD) - 2016/02/08 16:13:26 ET
Table 'Giacobini' 2-max Seat #1 is the button
Seat 1: yur4ok ($156.65 in chips)
Seat 2: musto111 ($22.95 in chips)
yur4ok: posts small blind $1
musto111: posts big blind $3
*** HOLE CARDS ***
yur4ok: raises $3 to $6
musto111: calls $3
*** FLOP *** [9c 4s 8c]
musto111: checks
yur4ok: bets $3
musto111: calls $3
*** TURN *** [9c 4s 8c] [6s]
musto111: checks
yur4ok: bets $6
musto111: raises $6 to $12
yur4ok: calls $6
*** RIVER *** [9c 4s 8c 6s] [2d]
musto111: bets $1.95 and is all-in
yur4ok: calls $1.95
*** SHOW DOWN ***
musto111: shows [4d 6d] (two pair, Sixes and Fours)
yur4ok: shows [Qc 9d] (a pair of Nines)
musto111 collected $45.40 from pot
*** SUMMARY ***
Total pot $45.90 | Rake $0.50
Board [9c 4s 8c 6s 2d]
Seat 1: yur4ok (button) (small blind) showed [Qc 9d] and lost with a pair of Nines
Seat 2: musto111 (big blind) showed [4d 6d] and won ($45.40) with two pair, Sixes and Fours


PokerStars Hand #148468752659:  Hold'em Limit ($3/$6 USD) - 2016/02/08 16:13:05 ET
Table 'Giacobini' 2-max Seat #1 is the button
Seat 1: yur4ok ($130.51 in chips)
Seat 2: musto111 ($49.95 in chips)
yur4ok: posts small blind $1
musto111: posts big blind $3
*** HOLE CARDS ***
yur4ok: raises $3 to $6
musto111: calls $3
*** FLOP *** [Kd 5s 6s]
musto111: checks
yur4ok: bets $3
musto111: calls $3
*** TURN *** [Kd 5s 6s] [Th]
musto111: checks
yur4ok: bets $6
musto111: folds
Uncalled bet ($6) returned to yur4ok
yur4ok collected $17.64 from pot
yur4ok: doesn't show hand
*** SUMMARY ***
Total pot $18 | Rake $0.36
Board [Kd 5s 6s Th]
Seat 1: yur4ok (button) (small blind) collected ($17.64)
Seat 2: musto111 (big blind) folded on the Turn


PokerStars Hand #148468733003:  Hold'em Limit ($3/$6 USD) - 2016/02/08 16:12:47 ET
Table 'Giacobini' 2-max Seat #2 is the button
Seat 1: yur4ok ($130.76 in chips)
Seat 2: musto111 ($50.20 in chips)
musto111: posts small blind $1
yur4ok: posts big blind $3
*** HOLE CARDS ***
musto111: raises $3 to $6
yur4ok: calls $3
*** FLOP *** [Kh Qc Qh]
yur4ok: checks
musto111: bets $3
yur4ok: calls $3
*** TURN *** [Kh Qc Qh] [Qd]
yur4ok: checks
musto111: bets $6
yur4ok: calls $6
*** RIVER *** [Kh Qc Qh Qd] [2d]
yur4ok: checks
musto111: bets $6
yur4ok: raises $6 to $12
musto111: calls $6
*** SHOW DOWN ***
yur4ok: shows [5h Kc] (a full house, Queens full of Kings)
musto111: shows [Ks 6d] (a full house, Queens full of Kings)
yur4ok collected $26.75 from pot
musto111 collected $26.75 from pot
*** SUMMARY ***
Total pot $54 | Rake $0.50
Board [Kh Qc Qh Qd 2d]
Seat 1: yur4ok (big blind) showed [5h Kc] and won ($26.75) with a full house, Queens full of Kings
Seat 2: musto111 (button) (small blind) showed [Ks 6d] and won ($26.75) with a full house, Queens full of Kings


PokerStars Hand #148468763580:  Hold'em Limit ($3/$6 USD) - 2016/02/08 16:13:15 ET
Table 'Giacobini' 2-max Seat #2 is the button
Seat 1: yur4ok ($139.15 in chips)
Seat 2: musto111 ($40.95 in chips)
musto111: posts small blind $1
yur4ok: posts big blind $3
*** HOLE CARDS ***
musto111: raises $3 to $6
yur4ok: calls $3
*** FLOP *** [9h Th 4d]
yur4ok: checks
musto111: checks
*** TURN *** [9h Th 4d] [6d]
yur4ok: bets $6
musto111: calls $6
*** RIVER *** [9h Th 4d 6d] [7s]
yur4ok: bets $6
musto111: calls $6
*** SHOW DOWN ***
yur4ok: shows [Jc 9s] (a pair of Nines)
musto111: mucks hand
yur4ok collected $35.50 from pot
*** SUMMARY ***
Total pot $36 | Rake $0.50
Board [9h Th 4d 6d 7s]
Seat 1: yur4ok (big blind) showed [Jc 9s] and won ($35.50) with a pair of Nines
Seat 2: musto111 (button) (small blind) mucked


PokerStars Hand #148468720693:  Hold'em Limit ($3/$6 USD) - 2016/02/08 16:12:36 ET
Table 'Giacobini' 2-max Seat #1 is the button
Seat 1: yur4ok ($136.76 in chips)
Seat 2: musto111 ($44.44 in chips)
yur4ok: posts small blind $1
musto111: posts big blind $3
*** HOLE CARDS ***
yur4ok: raises $3 to $6
musto111: calls $3
*** FLOP *** [4c 3c 5h]
musto111: checks
yur4ok: checks
*** TURN *** [4c 3c 5h] [Jc]
musto111: checks
yur4ok: checks
*** RIVER *** [4c 3c 5h Jc] [Jh]
musto111: bets $6
yur4ok: folds
Uncalled bet ($6) returned to musto111
musto111 collected $11.76 from pot
*** SUMMARY ***
Total pot $12 | Rake $0.24
Board [4c 3c 5h Jc Jh]
Seat 1: yur4ok (button) (small blind) folded on the River
Seat 2: musto111 (big blind) collected ($11.76)


PokerStars Hand #148468802246:  Hold'em Limit ($3/$6 USD) - 2016/02/08 16:13:51 ET
Table 'Giacobini' 2-max Seat #2 is the button
Seat 1: yur4ok ($133.70 in chips)
Seat 2: musto111 ($45.40 in chips)
musto111: posts small blind $1
yur4ok: posts big blind $3
*** HOLE CARDS ***
musto111: raises $3 to $6
yur4ok: raises $3 to $9
musto111: calls $3
*** FLOP *** [7h 3h Ah]
yur4ok: bets $3
musto111: calls $3
*** TURN *** [7h 3h Ah] [3s]
yur4ok: bets $6
musto111: folds
Uncalled bet ($6) returned to yur4ok
yur4ok collected $23.52 from pot
yur4ok: doesn't show hand
*** SUMMARY ***
Total pot $24 | Rake $0.48
Board [7h 3h Ah 3s]
Seat 1: yur4ok (big blind) collected ($23.52)
Seat 2: musto111 (button) (small blind) folded on the Turn


PokerStars Hand #148468833025:  Hold'em Limit ($3/$6 USD) - 2016/02/08 16:14:20 ET
Table 'Giacobini' 2-max Seat #1 is the button
Seat 1: yur4ok ($154.86 in chips)
Seat 2: musto111 ($23.40 in chips)
yur4ok: posts small blind $1
musto111: posts big blind $3
*** HOLE CARDS ***
yur4ok: raises $3 to $6
musto111: calls $3
*** FLOP *** [9d 2h 2d]
musto111: checks
yur4ok: bets $3
musto111: calls $3
*** TURN *** [9d 2h 2d] [3d]
musto111: checks
yur4ok: checks
*** RIVER *** [9d 2h 2d 3d] [Tc]
musto111: checks
yur4ok: bets $6
musto111: calls $6
*** SHOW DOWN ***
yur4ok: shows [Kd Th] (two pair, Tens and Deuces)
musto111: mucks hand
yur4ok collected $29.50 from pot
*** SUMMARY ***
Total pot $30 | Rake $0.50
Board [9d 2h 2d 3d Tc]
Seat 1: yur4ok (button) (small blind) showed [Kd Th] and won ($29.50) with two pair, Tens and Deuces
Seat 2: musto111 (big blind) mucked


PokerStars Hand #148468828263:  Hold'em Limit ($3/$6 USD) - 2016/02/08 16:14:15 ET
Table 'Giacobini' 2-max Seat #2 is the button
Seat 1: yur4ok ($153.86 in chips)
Seat 2: musto111 ($24.40 in chips)
musto111: posts small blind $1
yur4ok: posts big blind $3
*** HOLE CARDS ***
musto111: folds
Uncalled bet ($2) returned to yur4ok
yur4ok collected $2 from pot
yur4ok: doesn't show hand
*** SUMMARY ***
Total pot $2 | Rake $0
Seat 1: yur4ok (big blind) collected ($2)
Seat 2: musto111 (button) (small blind) folded before Flop


PokerStars Hand #148468813321:  Hold'em Limit ($3/$6 USD) - 2016/02/08 16:14:01 ET
Table 'Giacobini' 2-max Seat #1 is the button
Seat 1: yur4ok ($145.22 in chips)
Seat 2: musto111 ($33.40 in chips)
yur4ok: posts small blind $1
musto111: posts big blind $3
*** HOLE CARDS ***
yur4ok: raises $3 to $6
musto111: calls $3
*** FLOP *** [2s Th 3c]
musto111: checks
yur4ok: bets $3
musto111: calls $3
*** TURN *** [2s Th 3c] [3d]
musto111: checks
yur4ok: checks
*** RIVER *** [2s Th 3c 3d] [Qc]
musto111: checks
yur4ok: bets $6
musto111: folds
Uncalled bet ($6) returned to yur4ok
yur4ok collected $17.64 from pot
yur4ok: doesn't show hand
*** SUMMARY ***
Total pot $18 | Rake $0.36
Board [2s Th 3c 3d Qc]
Seat 1: yur4ok (button) (small blind) collected ($17.64)
Seat 2: musto111 (big blind) folded on the River


PokerStars Hand #148468797633:  Hold'em Limit ($3/$6 USD) - 2016/02/08 16:13:47 ET
Table 'Giacobini' 2-max Seat #1 is the button
Seat 1: yur4ok ($134.70 in chips)
Seat 2: musto111 ($44.40 in chips)
yur4ok: posts small blind $1
musto111: posts big blind $3
*** HOLE CARDS ***
yur4ok: folds
Uncalled bet ($2) returned to musto111
musto111 collected $2 from pot
*** SUMMARY ***
Total pot $2 | Rake $0
Seat 1: yur4ok (button) (small blind) folded before Flop
Seat 2: musto111 (big blind) collected ($2)


PokerStars Hand #148468792712:  Hold'em Limit ($3/$6 USD) - 2016/02/08 16:13:42 ET
Table 'Giacobini' 2-max Seat #2 is the button
Seat 1: yur4ok ($133.70 in chips)
Seat 2: musto111 ($45.40 in chips)
musto111: posts small blind $1
yur4ok: posts big blind $3
*** HOLE CARDS ***
musto111: folds
Uncalled bet ($2) returned to yur4ok
yur4ok collected $2 from pot
yur4ok: doesn't show hand
*** SUMMARY ***
Total pot $2 | Rake $0
Seat 1: yur4ok (big blind) collected ($2)
Seat 2: musto111 (button) (small blind) folded before Flop


PokerStars Hand #148468868564:  Hold'em Limit ($3/$6 USD) - 2016/02/08 16:14:53 ET
Table 'Giacobini' 2-max Seat #2 is the button
Seat 1: yur4ok ($159.96 in chips)
Seat 2: musto111 ($17.46 in chips)
musto111: posts small blind $1
yur4ok: posts big blind $3
*** HOLE CARDS ***
musto111: raises $3 to $6
yur4ok: raises $3 to $9
musto111: calls $3
*** FLOP *** [6d Kc 2s]
yur4ok: bets $3
musto111: calls $3
*** TURN *** [6d Kc 2s] [Qc]
yur4ok: bets $6
musto111: calls $5.46 and is all-in
Uncalled bet ($0.54) returned to yur4ok
*** RIVER *** [6d Kc 2s Qc] [Tc]
*** SHOW DOWN ***
yur4ok: shows [6c 5c] (a flush, King high)
musto111: shows [4d 9d] (high card King)
yur4ok collected $34.42 from pot
*** SUMMARY ***
Total pot $34.92 | Rake $0.50
Board [6d Kc 2s Qc Tc]
Seat 1: yur4ok (big blind) showed [6c 5c] and won ($34.42) with a flush, King high
Seat 2: musto111 (button) (small blind) showed [4d 9d] and lost with high card King


PokerStars Hand #148468863240:  Hold'em Limit ($3/$6 USD) - 2016/02/08 16:14:48 ET
Table 'Giacobini' 2-max Seat #1 is the button
Seat 1: yur4ok ($160.96 in chips)
Seat 2: musto111 ($16.46 in chips)
yur4ok: posts small blind $1
musto111: posts big blind $3
*** HOLE CARDS ***
yur4ok: folds
Uncalled bet ($2) returned to musto111
musto111 collected $2 from pot
*** SUMMARY ***
Total pot $2 | Rake $0
Seat 1: yur4ok (button) (small blind) folded before Flop
Seat 2: musto111 (big blind) collected ($2)


PokerStars Hand #148468849546:  Hold'em Limit ($3/$6 USD) - 2016/02/08 16:14:35 ET
Table 'Giacobini' 2-max Seat #2 is the button
Seat 1: yur4ok ($169.36 in chips)
Seat 2: musto111 ($8.40 in chips)
musto111: posts small blind $1
yur4ok: posts big blind $3
*** HOLE CARDS ***
musto111: raises $3 to $6
yur4ok: raises $3 to $9
musto111: calls $2.40 and is all-in
Uncalled bet ($0.60) returned to yur4ok
*** FLOP *** [6s 9c Jd]
*** TURN *** [6s 9c Jd] [9s]
*** RIVER *** [6s 9c Jd 9s] [7h]
*** SHOW DOWN ***
yur4ok: shows [Tc Kc] (a pair of Nines)
musto111: shows [Kd 7d] (two pair, Nines and Sevens)
musto111 collected $16.46 from pot
*** SUMMARY ***
Total pot $16.80 | Rake $0.34
Board [6s 9c Jd 9s 7h]
Seat 1: yur4ok (big blind) showed [Tc Kc] and lost with a pair of Nines
Seat 2: musto111 (button) (small blind) showed [Kd 7d] and won ($16.46) with two pair, Nines and Sevens


