PokerStars Hand #170459816343:  Hold'em Limit ($3/$6 USD) - 2017/05/15 13:41:55 ET
Table 'Giacobini' 6-max Seat #4 is the button
Seat 1: Norbert-04 ($61.40 in chips)
Seat 4: Actionni13 ($150 in chips)
Actionni13: posts small blind $1
Norbert-04: posts big blind $3
*** HOLE CARDS ***
TobiasClassy joins the table at seat #3
Actionni13: raises $3 to $6
Norbert-04: calls $3
*** FLOP *** [9c Qc Qs]
Norbert-04: checks
Actionni13: bets $3
Norbert-04: calls $3
*** TURN *** [9c Qc Qs] [7s]
Norbert-04: checks
Actionni13: checks
*** RIVER *** [9c Qc Qs 7s] [3s]
Norbert-04: bets $6
Actionni13: folds
Uncalled bet ($6) returned to Norbert-04
Norbert-04 collected $17.64 from pot
Norbert-04: doesn't show hand
*** SUMMARY ***
Total pot $18 | Rake $0.36
Board [9c Qc Qs 7s 3s]
Seat 1: Norbert-04 (big blind) collected ($17.64)
Seat 4: Actionni13 (button) (small blind) folded on the River


PokerStars Hand #170460029536:  Hold'em Limit ($3/$6 USD) - 2017/05/15 13:46:21 ET
Table 'Giacobini' 6-max Seat #3 is the button
Seat 2: Chessnok ($144.45 in chips)
Seat 3: TobiasClassy ($92.43 in chips)
TobiasClassy: posts small blind $1
Chessnok: posts big blind $3
*** HOLE CARDS ***
TobiasClassy: folds
Uncalled bet ($2) returned to Chessnok
Chessnok collected $2 from pot
Chessnok: doesn't show hand
*** SUMMARY ***
Total pot $2 | Rake $0
Seat 2: Chessnok (big blind) collected ($2)
Seat 3: TobiasClassy (button) (small blind) folded before Flop


PokerStars Hand #170460020715:  Hold'em Limit ($3/$6 USD) - 2017/05/15 13:46:10 ET
Table 'Giacobini' 6-max Seat #2 is the button
Seat 2: Chessnok ($153.45 in chips)
Seat 3: TobiasClassy ($83.79 in chips)
Chessnok: posts small blind $1
TobiasClassy: posts big blind $3
*** HOLE CARDS ***
Chessnok: raises $3 to $6
TobiasClassy: raises $3 to $9
Chessnok: calls $3
*** FLOP *** [4d 3c 8c]
TobiasClassy: bets $3
Chessnok: folds
Uncalled bet ($3) returned to TobiasClassy
TobiasClassy collected $17.64 from pot
*** SUMMARY ***
Total pot $18 | Rake $0.36
Board [4d 3c 8c]
Seat 2: Chessnok (button) (small blind) folded on the Flop
Seat 3: TobiasClassy (big blind) collected ($17.64)


PokerStars Hand #170460011034:  Hold'em Limit ($3/$6 USD) - 2017/05/15 13:45:58 ET
Table 'Giacobini' 6-max Seat #3 is the button
Seat 2: Chessnok ($144.81 in chips)
Seat 3: TobiasClassy ($92.79 in chips)
TobiasClassy: posts small blind $1
Chessnok: posts big blind $3
*** HOLE CARDS ***
TobiasClassy: raises $3 to $6
Chessnok: raises $3 to $9
TobiasClassy: calls $3
*** FLOP *** [4d Ks Qh]
Chessnok: bets $3
TobiasClassy: folds
Uncalled bet ($3) returned to Chessnok
Chessnok collected $17.64 from pot
Chessnok: doesn't show hand
*** SUMMARY ***
Total pot $18 | Rake $0.36
Board [4d Ks Qh]
Seat 2: Chessnok (big blind) collected ($17.64)
Seat 3: TobiasClassy (button) (small blind) folded on the Flop


PokerStars Hand #170460007904:  Hold'em Limit ($3/$6 USD) - 2017/05/15 13:45:53 ET
Table 'Giacobini' 6-max Seat #2 is the button
Seat 2: Chessnok ($145.81 in chips)
Seat 3: TobiasClassy ($91.79 in chips)
Chessnok: posts small blind $1
TobiasClassy: posts big blind $3
*** HOLE CARDS ***
Chessnok: folds
Uncalled bet ($2) returned to TobiasClassy
TobiasClassy collected $2 from pot
*** SUMMARY ***
Total pot $2 | Rake $0
Seat 2: Chessnok (button) (small blind) folded before Flop
Seat 3: TobiasClassy (big blind) collected ($2)


PokerStars Hand #170460002317:  Hold'em Limit ($3/$6 USD) - 2017/05/15 13:45:46 ET
Table 'Giacobini' 6-max Seat #3 is the button
Seat 2: Chessnok ($144.81 in chips)
Seat 3: TobiasClassy ($92.79 in chips)
TobiasClassy: posts small blind $1
Actionni13: is sitting out
Chessnok: posts big blind $3
*** HOLE CARDS ***
TobiasClassy: folds
Uncalled bet ($2) returned to Chessnok
Chessnok collected $2 from pot
Chessnok: doesn't show hand
*** SUMMARY ***
Total pot $2 | Rake $0
Seat 2: Chessnok (big blind) collected ($2)
Seat 3: TobiasClassy (button) (small blind) folded before Flop


PokerStars Hand #170460034209:  Hold'em Limit ($3/$6 USD) - 2017/05/15 13:46:27 ET
Table 'Giacobini' 6-max Seat #2 is the button
Seat 2: Chessnok ($145.45 in chips)
Seat 3: TobiasClassy ($91.43 in chips)
Chessnok: posts small blind $1
TobiasClassy: posts big blind $3
*** HOLE CARDS ***
Chessnok: raises $3 to $6
TobiasClassy: calls $3
*** FLOP *** [7c Td 8c]
TobiasClassy: checks
Chessnok: bets $3
TobiasClassy: raises $3 to $6
Chessnok: calls $3
*** TURN *** [7c Td 8c] [7h]
TobiasClassy: bets $6
Chessnok: raises $6 to $12
TobiasClassy: raises $6 to $18
Chessnok: calls $6
*** RIVER *** [7c Td 8c 7h] [3h]
TobiasClassy: bets $6
Chessnok: calls $6
*** SHOW DOWN ***
TobiasClassy: shows [6s 9s] (a straight, Six to Ten)
Chessnok: mucks hand
TobiasClassy collected $71.50 from pot
*** SUMMARY ***
Total pot $72 | Rake $0.50
Board [7c Td 8c 7h 3h]
Seat 2: Chessnok (button) (small blind) mucked
Seat 3: TobiasClassy (big blind) showed [6s 9s] and won ($71.50) with a straight, Six to Ten


PokerStars Hand #170460064687:  Hold'em Limit ($3/$6 USD) - 2017/05/15 13:47:06 ET
Table 'Giacobini' 6-max Seat #3 is the button
Seat 2: Chessnok ($109.45 in chips)
Seat 3: TobiasClassy ($126.93 in chips)
TobiasClassy: posts small blind $1
Chessnok: posts big blind $3
*** HOLE CARDS ***
TobiasClassy: raises $3 to $6
Chessnok: calls $3
*** FLOP *** [3s Ts Jh]
Chessnok: checks
TobiasClassy: bets $3
Chessnok: raises $3 to $6
TobiasClassy: calls $3
*** TURN *** [3s Ts Jh] [5c]
Chessnok: bets $6
TobiasClassy: calls $6
*** RIVER *** [3s Ts Jh 5c] [3h]
Chessnok: bets $6
TobiasClassy: calls $6
*** SHOW DOWN ***
Chessnok: shows [Qs Jd] (two pair, Jacks and Threes)
TobiasClassy: mucks hand
Chessnok collected $47.50 from pot
*** SUMMARY ***
Total pot $48 | Rake $0.50
Board [3s Ts Jh 5c 3h]
Seat 2: Chessnok (big blind) showed [Qs Jd] and won ($47.50) with two pair, Jacks and Threes
Seat 3: TobiasClassy (button) (small blind) mucked


PokerStars Hand #170460097451:  Hold'em Limit ($3/$6 USD) - 2017/05/15 13:47:46 ET
Table 'Giacobini' 6-max Seat #3 is the button
Seat 2: Chessnok ($135.95 in chips)
Seat 3: TobiasClassy ($99.93 in chips)
TobiasClassy: posts small blind $1
Chessnok: posts big blind $3
*** HOLE CARDS ***
TobiasClassy: folds
Uncalled bet ($2) returned to Chessnok
Chessnok collected $2 from pot
Chessnok: doesn't show hand
*** SUMMARY ***
Total pot $2 | Rake $0
Seat 2: Chessnok (big blind) collected ($2)
Seat 3: TobiasClassy (button) (small blind) folded before Flop


PokerStars Hand #170460090254:  Hold'em Limit ($3/$6 USD) - 2017/05/15 13:47:37 ET
Table 'Giacobini' 6-max Seat #2 is the button
Seat 2: Chessnok ($132.95 in chips)
Seat 3: TobiasClassy ($102.93 in chips)
Chessnok: posts small blind $1
TobiasClassy: posts big blind $3
*** HOLE CARDS ***
Chessnok: raises $3 to $6
Actionni13 leaves the table
TobiasClassy: folds
Uncalled bet ($3) returned to Chessnok
Chessnok collected $6 from pot
Chessnok: doesn't show hand
*** SUMMARY ***
Total pot $6 | Rake $0
Seat 2: Chessnok (button) (small blind) collected ($6)
Seat 3: TobiasClassy (big blind) folded before Flop


PokerStars Hand #170460105927:  Hold'em Limit ($3/$6 USD) - 2017/05/15 13:47:57 ET
Table 'Giacobini' 6-max Seat #3 is the button
Seat 2: Chessnok ($135.95 in chips)
Seat 3: TobiasClassy ($99.93 in chips)
TobiasClassy: posts small blind $1
Chessnok: posts big blind $3
*** HOLE CARDS ***
TobiasClassy: folds
Uncalled bet ($2) returned to Chessnok
Chessnok collected $2 from pot
Chessnok: doesn't show hand
*** SUMMARY ***
Total pot $2 | Rake $0
Seat 2: Chessnok (big blind) collected ($2)
Seat 3: TobiasClassy (button) (small blind) folded before Flop


PokerStars Hand #170460102596:  Hold'em Limit ($3/$6 USD) - 2017/05/15 13:47:53 ET
Table 'Giacobini' 6-max Seat #2 is the button
Seat 2: Chessnok ($136.95 in chips)
Seat 3: TobiasClassy ($98.93 in chips)
Chessnok: posts small blind $1
TobiasClassy: posts big blind $3
*** HOLE CARDS ***
Chessnok: folds
Uncalled bet ($2) returned to TobiasClassy
TobiasClassy collected $2 from pot
*** SUMMARY ***
Total pot $2 | Rake $0
Seat 2: Chessnok (button) (small blind) folded before Flop
Seat 3: TobiasClassy (big blind) collected ($2)


PokerStars Hand #170460110273:  Hold'em Limit ($3/$6 USD) - 2017/05/15 13:48:02 ET
Table 'Giacobini' 6-max Seat #2 is the button
Seat 2: Chessnok ($136.95 in chips)
Seat 3: TobiasClassy ($98.93 in chips)
Chessnok: posts small blind $1
TobiasClassy: posts big blind $3
*** HOLE CARDS ***
Chessnok: raises $3 to $6
TobiasClassy: folds
Uncalled bet ($3) returned to Chessnok
Chessnok collected $6 from pot
Chessnok: doesn't show hand
*** SUMMARY ***
Total pot $6 | Rake $0
Seat 2: Chessnok (button) (small blind) collected ($6)
Seat 3: TobiasClassy (big blind) folded before Flop


PokerStars Hand #170460132213:  Hold'em Limit ($3/$6 USD) - 2017/05/15 13:48:29 ET
Table 'Giacobini' 6-max Seat #2 is the button
Seat 2: Chessnok ($148.59 in chips)
Seat 3: TobiasClassy ($86.93 in chips)
Chessnok: posts small blind $1
TobiasClassy: posts big blind $3
*** HOLE CARDS ***
Chessnok: raises $3 to $6
TobiasClassy: folds
Uncalled bet ($3) returned to Chessnok
Chessnok collected $6 from pot
Chessnok: doesn't show hand
*** SUMMARY ***
Total pot $6 | Rake $0
Seat 2: Chessnok (button) (small blind) collected ($6)
Seat 3: TobiasClassy (big blind) folded before Flop


PokerStars Hand #170460118076:  Hold'em Limit ($3/$6 USD) - 2017/05/15 13:48:12 ET
Table 'Giacobini' 6-max Seat #3 is the button
Seat 2: Chessnok ($139.95 in chips)
Seat 3: TobiasClassy ($95.93 in chips)
TobiasClassy: posts small blind $1
Chessnok: posts big blind $3
*** HOLE CARDS ***
TobiasClassy: raises $3 to $6
Chessnok: calls $3
*** FLOP *** [Ad 6s 3h]
Chessnok: checks
TobiasClassy: bets $3
Chessnok: raises $3 to $6
TobiasClassy: folds
Uncalled bet ($3) returned to Chessnok
Chessnok collected $17.64 from pot
Chessnok: doesn't show hand
*** SUMMARY ***
Total pot $18 | Rake $0.36
Board [Ad 6s 3h]
Seat 2: Chessnok (big blind) collected ($17.64)
Seat 3: TobiasClassy (button) (small blind) folded on the Flop


PokerStars Hand #170460137351:  Hold'em Limit ($3/$6 USD) - 2017/05/15 13:48:35 ET
Table 'Giacobini' 6-max Seat #3 is the button
Seat 2: Chessnok ($151.59 in chips)
Seat 3: TobiasClassy ($83.93 in chips)
TobiasClassy: posts small blind $1
Chessnok: posts big blind $3
*** HOLE CARDS ***
TobiasClassy: raises $3 to $6
Chessnok: calls $3
*** FLOP *** [5h 6c 7s]
Chessnok: checks
TobiasClassy: checks
*** TURN *** [5h 6c 7s] [3d]
Chessnok: bets $6
TobiasClassy: folds
Uncalled bet ($6) returned to Chessnok
Chessnok collected $11.76 from pot
Chessnok: doesn't show hand
*** SUMMARY ***
Total pot $12 | Rake $0.24
Board [5h 6c 7s 3d]
Seat 2: Chessnok (big blind) collected ($11.76)
Seat 3: TobiasClassy (button) (small blind) folded on the Turn


PokerStars Hand #170460152841:  Hold'em Limit ($3/$6 USD) - 2017/05/15 13:48:55 ET
Table 'Giacobini' 6-max Seat #2 is the button
Seat 2: Chessnok ($157.35 in chips)
Seat 3: TobiasClassy ($77.93 in chips)
Chessnok: posts small blind $1
TobiasClassy: posts big blind $3
*** HOLE CARDS ***
Chessnok: raises $3 to $6
TobiasClassy: calls $3
*** FLOP *** [Jc 6s Ks]
TobiasClassy: checks
Chessnok: checks
*** TURN *** [Jc 6s Ks] [2s]
TobiasClassy: bets $6
Chessnok: folds
Uncalled bet ($6) returned to TobiasClassy
TobiasClassy collected $11.76 from pot
*** SUMMARY ***
Total pot $12 | Rake $0.24
Board [Jc 6s Ks 2s]
Seat 2: Chessnok (button) (small blind) folded on the Turn
Seat 3: TobiasClassy (big blind) collected ($11.76)


PokerStars Hand #170460167397:  Hold'em Limit ($3/$6 USD) - 2017/05/15 13:49:12 ET
Table 'Giacobini' 6-max Seat #3 is the button
Seat 2: Chessnok ($151.35 in chips)
Seat 3: TobiasClassy ($83.69 in chips)
TobiasClassy: posts small blind $1
Chessnok: posts big blind $3
*** HOLE CARDS ***
TobiasClassy: raises $3 to $6
Chessnok: raises $3 to $9
TobiasClassy: calls $3
*** FLOP *** [Ts 8s 2c]
Chessnok: bets $3
TobiasClassy: calls $3
*** TURN *** [Ts 8s 2c] [9h]
Chessnok: bets $6
TobiasClassy: raises $6 to $12
Chessnok: calls $6
*** RIVER *** [Ts 8s 2c 9h] [4h]
Chessnok: checks
TobiasClassy: bets $6
Chessnok: calls $6
*** SHOW DOWN ***
TobiasClassy: shows [Js Ad] (high card Ace)
Chessnok: mucks hand
TobiasClassy collected $59.50 from pot
*** SUMMARY ***
Total pot $60 | Rake $0.50
Board [Ts 8s 2c 9h 4h]
Seat 2: Chessnok (big blind) mucked
Seat 3: TobiasClassy (button) (small blind) showed [Js Ad] and won ($59.50) with high card Ace


PokerStars Hand #170460190765:  Hold'em Limit ($3/$6 USD) - 2017/05/15 13:49:41 ET
Table 'Giacobini' 6-max Seat #2 is the button
Seat 2: Chessnok ($121.35 in chips)
Seat 3: TobiasClassy ($113.19 in chips)
Chessnok: posts small blind $1
TobiasClassy: posts big blind $3
*** HOLE CARDS ***
Chessnok: raises $3 to $6
TobiasClassy: folds
Uncalled bet ($3) returned to Chessnok
Chessnok collected $6 from pot
Chessnok: doesn't show hand
*** SUMMARY ***
Total pot $6 | Rake $0
Seat 2: Chessnok (button) (small blind) collected ($6)
Seat 3: TobiasClassy (big blind) folded before Flop


PokerStars Hand #170460212172:  Hold'em Limit ($3/$6 USD) - 2017/05/15 13:50:08 ET
Table 'Giacobini' 6-max Seat #2 is the button
Seat 2: Chessnok ($130.11 in chips)
Seat 3: TobiasClassy ($104.19 in chips)
Chessnok: posts small blind $1
TobiasClassy: posts big blind $3
*** HOLE CARDS ***
Chessnok: raises $3 to $6
TobiasClassy: folds
Uncalled bet ($3) returned to Chessnok
Chessnok collected $6 from pot
Chessnok: doesn't show hand
*** SUMMARY ***
Total pot $6 | Rake $0
Seat 2: Chessnok (button) (small blind) collected ($6)
Seat 3: TobiasClassy (big blind) folded before Flop


PokerStars Hand #170460195382:  Hold'em Limit ($3/$6 USD) - 2017/05/15 13:49:47 ET
Table 'Giacobini' 6-max Seat #3 is the button
Seat 2: Chessnok ($124.35 in chips)
Seat 3: TobiasClassy ($110.19 in chips)
TobiasClassy: posts small blind $1
Chessnok: posts big blind $3
*** HOLE CARDS ***
TobiasClassy: raises $3 to $6
Chessnok: calls $3
*** FLOP *** [8c Kc 5c]
Chessnok: checks
TobiasClassy: checks
*** TURN *** [8c Kc 5c] [7c]
Chessnok: checks
TobiasClassy: checks
*** RIVER *** [8c Kc 5c 7c] [8h]
Chessnok: bets $6
TobiasClassy: folds
Uncalled bet ($6) returned to Chessnok
Chessnok collected $11.76 from pot
Chessnok: doesn't show hand
*** SUMMARY ***
Total pot $12 | Rake $0.24
Board [8c Kc 5c 7c 8h]
Seat 2: Chessnok (big blind) collected ($11.76)
Seat 3: TobiasClassy (button) (small blind) folded on the River


PokerStars Hand #170460218594:  Hold'em Limit ($3/$6 USD) - 2017/05/15 13:50:16 ET
Table 'Giacobini' 6-max Seat #3 is the button
Seat 2: Chessnok ($133.11 in chips)
Seat 3: TobiasClassy ($101.19 in chips)
TobiasClassy: posts small blind $1
Chessnok: posts big blind $3
*** HOLE CARDS ***
TobiasClassy: folds
Uncalled bet ($2) returned to Chessnok
Chessnok collected $2 from pot
Chessnok: doesn't show hand
*** SUMMARY ***
Total pot $2 | Rake $0
Seat 2: Chessnok (big blind) collected ($2)
Seat 3: TobiasClassy (button) (small blind) folded before Flop


PokerStars Hand #170460253955:  Hold'em Limit ($3/$6 USD) - 2017/05/15 13:50:59 ET
Table 'Giacobini' 6-max Seat #2 is the button
Seat 2: Chessnok ($140.87 in chips)
Seat 3: TobiasClassy ($93.19 in chips)
Chessnok: posts small blind $1
TobiasClassy: posts big blind $3
*** HOLE CARDS ***
Chessnok: raises $3 to $6
TobiasClassy: raises $3 to $9
Chessnok: calls $3
*** FLOP *** [5s 9h Tc]
TobiasClassy: bets $3
Chessnok: calls $3
*** TURN *** [5s 9h Tc] [Ts]
TobiasClassy: checks
Chessnok: bets $6
TobiasClassy: calls $6
*** RIVER *** [5s 9h Tc Ts] [8s]
TobiasClassy: checks
Chessnok: checks
*** SHOW DOWN ***
TobiasClassy: shows [Kc Qh] (a pair of Tens)
Chessnok: mucks hand
TobiasClassy collected $35.50 from pot
*** SUMMARY ***
Total pot $36 | Rake $0.50
Board [5s 9h Tc Ts 8s]
Seat 2: Chessnok (button) (small blind) mucked
Seat 3: TobiasClassy (big blind) showed [Kc Qh] and won ($35.50) with a pair of Tens


PokerStars Hand #170460236693:  Hold'em Limit ($3/$6 USD) - 2017/05/15 13:50:38 ET
Table 'Giacobini' 6-max Seat #3 is the button
Seat 2: Chessnok ($139.87 in chips)
Seat 3: TobiasClassy ($94.19 in chips)
TobiasClassy: posts small blind $1
Chessnok: posts big blind $3
*** HOLE CARDS ***
TobiasClassy: raises $3 to $6
Chessnok: folds
Uncalled bet ($3) returned to TobiasClassy
TobiasClassy collected $6 from pot
*** SUMMARY ***
Total pot $6 | Rake $0
Seat 2: Chessnok (big blind) folded before Flop
Seat 3: TobiasClassy (button) (small blind) collected ($6)


PokerStars Hand #170460223310:  Hold'em Limit ($3/$6 USD) - 2017/05/15 13:50:22 ET
Table 'Giacobini' 6-max Seat #2 is the button
Seat 2: Chessnok ($134.11 in chips)
Seat 3: TobiasClassy ($100.19 in chips)
Chessnok: posts small blind $1
TobiasClassy: posts big blind $3
*** HOLE CARDS ***
Chessnok: raises $3 to $6
TobiasClassy: calls $3
*** FLOP *** [Jc 3h Kc]
TobiasClassy: checks
Chessnok: bets $3
TobiasClassy: folds
Uncalled bet ($3) returned to Chessnok
Chessnok collected $11.76 from pot
Chessnok: doesn't show hand
*** SUMMARY ***
Total pot $12 | Rake $0.24
Board [Jc 3h Kc]
Seat 2: Chessnok (button) (small blind) collected ($11.76)
Seat 3: TobiasClassy (big blind) folded on the Flop


PokerStars Hand #170460242473:  Hold'em Limit ($3/$6 USD) - 2017/05/15 13:50:45 ET
Table 'Giacobini' 6-max Seat #2 is the button
Seat 2: Chessnok ($136.87 in chips)
Seat 3: TobiasClassy ($97.19 in chips)
Chessnok: posts small blind $1
TobiasClassy: posts big blind $3
*** HOLE CARDS ***
Chessnok: raises $3 to $6
TobiasClassy: folds
Uncalled bet ($3) returned to Chessnok
Chessnok collected $6 from pot
Chessnok: doesn't show hand
*** SUMMARY ***
Total pot $6 | Rake $0
Seat 2: Chessnok (button) (small blind) collected ($6)
Seat 3: TobiasClassy (big blind) folded before Flop


PokerStars Hand #170460249536:  Hold'em Limit ($3/$6 USD) - 2017/05/15 13:50:54 ET
Table 'Giacobini' 6-max Seat #3 is the button
Seat 2: Chessnok ($139.87 in chips)
Seat 3: TobiasClassy ($94.19 in chips)
TobiasClassy: posts small blind $1
Chessnok: posts big blind $3
*** HOLE CARDS ***
TobiasClassy: folds
Uncalled bet ($2) returned to Chessnok
Chessnok collected $2 from pot
Chessnok: doesn't show hand
*** SUMMARY ***
Total pot $2 | Rake $0
Seat 2: Chessnok (big blind) collected ($2)
Seat 3: TobiasClassy (button) (small blind) folded before Flop


PokerStars Hand #170460276260:  Hold'em Limit ($3/$6 USD) - 2017/05/15 13:51:27 ET
Table 'Giacobini' 6-max Seat #3 is the button
Seat 2: Chessnok ($122.87 in chips)
Seat 3: TobiasClassy ($110.69 in chips)
TobiasClassy: posts small blind $1
Chessnok: posts big blind $3
*** HOLE CARDS ***
TobiasClassy: raises $3 to $6
Chessnok: calls $3
*** FLOP *** [Td 8s 3c]
Chessnok: checks
TobiasClassy: bets $3
Chessnok: calls $3
*** TURN *** [Td 8s 3c] [6c]
Chessnok: checks
TobiasClassy: bets $6
Chessnok: calls $6
*** RIVER *** [Td 8s 3c 6c] [8h]
Chessnok: checks
TobiasClassy: checks
*** SHOW DOWN ***
Chessnok: shows [As 6s] (two pair, Eights and Sixes)
TobiasClassy: mucks hand
Chessnok collected $29.50 from pot
*** SUMMARY ***
Total pot $30 | Rake $0.50
Board [Td 8s 3c 6c 8h]
Seat 2: Chessnok (big blind) showed [As 6s] and won ($29.50) with two pair, Eights and Sixes
Seat 3: TobiasClassy (button) (small blind) mucked


PokerStars Hand #170460295714:  Hold'em Limit ($3/$6 USD) - 2017/05/15 13:51:51 ET
Table 'Giacobini' 6-max Seat #2 is the button
Seat 2: Chessnok ($137.37 in chips)
Seat 3: TobiasClassy ($95.69 in chips)
Chessnok: posts small blind $1
TobiasClassy: posts big blind $3
*** HOLE CARDS ***
Chessnok: raises $3 to $6
TobiasClassy: calls $3
*** FLOP *** [7d Jd 7h]
TobiasClassy: checks
Chessnok: bets $3
TobiasClassy: raises $3 to $6
Chessnok: calls $3
*** TURN *** [7d Jd 7h] [Td]
TobiasClassy: bets $6
Chessnok: calls $6
*** RIVER *** [7d Jd 7h Td] [6d]
TobiasClassy: checks
Chessnok: bets $6
TobiasClassy: calls $6
*** SHOW DOWN ***
Chessnok: shows [9d Kh] (a flush, Jack high)
TobiasClassy: mucks hand
Chessnok collected $47.50 from pot
*** SUMMARY ***
Total pot $48 | Rake $0.50
Board [7d Jd 7h Td 6d]
Seat 2: Chessnok (button) (small blind) showed [9d Kh] and won ($47.50) with a flush, Jack high
Seat 3: TobiasClassy (big blind) mucked


PokerStars Hand #170460323073:  Hold'em Limit ($3/$6 USD) - 2017/05/15 13:52:25 ET
Table 'Giacobini' 6-max Seat #3 is the button
Seat 2: Chessnok ($160.87 in chips)
Seat 3: TobiasClassy ($71.69 in chips)
TobiasClassy: posts small blind $1
Chessnok: posts big blind $3
*** HOLE CARDS ***
TobiasClassy: raises $3 to $6
Chessnok: raises $3 to $9
TobiasClassy: calls $3
*** FLOP *** [9d Ks 8d]
Chessnok: bets $3
TobiasClassy: calls $3
*** TURN *** [9d Ks 8d] [3d]
Chessnok: checks
TobiasClassy: bets $6
Chessnok: calls $6
*** RIVER *** [9d Ks 8d 3d] [Td]
Chessnok: checks
TobiasClassy: bets $6
Chessnok: folds
Uncalled bet ($6) returned to TobiasClassy
TobiasClassy collected $35.50 from pot
*** SUMMARY ***
Total pot $36 | Rake $0.50
Board [9d Ks 8d 3d Td]
Seat 2: Chessnok (big blind) folded on the River
Seat 3: TobiasClassy (button) (small blind) collected ($35.50)


PokerStars Hand #170460348816:  Hold'em Limit ($3/$6 USD) - 2017/05/15 13:52:57 ET
Table 'Giacobini' 6-max Seat #2 is the button
Seat 2: Chessnok ($142.87 in chips)
Seat 3: TobiasClassy ($89.19 in chips)
Chessnok: posts small blind $1
TobiasClassy: posts big blind $3
*** HOLE CARDS ***
Chessnok: raises $3 to $6
TobiasClassy: folds
Uncalled bet ($3) returned to Chessnok
Chessnok collected $6 from pot
Chessnok: doesn't show hand
*** SUMMARY ***
Total pot $6 | Rake $0
Seat 2: Chessnok (button) (small blind) collected ($6)
Seat 3: TobiasClassy (big blind) folded before Flop


PokerStars Hand #170460357603:  Hold'em Limit ($3/$6 USD) - 2017/05/15 13:53:07 ET
Table 'Giacobini' 6-max Seat #3 is the button
Seat 2: Chessnok ($145.87 in chips)
Seat 3: TobiasClassy ($86.19 in chips)
TobiasClassy: posts small blind $1
Chessnok: posts big blind $3
*** HOLE CARDS ***
TobiasClassy: folds
Uncalled bet ($2) returned to Chessnok
Chessnok collected $2 from pot
Chessnok: doesn't show hand
*** SUMMARY ***
Total pot $2 | Rake $0
Seat 2: Chessnok (big blind) collected ($2)
Seat 3: TobiasClassy (button) (small blind) folded before Flop


PokerStars Hand #170460399216:  Hold'em Limit ($3/$6 USD) - 2017/05/15 13:53:58 ET
Table 'Giacobini' 6-max Seat #3 is the button
Seat 2: Chessnok ($116.87 in chips)
Seat 3: TobiasClassy ($114.69 in chips)
TobiasClassy: posts small blind $1
Chessnok: posts big blind $3
*** HOLE CARDS ***
TobiasClassy: folds
Uncalled bet ($2) returned to Chessnok
Chessnok collected $2 from pot
Chessnok: doesn't show hand
*** SUMMARY ***
Total pot $2 | Rake $0
Seat 2: Chessnok (big blind) collected ($2)
Seat 3: TobiasClassy (button) (small blind) folded before Flop


PokerStars Hand #170460362603:  Hold'em Limit ($3/$6 USD) - 2017/05/15 13:53:13 ET
Table 'Giacobini' 6-max Seat #2 is the button
Seat 2: Chessnok ($146.87 in chips)
Seat 3: TobiasClassy ($85.19 in chips)
Chessnok: posts small blind $1
TobiasClassy: posts big blind $3
*** HOLE CARDS ***
Chessnok: raises $3 to $6
TobiasClassy: raises $3 to $9
Chessnok: calls $3
*** FLOP *** [6h 8c Kd]
TobiasClassy: bets $3
Chessnok: calls $3
*** TURN *** [6h 8c Kd] [Kh]
TobiasClassy: bets $6
Chessnok: calls $6
*** RIVER *** [6h 8c Kd Kh] [2h]
TobiasClassy: checks
Chessnok: bets $6
TobiasClassy: raises $6 to $12
Chessnok: calls $6
*** SHOW DOWN ***
TobiasClassy: shows [Ks Jc] (three of a kind, Kings)
Chessnok: mucks hand
TobiasClassy collected $59.50 from pot
*** SUMMARY ***
Total pot $60 | Rake $0.50
Board [6h 8c Kd Kh 2h]
Seat 2: Chessnok (button) (small blind) mucked
Seat 3: TobiasClassy (big blind) showed [Ks Jc] and won ($59.50) with three of a kind, Kings


PokerStars Hand #170460403525:  Hold'em Limit ($3/$6 USD) - 2017/05/15 13:54:03 ET
Table 'Giacobini' 6-max Seat #2 is the button
Seat 2: Chessnok ($117.87 in chips)
Seat 3: TobiasClassy ($113.69 in chips)
Chessnok: posts small blind $1
TobiasClassy: posts big blind $3
*** HOLE CARDS ***
Chessnok: raises $3 to $6
TobiasClassy: calls $3
*** FLOP *** [5c Ad Jc]
TobiasClassy: checks
Chessnok: bets $3
TobiasClassy: calls $3
*** TURN *** [5c Ad Jc] [Td]
TobiasClassy: bets $6
Chessnok: calls $6
*** RIVER *** [5c Ad Jc Td] [7c]
TobiasClassy: bets $6
Chessnok: calls $6
*** SHOW DOWN ***
TobiasClassy: shows [Ks Qs] (a straight, Ten to Ace)
Chessnok: mucks hand
TobiasClassy collected $41.50 from pot
*** SUMMARY ***
Total pot $42 | Rake $0.50
Board [5c Ad Jc Td 7c]
Seat 2: Chessnok (button) (small blind) mucked
Seat 3: TobiasClassy (big blind) showed [Ks Qs] and won ($41.50) with a straight, Ten to Ace


PokerStars Hand #170460427386:  Hold'em Limit ($3/$6 USD) - 2017/05/15 13:54:33 ET
Table 'Giacobini' 6-max Seat #3 is the button
Seat 2: Chessnok ($96.87 in chips)
Seat 3: TobiasClassy ($134.19 in chips)
TobiasClassy: posts small blind $1
Chessnok: posts big blind $3
*** HOLE CARDS ***
TobiasClassy: raises $3 to $6
Chessnok: raises $3 to $9
TobiasClassy: calls $3
*** FLOP *** [6d Th 3h]
Chessnok: bets $3
TobiasClassy: raises $3 to $6
Chessnok: calls $3
*** TURN *** [6d Th 3h] [Qh]
Chessnok: checks
TobiasClassy: bets $6
Chessnok: raises $6 to $12
TobiasClassy: calls $6
*** RIVER *** [6d Th 3h Qh] [Ac]
Chessnok: bets $6
TobiasClassy: calls $6
*** SHOW DOWN ***
Chessnok: shows [Qc Kd] (a pair of Queens)
TobiasClassy: shows [Ts As] (two pair, Aces and Tens)
TobiasClassy collected $65.50 from pot
*** SUMMARY ***
Total pot $66 | Rake $0.50
Board [6d Th 3h Qh Ac]
Seat 2: Chessnok (big blind) showed [Qc Kd] and lost with a pair of Queens
Seat 3: TobiasClassy (button) (small blind) showed [Ts As] and won ($65.50) with two pair, Aces and Tens


PokerStars Hand #170460446690:  Hold'em Limit ($3/$6 USD) - 2017/05/15 13:54:57 ET
Table 'Giacobini' 6-max Seat #2 is the button
Seat 2: Chessnok ($63.87 in chips)
Seat 3: TobiasClassy ($166.69 in chips)
Chessnok: posts small blind $1
TobiasClassy: posts big blind $3
*** HOLE CARDS ***
Chessnok: raises $3 to $6
TobiasClassy: calls $3
*** FLOP *** [8h Td Tc]
TobiasClassy: bets $3
Chessnok: folds
Uncalled bet ($3) returned to TobiasClassy
TobiasClassy collected $11.76 from pot
*** SUMMARY ***
Total pot $12 | Rake $0.24
Board [8h Td Tc]
Seat 2: Chessnok (button) (small blind) folded on the Flop
Seat 3: TobiasClassy (big blind) collected ($11.76)


PokerStars Hand #170460457287:  Hold'em Limit ($3/$6 USD) - 2017/05/15 13:55:11 ET
Table 'Giacobini' 6-max Seat #3 is the button
Seat 2: Chessnok ($60 in chips)
Seat 3: TobiasClassy ($172.45 in chips)
TobiasClassy: posts small blind $1
Chessnok: posts big blind $3
*** HOLE CARDS ***
TobiasClassy: raises $3 to $6
Chessnok: calls $3
*** FLOP *** [Qh Jh Ac]
Chessnok: checks
TobiasClassy: bets $3
Chessnok: folds
Uncalled bet ($3) returned to TobiasClassy
TobiasClassy collected $11.76 from pot
*** SUMMARY ***
Total pot $12 | Rake $0.24
Board [Qh Jh Ac]
Seat 2: Chessnok (big blind) folded on the Flop
Seat 3: TobiasClassy (button) (small blind) collected ($11.76)


PokerStars Hand #170464118075:  Hold'em Limit ($3/$6 USD) - 2017/05/15 15:07:42 ET
Table 'Giacobini' 6-max Seat #2 is the button
Seat 1: Korish9506 ($116.17 in chips)
Seat 2: Chessnok ($61 in chips)
Chessnok: posts small blind $1
Spriysugen: is sitting out
Korish9506: posts big blind $3
*** HOLE CARDS ***
Chessnok: raises $3 to $6
Spriysugen leaves the table
Korish9506: calls $3
*** FLOP *** [3d 4d 7h]
Korish9506: checks
Chessnok: bets $3
krytalex joins the table at seat #4
Korish9506: raises $3 to $6
Chessnok: calls $3
*** TURN *** [3d 4d 7h] [Th]
Korish9506: checks
Chessnok: checks
*** RIVER *** [3d 4d 7h Th] [9h]
Korish9506: bets $6
tigertwin is disconnected
Chessnok: raises $6 to $12
Korish9506: calls $6
*** SHOW DOWN ***
Chessnok: shows [Jc Qd] (high card Queen)
Korish9506: shows [7d Ac] (a pair of Sevens)
Korish9506 collected $47.50 from pot
*** SUMMARY ***
Total pot $48 | Rake $0.50
Board [3d 4d 7h Th 9h]
Seat 1: Korish9506 (big blind) showed [7d Ac] and won ($47.50) with a pair of Sevens
Seat 2: Chessnok (button) (small blind) showed [Jc Qd] and lost with high card Queen


PokerStars Hand #170464152951:  Hold'em Limit ($3/$6 USD) - 2017/05/15 15:08:20 ET
Table 'Giacobini' 6-max Seat #1 is the button
Seat 1: Korish9506 ($139.67 in chips)
Seat 2: Chessnok ($60 in chips)
Korish9506: posts small blind $1
Chessnok: posts big blind $3
*** HOLE CARDS ***
Korish9506: calls $2
Chessnok: checks
*** FLOP *** [2s 5c 4c]
Chessnok: bets $3
Korish9506: calls $3
*** TURN *** [2s 5c 4c] [6h]
Chessnok: bets $6
Korish9506: calls $6
*** RIVER *** [2s 5c 4c 6h] [4d]
Chessnok: bets $6
Korish9506: raises $6 to $12
Chessnok: calls $6
*** SHOW DOWN ***
Korish9506: shows [3c 2c] (a straight, Deuce to Six)
Chessnok: mucks hand
Korish9506 collected $47.50 from pot
*** SUMMARY ***
Total pot $48 | Rake $0.50
Board [2s 5c 4c 6h 4d]
Seat 1: Korish9506 (button) (small blind) showed [3c 2c] and won ($47.50) with a straight, Deuce to Six
Seat 2: Chessnok (big blind) mucked


PokerStars Hand #170464396074:  Hold'em Limit ($3/$6 USD) - 2017/05/15 15:12:41 ET
Table 'Giacobini' 6-max Seat #4 is the button
Seat 1: Korish9506 ($242.52 in chips)
Seat 4: krytalex ($73 in chips)
krytalex: posts small blind $1
Korish9506: posts big blind $3
*** HOLE CARDS ***
krytalex: raises $3 to $6
Korish9506: raises $3 to $9
kolaz03 joins the table at seat #2
krytalex: calls $3
*** FLOP *** [Ts Js Th]
Brama Br leaves the table
Korish9506: checks
krytalex: checks
*** TURN *** [Ts Js Th] [8c]
Korish9506: bets $6
krytalex: folds
Uncalled bet ($6) returned to Korish9506
Korish9506 collected $17.64 from pot
*** SUMMARY ***
Total pot $18 | Rake $0.36
Board [Ts Js Th 8c]
Seat 1: Korish9506 (big blind) collected ($17.64)
Seat 4: krytalex (button) (small blind) folded on the Turn


PokerStars Hand #170464451008:  Hold'em Limit ($3/$6 USD) - 2017/05/15 15:13:40 ET
Table 'Giacobini' 6-max Seat #2 is the button
Seat 2: kolaz03 ($72 in chips)
Seat 4: krytalex ($78.61 in chips)
kolaz03: posts small blind $1
krytalex: posts big blind $3
*** HOLE CARDS ***
kolaz03: folds
Uncalled bet ($2) returned to krytalex
krytalex collected $2 from pot
*** SUMMARY ***
Total pot $2 | Rake $0
Seat 2: kolaz03 (button) (small blind) folded before Flop
Seat 4: krytalex (big blind) collected ($2)


PokerStars Hand #170464528176:  Hold'em Limit ($3/$6 USD) - 2017/05/15 15:15:04 ET
Table 'Giacobini' 6-max Seat #4 is the button
Seat 3: foksas111 ($319.21 in chips)
Seat 4: krytalex ($79.61 in chips)
krytalex: posts small blind $1
foksas111: posts big blind $3
*** HOLE CARDS ***
krytalex: raises $3 to $6
foksas111: raises $3 to $9
krytalex: calls $3
*** FLOP *** [6d Ah 4c]
foksas111: bets $3
krytalex: calls $3
*** TURN *** [6d Ah 4c] [Qs]
foksas111: bets $6
krytalex: raises $6 to $12
foksas111: raises $6 to $18
krytalex: calls $6
*** RIVER *** [6d Ah 4c Qs] [Js]
VolkovDmitri joins the table at seat #2
foksas111: bets $6
krytalex: calls $6
*** SHOW DOWN ***
foksas111: shows [Qc Qd] (three of a kind, Queens)
krytalex: mucks hand
foksas111 collected $71.50 from pot
*** SUMMARY ***
Total pot $72 | Rake $0.50
Board [6d Ah 4c Qs Js]
Seat 3: foksas111 (big blind) showed [Qc Qd] and won ($71.50) with three of a kind, Queens
Seat 4: krytalex (button) (small blind) mucked


PokerStars Hand #170464565667:  Hold'em Limit ($3/$6 USD) - 2017/05/15 15:15:44 ET
Table 'Giacobini' 6-max Seat #3 is the button
Seat 3: foksas111 ($354.71 in chips)
Seat 4: krytalex ($72 in chips)
foksas111: posts small blind $1
krytalex: posts big blind $3
*** HOLE CARDS ***
foksas111: raises $3 to $6
AKADoDoubleG joins the table at seat #6
Spriysugen joins the table at seat #5
krytalex: calls $3
*** FLOP *** [9c 2h 7h]
krytalex: checks
foksas111: checks
*** TURN *** [9c 2h 7h] [7d]
krytalex: checks
foksas111: bets $6
krytalex: folds
Uncalled bet ($6) returned to foksas111
foksas111 collected $11.76 from pot
foksas111: doesn't show hand
*** SUMMARY ***
Total pot $12 | Rake $0.24
Board [9c 2h 7h 7d]
Seat 3: foksas111 (button) (small blind) collected ($11.76)
Seat 4: krytalex (big blind) folded on the Turn


