PokerStars Hand #166470987024:  Hold'em Limit ($3/$6 USD) - 2017/02/19 16:30:05 ET
Table 'Gianfar II' 6-max Seat #3 is the button
Seat 2: andrey0709 ($102.66 in chips)
Seat 3: AzureCaper ($101.11 in chips)
AzureCaper: posts small blind $1
andrey0709: posts big blind $3
*** HOLE CARDS ***
AzureCaper: folds
Uncalled bet ($2) returned to andrey0709
andrey0709 collected $2 from pot
andrey0709: doesn't show hand
*** SUMMARY ***
Total pot $2 | Rake $0
Seat 2: andrey0709 (big blind) collected ($2)
Seat 3: AzureCaper (button) (small blind) folded before Flop


PokerStars Hand #166470982262:  Hold'em Limit ($3/$6 USD) - 2017/02/19 16:30:00 ET
Table 'Gianfar II' 6-max Seat #2 is the button
Seat 2: andrey0709 ($103.66 in chips)
Seat 3: AzureCaper ($100.11 in chips)
andrey0709: posts small blind $1
AzureCaper: posts big blind $3
*** HOLE CARDS ***
andrey0709: folds
Uncalled bet ($2) returned to AzureCaper
AzureCaper collected $2 from pot
AzureCaper: doesn't show hand
*** SUMMARY ***
Total pot $2 | Rake $0
Seat 2: andrey0709 (button) (small blind) folded before Flop
Seat 3: AzureCaper (big blind) collected ($2)


PokerStars Hand #166470992865:  Hold'em Limit ($3/$6 USD) - 2017/02/19 16:30:11 ET
Table 'Gianfar II' 6-max Seat #2 is the button
Seat 2: andrey0709 ($103.66 in chips)
Seat 3: AzureCaper ($100.11 in chips)
andrey0709: posts small blind $1
AzureCaper: posts big blind $3
*** HOLE CARDS ***
andrey0709: raises $3 to $6
AzureCaper: folds
Uncalled bet ($3) returned to andrey0709
andrey0709 collected $6 from pot
andrey0709: doesn't show hand
*** SUMMARY ***
Total pot $6 | Rake $0
Seat 2: andrey0709 (button) (small blind) collected ($6)
Seat 3: AzureCaper (big blind) folded before Flop


PokerStars Hand #166471008490:  Hold'em Limit ($3/$6 USD) - 2017/02/19 16:30:27 ET
Table 'Gianfar II' 6-max Seat #2 is the button
Seat 2: andrey0709 ($103.66 in chips)
Seat 3: AzureCaper ($100.11 in chips)
andrey0709: posts small blind $1
AzureCaper: posts big blind $3
*** HOLE CARDS ***
andrey0709: calls $2
AzureCaper: raises $3 to $6
andrey0709: calls $3
*** FLOP *** [6c 7h 4c]
AzureCaper: bets $3
andrey0709: calls $3
*** TURN *** [6c 7h 4c] [Jd]
AzureCaper: checks
andrey0709: checks
*** RIVER *** [6c 7h 4c Jd] [8d]
AzureCaper: checks
andrey0709: bets $6
AzureCaper: calls $6
*** SHOW DOWN ***
andrey0709: shows [8h Qd] (a pair of Eights)
AzureCaper: mucks hand
andrey0709 collected $29.50 from pot
*** SUMMARY ***
Total pot $30 | Rake $0.50
Board [6c 7h 4c Jd 8d]
Seat 2: andrey0709 (button) (small blind) showed [8h Qd] and won ($29.50) with a pair of Eights
Seat 3: AzureCaper (big blind) mucked


PokerStars Hand #166471023796:  Hold'em Limit ($3/$6 USD) - 2017/02/19 16:30:42 ET
Table 'Gianfar II' 6-max Seat #3 is the button
Seat 2: andrey0709 ($118.16 in chips)
Seat 3: AzureCaper ($85.11 in chips)
AzureCaper: posts small blind $1
andrey0709: posts big blind $3
*** HOLE CARDS ***
AzureCaper: raises $3 to $6
andrey0709: calls $3
*** FLOP *** [Qh 2d 7c]
andrey0709: checks
AzureCaper: bets $3
andrey0709: calls $3
*** TURN *** [Qh 2d 7c] [9c]
andrey0709: checks
AzureCaper: bets $6
andrey0709: raises $6 to $12
AzureCaper: calls $6
*** RIVER *** [Qh 2d 7c 9c] [Ah]
andrey0709: checks
AzureCaper: checks
*** SHOW DOWN ***
andrey0709: shows [Ks Qd] (a pair of Queens)
AzureCaper: mucks hand
andrey0709 collected $41.50 from pot
*** SUMMARY ***
Total pot $42 | Rake $0.50
Board [Qh 2d 7c 9c Ah]
Seat 2: andrey0709 (big blind) showed [Ks Qd] and won ($41.50) with a pair of Queens
Seat 3: AzureCaper (button) (small blind) mucked


PokerStars Hand #166470998491:  Hold'em Limit ($3/$6 USD) - 2017/02/19 16:30:16 ET
Table 'Gianfar II' 6-max Seat #3 is the button
Seat 2: andrey0709 ($106.66 in chips)
Seat 3: AzureCaper ($97.11 in chips)
AzureCaper: posts small blind $1
andrey0709: posts big blind $3
*** HOLE CARDS ***
AzureCaper: raises $3 to $6
andrey0709: folds
Uncalled bet ($3) returned to AzureCaper
AzureCaper collected $6 from pot
AzureCaper: doesn't show hand
*** SUMMARY ***
Total pot $6 | Rake $0
Seat 2: andrey0709 (big blind) folded before Flop
Seat 3: AzureCaper (button) (small blind) collected ($6)


PokerStars Hand #166471054695:  Hold'em Limit ($3/$6 USD) - 2017/02/19 16:31:13 ET
Table 'Gianfar II' 6-max Seat #3 is the button
Seat 2: andrey0709 ($132.66 in chips)
Seat 3: AzureCaper ($77.76 in chips)
AzureCaper: posts small blind $1
andrey0709: posts big blind $3
*** HOLE CARDS ***
AzureCaper: folds
Uncalled bet ($2) returned to andrey0709
andrey0709 collected $2 from pot
*** SUMMARY ***
Total pot $2 | Rake $0
Seat 2: andrey0709 (big blind) collected ($2)
Seat 3: AzureCaper (button) (small blind) folded before Flop


PokerStars Hand #166471066914:  Hold'em Limit ($3/$6 USD) - 2017/02/19 16:31:25 ET
Table 'Gianfar II' 6-max Seat #2 is the button
Seat 2: andrey0709 ($133.66 in chips)
Seat 3: AzureCaper ($76.76 in chips)
andrey0709: posts small blind $1
AzureCaper: posts big blind $3
*** HOLE CARDS ***
andrey0709: calls $2
AzureCaper: checks
*** FLOP *** [7c Kd Td]
AzureCaper: bets $3
andrey0709: calls $3
*** TURN *** [7c Kd Td] [4s]
AzureCaper: bets $6
andrey0709: raises $6 to $12
AzureCaper: calls $6
*** RIVER *** [7c Kd Td 4s] [4d]
AzureCaper: checks
andrey0709: checks
*** SHOW DOWN ***
AzureCaper: shows [7h 5c] (two pair, Sevens and Fours)
andrey0709: shows [Kh Jc] (two pair, Kings and Fours)
andrey0709 collected $35.50 from pot
*** SUMMARY ***
Total pot $36 | Rake $0.50
Board [7c Kd Td 4s 4d]
Seat 2: andrey0709 (button) (small blind) showed [Kh Jc] and won ($35.50) with two pair, Kings and Fours
Seat 3: AzureCaper (big blind) showed [7h 5c] and lost with two pair, Sevens and Fours


PokerStars Hand #166471089212:  Hold'em Limit ($3/$6 USD) - 2017/02/19 16:31:48 ET
Table 'Gianfar II' 6-max Seat #3 is the button
Seat 2: andrey0709 ($151.16 in chips)
Seat 3: AzureCaper ($72 in chips)
AzureCaper: posts small blind $1
andrey0709: posts big blind $3
*** HOLE CARDS ***
AzureCaper: folds
Uncalled bet ($2) returned to andrey0709
andrey0709 collected $2 from pot
*** SUMMARY ***
Total pot $2 | Rake $0
Seat 2: andrey0709 (big blind) collected ($2)
Seat 3: AzureCaper (button) (small blind) folded before Flop


PokerStars Hand #166471044446:  Hold'em Limit ($3/$6 USD) - 2017/02/19 16:31:03 ET
Table 'Gianfar II' 6-max Seat #2 is the button
Seat 2: andrey0709 ($138.66 in chips)
Seat 3: AzureCaper ($72 in chips)
andrey0709: posts small blind $1
AzureCaper: posts big blind $3
*** HOLE CARDS ***
andrey0709: calls $2
AzureCaper: raises $3 to $6
andrey0709: calls $3
*** FLOP *** [Jh Kc 8s]
AzureCaper: bets $3
andrey0709: folds
Uncalled bet ($3) returned to AzureCaper
AzureCaper collected $11.76 from pot
AzureCaper: doesn't show hand
*** SUMMARY ***
Total pot $12 | Rake $0.24
Board [Jh Kc 8s]
Seat 2: andrey0709 (button) (small blind) folded on the Flop
Seat 3: AzureCaper (big blind) collected ($11.76)


