PokerStars Hand #146780133080:  Hold'em Limit ($3/$6 USD) - 2016/01/10 1:09:59 ET
Table 'Gianfar' 6-max Seat #1 is the button
Seat 1: Masqb ($134.66 in chips)
Seat 3: chrispy12345 ($23.21 in chips)
Masqb: posts small blind $1
chrispy12345: posts big blind $3
*** HOLE CARDS ***
Masqb: raises $3 to $6
chrispy12345: calls $3
*** FLOP *** [2s Jd Qs]
chrispy12345: checks
Masqb: bets $3
chrispy12345: raises $3 to $6
Masqb: calls $3
*** TURN *** [2s Jd Qs] [Ks]
chrispy12345: bets $6
Masqb: raises $6 to $12
chrispy12345: calls $5.21 and is all-in
Uncalled bet ($0.79) returned to Masqb
*** RIVER *** [2s Jd Qs Ks] [7s]
*** SHOW DOWN ***
chrispy12345: shows [3d 3h] (a pair of Threes)
Masqb: shows [Qd As] (a flush, Ace high)
Masqb collected $45.92 from pot
*** SUMMARY ***
Total pot $46.42 | Rake $0.50
Board [2s Jd Qs Ks 7s]
Seat 1: Masqb (button) (small blind) showed [Qd As] and won ($45.92) with a flush, Ace high
Seat 3: chrispy12345 (big blind) showed [3d 3h] and lost with a pair of Threes


PokerStars Hand #146780115351:  Hold'em Limit ($3/$6 USD) - 2016/01/10 1:09:03 ET
Table 'Gianfar' 6-max Seat #1 is the button
Seat 1: Masqb ($126 in chips)
Seat 3: chrispy12345 ($32.84 in chips)
Masqb: posts small blind $1
chrispy12345: posts big blind $3
*** HOLE CARDS ***
Masqb: raises $3 to $6
chrispy12345: calls $3
*** FLOP *** [2d 3d 9d]
chrispy12345: bets $3
Masqb: calls $3
*** TURN *** [2d 3d 9d] [9s]
chrispy12345: bets $6
Masqb: calls $6
*** RIVER *** [2d 3d 9d 9s] [Qc]
chrispy12345: bets $6
Masqb: calls $6
*** SHOW DOWN ***
chrispy12345: shows [Kh 7d] (a pair of Nines)
Masqb: shows [3s 6s] (two pair, Nines and Threes)
Masqb collected $41.50 from pot
*** SUMMARY ***
Total pot $42 | Rake $0.50
Board [2d 3d 9d 9s Qc]
Seat 1: Masqb (button) (small blind) showed [3s 6s] and won ($41.50) with two pair, Nines and Threes
Seat 3: chrispy12345 (big blind) showed [Kh 7d] and lost with a pair of Nines


PokerStars Hand #146780125149:  Hold'em Limit ($3/$6 USD) - 2016/01/10 1:09:34 ET
Table 'Gianfar' 6-max Seat #3 is the button
Seat 1: Masqb ($146.50 in chips)
Seat 3: chrispy12345 ($11.84 in chips)
chrispy12345: posts small blind $1
Masqb: posts big blind $3
*** HOLE CARDS ***
chrispy12345: raises $3 to $6
Masqb: calls $3
*** FLOP *** [3c 4c Qh]
Masqb: checks
chrispy12345: bets $3
Masqb: raises $3 to $6
chrispy12345: calls $2.84 and is all-in
Uncalled bet ($0.16) returned to Masqb
*** TURN *** [3c 4c Qh] [Kc]
*** RIVER *** [3c 4c Qh Kc] [2h]
*** SHOW DOWN ***
Masqb: shows [Ts 9c] (high card King)
chrispy12345: shows [Tc Jc] (a flush, King high)
chrispy12345 collected $23.21 from pot
*** SUMMARY ***
Total pot $23.68 | Rake $0.47
Board [3c 4c Qh Kc 2h]
Seat 1: Masqb (big blind) showed [Ts 9c] and lost with high card King
Seat 3: chrispy12345 (button) (small blind) showed [Tc Jc] and won ($23.21) with a flush, King high


PokerStars Hand #146780233581:  Hold'em Limit ($3/$6 USD) - 2016/01/10 1:15:15 ET
Table 'Gianfar' 6-max Seat #3 is the button
Seat 1: Masqb ($158 in chips)
Seat 3: nearoda1969 ($600 in chips)
nearoda1969: posts small blind $1
Masqb: posts big blind $3
*** HOLE CARDS ***
nearoda1969: calls $2
Masqb: raises $3 to $6
nearoda1969: calls $3
*** FLOP *** [8d 7h 3s]
Masqb: bets $3
nearoda1969: raises $3 to $6
Masqb: calls $3
*** TURN *** [8d 7h 3s] [5c]
Masqb: checks
nearoda1969: bets $6
Masqb: calls $6
*** RIVER *** [8d 7h 3s 5c] [Ad]
Masqb: checks
nearoda1969: bets $6
Masqb: calls $6
*** SHOW DOWN ***
nearoda1969: shows [8h 5h] (two pair, Eights and Fives)
Masqb: mucks hand
nearoda1969 collected $47.50 from pot
*** SUMMARY ***
Total pot $48 | Rake $0.50
Board [8d 7h 3s 5c Ad]
Seat 1: Masqb (big blind) mucked
Seat 3: nearoda1969 (button) (small blind) showed [8h 5h] and won ($47.50) with two pair, Eights and Fives


PokerStars Hand #146780242192:  Hold'em Limit ($3/$6 USD) - 2016/01/10 1:15:42 ET
Table 'Gianfar' 6-max Seat #1 is the button
Seat 1: Masqb ($134 in chips)
Seat 3: nearoda1969 ($623.50 in chips)
Masqb: posts small blind $1
nearoda1969: posts big blind $3
*** HOLE CARDS ***
Masqb: folds
Uncalled bet ($2) returned to nearoda1969
nearoda1969 collected $2 from pot
nearoda1969: doesn't show hand
*** SUMMARY ***
Total pot $2 | Rake $0
Seat 1: Masqb (button) (small blind) folded before Flop
Seat 3: nearoda1969 (big blind) collected ($2)


PokerStars Hand #146780243732:  Hold'em Limit ($3/$6 USD) - 2016/01/10 1:15:47 ET
Table 'Gianfar' 6-max Seat #3 is the button
Seat 1: Masqb ($133 in chips)
Seat 3: nearoda1969 ($624.50 in chips)
nearoda1969: posts small blind $1
Masqb: posts big blind $3
*** HOLE CARDS ***
nearoda1969: calls $2
Masqb: checks
*** FLOP *** [Qh 2c Ts]
Masqb: bets $3
nearoda1969: raises $3 to $6
Masqb: calls $3
*** TURN *** [Qh 2c Ts] [3s]
Masqb: checks
nearoda1969: checks
*** RIVER *** [Qh 2c Ts 3s] [Tc]
Masqb: checks
nearoda1969: checks
*** SHOW DOWN ***
Masqb: shows [2s 8h] (two pair, Tens and Deuces)
nearoda1969: shows [Qd 7h] (two pair, Queens and Tens)
nearoda1969 collected $17.64 from pot
*** SUMMARY ***
Total pot $18 | Rake $0.36
Board [Qh 2c Ts 3s Tc]
Seat 1: Masqb (big blind) showed [2s 8h] and lost with two pair, Tens and Deuces
Seat 3: nearoda1969 (button) (small blind) showed [Qd 7h] and won ($17.64) with two pair, Queens and Tens


PokerStars Hand #146780258112:  Hold'em Limit ($3/$6 USD) - 2016/01/10 1:16:32 ET
Table 'Gianfar' 6-max Seat #3 is the button
Seat 1: Masqb ($115 in chips)
Seat 3: nearoda1969 ($641.78 in chips)
nearoda1969: posts small blind $1
Masqb: posts big blind $3
*** HOLE CARDS ***
nearoda1969: calls $2
Masqb: checks
*** FLOP *** [9s 5c 3d]
Masqb: checks
nearoda1969: checks
*** TURN *** [9s 5c 3d] [Ad]
Masqb: checks
nearoda1969: bets $6
Masqb: calls $6
*** RIVER *** [9s 5c 3d Ad] [Ts]
Masqb: checks
nearoda1969: bets $6
Masqb: folds
Uncalled bet ($6) returned to nearoda1969
nearoda1969 collected $17.64 from pot
nearoda1969: doesn't show hand
*** SUMMARY ***
Total pot $18 | Rake $0.36
Board [9s 5c 3d Ad Ts]
Seat 1: Masqb (big blind) folded on the River
Seat 3: nearoda1969 (button) (small blind) collected ($17.64)


PokerStars Hand #146780250843:  Hold'em Limit ($3/$6 USD) - 2016/01/10 1:16:09 ET
Table 'Gianfar' 6-max Seat #1 is the button
Seat 1: Masqb ($124 in chips)
Seat 3: nearoda1969 ($633.14 in chips)
Masqb: posts small blind $1
nearoda1969: posts big blind $3
*** HOLE CARDS ***
Masqb: raises $3 to $6
nearoda1969: calls $3
*** FLOP *** [8s As 2c]
nearoda1969: checks
Masqb: bets $3
nearoda1969: calls $3
*** TURN *** [8s As 2c] [7d]
nearoda1969: checks
Masqb: checks
*** RIVER *** [8s As 2c 7d] [Th]
nearoda1969: checks
Masqb: checks
*** SHOW DOWN ***
nearoda1969: shows [7c 9c] (a pair of Sevens)
Masqb: mucks hand
nearoda1969 collected $17.64 from pot
*** SUMMARY ***
Total pot $18 | Rake $0.36
Board [8s As 2c 7d Th]
Seat 1: Masqb (button) (small blind) mucked
Seat 3: nearoda1969 (big blind) showed [7c 9c] and won ($17.64) with a pair of Sevens


PokerStars Hand #146780283802:  Hold'em Limit ($3/$6 USD) - 2016/01/10 1:17:54 ET
Table 'Gianfar' 6-max Seat #1 is the button
Seat 1: Masqb ($99.88 in chips)
Seat 3: nearoda1969 ($656.06 in chips)
Masqb: posts small blind $1
nearoda1969: posts big blind $3
*** HOLE CARDS ***
Masqb: raises $3 to $6
nearoda1969: calls $3
*** FLOP *** [4h 4s 9d]
nearoda1969: checks
Masqb: bets $3
nearoda1969: folds
Uncalled bet ($3) returned to Masqb
Masqb collected $11.76 from pot
Masqb: doesn't show hand
*** SUMMARY ***
Total pot $12 | Rake $0.24
Board [4h 4s 9d]
Seat 1: Masqb (button) (small blind) collected ($11.76)
Seat 3: nearoda1969 (big blind) folded on the Flop


PokerStars Hand #146780278490:  Hold'em Limit ($3/$6 USD) - 2016/01/10 1:17:37 ET
Table 'Gianfar' 6-max Seat #3 is the button
Seat 1: Masqb ($97 in chips)
Seat 3: nearoda1969 ($659.06 in chips)
nearoda1969: posts small blind $1
Masqb: posts big blind $3
*** HOLE CARDS ***
nearoda1969: calls $2
Masqb: checks
*** FLOP *** [7d Ac Ad]
Masqb: checks
nearoda1969: checks
*** TURN *** [7d Ac Ad] [8h]
Masqb: checks
nearoda1969: checks
*** RIVER *** [7d Ac Ad 8h] [Tc]
Masqb: bets $6
nearoda1969: folds
Uncalled bet ($6) returned to Masqb
Masqb collected $5.88 from pot
Masqb: doesn't show hand
*** SUMMARY ***
Total pot $6 | Rake $0.12
Board [7d Ac Ad 8h Tc]
Seat 1: Masqb (big blind) collected ($5.88)
Seat 3: nearoda1969 (button) (small blind) folded on the River


PokerStars Hand #146780291178:  Hold'em Limit ($3/$6 USD) - 2016/01/10 1:18:18 ET
Table 'Gianfar' 6-max Seat #1 is the button
Seat 1: Masqb ($111.40 in chips)
Seat 3: nearoda1969 ($644.06 in chips)
Masqb: posts small blind $1
nearoda1969: posts big blind $3
*** HOLE CARDS ***
Masqb: folds
Uncalled bet ($2) returned to nearoda1969
nearoda1969 collected $2 from pot
nearoda1969: doesn't show hand
*** SUMMARY ***
Total pot $2 | Rake $0
Seat 1: Masqb (button) (small blind) folded before Flop
Seat 3: nearoda1969 (big blind) collected ($2)


PokerStars Hand #146780287598:  Hold'em Limit ($3/$6 USD) - 2016/01/10 1:18:07 ET
Table 'Gianfar' 6-max Seat #3 is the button
Seat 1: Masqb ($105.64 in chips)
Seat 3: nearoda1969 ($650.06 in chips)
nearoda1969: posts small blind $1
Masqb: posts big blind $3
*** HOLE CARDS ***
nearoda1969: calls $2
Masqb: raises $3 to $6
nearoda1969: calls $3
*** FLOP *** [7h 8h Kc]
Masqb: bets $3
nearoda1969: folds
Uncalled bet ($3) returned to Masqb
Masqb collected $11.76 from pot
Masqb: doesn't show hand
*** SUMMARY ***
Total pot $12 | Rake $0.24
Board [7h 8h Kc]
Seat 1: Masqb (big blind) collected ($11.76)
Seat 3: nearoda1969 (button) (small blind) folded on the Flop


PokerStars Hand #146780268945:  Hold'em Limit ($3/$6 USD) - 2016/01/10 1:17:07 ET
Table 'Gianfar' 6-max Seat #1 is the button
Seat 1: Masqb ($106 in chips)
Seat 3: nearoda1969 ($650.42 in chips)
Masqb: posts small blind $1
nearoda1969: posts big blind $3
*** HOLE CARDS ***
Masqb: raises $3 to $6
nearoda1969: calls $3
*** FLOP *** [2d 3d Qh]
nearoda1969: checks
Masqb: bets $3
nearoda1969: calls $3
*** TURN *** [2d 3d Qh] [Js]
nearoda1969: checks
Masqb: checks
*** RIVER *** [2d 3d Qh Js] [Ad]
nearoda1969: bets $6
Masqb: folds
Uncalled bet ($6) returned to nearoda1969
nearoda1969 collected $17.64 from pot
nearoda1969: doesn't show hand
*** SUMMARY ***
Total pot $18 | Rake $0.36
Board [2d 3d Qh Js Ad]
Seat 1: Masqb (button) (small blind) folded on the River
Seat 3: nearoda1969 (big blind) collected ($17.64)


PokerStars Hand #146780292993:  Hold'em Limit ($3/$6 USD) - 2016/01/10 1:18:24 ET
Table 'Gianfar' 6-max Seat #3 is the button
Seat 1: Masqb ($110.40 in chips)
Seat 3: nearoda1969 ($645.06 in chips)
nearoda1969: posts small blind $1
Masqb: posts big blind $3
*** HOLE CARDS ***
nearoda1969: raises $3 to $6
Masqb: calls $3
*** FLOP *** [3s 2h 5h]
Masqb: checks
nearoda1969: checks
*** TURN *** [3s 2h 5h] [Td]
Masqb: bets $6
nearoda1969: folds
Uncalled bet ($6) returned to Masqb
Masqb collected $11.76 from pot
Masqb: doesn't show hand
*** SUMMARY ***
Total pot $12 | Rake $0.24
Board [3s 2h 5h Td]
Seat 1: Masqb (big blind) collected ($11.76)
Seat 3: nearoda1969 (button) (small blind) folded on the Turn


PokerStars Hand #146780307981:  Hold'em Limit ($3/$6 USD) - 2016/01/10 1:19:12 ET
Table 'Gianfar' 6-max Seat #1 is the button
Seat 1: Masqb ($124.66 in chips)
Seat 3: nearoda1969 ($629.70 in chips)
Masqb: posts small blind $1
nearoda1969: posts big blind $3
*** HOLE CARDS ***
Masqb: raises $3 to $6
nearoda1969: raises $3 to $9
Masqb: calls $3
*** FLOP *** [9s 3h 9h]
nearoda1969: bets $3
Masqb: folds
Uncalled bet ($3) returned to nearoda1969
nearoda1969 collected $17.64 from pot
nearoda1969: doesn't show hand
*** SUMMARY ***
Total pot $18 | Rake $0.36
Board [9s 3h 9h]
Seat 1: Masqb (button) (small blind) folded on the Flop
Seat 3: nearoda1969 (big blind) collected ($17.64)


PokerStars Hand #146780301272:  Hold'em Limit ($3/$6 USD) - 2016/01/10 1:18:50 ET
Table 'Gianfar' 6-max Seat #3 is the button
Seat 1: Masqb ($133.66 in chips)
Seat 3: nearoda1969 ($621.06 in chips)
nearoda1969: posts small blind $1
Masqb: posts big blind $3
*** HOLE CARDS ***
nearoda1969: raises $3 to $6
Masqb: calls $3
*** FLOP *** [4d Kh Ad]
Masqb: checks
nearoda1969: bets $3
Masqb: calls $3
*** TURN *** [4d Kh Ad] [4h]
Masqb: checks
nearoda1969: checks
*** RIVER *** [4d Kh Ad 4h] [Ac]
Masqb: checks
nearoda1969: bets $6
Masqb: folds
Uncalled bet ($6) returned to nearoda1969
nearoda1969 collected $17.64 from pot
nearoda1969: doesn't show hand
*** SUMMARY ***
Total pot $18 | Rake $0.36
Board [4d Kh Ad 4h Ac]
Seat 1: Masqb (big blind) folded on the River
Seat 3: nearoda1969 (button) (small blind) collected ($17.64)


PokerStars Hand #146780296780:  Hold'em Limit ($3/$6 USD) - 2016/01/10 1:18:36 ET
Table 'Gianfar' 6-max Seat #1 is the button
Seat 1: Masqb ($116.16 in chips)
Seat 3: nearoda1969 ($639.06 in chips)
Masqb: posts small blind $1
nearoda1969: posts big blind $3
*** HOLE CARDS ***
Masqb: raises $3 to $6
nearoda1969: raises $3 to $9
Masqb: calls $3
*** FLOP *** [4c 5h 4s]
nearoda1969: bets $3
Masqb: calls $3
*** TURN *** [4c 5h 4s] [6h]
nearoda1969: bets $6
Masqb: raises $6 to $12
nearoda1969: folds
Uncalled bet ($6) returned to Masqb
Masqb collected $35.50 from pot
Masqb: doesn't show hand
*** SUMMARY ***
Total pot $36 | Rake $0.50
Board [4c 5h 4s 6h]
Seat 1: Masqb (button) (small blind) collected ($35.50)
Seat 3: nearoda1969 (big blind) folded on the Turn


PokerStars Hand #146780316036:  Hold'em Limit ($3/$6 USD) - 2016/01/10 1:19:39 ET
Table 'Gianfar' 6-max Seat #1 is the button
Seat 1: Masqb ($116.66 in chips)
Seat 3: nearoda1969 ($637.34 in chips)
Masqb: posts small blind $1
nearoda1969: posts big blind $3
*** HOLE CARDS ***
Masqb: raises $3 to $6
nearoda1969: calls $3
*** FLOP *** [9s Kh Td]
nearoda1969: checks
Masqb: bets $3
nearoda1969: raises $3 to $6
Masqb: calls $3
*** TURN *** [9s Kh Td] [8h]
nearoda1969: bets $6
Masqb: calls $6
*** RIVER *** [9s Kh Td 8h] [6d]
Hsj2012 joins the table at seat #6
nearoda1969: bets $6
Masqb: calls $6
*** SHOW DOWN ***
nearoda1969: shows [Ks Th] (two pair, Kings and Tens)
Masqb: mucks hand
nearoda1969 collected $47.50 from pot
*** SUMMARY ***
Total pot $48 | Rake $0.50
Board [9s Kh Td 8h 6d]
Seat 1: Masqb (button) (small blind) mucked
Seat 3: nearoda1969 (big blind) showed [Ks Th] and won ($47.50) with two pair, Kings and Tens


PokerStars Hand #146780312425:  Hold'em Limit ($3/$6 USD) - 2016/01/10 1:19:27 ET
Table 'Gianfar' 6-max Seat #1 is the button
Seat 1: Masqb ($116.66 in chips)
Seat 3: nearoda1969 ($637.34 in chips)
Masqb: posts small blind $1
nearoda1969: posts big blind $3
*** HOLE CARDS ***
Masqb: raises $3 to $6
nearoda1969: folds
Uncalled bet ($3) returned to Masqb
Masqb collected $6 from pot
Masqb: doesn't show hand
*** SUMMARY ***
Total pot $6 | Rake $0
Seat 1: Masqb (button) (small blind) collected ($6)
Seat 3: nearoda1969 (big blind) folded before Flop


PokerStars Hand #146780311125:  Hold'em Limit ($3/$6 USD) - 2016/01/10 1:19:23 ET
Table 'Gianfar' 6-max Seat #3 is the button
Seat 1: Masqb ($115.66 in chips)
Seat 3: nearoda1969 ($638.34 in chips)
nearoda1969: posts small blind $1
Masqb: posts big blind $3
*** HOLE CARDS ***
nearoda1969: folds
Uncalled bet ($2) returned to Masqb
Masqb collected $2 from pot
Masqb: doesn't show hand
*** SUMMARY ***
Total pot $2 | Rake $0
Seat 1: Masqb (big blind) collected ($2)
Seat 3: nearoda1969 (button) (small blind) folded before Flop


PokerStars Hand #146781594355:  Hold'em Limit ($3/$6 USD) - 2016/01/10 2:29:16 ET
Table 'Gianfar' 6-max Seat #4 is the button
Seat 1: Masqb ($181.65 in chips)
Seat 4: UNABELIEVE ($40.83 in chips)
UNABELIEVE: posts small blind $1
Masqb: posts big blind $3
*** HOLE CARDS ***
UNABELIEVE: raises $3 to $6
Masqb: raises $3 to $9
UNABELIEVE: calls $3
*** FLOP *** [6s Tc 3s]
Masqb: bets $3
UNABELIEVE: calls $3
*** TURN *** [6s Tc 3s] [4d]
Masqb: bets $6
UNABELIEVE: folds
Uncalled bet ($6) returned to Masqb
Masqb collected $23.52 from pot
Masqb: doesn't show hand
*** SUMMARY ***
Total pot $24 | Rake $0.48
Board [6s Tc 3s 4d]
Seat 1: Masqb (big blind) collected ($23.52)
Seat 4: UNABELIEVE (button) (small blind) folded on the Turn


PokerStars Hand #146781601678:  Hold'em Limit ($3/$6 USD) - 2016/01/10 2:29:40 ET
Table 'Gianfar' 6-max Seat #1 is the button
Seat 1: Masqb ($193.17 in chips)
Seat 4: UNABELIEVE ($28.83 in chips)
Masqb: posts small blind $1
UNABELIEVE: posts big blind $3
*** HOLE CARDS ***
Masqb: folds
Uncalled bet ($2) returned to UNABELIEVE
UNABELIEVE collected $2 from pot
*** SUMMARY ***
Total pot $2 | Rake $0
Seat 1: Masqb (button) (small blind) folded before Flop
Seat 4: UNABELIEVE (big blind) collected ($2)


PokerStars Hand #146781692848:  Hold'em Limit ($3/$6 USD) - 2016/01/10 2:34:26 ET
Table 'Gianfar' 6-max Seat #4 is the button
Seat 4: UNABELIEVE ($54.31 in chips)
Seat 5: -25an- ($46.82 in chips)
UNABELIEVE: posts small blind $1
-25an-: posts big blind $3
*** HOLE CARDS ***
UNABELIEVE: raises $3 to $6
-25an-: calls $3
*** FLOP *** [Jd 5d Kc]
-25an-: checks
UNABELIEVE: bets $3
-25an-: calls $3
*** TURN *** [Jd 5d Kc] [6h]
-25an-: checks
UNABELIEVE: bets $6
-25an-: calls $6
*** RIVER *** [Jd 5d Kc 6h] [Ad]
-25an-: checks
UNABELIEVE: checks
*** SHOW DOWN ***
-25an-: shows [8c Kd] (a pair of Kings)
UNABELIEVE: mucks hand
-25an- collected $29.50 from pot
*** SUMMARY ***
Total pot $30 | Rake $0.50
Board [Jd 5d Kc 6h Ad]
Seat 4: UNABELIEVE (button) (small blind) mucked
Seat 5: -25an- (big blind) showed [8c Kd] and won ($29.50) with a pair of Kings


PokerStars Hand #146781700162:  Hold'em Limit ($3/$6 USD) - 2016/01/10 2:34:49 ET
Table 'Gianfar' 6-max Seat #5 is the button
Seat 4: UNABELIEVE ($39.31 in chips)
Seat 5: -25an- ($61.32 in chips)
-25an-: posts small blind $1
UNABELIEVE: posts big blind $3
*** HOLE CARDS ***
-25an-: folds
Uncalled bet ($2) returned to UNABELIEVE
UNABELIEVE collected $2 from pot
*** SUMMARY ***
Total pot $2 | Rake $0
Seat 4: UNABELIEVE (big blind) collected ($2)
Seat 5: -25an- (button) (small blind) folded before Flop


