PokerStars Hand #170770523456:  Hold'em Limit ($3/$6 USD) - 2017/05/22 13:00:38 ET
Table 'Giclas' 10-max Seat #10 is the button
Seat 9: perten ($152.38 in chips)
Seat 10: belik555 ($90 in chips)
belik555: posts small blind $1
TinaTurner72: is sitting out
perten: posts big blind $3
*** HOLE CARDS ***
renegade1998 joins the table at seat #1
belik555: raises $3 to $6
perten: folds
Uncalled bet ($3) returned to belik555
belik555 collected $6 from pot
belik555: doesn't show hand
*** SUMMARY ***
Total pot $6 | Rake $0
Seat 9: perten (big blind) folded before Flop
Seat 10: belik555 (button) (small blind) collected ($6)


PokerStars Hand #170770528526:  Hold'em Limit ($3/$6 USD) - 2017/05/22 13:00:46 ET
Table 'Giclas' 10-max Seat #9 is the button
Seat 9: perten ($149.38 in chips)
Seat 10: belik555 ($93 in chips)
perten: posts small blind $1
belik555: posts big blind $3
*** HOLE CARDS ***
vestimokrec joins the table at seat #2
perten: raises $3 to $6
belik555: calls $3
*** FLOP *** [Td Qd Ac]
belik555: checks
perten: bets $3
belik555: folds
Uncalled bet ($3) returned to perten
perten collected $11.76 from pot
perten: doesn't show hand
*** SUMMARY ***
Total pot $12 | Rake $0.24
Board [Td Qd Ac]
Seat 9: perten (button) (small blind) collected ($11.76)
Seat 10: belik555 (big blind) folded on the Flop


PokerStars Hand #170771054895:  Hold'em Limit ($3/$6 USD) - 2017/05/22 13:12:40 ET
Table 'Giclas' 10-max Seat #10 is the button
Seat 9: perten ($127.32 in chips)
Seat 10: belik555 ($153.13 in chips)
belik555: posts small blind $1
vestimokrec: is sitting out
perten: posts big blind $3
*** HOLE CARDS ***
vestimokrec leaves the table
belik555: raises $3 to $6
perten: raises $3 to $9
belik555: calls $3
*** FLOP *** [9s Jc Ts]
perten: bets $3
belik555: folds
Uncalled bet ($3) returned to perten
perten collected $17.64 from pot
perten: doesn't show hand
*** SUMMARY ***
Total pot $18 | Rake $0.36
Board [9s Jc Ts]
Seat 9: perten (big blind) collected ($17.64)
Seat 10: belik555 (button) (small blind) folded on the Flop


PokerStars Hand #170771093909:  Hold'em Limit ($3/$6 USD) - 2017/05/22 13:13:32 ET
Table 'Giclas' 10-max Seat #10 is the button
Seat 9: perten ($150.46 in chips)
Seat 10: belik555 ($129.13 in chips)
belik555: posts small blind $1
perten: posts big blind $3
*** HOLE CARDS ***
belik555: raises $3 to $6
perten: calls $3
*** FLOP *** [6h 8s 3c]
perten: checks
belik555: checks
*** TURN *** [6h 8s 3c] [2c]
perten: bets $6
belik555: calls $6
*** RIVER *** [6h 8s 3c 2c] [2d]
perten: bets $6
belik555: folds
Uncalled bet ($6) returned to perten
perten collected $23.52 from pot
perten: doesn't show hand
*** SUMMARY ***
Total pot $24 | Rake $0.48
Board [6h 8s 3c 2c 2d]
Seat 9: perten (big blind) collected ($23.52)
Seat 10: belik555 (button) (small blind) folded on the River


PokerStars Hand #170771112576:  Hold'em Limit ($3/$6 USD) - 2017/05/22 13:13:56 ET
Table 'Giclas' 10-max Seat #9 is the button
Seat 9: perten ($161.98 in chips)
Seat 10: belik555 ($117.13 in chips)
perten: posts small blind $1
belik555: posts big blind $3
*** HOLE CARDS ***
perten: folds
Uncalled bet ($2) returned to belik555
belik555 collected $2 from pot
belik555: doesn't show hand
*** SUMMARY ***
Total pot $2 | Rake $0
Seat 9: perten (button) (small blind) folded before Flop
Seat 10: belik555 (big blind) collected ($2)


PokerStars Hand #170771129023:  Hold'em Limit ($3/$6 USD) - 2017/05/22 13:14:18 ET
Table 'Giclas' 10-max Seat #10 is the button
Seat 9: perten ($156.98 in chips)
Seat 10: belik555 ($122.13 in chips)
belik555: posts small blind $1
perten: posts big blind $3
*** HOLE CARDS ***
belik555: raises $3 to $6
perten: raises $3 to $9
belik555: calls $3
*** FLOP *** [9c Ac Qd]
perten: bets $3
belik555: folds
Uncalled bet ($3) returned to perten
perten collected $17.64 from pot
perten: doesn't show hand
*** SUMMARY ***
Total pot $18 | Rake $0.36
Board [9c Ac Qd]
Seat 9: perten (big blind) collected ($17.64)
Seat 10: belik555 (button) (small blind) folded on the Flop


PokerStars Hand #170771125402:  Hold'em Limit ($3/$6 USD) - 2017/05/22 13:14:13 ET
Table 'Giclas' 10-max Seat #9 is the button
Seat 9: perten ($157.98 in chips)
Seat 10: belik555 ($121.13 in chips)
perten: posts small blind $1
belik555: posts big blind $3
*** HOLE CARDS ***
perten: folds
Uncalled bet ($2) returned to belik555
belik555 collected $2 from pot
belik555: doesn't show hand
*** SUMMARY ***
Total pot $2 | Rake $0
Seat 9: perten (button) (small blind) folded before Flop
Seat 10: belik555 (big blind) collected ($2)


PokerStars Hand #170771119738:  Hold'em Limit ($3/$6 USD) - 2017/05/22 13:14:06 ET
Table 'Giclas' 10-max Seat #10 is the button
Seat 9: perten ($160.98 in chips)
Seat 10: belik555 ($118.13 in chips)
belik555: posts small blind $1
perten: posts big blind $3
*** HOLE CARDS ***
belik555: raises $3 to $6
perten: folds
Uncalled bet ($3) returned to belik555
belik555 collected $6 from pot
belik555: doesn't show hand
*** SUMMARY ***
Total pot $6 | Rake $0
Seat 9: perten (big blind) folded before Flop
Seat 10: belik555 (button) (small blind) collected ($6)


PokerStars Hand #170771142665:  Hold'em Limit ($3/$6 USD) - 2017/05/22 13:14:36 ET
Table 'Giclas' 10-max Seat #9 is the button
Seat 9: perten ($165.62 in chips)
Seat 10: belik555 ($113.13 in chips)
perten: posts small blind $1
belik555: posts big blind $3
*** HOLE CARDS ***
perten: raises $3 to $6
belik555: raises $3 to $9
perten: calls $3
*** FLOP *** [Tc 6d 8h]
belik555: bets $3
perten: calls $3
*** TURN *** [Tc 6d 8h] [Ah]
belik555: bets $6
perten: folds
Uncalled bet ($6) returned to belik555
belik555 collected $23.52 from pot
belik555: doesn't show hand
*** SUMMARY ***
Total pot $24 | Rake $0.48
Board [Tc 6d 8h Ah]
Seat 9: perten (button) (small blind) folded on the Turn
Seat 10: belik555 (big blind) collected ($23.52)


PokerStars Hand #170771157098:  Hold'em Limit ($3/$6 USD) - 2017/05/22 13:14:55 ET
Table 'Giclas' 10-max Seat #10 is the button
Seat 9: perten ($153.62 in chips)
Seat 10: belik555 ($124.65 in chips)
belik555: posts small blind $1
perten: posts big blind $3
*** HOLE CARDS ***
belik555: raises $3 to $6
perten: calls $3
*** FLOP *** [5d Td 7d]
perten: checks
belik555: bets $3
perten: raises $3 to $6
belik555: calls $3
*** TURN *** [5d Td 7d] [7s]
perten: bets $6
belik555: raises $6 to $12
perten: raises $6 to $18
belik555: calls $6
*** RIVER *** [5d Td 7d 7s] [2d]
perten: checks
belik555: bets $6
perten: raises $6 to $12
belik555: raises $6 to $18
perten: raises $6 to $24
Betting is capped
belik555: calls $6
*** SHOW DOWN ***
perten: shows [7h Tc] (a full house, Sevens full of Tens)
belik555: mucks hand
perten collected $107.50 from pot
*** SUMMARY ***
Total pot $108 | Rake $0.50
Board [5d Td 7d 7s 2d]
Seat 9: perten (big blind) showed [7h Tc] and won ($107.50) with a full house, Sevens full of Tens
Seat 10: belik555 (button) (small blind) mucked


PokerStars Hand #170771205640:  Hold'em Limit ($3/$6 USD) - 2017/05/22 13:15:58 ET
Table 'Giclas' 10-max Seat #9 is the button
Seat 9: perten ($207.12 in chips)
Seat 10: belik555 ($90 in chips)
perten: posts small blind $1
belik555: posts big blind $3
*** HOLE CARDS ***
perten: folds
Uncalled bet ($2) returned to belik555
belik555 collected $2 from pot
belik555: doesn't show hand
*** SUMMARY ***
Total pot $2 | Rake $0
Seat 9: perten (button) (small blind) folded before Flop
Seat 10: belik555 (big blind) collected ($2)


PokerStars Hand #170771239407:  Hold'em Limit ($3/$6 USD) - 2017/05/22 13:16:42 ET
Table 'Giclas' 10-max Seat #9 is the button
Seat 9: perten ($229.62 in chips)
Seat 10: belik555 ($90 in chips)
perten: posts small blind $1
belik555: posts big blind $3
*** HOLE CARDS ***
perten: raises $3 to $6
belik555: folds
Uncalled bet ($3) returned to perten
perten collected $6 from pot
perten: doesn't show hand
*** SUMMARY ***
Total pot $6 | Rake $0
Seat 9: perten (button) (small blind) collected ($6)
Seat 10: belik555 (big blind) folded before Flop


PokerStars Hand #170771210446:  Hold'em Limit ($3/$6 USD) - 2017/05/22 13:16:05 ET
Table 'Giclas' 10-max Seat #10 is the button
Seat 9: perten ($206.12 in chips)
Seat 10: belik555 ($91 in chips)
belik555: posts small blind $1
perten: posts big blind $3
*** HOLE CARDS ***
belik555: raises $3 to $6
perten: raises $3 to $9
belik555: calls $3
*** FLOP *** [4c 3d 8c]
perten: bets $3
belik555: calls $3
*** TURN *** [4c 3d 8c] [4h]
perten: bets $6
belik555: calls $6
*** RIVER *** [4c 3d 8c 4h] [5h]
perten: bets $6
belik555: calls $6
*** SHOW DOWN ***
perten: shows [Jc Jd] (two pair, Jacks and Fours)
belik555: mucks hand
perten collected $47.50 from pot
*** SUMMARY ***
Total pot $48 | Rake $0.50
Board [4c 3d 8c 4h 5h]
Seat 9: perten (big blind) showed [Jc Jd] and won ($47.50) with two pair, Jacks and Fours
Seat 10: belik555 (button) (small blind) mucked


