PokerStars Hand #173108357356:  Hold'em Limit ($3/$6 USD) - 2017/07/16 12:00:19 ET
Table 'Giclas' 6-max Seat #2 is the button
Seat 2: thRebetz ($81 in chips)
Seat 4: VolkovDmitri ($158 in chips)
thRebetz: posts small blind $1
VolkovDmitri: posts big blind $3
*** HOLE CARDS ***
thRebetz: folds
Uncalled bet ($2) returned to VolkovDmitri
VolkovDmitri collected $2 from pot
VolkovDmitri: doesn't show hand
*** SUMMARY ***
Total pot $2 | Rake $0
Seat 2: thRebetz (button) (small blind) folded before Flop
Seat 4: VolkovDmitri (big blind) collected ($2)


PokerStars Hand #173108339152:  Hold'em Limit ($3/$6 USD) - 2017/07/16 11:59:47 ET
Table 'Giclas' 6-max Seat #4 is the button
Seat 2: thRebetz ($96 in chips)
Seat 4: VolkovDmitri ($143.50 in chips)
VolkovDmitri: posts small blind $1
thRebetz: posts big blind $3
*** HOLE CARDS ***
VolkovDmitri: raises $3 to $6
thRebetz: calls $3
*** FLOP *** [Qd Jh 8d]
thRebetz: checks
VolkovDmitri: bets $3
thRebetz: calls $3
*** TURN *** [Qd Jh 8d] [5s]
thRebetz: checks
VolkovDmitri: checks
*** RIVER *** [Qd Jh 8d 5s] [6c]
thRebetz: checks
VolkovDmitri: bets $6
thRebetz: calls $6
*** SHOW DOWN ***
VolkovDmitri: shows [6s Th] (a pair of Sixes)
thRebetz: mucks hand
VolkovDmitri collected $29.50 from pot
*** SUMMARY ***
Total pot $30 | Rake $0.50
Board [Qd Jh 8d 5s 6c]
Seat 2: thRebetz (big blind) mucked
Seat 4: VolkovDmitri (button) (small blind) showed [6s Th] and won ($29.50) with a pair of Sixes


PokerStars Hand #173108325589:  Hold'em Limit ($3/$6 USD) - 2017/07/16 11:59:23 ET
Table 'Giclas' 6-max Seat #2 is the button
Seat 2: thRebetz ($120 in chips)
Seat 4: VolkovDmitri ($120 in chips)
thRebetz: posts small blind $1
VolkovDmitri: posts big blind $3
*** HOLE CARDS ***
thRebetz: raises $3 to $6
VolkovDmitri: calls $3
*** FLOP *** [Kc 4s 9c]
VolkovDmitri: checks
thRebetz: bets $3
VolkovDmitri: raises $3 to $6
thRebetz: calls $3
*** TURN *** [Kc 4s 9c] [7h]
VolkovDmitri: bets $6
thRebetz: calls $6
*** RIVER *** [Kc 4s 9c 7h] [5c]
VolkovDmitri: bets $6
thRebetz: calls $6
*** SHOW DOWN ***
VolkovDmitri: shows [Kd 5h] (two pair, Kings and Fives)
thRebetz: mucks hand
VolkovDmitri collected $47.50 from pot
*** SUMMARY ***
Total pot $48 | Rake $0.50
Board [Kc 4s 9c 7h 5c]
Seat 2: thRebetz (button) (small blind) mucked
Seat 4: VolkovDmitri (big blind) showed [Kd 5h] and won ($47.50) with two pair, Kings and Fives


PokerStars Hand #173108364404:  Hold'em Limit ($3/$6 USD) - 2017/07/16 12:00:31 ET
Table 'Giclas' 6-max Seat #2 is the button
Seat 2: thRebetz ($81 in chips)
Seat 4: VolkovDmitri ($158 in chips)
thRebetz: posts small blind $1
VolkovDmitri: posts big blind $3
*** HOLE CARDS ***
luckyzb joins the table at seat #1
thRebetz: folds
Uncalled bet ($2) returned to VolkovDmitri
VolkovDmitri collected $2 from pot
VolkovDmitri: doesn't show hand
*** SUMMARY ***
Total pot $2 | Rake $0
Seat 2: thRebetz (button) (small blind) folded before Flop
Seat 4: VolkovDmitri (big blind) collected ($2)


PokerStars Hand #173108360546:  Hold'em Limit ($3/$6 USD) - 2017/07/16 12:00:24 ET
Table 'Giclas' 6-max Seat #4 is the button
Seat 2: thRebetz ($80 in chips)
Seat 4: VolkovDmitri ($159 in chips)
VolkovDmitri: posts small blind $1
thRebetz: posts big blind $3
*** HOLE CARDS ***
VolkovDmitri: folds
Uncalled bet ($2) returned to thRebetz
thRebetz collected $2 from pot
*** SUMMARY ***
Total pot $2 | Rake $0
Seat 2: thRebetz (big blind) collected ($2)
Seat 4: VolkovDmitri (button) (small blind) folded before Flop


PokerStars Hand #173109193114:  Hold'em Limit ($3/$6 USD) - 2017/07/16 12:19:28 ET
Table 'Giclas' 6-max Seat #1 is the button
Seat 1: luckyzb ($28.64 in chips)
Seat 4: Gil.Gameshko ($127.39 in chips)
luckyzb: posts small blind $1
vestimokrec: is sitting out
Pelurile: is sitting out
Gil.Gameshko: posts big blind $3
*** HOLE CARDS ***
luckyzb: raises $3 to $6
Gil.Gameshko: calls $3
*** FLOP *** [9c Tc 3h]
Gil.Gameshko: checks
Pelurile leaves the table
luckyzb: bets $3
Gil.Gameshko: folds
Uncalled bet ($3) returned to luckyzb
luckyzb collected $11.76 from pot
luckyzb: doesn't show hand
*** SUMMARY ***
Total pot $12 | Rake $0.24
Board [9c Tc 3h]
Seat 1: luckyzb (button) (small blind) collected ($11.76)
Seat 4: Gil.Gameshko (big blind) folded on the Flop


