PokerStars Hand #158409564367:  Hold'em Limit ($3/$6 USD) - 2016/09/10 7:00:54 ET
Table 'Giclas' 6-max Seat #4 is the button
Seat 2: stuart1973 ($157.25 in chips)
Seat 4: Agrotait ($72 in chips)
Agrotait: posts small blind $1
stuart1973: posts big blind $3
*** HOLE CARDS ***
Agrotait: raises $3 to $6
stuart1973: calls $3
*** FLOP *** [4d Jh Js]
stuart1973: checks
Agrotait: bets $3
stuart1973: calls $3
*** TURN *** [4d Jh Js] [3s]
stuart1973: checks
Agrotait: bets $6
stuart1973: calls $6
*** RIVER *** [4d Jh Js 3s] [4c]
stuart1973: checks
Agrotait: checks
*** SHOW DOWN ***
stuart1973: shows [2h 2c] (two pair, Jacks and Fours)
Agrotait: shows [3h Kd] (two pair, Jacks and Fours - King kicker)
Agrotait collected $29.50 from pot
*** SUMMARY ***
Total pot $30 | Rake $0.50
Board [4d Jh Js 3s 4c]
Seat 2: stuart1973 (big blind) showed [2h 2c] and lost with two pair, Jacks and Fours
Seat 4: Agrotait (button) (small blind) showed [3h Kd] and won ($29.50) with two pair, Jacks and Fours


PokerStars Hand #158409551399:  Hold'em Limit ($3/$6 USD) - 2016/09/10 7:00:22 ET
Table 'Giclas' 6-max Seat #2 is the button
Seat 2: stuart1973 ($124.75 in chips)
Seat 4: Agrotait ($72 in chips)
stuart1973: posts small blind $1
Agrotait: posts big blind $3
*** HOLE CARDS ***
stuart1973: raises $3 to $6
Agrotait: raises $3 to $9
stuart1973: raises $3 to $12
Betting is capped
Agrotait: calls $3
*** FLOP *** [2d 3h 9s]
Agrotait: bets $3
stuart1973: raises $3 to $6
Agrotait: raises $3 to $9
stuart1973: calls $3
*** TURN *** [2d 3h 9s] [Ks]
Agrotait: checks
stuart1973: bets $6
Agrotait: calls $6
*** RIVER *** [2d 3h 9s Ks] [Jc]
Agrotait: checks
stuart1973: bets $6
Agrotait: calls $6
*** SHOW DOWN ***
stuart1973: shows [Kd Kh] (three of a kind, Kings)
Agrotait: mucks hand
stuart1973 collected $65.50 from pot
*** SUMMARY ***
Total pot $66 | Rake $0.50
Board [2d 3h 9s Ks Jc]
Seat 2: stuart1973 (button) (small blind) showed [Kd Kh] and won ($65.50) with three of a kind, Kings
Seat 4: Agrotait (big blind) mucked


PokerStars Hand #158409580937:  Hold'em Limit ($3/$6 USD) - 2016/09/10 7:01:34 ET
Table 'Giclas' 6-max Seat #4 is the button
Seat 2: stuart1973 ($121.25 in chips)
Seat 4: Agrotait ($107 in chips)
Agrotait: posts small blind $1
stuart1973: posts big blind $3
*** HOLE CARDS ***
Agrotait: raises $3 to $6
stuart1973: raises $3 to $9
Agrotait: calls $3
*** FLOP *** [5c 4s Qh]
stuart1973: bets $3
Agrotait: calls $3
*** TURN *** [5c 4s Qh] [Ac]
stuart1973: bets $6
Agrotait: calls $6
*** RIVER *** [5c 4s Qh Ac] [Qc]
stuart1973: bets $6
Agrotait: calls $6
*** SHOW DOWN ***
stuart1973: shows [Kc Kd] (two pair, Kings and Queens)
Agrotait: shows [Td Ad] (two pair, Aces and Queens)
Agrotait collected $47.50 from pot
*** SUMMARY ***
Total pot $48 | Rake $0.50
Board [5c 4s Qh Ac Qc]
Seat 2: stuart1973 (big blind) showed [Kc Kd] and lost with two pair, Kings and Queens
Seat 4: Agrotait (button) (small blind) showed [Td Ad] and won ($47.50) with two pair, Aces and Queens


PokerStars Hand #158409572805:  Hold'em Limit ($3/$6 USD) - 2016/09/10 7:01:14 ET
Table 'Giclas' 6-max Seat #2 is the button
Seat 2: stuart1973 ($142.25 in chips)
Seat 4: Agrotait ($86.50 in chips)
stuart1973: posts small blind $1
Agrotait: posts big blind $3
*** HOLE CARDS ***
stuart1973: raises $3 to $6
Agrotait: raises $3 to $9
stuart1973: raises $3 to $12
Betting is capped
Agrotait: calls $3
*** FLOP *** [3h 6h 6c]
Agrotait: checks
stuart1973: bets $3
Agrotait: calls $3
*** TURN *** [3h 6h 6c] [2h]
Agrotait: checks
stuart1973: checks
*** RIVER *** [3h 6h 6c 2h] [Qh]
Agrotait: bets $6
stuart1973: calls $6
*** SHOW DOWN ***
Agrotait: shows [Kh Js] (a flush, King high)
stuart1973: mucks hand
Agrotait collected $41.50 from pot
*** SUMMARY ***
Total pot $42 | Rake $0.50
Board [3h 6h 6c 2h Qh]
Seat 2: stuart1973 (button) (small blind) mucked
Seat 4: Agrotait (big blind) showed [Kh Js] and won ($41.50) with a flush, King high


PokerStars Hand #158409612771:  Hold'em Limit ($3/$6 USD) - 2016/09/10 7:02:47 ET
Table 'Giclas' 6-max Seat #4 is the button
Seat 2: stuart1973 ($78.89 in chips)
Seat 4: Agrotait ($147.88 in chips)
Agrotait: posts small blind $1
stuart1973: posts big blind $3
*** HOLE CARDS ***
Agrotait: raises $3 to $6
stuart1973: calls $3
*** FLOP *** [4d 3s 3d]
stuart1973: checks
Agrotait: bets $3
stuart1973: folds
Uncalled bet ($3) returned to Agrotait
Agrotait collected $11.76 from pot
Agrotait: doesn't show hand
*** SUMMARY ***
Total pot $12 | Rake $0.24
Board [4d 3s 3d]
Seat 2: stuart1973 (big blind) folded on the Flop
Seat 4: Agrotait (button) (small blind) collected ($11.76)


PokerStars Hand #158409602039:  Hold'em Limit ($3/$6 USD) - 2016/09/10 7:02:22 ET
Table 'Giclas' 6-max Seat #2 is the button
Seat 2: stuart1973 ($102.89 in chips)
Seat 4: Agrotait ($124.38 in chips)
stuart1973: posts small blind $1
Agrotait: posts big blind $3
*** HOLE CARDS ***
stuart1973: raises $3 to $6
Agrotait: raises $3 to $9
stuart1973: calls $3
*** FLOP *** [As Ks 9s]
Agrotait: bets $3
stuart1973: calls $3
*** TURN *** [As Ks 9s] [Qd]
Agrotait: checks
stuart1973: checks
*** RIVER *** [As Ks 9s Qd] [2d]
Agrotait: bets $6
stuart1973: raises $6 to $12
Agrotait: calls $6
*** SHOW DOWN ***
stuart1973: shows [7c Kh] (a pair of Kings)
Agrotait: shows [Tc Ac] (a pair of Aces)
Agrotait collected $47.50 from pot
*** SUMMARY ***
Total pot $48 | Rake $0.50
Board [As Ks 9s Qd 2d]
Seat 2: stuart1973 (button) (small blind) showed [7c Kh] and lost with a pair of Kings
Seat 4: Agrotait (big blind) showed [Tc Ac] and won ($47.50) with a pair of Aces


PokerStars Hand #158409594767:  Hold'em Limit ($3/$6 USD) - 2016/09/10 7:02:06 ET
Table 'Giclas' 6-max Seat #4 is the button
Seat 2: stuart1973 ($94.25 in chips)
Seat 4: Agrotait ($133.38 in chips)
Agrotait: posts small blind $1
stuart1973: posts big blind $3
*** HOLE CARDS ***
Agrotait: raises $3 to $6
stuart1973: calls $3
*** FLOP *** [Kc 8c Td]
stuart1973: checks
Agrotait: bets $3
stuart1973: calls $3
*** TURN *** [Kc 8c Td] [5d]
stuart1973: checks
Agrotait: checks
*** RIVER *** [Kc 8c Td 5d] [4s]
stuart1973: bets $6
Agrotait: folds
Uncalled bet ($6) returned to stuart1973
stuart1973 collected $17.64 from pot
*** SUMMARY ***
Total pot $18 | Rake $0.36
Board [Kc 8c Td 5d 4s]
Seat 2: stuart1973 (big blind) collected ($17.64)
Seat 4: Agrotait (button) (small blind) folded on the River


PokerStars Hand #158409588910:  Hold'em Limit ($3/$6 USD) - 2016/09/10 7:01:52 ET
Table 'Giclas' 6-max Seat #2 is the button
Seat 2: stuart1973 ($97.25 in chips)
Seat 4: Agrotait ($130.50 in chips)
stuart1973: posts small blind $1
Agrotait: posts big blind $3
*** HOLE CARDS ***
stuart1973: calls $2
Agrotait: checks
*** FLOP *** [8d 2s 3h]
Agrotait: checks
stuart1973: checks
*** TURN *** [8d 2s 3h] [6d]
Agrotait: bets $6
stuart1973: folds
Uncalled bet ($6) returned to Agrotait
Agrotait collected $5.88 from pot
Agrotait: doesn't show hand
*** SUMMARY ***
Total pot $6 | Rake $0.12
Board [8d 2s 3h 6d]
Seat 2: stuart1973 (button) (small blind) folded on the Turn
Seat 4: Agrotait (big blind) collected ($5.88)


PokerStars Hand #158409637072:  Hold'em Limit ($3/$6 USD) - 2016/09/10 7:03:42 ET
Table 'Giclas' 6-max Seat #2 is the button
Seat 2: stuart1973 ($78.39 in chips)
Seat 4: Agrotait ($147.14 in chips)
stuart1973: posts small blind $1
Agrotait: posts big blind $3
*** HOLE CARDS ***
stuart1973: calls $2
Agrotait: checks
*** FLOP *** [Ah 8h 7s]
Agrotait: checks
stuart1973: bets $3
Agrotait: folds
Uncalled bet ($3) returned to stuart1973
stuart1973 collected $5.88 from pot
*** SUMMARY ***
Total pot $6 | Rake $0.12
Board [Ah 8h 7s]
Seat 2: stuart1973 (button) (small blind) collected ($5.88)
Seat 4: Agrotait (big blind) folded on the Flop


PokerStars Hand #158409631016:  Hold'em Limit ($3/$6 USD) - 2016/09/10 7:03:28 ET
Table 'Giclas' 6-max Seat #4 is the button
Seat 2: stuart1973 ($93.39 in chips)
Seat 4: Agrotait ($132.64 in chips)
Agrotait: posts small blind $1
stuart1973: posts big blind $3
*** HOLE CARDS ***
Agrotait: raises $3 to $6
stuart1973: calls $3
*** FLOP *** [Js Qs 5c]
stuart1973: checks
Agrotait: bets $3
stuart1973: calls $3
*** TURN *** [Js Qs 5c] [9h]
stuart1973: checks
Agrotait: checks
*** RIVER *** [Js Qs 5c 9h] [3h]
stuart1973: bets $6
Agrotait: calls $6
*** SHOW DOWN ***
stuart1973: shows [9s 6s] (a pair of Nines)
Agrotait: shows [Ts Tc] (a pair of Tens)
Agrotait collected $29.50 from pot
*** SUMMARY ***
Total pot $30 | Rake $0.50
Board [Js Qs 5c 9h 3h]
Seat 2: stuart1973 (big blind) showed [9s 6s] and lost with a pair of Nines
Seat 4: Agrotait (button) (small blind) showed [Ts Tc] and won ($29.50) with a pair of Tens


PokerStars Hand #158409619473:  Hold'em Limit ($3/$6 USD) - 2016/09/10 7:03:02 ET
Table 'Giclas' 6-max Seat #2 is the button
Seat 2: stuart1973 ($72.89 in chips)
Seat 4: Agrotait ($153.64 in chips)
stuart1973: posts small blind $1
Agrotait: posts big blind $3
*** HOLE CARDS ***
stuart1973: raises $3 to $6
Agrotait: calls $3
*** FLOP *** [As 7d 2h]
Agrotait: checks
stuart1973: bets $3
Agrotait: raises $3 to $6
stuart1973: raises $3 to $9
Agrotait: calls $3
*** TURN *** [As 7d 2h] [8h]
Agrotait: checks
stuart1973: bets $6
Agrotait: calls $6
*** RIVER *** [As 7d 2h 8h] [3c]
Agrotait: checks
stuart1973: bets $6
Agrotait: folds [7h]
Uncalled bet ($6) returned to stuart1973
stuart1973 collected $41.50 from pot
*** SUMMARY ***
Total pot $42 | Rake $0.50
Board [As 7d 2h 8h 3c]
Seat 2: stuart1973 (button) (small blind) collected ($41.50)
Seat 4: Agrotait (big blind) folded on the River


PokerStars Hand #158409669254:  Hold'em Limit ($3/$6 USD) - 2016/09/10 7:04:54 ET
Table 'Giclas' 6-max Seat #4 is the button
Seat 2: stuart1973 ($90.91 in chips)
Seat 4: Agrotait ($134.14 in chips)
Agrotait: posts small blind $1
stuart1973: posts big blind $3
*** HOLE CARDS ***
Agrotait: raises $3 to $6
stuart1973: calls $3
*** FLOP *** [3c 8c 6h]
stuart1973: checks
Agrotait: bets $3
stuart1973: calls $3
*** TURN *** [3c 8c 6h] [Kc]
stuart1973: checks
Agrotait: bets $6
stuart1973: folds
Uncalled bet ($6) returned to Agrotait
Agrotait collected $17.64 from pot
Agrotait: doesn't show hand
*** SUMMARY ***
Total pot $18 | Rake $0.36
Board [3c 8c 6h Kc]
Seat 2: stuart1973 (big blind) folded on the Turn
Seat 4: Agrotait (button) (small blind) collected ($17.64)


PokerStars Hand #158409655791:  Hold'em Limit ($3/$6 USD) - 2016/09/10 7:04:24 ET
Table 'Giclas' 6-max Seat #2 is the button
Seat 2: stuart1973 ($82.27 in chips)
Seat 4: Agrotait ($143.14 in chips)
stuart1973: posts small blind $1
Agrotait: posts big blind $3
*** HOLE CARDS ***
freestyler85 joins the table at seat #3
stuart1973: raises $3 to $6
Agrotait: calls $3
*** FLOP *** [Jc 2c 5c]
Agrotait: checks
stuart1973: bets $3
Agrotait: calls $3
*** TURN *** [Jc 2c 5c] [9c]
Agrotait: checks
stuart1973: bets $6
Agrotait: folds
Uncalled bet ($6) returned to stuart1973
stuart1973 collected $17.64 from pot
*** SUMMARY ***
Total pot $18 | Rake $0.36
Board [Jc 2c 5c 9c]
Seat 2: stuart1973 (button) (small blind) collected ($17.64)
Seat 4: Agrotait (big blind) folded on the Turn


PokerStars Hand #158409647774:  Hold'em Limit ($3/$6 USD) - 2016/09/10 7:04:06 ET
Table 'Giclas' 6-max Seat #4 is the button
Seat 2: stuart1973 ($81.27 in chips)
Seat 4: Agrotait ($144.14 in chips)
Agrotait: posts small blind $1
stuart1973: posts big blind $3
*** HOLE CARDS ***
Agrotait: folds
Uncalled bet ($2) returned to stuart1973
stuart1973 collected $2 from pot
*** SUMMARY ***
Total pot $2 | Rake $0
Seat 2: stuart1973 (big blind) collected ($2)
Seat 4: Agrotait (button) (small blind) folded before Flop


PokerStars Hand #158409857238:  Hold'em Limit ($3/$6 USD) - 2016/09/10 7:11:54 ET
Table 'Giclas' 6-max Seat #3 is the button
Seat 2: stuart1973 ($186.20 in chips)
Seat 3: freestyler85 ($160.70 in chips)
freestyler85: posts small blind $1
stuart1973: posts big blind $3
*** HOLE CARDS ***
freestyler85: raises $3 to $6
stuart1973: raises $3 to $9
freestyler85: calls $3
*** FLOP *** [Kc 5s Qs]
stuart1973: bets $3
freestyler85: folds
Uncalled bet ($3) returned to stuart1973
stuart1973 collected $17.64 from pot
*** SUMMARY ***
Total pot $18 | Rake $0.36
Board [Kc 5s Qs]
Seat 2: stuart1973 (big blind) collected ($17.64)
Seat 3: freestyler85 (button) (small blind) folded on the Flop


PokerStars Hand #158409849431:  Hold'em Limit ($3/$6 USD) - 2016/09/10 7:11:36 ET
Table 'Giclas' 6-max Seat #2 is the button
Seat 2: stuart1973 ($186.45 in chips)
Seat 3: freestyler85 ($160.95 in chips)
stuart1973: posts small blind $1
freestyler85: posts big blind $3
*** HOLE CARDS ***
stuart1973: raises $3 to $6
freestyler85: calls $3
*** FLOP *** [Ah Js Ts]
freestyler85: checks
stuart1973: bets $3
freestyler85: raises $3 to $6
stuart1973: calls $3
*** TURN *** [Ah Js Ts] [4d]
freestyler85: bets $6
stuart1973: calls $6
*** RIVER *** [Ah Js Ts 4d] [4s]
freestyler85: bets $6
stuart1973: raises $6 to $12
freestyler85: calls $6
*** SHOW DOWN ***
stuart1973: shows [8d Ad] (two pair, Aces and Fours)
freestyler85: shows [2h Ac] (two pair, Aces and Fours)
freestyler85 collected $29.75 from pot
stuart1973 collected $29.75 from pot
*** SUMMARY ***
Total pot $60 | Rake $0.50
Board [Ah Js Ts 4d 4s]
Seat 2: stuart1973 (button) (small blind) showed [8d Ad] and won ($29.75) with two pair, Aces and Fours
Seat 3: freestyler85 (big blind) showed [2h Ac] and won ($29.75) with two pair, Aces and Fours


PokerStars Hand #158409844391:  Hold'em Limit ($3/$6 USD) - 2016/09/10 7:11:25 ET
Table 'Giclas' 6-max Seat #3 is the button
Seat 2: stuart1973 ($192.45 in chips)
Seat 3: freestyler85 ($155.19 in chips)
freestyler85: posts small blind $1
Agrotait: is sitting out
stuart1973: posts big blind $3
*** HOLE CARDS ***
freestyler85: raises $3 to $6
Agrotait leaves the table
stuart1973: calls $3
*** FLOP *** [Ac 4h Ad]
stuart1973: checks
freestyler85: bets $3
stuart1973: folds
Uncalled bet ($3) returned to freestyler85
freestyler85 collected $11.76 from pot
freestyler85: doesn't show hand
*** SUMMARY ***
Total pot $12 | Rake $0.24
Board [Ac 4h Ad]
Seat 2: stuart1973 (big blind) folded on the Flop
Seat 3: freestyler85 (button) (small blind) collected ($11.76)


PokerStars Hand #158409886713:  Hold'em Limit ($3/$6 USD) - 2016/09/10 7:12:59 ET
Table 'Giclas' 6-max Seat #3 is the button
Seat 2: stuart1973 ($151.84 in chips)
Seat 3: freestyler85 ($193.46 in chips)
freestyler85: posts small blind $1
stuart1973: posts big blind $3
*** HOLE CARDS ***
freestyler85: raises $3 to $6
stuart1973: calls $3
*** FLOP *** [6d Kh 3c]
stuart1973: checks
freestyler85: bets $3
stuart1973: folds
Uncalled bet ($3) returned to freestyler85
freestyler85 collected $11.76 from pot
freestyler85: doesn't show hand
*** SUMMARY ***
Total pot $12 | Rake $0.24
Board [6d Kh 3c]
Seat 2: stuart1973 (big blind) folded on the Flop
Seat 3: freestyler85 (button) (small blind) collected ($11.76)


PokerStars Hand #158409884583:  Hold'em Limit ($3/$6 USD) - 2016/09/10 7:12:54 ET
Table 'Giclas' 6-max Seat #2 is the button
Seat 2: stuart1973 ($152.84 in chips)
Seat 3: freestyler85 ($192.46 in chips)
stuart1973: posts small blind $1
freestyler85: posts big blind $3
*** HOLE CARDS ***
stuart1973: folds
Uncalled bet ($2) returned to freestyler85
freestyler85 collected $2 from pot
freestyler85: doesn't show hand
*** SUMMARY ***
Total pot $2 | Rake $0
Seat 2: stuart1973 (button) (small blind) folded before Flop
Seat 3: freestyler85 (big blind) collected ($2)


PokerStars Hand #158409876460:  Hold'em Limit ($3/$6 USD) - 2016/09/10 7:12:36 ET
Table 'Giclas' 6-max Seat #3 is the button
Seat 2: stuart1973 ($176.84 in chips)
Seat 3: freestyler85 ($168.96 in chips)
freestyler85: posts small blind $1
stuart1973: posts big blind $3
*** HOLE CARDS ***
freestyler85: raises $3 to $6
stuart1973: raises $3 to $9
freestyler85: calls $3
*** FLOP *** [Kh Qs 2c]
stuart1973: bets $3
freestyler85: calls $3
*** TURN *** [Kh Qs 2c] [Ks]
stuart1973: checks
freestyler85: bets $6
stuart1973: calls $6
*** RIVER *** [Kh Qs 2c Ks] [2s]
stuart1973: checks
freestyler85: bets $6
stuart1973: calls $6
*** SHOW DOWN ***
freestyler85: shows [Kd 6d] (a full house, Kings full of Deuces)
stuart1973: mucks hand
freestyler85 collected $47.50 from pot
*** SUMMARY ***
Total pot $48 | Rake $0.50
Board [Kh Qs 2c Ks 2s]
Seat 2: stuart1973 (big blind) mucked
Seat 3: freestyler85 (button) (small blind) showed [Kd 6d] and won ($47.50) with a full house, Kings full of Deuces


PokerStars Hand #158409874033:  Hold'em Limit ($3/$6 USD) - 2016/09/10 7:12:31 ET
Table 'Giclas' 6-max Seat #2 is the button
Seat 2: stuart1973 ($173.84 in chips)
Seat 3: freestyler85 ($171.96 in chips)
stuart1973: posts small blind $1
freestyler85: posts big blind $3
*** HOLE CARDS ***
stuart1973: raises $3 to $6
freestyler85: folds
Uncalled bet ($3) returned to stuart1973
stuart1973 collected $6 from pot
*** SUMMARY ***
Total pot $6 | Rake $0
Seat 2: stuart1973 (button) (small blind) collected ($6)
Seat 3: freestyler85 (big blind) folded before Flop


PokerStars Hand #158409870232:  Hold'em Limit ($3/$6 USD) - 2016/09/10 7:12:22 ET
Table 'Giclas' 6-max Seat #3 is the button
Seat 2: stuart1973 ($179.84 in chips)
Seat 3: freestyler85 ($166.20 in chips)
freestyler85: posts small blind $1
stuart1973: posts big blind $3
*** HOLE CARDS ***
freestyler85: raises $3 to $6
stuart1973: calls $3
*** FLOP *** [Ah Kd 3s]
stuart1973: checks
freestyler85: bets $3
stuart1973: folds
Uncalled bet ($3) returned to freestyler85
freestyler85 collected $11.76 from pot
freestyler85: doesn't show hand
*** SUMMARY ***
Total pot $12 | Rake $0.24
Board [Ah Kd 3s]
Seat 2: stuart1973 (big blind) folded on the Flop
Seat 3: freestyler85 (button) (small blind) collected ($11.76)


PokerStars Hand #158409861231:  Hold'em Limit ($3/$6 USD) - 2016/09/10 7:12:02 ET
Table 'Giclas' 6-max Seat #2 is the button
Seat 2: stuart1973 ($194.84 in chips)
Seat 3: freestyler85 ($151.70 in chips)
stuart1973: posts small blind $1
freestyler85: posts big blind $3
*** HOLE CARDS ***
stuart1973: calls $2
freestyler85: raises $3 to $6
stuart1973: calls $3
*** FLOP *** [3d 7h 3c]
freestyler85: bets $3
stuart1973: calls $3
*** TURN *** [3d 7h 3c] [2h]
freestyler85: bets $6
stuart1973: calls $6
*** RIVER *** [3d 7h 3c 2h] [Th]
freestyler85: checks
stuart1973: checks
*** SHOW DOWN ***
freestyler85: shows [9h 7d] (two pair, Sevens and Threes)
stuart1973: mucks hand
freestyler85 collected $29.50 from pot
*** SUMMARY ***
Total pot $30 | Rake $0.50
Board [3d 7h 3c 2h Th]
Seat 2: stuart1973 (button) (small blind) mucked
Seat 3: freestyler85 (big blind) showed [9h 7d] and won ($29.50) with two pair, Sevens and Threes


PokerStars Hand #158409904697:  Hold'em Limit ($3/$6 USD) - 2016/09/10 7:13:39 ET
Table 'Giclas' 6-max Seat #2 is the button
Seat 2: stuart1973 ($139.36 in chips)
Seat 3: freestyler85 ($204.72 in chips)
stuart1973: posts small blind $1
freestyler85: posts big blind $3
*** HOLE CARDS ***
stuart1973: raises $3 to $6
freestyler85: calls $3
*** FLOP *** [3h 5c Ks]
freestyler85: checks
stuart1973: checks
*** TURN *** [3h 5c Ks] [8c]
freestyler85: bets $6
stuart1973: calls $6
*** RIVER *** [3h 5c Ks 8c] [7h]
freestyler85: bets $6
stuart1973: calls $6
*** SHOW DOWN ***
freestyler85: shows [Kd 9c] (a pair of Kings)
stuart1973: mucks hand
freestyler85 collected $35.50 from pot
*** SUMMARY ***
Total pot $36 | Rake $0.50
Board [3h 5c Ks 8c 7h]
Seat 2: stuart1973 (button) (small blind) mucked
Seat 3: freestyler85 (big blind) showed [Kd 9c] and won ($35.50) with a pair of Kings


PokerStars Hand #158409897430:  Hold'em Limit ($3/$6 USD) - 2016/09/10 7:13:23 ET
Table 'Giclas' 6-max Seat #3 is the button
Seat 2: stuart1973 ($127.84 in chips)
Seat 3: freestyler85 ($216.72 in chips)
freestyler85: posts small blind $1
stuart1973: posts big blind $3
*** HOLE CARDS ***
freestyler85: raises $3 to $6
stuart1973: calls $3
*** FLOP *** [Ad 9c 2s]
stuart1973: bets $3
freestyler85: raises $3 to $6
stuart1973: calls $3
*** TURN *** [Ad 9c 2s] [6s]
stuart1973: checks
freestyler85: checks
*** RIVER *** [Ad 9c 2s 6s] [Kd]
stuart1973: bets $6
freestyler85: folds
Uncalled bet ($6) returned to stuart1973
stuart1973 collected $23.52 from pot
*** SUMMARY ***
Total pot $24 | Rake $0.48
Board [Ad 9c 2s 6s Kd]
Seat 2: stuart1973 (big blind) collected ($23.52)
Seat 3: freestyler85 (button) (small blind) folded on the River


PokerStars Hand #158409890386:  Hold'em Limit ($3/$6 USD) - 2016/09/10 7:13:07 ET
Table 'Giclas' 6-max Seat #2 is the button
Seat 2: stuart1973 ($145.84 in chips)
Seat 3: freestyler85 ($199.22 in chips)
stuart1973: posts small blind $1
freestyler85: posts big blind $3
*** HOLE CARDS ***
stuart1973: raises $3 to $6
freestyler85: calls $3
*** FLOP *** [2c 5s 9s]
freestyler85: checks
stuart1973: bets $3
freestyler85: raises $3 to $6
stuart1973: calls $3
*** TURN *** [2c 5s 9s] [3c]
freestyler85: bets $6
stuart1973: calls $6
*** RIVER *** [2c 5s 9s 3c] [7d]
freestyler85: bets $6
stuart1973: folds
Uncalled bet ($6) returned to freestyler85
freestyler85 collected $35.50 from pot
freestyler85: doesn't show hand
*** SUMMARY ***
Total pot $36 | Rake $0.50
Board [2c 5s 9s 3c 7d]
Seat 2: stuart1973 (button) (small blind) folded on the River
Seat 3: freestyler85 (big blind) collected ($35.50)


PokerStars Hand #158409937183:  Hold'em Limit ($3/$6 USD) - 2016/09/10 7:14:51 ET
Table 'Giclas' 6-max Seat #3 is the button
Seat 2: stuart1973 ($172.86 in chips)
Seat 3: freestyler85 ($169.22 in chips)
freestyler85: posts small blind $1
stuart1973: posts big blind $3
*** HOLE CARDS ***
freestyler85: raises $3 to $6
stuart1973: calls $3
*** FLOP *** [9s 7h Ad]
stuart1973: checks
freestyler85: bets $3
stuart1973: calls $3
*** TURN *** [9s 7h Ad] [4c]
stuart1973: checks
freestyler85: bets $6
stuart1973: folds
Uncalled bet ($6) returned to freestyler85
freestyler85 collected $17.64 from pot
freestyler85: doesn't show hand
*** SUMMARY ***
Total pot $18 | Rake $0.36
Board [9s 7h Ad 4c]
Seat 2: stuart1973 (big blind) folded on the Turn
Seat 3: freestyler85 (button) (small blind) collected ($17.64)


PokerStars Hand #158409929685:  Hold'em Limit ($3/$6 USD) - 2016/09/10 7:14:34 ET
Table 'Giclas' 6-max Seat #2 is the button
Seat 2: stuart1973 ($155.36 in chips)
Seat 3: freestyler85 ($187.22 in chips)
stuart1973: posts small blind $1
freestyler85: posts big blind $3
*** HOLE CARDS ***
stuart1973: calls $2
freestyler85: checks
*** FLOP *** [Kd 8d 6c]
freestyler85: bets $3
stuart1973: calls $3
*** TURN *** [Kd 8d 6c] [Ah]
freestyler85: bets $6
stuart1973: calls $6
*** RIVER *** [Kd 8d 6c Ah] [2d]
freestyler85: checks
stuart1973: bets $6
freestyler85: calls $6
*** SHOW DOWN ***
stuart1973: shows [3s 8c] (a pair of Eights)
freestyler85: mucks hand
stuart1973 collected $35.50 from pot
*** SUMMARY ***
Total pot $36 | Rake $0.50
Board [Kd 8d 6c Ah 2d]
Seat 2: stuart1973 (button) (small blind) showed [3s 8c] and won ($35.50) with a pair of Eights
Seat 3: freestyler85 (big blind) mucked


PokerStars Hand #158409919835:  Hold'em Limit ($3/$6 USD) - 2016/09/10 7:14:12 ET
Table 'Giclas' 6-max Seat #3 is the button
Seat 2: stuart1973 ($134.86 in chips)
Seat 3: freestyler85 ($208.22 in chips)
freestyler85: posts small blind $1
stuart1973: posts big blind $3
*** HOLE CARDS ***
freestyler85: raises $3 to $6
stuart1973: calls $3
*** FLOP *** [3d Ks 6s]
stuart1973: checks
freestyler85: bets $3
stuart1973: calls $3
*** TURN *** [3d Ks 6s] [Ah]
stuart1973: checks
freestyler85: bets $6
stuart1973: calls $6
*** RIVER *** [3d Ks 6s Ah] [3h]
stuart1973: checks
freestyler85: bets $6
stuart1973: raises $6 to $12
freestyler85: folds
Uncalled bet ($6) returned to stuart1973
stuart1973 collected $41.50 from pot
*** SUMMARY ***
Total pot $42 | Rake $0.50
Board [3d Ks 6s Ah 3h]
Seat 2: stuart1973 (big blind) collected ($41.50)
Seat 3: freestyler85 (button) (small blind) folded on the River


PokerStars Hand #158409917613:  Hold'em Limit ($3/$6 USD) - 2016/09/10 7:14:07 ET
Table 'Giclas' 6-max Seat #2 is the button
Seat 2: stuart1973 ($135.86 in chips)
Seat 3: freestyler85 ($207.22 in chips)
stuart1973: posts small blind $1
freestyler85: posts big blind $3
*** HOLE CARDS ***
stuart1973: folds
Uncalled bet ($2) returned to freestyler85
freestyler85 collected $2 from pot
freestyler85: doesn't show hand
*** SUMMARY ***
Total pot $2 | Rake $0
Seat 2: stuart1973 (button) (small blind) folded before Flop
Seat 3: freestyler85 (big blind) collected ($2)


PokerStars Hand #158409911460:  Hold'em Limit ($3/$6 USD) - 2016/09/10 7:13:54 ET
Table 'Giclas' 6-max Seat #3 is the button
Seat 2: stuart1973 ($121.36 in chips)
Seat 3: freestyler85 ($222.22 in chips)
freestyler85: posts small blind $1
stuart1973: posts big blind $3
*** HOLE CARDS ***
freestyler85: raises $3 to $6
stuart1973: calls $3
*** FLOP *** [2h 7s 3h]
stuart1973: checks
freestyler85: bets $3
stuart1973: calls $3
*** TURN *** [2h 7s 3h] [9h]
stuart1973: checks
freestyler85: bets $6
stuart1973: raises $6 to $12
freestyler85: folds
Uncalled bet ($6) returned to stuart1973
stuart1973 collected $29.50 from pot
*** SUMMARY ***
Total pot $30 | Rake $0.50
Board [2h 7s 3h 9h]
Seat 2: stuart1973 (big blind) collected ($29.50)
Seat 3: freestyler85 (button) (small blind) folded on the Turn


PokerStars Hand #158409942320:  Hold'em Limit ($3/$6 USD) - 2016/09/10 7:15:02 ET
Table 'Giclas' 6-max Seat #2 is the button
Seat 2: stuart1973 ($163.86 in chips)
Seat 3: freestyler85 ($177.86 in chips)
stuart1973: posts small blind $1
freestyler85: posts big blind $3
*** HOLE CARDS ***
stuart1973: calls $2
freestyler85: checks
*** FLOP *** [5d 9c Qc]
freestyler85: bets $3
stuart1973: calls $3
*** TURN *** [5d 9c Qc] [Ac]
freestyler85: bets $6
stuart1973: calls $6
*** RIVER *** [5d 9c Qc Ac] [Kh]
freestyler85: bets $6
stuart1973: folds
Uncalled bet ($6) returned to freestyler85
freestyler85 collected $23.52 from pot
freestyler85: doesn't show hand
*** SUMMARY ***
Total pot $24 | Rake $0.48
Board [5d 9c Qc Ac Kh]
Seat 2: stuart1973 (button) (small blind) folded on the River
Seat 3: freestyler85 (big blind) collected ($23.52)


PokerStars Hand #158409955187:  Hold'em Limit ($3/$6 USD) - 2016/09/10 7:15:30 ET
Table 'Giclas' 6-max Seat #2 is the button
Seat 2: stuart1973 ($145.86 in chips)
Seat 3: freestyler85 ($195.14 in chips)
stuart1973: posts small blind $1
freestyler85: posts big blind $3
*** HOLE CARDS ***
stuart1973: folds
Uncalled bet ($2) returned to freestyler85
freestyler85 collected $2 from pot
freestyler85: doesn't show hand
*** SUMMARY ***
Total pot $2 | Rake $0
Seat 2: stuart1973 (button) (small blind) folded before Flop
Seat 3: freestyler85 (big blind) collected ($2)


PokerStars Hand #158409948974:  Hold'em Limit ($3/$6 USD) - 2016/09/10 7:15:17 ET
Table 'Giclas' 6-max Seat #3 is the button
Seat 2: stuart1973 ($151.86 in chips)
Seat 3: freestyler85 ($189.38 in chips)
freestyler85: posts small blind $1
stuart1973: posts big blind $3
*** HOLE CARDS ***
freestyler85: raises $3 to $6
stuart1973: calls $3
*** FLOP *** [Ac 5h 5s]
stuart1973: checks
freestyler85: bets $3
stuart1973: folds
Uncalled bet ($3) returned to freestyler85
freestyler85 collected $11.76 from pot
freestyler85: doesn't show hand
*** SUMMARY ***
Total pot $12 | Rake $0.24
Board [Ac 5h 5s]
Seat 2: stuart1973 (big blind) folded on the Flop
Seat 3: freestyler85 (button) (small blind) collected ($11.76)


PokerStars Hand #158409981552:  Hold'em Limit ($3/$6 USD) - 2016/09/10 7:16:29 ET
Table 'Giclas' 6-max Seat #2 is the button
Seat 2: stuart1973 ($135.36 in chips)
Seat 3: freestyler85 ($204.14 in chips)
stuart1973: posts small blind $1
freestyler85: posts big blind $3
*** HOLE CARDS ***
stuart1973: calls $2
freestyler85: checks
*** FLOP *** [Jh 7d Kh]
freestyler85: checks
stuart1973: bets $3
freestyler85: folds
Uncalled bet ($3) returned to stuart1973
stuart1973 collected $5.88 from pot
*** SUMMARY ***
Total pot $6 | Rake $0.12
Board [Jh 7d Kh]
Seat 2: stuart1973 (button) (small blind) collected ($5.88)
Seat 3: freestyler85 (big blind) folded on the Flop


PokerStars Hand #158409973239:  Hold'em Limit ($3/$6 USD) - 2016/09/10 7:16:11 ET
Table 'Giclas' 6-max Seat #3 is the button
Seat 2: stuart1973 ($156.36 in chips)
Seat 3: freestyler85 ($183.64 in chips)
freestyler85: posts small blind $1
stuart1973: posts big blind $3
*** HOLE CARDS ***
freestyler85: raises $3 to $6
stuart1973: raises $3 to $9
freestyler85: raises $3 to $12
Betting is capped
stuart1973: calls $3
*** FLOP *** [7c 8s 5c]
stuart1973: checks
freestyler85: bets $3
stuart1973: calls $3
*** TURN *** [7c 8s 5c] [3h]
stuart1973: checks
freestyler85: bets $6
stuart1973: calls $6
*** RIVER *** [7c 8s 5c 3h] [Qc]
stuart1973: checks
freestyler85: bets $6
stuart1973: folds
Uncalled bet ($6) returned to freestyler85
freestyler85 collected $41.50 from pot
freestyler85: doesn't show hand
*** SUMMARY ***
Total pot $42 | Rake $0.50
Board [7c 8s 5c 3h Qc]
Seat 2: stuart1973 (big blind) folded on the River
Seat 3: freestyler85 (button) (small blind) collected ($41.50)


PokerStars Hand #158409965057:  Hold'em Limit ($3/$6 USD) - 2016/09/10 7:15:52 ET
Table 'Giclas' 6-max Seat #2 is the button
Seat 2: stuart1973 ($174.36 in chips)
Seat 3: freestyler85 ($166.14 in chips)
stuart1973: posts small blind $1
freestyler85: posts big blind $3
*** HOLE CARDS ***
stuart1973: raises $3 to $6
freestyler85: raises $3 to $9
stuart1973: calls $3
*** FLOP *** [Ac Kd 3c]
freestyler85: bets $3
stuart1973: calls $3
*** TURN *** [Ac Kd 3c] [9c]
freestyler85: bets $6
stuart1973: calls $6
*** RIVER *** [Ac Kd 3c 9c] [Qh]
freestyler85: bets $6
stuart1973: folds
Uncalled bet ($6) returned to freestyler85
freestyler85 collected $35.50 from pot
freestyler85: doesn't show hand
*** SUMMARY ***
Total pot $36 | Rake $0.50
Board [Ac Kd 3c 9c Qh]
Seat 2: stuart1973 (button) (small blind) folded on the River
Seat 3: freestyler85 (big blind) collected ($35.50)


PokerStars Hand #158409957388:  Hold'em Limit ($3/$6 USD) - 2016/09/10 7:15:36 ET
Table 'Giclas' 6-max Seat #3 is the button
Seat 2: stuart1973 ($144.86 in chips)
Seat 3: freestyler85 ($196.14 in chips)
freestyler85: posts small blind $1
stuart1973: posts big blind $3
*** HOLE CARDS ***
freestyler85: raises $3 to $6
stuart1973: calls $3
*** FLOP *** [8h 2h Kd]
stuart1973: bets $3
freestyler85: raises $3 to $6
stuart1973: calls $3
*** TURN *** [8h 2h Kd] [Js]
stuart1973: checks
freestyler85: bets $6
stuart1973: raises $6 to $12
freestyler85: calls $6
*** RIVER *** [8h 2h Kd Js] [5s]
stuart1973: bets $6
freestyler85: calls $6
*** SHOW DOWN ***
stuart1973: shows [8d Jc] (two pair, Jacks and Eights)
freestyler85: mucks hand
stuart1973 collected $59.50 from pot
*** SUMMARY ***
Total pot $60 | Rake $0.50
Board [8h 2h Kd Js 5s]
Seat 2: stuart1973 (big blind) showed [8d Jc] and won ($59.50) with two pair, Jacks and Eights
Seat 3: freestyler85 (button) (small blind) mucked


PokerStars Hand #158409986023:  Hold'em Limit ($3/$6 USD) - 2016/09/10 7:16:39 ET
Table 'Giclas' 6-max Seat #3 is the button
Seat 2: stuart1973 ($138.24 in chips)
Seat 3: freestyler85 ($201.14 in chips)
freestyler85: posts small blind $1
stuart1973: posts big blind $3
*** HOLE CARDS ***
freestyler85: raises $3 to $6
stuart1973: raises $3 to $9
freestyler85: calls $3
*** FLOP *** [4d Th Qs]
stuart1973: bets $3
freestyler85: calls $3
*** TURN *** [4d Th Qs] [4c]
stuart1973: bets $6
freestyler85: raises $6 to $12
stuart1973: calls $6
*** RIVER *** [4d Th Qs 4c] [Tc]
stuart1973: checks
freestyler85: bets $6
stuart1973: calls $6
*** SHOW DOWN ***
freestyler85: shows [Qh 6c] (two pair, Queens and Tens)
stuart1973: mucks hand
freestyler85 collected $59.50 from pot
*** SUMMARY ***
Total pot $60 | Rake $0.50
Board [4d Th Qs 4c Tc]
Seat 2: stuart1973 (big blind) mucked
Seat 3: freestyler85 (button) (small blind) showed [Qh 6c] and won ($59.50) with two pair, Queens and Tens


PokerStars Hand #158409994702:  Hold'em Limit ($3/$6 USD) - 2016/09/10 7:16:59 ET
Table 'Giclas' 6-max Seat #2 is the button
Seat 2: stuart1973 ($108.24 in chips)
Seat 3: freestyler85 ($230.64 in chips)
stuart1973: posts small blind $1
freestyler85: posts big blind $3
*** HOLE CARDS ***
stuart1973: calls $2
freestyler85: checks
*** FLOP *** [2h 6h 2c]
freestyler85: checks
stuart1973: checks
*** TURN *** [2h 6h 2c] [Ac]
freestyler85: checks
stuart1973: bets $6
freestyler85: folds
Uncalled bet ($6) returned to stuart1973
stuart1973 collected $5.88 from pot
*** SUMMARY ***
Total pot $6 | Rake $0.12
Board [2h 6h 2c Ac]
Seat 2: stuart1973 (button) (small blind) collected ($5.88)
Seat 3: freestyler85 (big blind) folded on the Turn


PokerStars Hand #158410000554:  Hold'em Limit ($3/$6 USD) - 2016/09/10 7:17:12 ET
Table 'Giclas' 6-max Seat #3 is the button
Seat 2: stuart1973 ($111.12 in chips)
Seat 3: freestyler85 ($227.64 in chips)
freestyler85: posts small blind $1
stuart1973: posts big blind $3
*** HOLE CARDS ***
freestyler85: raises $3 to $6
stuart1973: calls $3
*** FLOP *** [5c Ts 2s]
stuart1973: bets $3
freestyler85: calls $3
*** TURN *** [5c Ts 2s] [6c]
stuart1973: bets $6
freestyler85: folds
Uncalled bet ($6) returned to stuart1973
stuart1973 collected $17.64 from pot
*** SUMMARY ***
Total pot $18 | Rake $0.36
Board [5c Ts 2s 6c]
Seat 2: stuart1973 (big blind) collected ($17.64)
Seat 3: freestyler85 (button) (small blind) folded on the Turn


PokerStars Hand #158410007365:  Hold'em Limit ($3/$6 USD) - 2016/09/10 7:17:27 ET
Table 'Giclas' 6-max Seat #2 is the button
Seat 2: stuart1973 ($119.76 in chips)
Seat 3: freestyler85 ($218.64 in chips)
stuart1973: posts small blind $1
freestyler85: posts big blind $3
*** HOLE CARDS ***
stuart1973: calls $2
freestyler85: checks
*** FLOP *** [Ks 9s 9h]
freestyler85: bets $3
stuart1973: folds
Uncalled bet ($3) returned to freestyler85
freestyler85 collected $5.88 from pot
freestyler85: doesn't show hand
*** SUMMARY ***
Total pot $6 | Rake $0.12
Board [Ks 9s 9h]
Seat 2: stuart1973 (button) (small blind) folded on the Flop
Seat 3: freestyler85 (big blind) collected ($5.88)


PokerStars Hand #158410011588:  Hold'em Limit ($3/$6 USD) - 2016/09/10 7:17:36 ET
Table 'Giclas' 6-max Seat #3 is the button
Seat 2: stuart1973 ($116.76 in chips)
Seat 3: freestyler85 ($221.52 in chips)
freestyler85: posts small blind $1
stuart1973: posts big blind $3
*** HOLE CARDS ***
freestyler85: raises $3 to $6
stuart1973: calls $3
*** FLOP *** [9s 6h 6d]
stuart1973: checks
freestyler85: bets $3
stuart1973: folds
Uncalled bet ($3) returned to freestyler85
freestyler85 collected $11.76 from pot
freestyler85: doesn't show hand
*** SUMMARY ***
Total pot $12 | Rake $0.24
Board [9s 6h 6d]
Seat 2: stuart1973 (big blind) folded on the Flop
Seat 3: freestyler85 (button) (small blind) collected ($11.76)


PokerStars Hand #158410017087:  Hold'em Limit ($3/$6 USD) - 2016/09/10 7:17:48 ET
Table 'Giclas' 6-max Seat #2 is the button
Seat 2: stuart1973 ($110.76 in chips)
Seat 3: freestyler85 ($227.28 in chips)
stuart1973: posts small blind $1
freestyler85: posts big blind $3
*** HOLE CARDS ***
stuart1973: folds
Uncalled bet ($2) returned to freestyler85
freestyler85 collected $2 from pot
*** SUMMARY ***
Total pot $2 | Rake $0
Seat 2: stuart1973 (button) (small blind) folded before Flop
Seat 3: freestyler85 (big blind) collected ($2)


PokerStars Hand #158410025887:  Hold'em Limit ($3/$6 USD) - 2016/09/10 7:18:08 ET
Table 'Giclas' 6-max Seat #2 is the button
Seat 2: stuart1973 ($124.26 in chips)
Seat 3: freestyler85 ($213.28 in chips)
stuart1973: posts small blind $1
freestyler85: posts big blind $3
*** HOLE CARDS ***
stuart1973: folds
Uncalled bet ($2) returned to freestyler85
freestyler85 collected $2 from pot
freestyler85: doesn't show hand
*** SUMMARY ***
Total pot $2 | Rake $0
Seat 2: stuart1973 (button) (small blind) folded before Flop
Seat 3: freestyler85 (big blind) collected ($2)


PokerStars Hand #158410019944:  Hold'em Limit ($3/$6 USD) - 2016/09/10 7:17:55 ET
Table 'Giclas' 6-max Seat #3 is the button
Seat 2: stuart1973 ($109.76 in chips)
Seat 3: freestyler85 ($228.28 in chips)
freestyler85: posts small blind $1
stuart1973: posts big blind $3
*** HOLE CARDS ***
freestyler85: raises $3 to $6
stuart1973: calls $3
*** FLOP *** [4s 4c Jd]
stuart1973: checks
freestyler85: bets $3
stuart1973: calls $3
*** TURN *** [4s 4c Jd] [4h]
stuart1973: checks
freestyler85: bets $6
stuart1973: raises $6 to $12
freestyler85: folds
Uncalled bet ($6) returned to stuart1973
stuart1973 collected $29.50 from pot
*** SUMMARY ***
Total pot $30 | Rake $0.50
Board [4s 4c Jd 4h]
Seat 2: stuart1973 (big blind) collected ($29.50)
Seat 3: freestyler85 (button) (small blind) folded on the Turn


PokerStars Hand #158410028315:  Hold'em Limit ($3/$6 USD) - 2016/09/10 7:18:13 ET
Table 'Giclas' 6-max Seat #3 is the button
Seat 2: stuart1973 ($123.26 in chips)
Seat 3: freestyler85 ($214.28 in chips)
freestyler85: posts small blind $1
stuart1973: posts big blind $3
*** HOLE CARDS ***
freestyler85: raises $3 to $6
libaikang joins the table at seat #6
stuart1973: calls $3
*** FLOP *** [4h Jc 5c]
stuart1973: checks
freestyler85 said, "HU pls"
freestyler85: bets $3
stuart1973: calls $3
*** TURN *** [4h Jc 5c] [Td]
stuart1973: checks
freestyler85: bets $6
stuart1973: folds
Uncalled bet ($6) returned to freestyler85
freestyler85 collected $17.64 from pot
freestyler85: doesn't show hand
*** SUMMARY ***
Total pot $18 | Rake $0.36
Board [4h Jc 5c Td]
Seat 2: stuart1973 (big blind) folded on the Turn
Seat 3: freestyler85 (button) (small blind) collected ($17.64)


PokerStars Hand #158410036053:  Hold'em Limit ($3/$6 USD) - 2016/09/10 7:18:31 ET
Table 'Giclas' 6-max Seat #2 is the button
Seat 2: stuart1973 ($114.26 in chips)
Seat 3: freestyler85 ($222.92 in chips)
stuart1973: posts small blind $1
freestyler85: posts big blind $3
*** HOLE CARDS ***
stuart1973: raises $3 to $6
freestyler85: calls $3
*** FLOP *** [Qc Qh 3s]
freestyler85: checks
stuart1973: checks
*** TURN *** [Qc Qh 3s] [4h]
freestyler85: checks
stuart1973: checks
*** RIVER *** [Qc Qh 3s 4h] [4s]
freestyler85: checks
stuart1973: checks
*** SHOW DOWN ***
freestyler85: shows [Jh 5d] (two pair, Queens and Fours)
stuart1973: shows [Js 9d] (two pair, Queens and Fours)
freestyler85 collected $5.88 from pot
stuart1973 collected $5.88 from pot
*** SUMMARY ***
Total pot $12 | Rake $0.24
Board [Qc Qh 3s 4h 4s]
Seat 2: stuart1973 (button) (small blind) showed [Js 9d] and won ($5.88) with two pair, Queens and Fours
Seat 3: freestyler85 (big blind) showed [Jh 5d] and won ($5.88) with two pair, Queens and Fours


PokerStars Hand #158410208041:  Hold'em Limit ($3/$6 USD) - 2016/09/10 7:24:55 ET
Table 'Giclas' 6-max Seat #6 is the button
Seat 3: freestyler85 ($230.99 in chips)
Seat 6: libaikang ($92.40 in chips)
libaikang: posts small blind $1
freestyler85: posts big blind $3
*** HOLE CARDS ***
libaikang: calls $2
freestyler85: checks
*** FLOP *** [2s 6c 3s]
freestyler85: checks
libaikang: bets $3
freestyler85: calls $3
*** TURN *** [2s 6c 3s] [Qc]
freestyler85: checks
libaikang: bets $6
freestyler85: raises $6 to $12
libaikang: calls $6
*** RIVER *** [2s 6c 3s Qc] [Qd]
freestyler85: bets $6
libaikang: calls $6
*** SHOW DOWN ***
freestyler85: shows [7d Qs] (three of a kind, Queens)
libaikang: mucks hand
freestyler85 collected $47.50 from pot
*** SUMMARY ***
Total pot $48 | Rake $0.50
Board [2s 6c 3s Qc Qd]
Seat 3: freestyler85 (big blind) showed [7d Qs] and won ($47.50) with three of a kind, Queens
Seat 6: libaikang (button) (small blind) mucked


PokerStars Hand #158410216247:  Hold'em Limit ($3/$6 USD) - 2016/09/10 7:25:13 ET
Table 'Giclas' 6-max Seat #3 is the button
Seat 3: freestyler85 ($254.49 in chips)
Seat 6: libaikang ($68.40 in chips)
freestyler85: posts small blind $1
libaikang: posts big blind $3
*** HOLE CARDS ***
freestyler85: raises $3 to $6
libaikang: raises $3 to $9
freestyler85: calls $3
*** FLOP *** [Jd 3h Js]
libaikang: checks
freestyler85: checks
*** TURN *** [Jd 3h Js] [Qd]
libaikang: bets $6
freestyler85: calls $6
*** RIVER *** [Jd 3h Js Qd] [Tc]
libaikang: bets $6
freestyler85: calls $6
*** SHOW DOWN ***
libaikang: shows [Kh Kd] (two pair, Kings and Jacks)
freestyler85: mucks hand
Wurst2000 leaves the table
libaikang collected $41.50 from pot
*** SUMMARY ***
Total pot $42 | Rake $0.50
Board [Jd 3h Js Qd Tc]
Seat 3: freestyler85 (button) (small blind) mucked
Seat 6: libaikang (big blind) showed [Kh Kd] and won ($41.50) with two pair, Kings and Jacks


PokerStars Hand #158410223816:  Hold'em Limit ($3/$6 USD) - 2016/09/10 7:25:30 ET
Table 'Giclas' 6-max Seat #6 is the button
Seat 3: freestyler85 ($233.49 in chips)
Seat 6: libaikang ($88.90 in chips)
libaikang: posts small blind $1
freestyler85: posts big blind $3
*** HOLE CARDS ***
libaikang: raises $3 to $6
freestyler85: folds
Uncalled bet ($3) returned to libaikang
libaikang collected $6 from pot
libaikang: doesn't show hand
*** SUMMARY ***
Total pot $6 | Rake $0
Seat 3: freestyler85 (big blind) folded before Flop
Seat 6: libaikang (button) (small blind) collected ($6)


PokerStars Hand #158410226506:  Hold'em Limit ($3/$6 USD) - 2016/09/10 7:25:36 ET
Table 'Giclas' 6-max Seat #3 is the button
Seat 3: freestyler85 ($230.49 in chips)
Seat 6: libaikang ($91.90 in chips)
freestyler85: posts small blind $1
libaikang: posts big blind $3
*** HOLE CARDS ***
freestyler85: raises $3 to $6
libaikang: raises $3 to $9
freestyler85: calls $3
*** FLOP *** [Qh 9s 2c]
libaikang: bets $3
freestyler85: calls $3
*** TURN *** [Qh 9s 2c] [Qc]
libaikang: bets $6
freestyler85: calls $6
*** RIVER *** [Qh 9s 2c Qc] [6h]
libaikang: bets $6
freestyler85: calls $6
*** SHOW DOWN ***
libaikang: shows [Ah 7s] (a pair of Queens)
freestyler85: shows [Ad 6s] (two pair, Queens and Sixes)
freestyler85 collected $47.50 from pot
*** SUMMARY ***
Total pot $48 | Rake $0.50
Board [Qh 9s 2c Qc 6h]
Seat 3: freestyler85 (button) (small blind) showed [Ad 6s] and won ($47.50) with two pair, Queens and Sixes
Seat 6: libaikang (big blind) showed [Ah 7s] and lost with a pair of Queens


PokerStars Hand #158410233129:  Hold'em Limit ($3/$6 USD) - 2016/09/10 7:25:51 ET
Table 'Giclas' 6-max Seat #6 is the button
Seat 3: freestyler85 ($253.99 in chips)
Seat 6: libaikang ($67.90 in chips)
libaikang: posts small blind $1
freestyler85: posts big blind $3
*** HOLE CARDS ***
libaikang: folds
Uncalled bet ($2) returned to freestyler85
freestyler85 collected $2 from pot
freestyler85: doesn't show hand
*** SUMMARY ***
Total pot $2 | Rake $0
Seat 3: freestyler85 (big blind) collected ($2)
Seat 6: libaikang (button) (small blind) folded before Flop


PokerStars Hand #158410235687:  Hold'em Limit ($3/$6 USD) - 2016/09/10 7:25:56 ET
Table 'Giclas' 6-max Seat #3 is the button
Seat 3: freestyler85 ($254.99 in chips)
Seat 6: libaikang ($66.90 in chips)
freestyler85: posts small blind $1
libaikang: posts big blind $3
*** HOLE CARDS ***
freestyler85: raises $3 to $6
libaikang: raises $3 to $9
freestyler85: calls $3
*** FLOP *** [4s 8h 4d]
libaikang: checks
freestyler85: bets $3
libaikang: raises $3 to $6
freestyler85: calls $3
*** TURN *** [4s 8h 4d] [3s]
libaikang: checks
freestyler85: bets $6
libaikang: raises $6 to $12
freestyler85: raises $6 to $18
libaikang: raises $6 to $24
Betting is capped
freestyler85: calls $6
*** RIVER *** [4s 8h 4d 3s] [Ts]
libaikang: bets $6
freestyler85: calls $6
*** SHOW DOWN ***
libaikang: shows [7c 8d] (two pair, Eights and Fours)
freestyler85: shows [Qs 4h] (three of a kind, Fours)
freestyler85 collected $89.50 from pot
*** SUMMARY ***
Total pot $90 | Rake $0.50
Board [4s 8h 4d 3s Ts]
Seat 3: freestyler85 (button) (small blind) showed [Qs 4h] and won ($89.50) with three of a kind, Fours
Seat 6: libaikang (big blind) showed [7c 8d] and lost with two pair, Eights and Fours


PokerStars Hand #158410244489:  Hold'em Limit ($3/$6 USD) - 2016/09/10 7:26:16 ET
Table 'Giclas' 6-max Seat #6 is the button
Seat 3: freestyler85 ($299.49 in chips)
Seat 6: libaikang ($21.90 in chips)
libaikang: posts small blind $1
freestyler85: posts big blind $3
*** HOLE CARDS ***
libaikang: raises $3 to $6
freestyler85: calls $3
*** FLOP *** [6s 4s Qd]
freestyler85: checks
libaikang: bets $3
freestyler85: raises $3 to $6
libaikang: calls $3
*** TURN *** [6s 4s Qd] [3s]
freestyler85: bets $6
libaikang: raises $3.90 to $9.90 and is all-in
freestyler85: calls $3.90
*** RIVER *** [6s 4s Qd 3s] [9c]
*** SHOW DOWN ***
freestyler85: shows [Kc 6h] (a pair of Sixes)
libaikang: shows [3d 8d] (a pair of Threes)
freestyler85 collected $43.30 from pot
*** SUMMARY ***
Total pot $43.80 | Rake $0.50
Board [6s 4s Qd 3s 9c]
Seat 3: freestyler85 (big blind) showed [Kc 6h] and won ($43.30) with a pair of Sixes
Seat 6: libaikang (button) (small blind) showed [3d 8d] and lost with a pair of Threes


PokerStars Hand #158410261407:  Hold'em Limit ($3/$6 USD) - 2016/09/10 7:26:53 ET
Table 'Giclas' 6-max Seat #3 is the button
Seat 3: freestyler85 ($320.89 in chips)
Seat 6: libaikang ($600 in chips)
freestyler85: posts small blind $1
libaikang: posts big blind $3
*** HOLE CARDS ***
freestyler85: raises $3 to $6
libaikang: folds
Uncalled bet ($3) returned to freestyler85
freestyler85 collected $6 from pot
freestyler85: doesn't show hand
*** SUMMARY ***
Total pot $6 | Rake $0
Seat 3: freestyler85 (button) (small blind) collected ($6)
Seat 6: libaikang (big blind) folded before Flop


PokerStars Hand #158410264479:  Hold'em Limit ($3/$6 USD) - 2016/09/10 7:27:00 ET
Table 'Giclas' 6-max Seat #6 is the button
Seat 3: freestyler85 ($323.89 in chips)
Seat 6: libaikang ($597 in chips)
libaikang: posts small blind $1
freestyler85: posts big blind $3
*** HOLE CARDS ***
libaikang: raises $3 to $6
freestyler85: calls $3
*** FLOP *** [5s Ac 4s]
freestyler85: checks
libaikang: checks
*** TURN *** [5s Ac 4s] [Ad]
freestyler85: bets $6
libaikang: folds
Uncalled bet ($6) returned to freestyler85
freestyler85 collected $11.76 from pot
freestyler85: doesn't show hand
*** SUMMARY ***
Total pot $12 | Rake $0.24
Board [5s Ac 4s Ad]
Seat 3: freestyler85 (big blind) collected ($11.76)
Seat 6: libaikang (button) (small blind) folded on the Turn


PokerStars Hand #158410269642:  Hold'em Limit ($3/$6 USD) - 2016/09/10 7:27:11 ET
Table 'Giclas' 6-max Seat #3 is the button
Seat 3: freestyler85 ($329.65 in chips)
Seat 6: libaikang ($591 in chips)
freestyler85: posts small blind $1
libaikang: posts big blind $3
*** HOLE CARDS ***
freestyler85: raises $3 to $6
libaikang: calls $3
*** FLOP *** [9s 7h Ts]
libaikang: checks
freestyler85: bets $3
libaikang: folds
Uncalled bet ($3) returned to freestyler85
freestyler85 collected $11.76 from pot
freestyler85: doesn't show hand
*** SUMMARY ***
Total pot $12 | Rake $0.24
Board [9s 7h Ts]
Seat 3: freestyler85 (button) (small blind) collected ($11.76)
Seat 6: libaikang (big blind) folded on the Flop


PokerStars Hand #158410275213:  Hold'em Limit ($3/$6 USD) - 2016/09/10 7:27:24 ET
Table 'Giclas' 6-max Seat #6 is the button
Seat 3: freestyler85 ($335.41 in chips)
Seat 6: libaikang ($585 in chips)
libaikang: posts small blind $1
freestyler85: posts big blind $3
*** HOLE CARDS ***
libaikang: calls $2
freestyler85: checks
*** FLOP *** [Kc 7c Ad]
freestyler85: bets $3
libaikang: raises $3 to $6
freestyler85: folds
Uncalled bet ($3) returned to libaikang
libaikang collected $11.76 from pot
libaikang: doesn't show hand
*** SUMMARY ***
Total pot $12 | Rake $0.24
Board [Kc 7c Ad]
Seat 3: freestyler85 (big blind) folded on the Flop
Seat 6: libaikang (button) (small blind) collected ($11.76)


PokerStars Hand #158410279854:  Hold'em Limit ($3/$6 USD) - 2016/09/10 7:27:34 ET
Table 'Giclas' 6-max Seat #3 is the button
Seat 3: freestyler85 ($329.41 in chips)
Seat 6: libaikang ($590.76 in chips)
freestyler85: posts small blind $1
libaikang: posts big blind $3
*** HOLE CARDS ***
freestyler85: raises $3 to $6
libaikang: raises $3 to $9
freestyler85: calls $3
*** FLOP *** [Ad 8s Qh]
libaikang: bets $3
freestyler85: folds
Uncalled bet ($3) returned to libaikang
libaikang collected $17.64 from pot
libaikang: doesn't show hand
*** SUMMARY ***
Total pot $18 | Rake $0.36
Board [Ad 8s Qh]
Seat 3: freestyler85 (button) (small blind) folded on the Flop
Seat 6: libaikang (big blind) collected ($17.64)


PokerStars Hand #158410284272:  Hold'em Limit ($3/$6 USD) - 2016/09/10 7:27:44 ET
Table 'Giclas' 6-max Seat #6 is the button
Seat 3: freestyler85 ($320.41 in chips)
Seat 6: libaikang ($599.40 in chips)
libaikang: posts small blind $1
freestyler85: posts big blind $3
*** HOLE CARDS ***
libaikang: raises $3 to $6
freestyler85: calls $3
*** FLOP *** [9s As 3h]
freestyler85: checks
libaikang: bets $3
freestyler85: folds
Uncalled bet ($3) returned to libaikang
libaikang collected $11.76 from pot
libaikang: doesn't show hand
*** SUMMARY ***
Total pot $12 | Rake $0.24
Board [9s As 3h]
Seat 3: freestyler85 (big blind) folded on the Flop
Seat 6: libaikang (button) (small blind) collected ($11.76)


PokerStars Hand #158410294118:  Hold'em Limit ($3/$6 USD) - 2016/09/10 7:28:06 ET
Table 'Giclas' 6-max Seat #6 is the button
Seat 3: freestyler85 ($305.41 in chips)
Seat 6: libaikang ($613.80 in chips)
libaikang: posts small blind $1
freestyler85: posts big blind $3
*** HOLE CARDS ***
libaikang: calls $2
freestyler85: checks
*** FLOP *** [Ad Qs 7h]
freestyler85: checks
libaikang: bets $3
freestyler85: folds
Uncalled bet ($3) returned to libaikang
libaikang collected $5.88 from pot
libaikang: doesn't show hand
*** SUMMARY ***
Total pot $6 | Rake $0.12
Board [Ad Qs 7h]
Seat 3: freestyler85 (big blind) folded on the Flop
Seat 6: libaikang (button) (small blind) collected ($5.88)


PokerStars Hand #158410288562:  Hold'em Limit ($3/$6 USD) - 2016/09/10 7:27:53 ET
Table 'Giclas' 6-max Seat #3 is the button
Seat 3: freestyler85 ($314.41 in chips)
Seat 6: libaikang ($605.16 in chips)
freestyler85: posts small blind $1
libaikang: posts big blind $3
*** HOLE CARDS ***
freestyler85: raises $3 to $6
libaikang: calls $3
*** FLOP *** [Tc Jc Qs]
libaikang: bets $3
freestyler85: calls $3
*** TURN *** [Tc Jc Qs] [8d]
libaikang: bets $6
freestyler85: folds
Uncalled bet ($6) returned to libaikang
libaikang collected $17.64 from pot
libaikang: doesn't show hand
*** SUMMARY ***
Total pot $18 | Rake $0.36
Board [Tc Jc Qs 8d]
Seat 3: freestyler85 (button) (small blind) folded on the Turn
Seat 6: libaikang (big blind) collected ($17.64)


PokerStars Hand #158410298308:  Hold'em Limit ($3/$6 USD) - 2016/09/10 7:28:15 ET
Table 'Giclas' 6-max Seat #3 is the button
Seat 3: freestyler85 ($302.41 in chips)
Seat 6: libaikang ($616.68 in chips)
freestyler85: posts small blind $1
libaikang: posts big blind $3
*** HOLE CARDS ***
freestyler85: raises $3 to $6
libaikang: raises $3 to $9
freestyler85: calls $3
*** FLOP *** [5d 3s 3d]
libaikang: bets $3
freestyler85: calls $3
*** TURN *** [5d 3s 3d] [9c]
libaikang: bets $6
freestyler85: calls $6
*** RIVER *** [5d 3s 3d 9c] [Jc]
libaikang: bets $6
freestyler85: raises $6 to $12
libaikang: folds
Uncalled bet ($6) returned to freestyler85
freestyler85 collected $47.50 from pot
freestyler85: doesn't show hand
*** SUMMARY ***
Total pot $48 | Rake $0.50
Board [5d 3s 3d 9c Jc]
Seat 3: freestyler85 (button) (small blind) collected ($47.50)
Seat 6: libaikang (big blind) folded on the River


PokerStars Hand #158410310083:  Hold'em Limit ($3/$6 USD) - 2016/09/10 7:28:41 ET
Table 'Giclas' 6-max Seat #3 is the button
Seat 3: freestyler85 ($326.91 in chips)
Seat 6: libaikang ($591.68 in chips)
freestyler85: posts small blind $1
libaikang: posts big blind $3
*** HOLE CARDS ***
freestyler85: raises $3 to $6
libaikang: raises $3 to $9
freestyler85: calls $3
*** FLOP *** [7c 6h 3d]
libaikang: checks
freestyler85: bets $3
libaikang: raises $3 to $6
freestyler85: calls $3
*** TURN *** [7c 6h 3d] [Ts]
libaikang: checks
freestyler85: checks
*** RIVER *** [7c 6h 3d Ts] [8s]
libaikang: bets $6
freestyler85: calls $6
*** SHOW DOWN ***
libaikang: shows [Ad 3c] (a pair of Threes)
freestyler85: shows [7d Kd] (a pair of Sevens)
freestyler85 collected $41.50 from pot
*** SUMMARY ***
Total pot $42 | Rake $0.50
Board [7c 6h 3d Ts 8s]
Seat 3: freestyler85 (button) (small blind) showed [7d Kd] and won ($41.50) with a pair of Sevens
Seat 6: libaikang (big blind) showed [Ad 3c] and lost with a pair of Threes


PokerStars Hand #158410307540:  Hold'em Limit ($3/$6 USD) - 2016/09/10 7:28:35 ET
Table 'Giclas' 6-max Seat #6 is the button
Seat 3: freestyler85 ($325.91 in chips)
Seat 6: libaikang ($592.68 in chips)
libaikang: posts small blind $1
freestyler85: posts big blind $3
*** HOLE CARDS ***
libaikang: folds
Uncalled bet ($2) returned to freestyler85
freestyler85 collected $2 from pot
freestyler85: doesn't show hand
*** SUMMARY ***
Total pot $2 | Rake $0
Seat 3: freestyler85 (big blind) collected ($2)
Seat 6: libaikang (button) (small blind) folded before Flop


PokerStars Hand #158410318458:  Hold'em Limit ($3/$6 USD) - 2016/09/10 7:29:00 ET
Table 'Giclas' 6-max Seat #6 is the button
Seat 3: freestyler85 ($347.41 in chips)
Seat 6: libaikang ($570.68 in chips)
libaikang: posts small blind $1
freestyler85: posts big blind $3
*** HOLE CARDS ***
libaikang: raises $3 to $6
freestyler85: calls $3
*** FLOP *** [Ac 7c 3s]
freestyler85: checks
libaikang: bets $3
freestyler85: calls $3
*** TURN *** [Ac 7c 3s] [2h]
freestyler85: checks
libaikang: checks
*** RIVER *** [Ac 7c 3s 2h] [9c]
freestyler85: checks
libaikang: checks
*** SHOW DOWN ***
freestyler85: shows [3h Qd] (a pair of Threes)
libaikang: mucks hand
freestyler85 collected $17.64 from pot
*** SUMMARY ***
Total pot $18 | Rake $0.36
Board [Ac 7c 3s 2h 9c]
Seat 3: freestyler85 (big blind) showed [3h Qd] and won ($17.64) with a pair of Threes
Seat 6: libaikang (button) (small blind) mucked


PokerStars Hand #158410324990:  Hold'em Limit ($3/$6 USD) - 2016/09/10 7:29:15 ET
Table 'Giclas' 6-max Seat #3 is the button
Seat 3: freestyler85 ($356.05 in chips)
Seat 6: libaikang ($561.68 in chips)
freestyler85: posts small blind $1
libaikang: posts big blind $3
*** HOLE CARDS ***
freestyler85: raises $3 to $6
libaikang: raises $3 to $9
freestyler85: calls $3
*** FLOP *** [2c Jh 2s]
libaikang: bets $3
freestyler85: calls $3
*** TURN *** [2c Jh 2s] [Qh]
libaikang: bets $6
freestyler85: folds
Uncalled bet ($6) returned to libaikang
libaikang collected $23.52 from pot
libaikang: doesn't show hand
*** SUMMARY ***
Total pot $24 | Rake $0.48
Board [2c Jh 2s Qh]
Seat 3: freestyler85 (button) (small blind) folded on the Turn
Seat 6: libaikang (big blind) collected ($23.52)


PokerStars Hand #158410332373:  Hold'em Limit ($3/$6 USD) - 2016/09/10 7:29:31 ET
Table 'Giclas' 6-max Seat #6 is the button
Seat 3: freestyler85 ($344.05 in chips)
Seat 6: libaikang ($573.20 in chips)
libaikang: posts small blind $1
freestyler85: posts big blind $3
*** HOLE CARDS ***
libaikang: folds
Uncalled bet ($2) returned to freestyler85
freestyler85 collected $2 from pot
freestyler85: doesn't show hand
*** SUMMARY ***
Total pot $2 | Rake $0
Seat 3: freestyler85 (big blind) collected ($2)
Seat 6: libaikang (button) (small blind) folded before Flop


PokerStars Hand #158410334844:  Hold'em Limit ($3/$6 USD) - 2016/09/10 7:29:37 ET
Table 'Giclas' 6-max Seat #3 is the button
Seat 3: freestyler85 ($345.05 in chips)
Seat 6: libaikang ($572.20 in chips)
freestyler85: posts small blind $1
libaikang: posts big blind $3
*** HOLE CARDS ***
freestyler85: raises $3 to $6
libaikang: folds
Uncalled bet ($3) returned to freestyler85
freestyler85 collected $6 from pot
freestyler85: doesn't show hand
*** SUMMARY ***
Total pot $6 | Rake $0
Seat 3: freestyler85 (button) (small blind) collected ($6)
Seat 6: libaikang (big blind) folded before Flop


PokerStars Hand #158410337705:  Hold'em Limit ($3/$6 USD) - 2016/09/10 7:29:43 ET
Table 'Giclas' 6-max Seat #6 is the button
Seat 3: freestyler85 ($348.05 in chips)
Seat 6: libaikang ($569.20 in chips)
libaikang: posts small blind $1
freestyler85: posts big blind $3
*** HOLE CARDS ***
libaikang: raises $3 to $6
freestyler85: calls $3
*** FLOP *** [4c 4d 5c]
freestyler85: checks
libaikang: checks
*** TURN *** [4c 4d 5c] [Qc]
freestyler85: checks
libaikang: checks
*** RIVER *** [4c 4d 5c Qc] [8s]
freestyler85: checks
libaikang: checks
*** SHOW DOWN ***
freestyler85: shows [Jh Kd] (a pair of Fours)
libaikang: shows [2c As] (a pair of Fours - Ace kicker)
libaikang collected $11.76 from pot
*** SUMMARY ***
Total pot $12 | Rake $0.24
Board [4c 4d 5c Qc 8s]
Seat 3: freestyler85 (big blind) showed [Jh Kd] and lost with a pair of Fours
Seat 6: libaikang (button) (small blind) showed [2c As] and won ($11.76) with a pair of Fours


PokerStars Hand #158410344693:  Hold'em Limit ($3/$6 USD) - 2016/09/10 7:29:58 ET
Table 'Giclas' 6-max Seat #3 is the button
Seat 3: freestyler85 ($342.05 in chips)
Seat 6: libaikang ($574.96 in chips)
freestyler85: posts small blind $1
libaikang: posts big blind $3
*** HOLE CARDS ***
freestyler85: raises $3 to $6
libaikang: folds
Uncalled bet ($3) returned to freestyler85
freestyler85 collected $6 from pot
freestyler85: doesn't show hand
*** SUMMARY ***
Total pot $6 | Rake $0
Seat 3: freestyler85 (button) (small blind) collected ($6)
Seat 6: libaikang (big blind) folded before Flop


PokerStars Hand #158410347785:  Hold'em Limit ($3/$6 USD) - 2016/09/10 7:30:05 ET
Table 'Giclas' 6-max Seat #6 is the button
Seat 3: freestyler85 ($345.05 in chips)
Seat 6: libaikang ($571.96 in chips)
libaikang: posts small blind $1
freestyler85: posts big blind $3
*** HOLE CARDS ***
libaikang: raises $3 to $6
freestyler85: calls $3
*** FLOP *** [4h 2c 2d]
freestyler85: checks
libaikang: checks
*** TURN *** [4h 2c 2d] [As]
freestyler85: checks
libaikang: checks
*** RIVER *** [4h 2c 2d As] [9d]
freestyler85: checks
libaikang: checks
*** SHOW DOWN ***
freestyler85: shows [8c 7d] (a pair of Deuces)
libaikang: mucks hand
freestyler85 collected $11.76 from pot
*** SUMMARY ***
Total pot $12 | Rake $0.24
Board [4h 2c 2d As 9d]
Seat 3: freestyler85 (big blind) showed [8c 7d] and won ($11.76) with a pair of Deuces
Seat 6: libaikang (button) (small blind) mucked


PokerStars Hand #158410357498:  Hold'em Limit ($3/$6 USD) - 2016/09/10 7:30:27 ET
Table 'Giclas' 6-max Seat #6 is the button
Seat 3: freestyler85 ($349.81 in chips)
Seat 6: libaikang ($566.96 in chips)
libaikang: posts small blind $1
freestyler85: posts big blind $3
*** HOLE CARDS ***
libaikang: calls $2
freestyler85: checks
*** FLOP *** [8c 4c 5d]
freestyler85: bets $3
libaikang: raises $3 to $6
freestyler85: calls $3
*** TURN *** [8c 4c 5d] [Ac]
freestyler85: checks
libaikang: bets $6
freestyler85: calls $6
*** RIVER *** [8c 4c 5d Ac] [4h]
freestyler85: checks
libaikang: checks
*** SHOW DOWN ***
freestyler85: shows [5s 3h] (two pair, Fives and Fours)
libaikang: mucks hand
freestyler85 collected $29.50 from pot
*** SUMMARY ***
Total pot $30 | Rake $0.50
Board [8c 4c 5d Ac 4h]
Seat 3: freestyler85 (big blind) showed [5s 3h] and won ($29.50) with two pair, Fives and Fours
Seat 6: libaikang (button) (small blind) mucked


PokerStars Hand #158410355169:  Hold'em Limit ($3/$6 USD) - 2016/09/10 7:30:22 ET
Table 'Giclas' 6-max Seat #3 is the button
Seat 3: freestyler85 ($350.81 in chips)
Seat 6: libaikang ($565.96 in chips)
freestyler85: posts small blind $1
libaikang: posts big blind $3
*** HOLE CARDS ***
freestyler85: folds
Uncalled bet ($2) returned to libaikang
libaikang collected $2 from pot
libaikang: doesn't show hand
*** SUMMARY ***
Total pot $2 | Rake $0
Seat 3: freestyler85 (button) (small blind) folded before Flop
Seat 6: libaikang (big blind) collected ($2)


PokerStars Hand #158410365335:  Hold'em Limit ($3/$6 USD) - 2016/09/10 7:30:45 ET
Table 'Giclas' 6-max Seat #3 is the button
Seat 3: freestyler85 ($364.31 in chips)
Seat 6: libaikang ($551.96 in chips)
freestyler85: posts small blind $1
libaikang: posts big blind $3
*** HOLE CARDS ***
freestyler85: raises $3 to $6
libaikang: raises $3 to $9
freestyler85: calls $3
*** FLOP *** [2h 9h Jh]
libaikang: bets $3
freestyler85: calls $3
*** TURN *** [2h 9h Jh] [7h]
libaikang: checks
freestyler85: checks
*** RIVER *** [2h 9h Jh 7h] [Jc]
libaikang: checks
freestyler85: bets $6
libaikang: folds
Uncalled bet ($6) returned to freestyler85
freestyler85 collected $23.52 from pot
freestyler85: doesn't show hand
*** SUMMARY ***
Total pot $24 | Rake $0.48
Board [2h 9h Jh 7h Jc]
Seat 3: freestyler85 (button) (small blind) collected ($23.52)
Seat 6: libaikang (big blind) folded on the River


PokerStars Hand #158410381074:  Hold'em Limit ($3/$6 USD) - 2016/09/10 7:31:19 ET
Table 'Giclas' 6-max Seat #3 is the button
Seat 3: freestyler85 ($357.83 in chips)
Seat 6: libaikang ($557.46 in chips)
freestyler85: posts small blind $1
libaikang: posts big blind $3
*** HOLE CARDS ***
freestyler85: raises $3 to $6
libaikang: raises $3 to $9
freestyler85: calls $3
*** FLOP *** [8c 9h Jh]
libaikang: checks
freestyler85: bets $3
libaikang: calls $3
*** TURN *** [8c 9h Jh] [9c]
libaikang: checks
freestyler85: bets $6
libaikang: calls $6
*** RIVER *** [8c 9h Jh 9c] [3c]
libaikang: checks
freestyler85: bets $6
libaikang: calls $6
*** SHOW DOWN ***
freestyler85: shows [7d Ts] (a straight, Seven to Jack)
libaikang: mucks hand
freestyler85 collected $47.50 from pot
*** SUMMARY ***
Total pot $48 | Rake $0.50
Board [8c 9h Jh 9c 3c]
Seat 3: freestyler85 (button) (small blind) showed [7d Ts] and won ($47.50) with a straight, Seven to Jack
Seat 6: libaikang (big blind) mucked


PokerStars Hand #158410374280:  Hold'em Limit ($3/$6 USD) - 2016/09/10 7:31:04 ET
Table 'Giclas' 6-max Seat #6 is the button
Seat 3: freestyler85 ($375.83 in chips)
Seat 6: libaikang ($539.96 in chips)
libaikang: posts small blind $1
freestyler85: posts big blind $3
*** HOLE CARDS ***
libaikang: raises $3 to $6
freestyler85: calls $3
*** FLOP *** [3c 8c Qd]
freestyler85: checks
libaikang: checks
*** TURN *** [3c 8c Qd] [2s]
freestyler85: checks
libaikang: checks
*** RIVER *** [3c 8c Qd 2s] [6s]
freestyler85: bets $6
libaikang: raises $6 to $12
freestyler85: calls $6
*** SHOW DOWN ***
libaikang: shows [6d Kd] (a pair of Sixes)
freestyler85: mucks hand
libaikang collected $35.50 from pot
*** SUMMARY ***
Total pot $36 | Rake $0.50
Board [3c 8c Qd 2s 6s]
Seat 3: freestyler85 (big blind) mucked
Seat 6: libaikang (button) (small blind) showed [6d Kd] and won ($35.50) with a pair of Sixes


PokerStars Hand #158410389527:  Hold'em Limit ($3/$6 USD) - 2016/09/10 7:31:38 ET
Table 'Giclas' 6-max Seat #6 is the button
Seat 3: freestyler85 ($381.33 in chips)
Seat 6: libaikang ($533.46 in chips)
libaikang: posts small blind $1
freestyler85: posts big blind $3
knalle joins the table at seat #2
*** HOLE CARDS ***
libaikang: raises $3 to $6
freestyler85 said, "HU pls"
freestyler85: calls $3
*** FLOP *** [7h Js As]
freestyler85: checks
libaikang: bets $3
freestyler85: folds
Uncalled bet ($3) returned to libaikang
libaikang collected $11.76 from pot
libaikang: doesn't show hand
*** SUMMARY ***
Total pot $12 | Rake $0.24
Board [7h Js As]
Seat 3: freestyler85 (big blind) folded on the Flop
Seat 6: libaikang (button) (small blind) collected ($11.76)


PokerStars Hand #158410396729:  Hold'em Limit ($3/$6 USD) - 2016/09/10 7:31:54 ET
Table 'Giclas' 6-max Seat #3 is the button
Seat 3: freestyler85 ($375.33 in chips)
Seat 6: libaikang ($539.22 in chips)
freestyler85: posts small blind $1
knalle said, "fo"
libaikang: posts big blind $3
*** HOLE CARDS ***
freestyler85: folds
Uncalled bet ($2) returned to libaikang
libaikang collected $2 from pot
libaikang: doesn't show hand
*** SUMMARY ***
Total pot $2 | Rake $0
Seat 3: freestyler85 (button) (small blind) folded before Flop
Seat 6: libaikang (big blind) collected ($2)


PokerStars Hand #158411258581:  Hold'em Limit ($3/$6 USD) - 2016/09/10 8:03:43 ET
Table 'Giclas' 6-max Seat #6 is the button
Seat 3: freestyler85 ($318.82 in chips)
Seat 6: libaikang ($486.15 in chips)
libaikang: posts small blind $1
Wurst2000: is sitting out
freestyler85: posts big blind $3
*** HOLE CARDS ***
libaikang: folds
Uncalled bet ($2) returned to freestyler85
freestyler85 collected $2 from pot
freestyler85: doesn't show hand
*** SUMMARY ***
Total pot $2 | Rake $0
Seat 3: freestyler85 (big blind) collected ($2)
Seat 6: libaikang (button) (small blind) folded before Flop


PokerStars Hand #158411262510:  Hold'em Limit ($3/$6 USD) - 2016/09/10 8:03:51 ET
Table 'Giclas' 6-max Seat #3 is the button
Seat 3: freestyler85 ($319.82 in chips)
Seat 6: libaikang ($485.15 in chips)
freestyler85: posts small blind $1
libaikang: posts big blind $3
*** HOLE CARDS ***
freestyler85: raises $3 to $6
libaikang: calls $3
*** FLOP *** [7d 6h Qc]
libaikang: checks
freestyler85: bets $3
libaikang: folds
Uncalled bet ($3) returned to freestyler85
freestyler85 collected $11.76 from pot
freestyler85: doesn't show hand
*** SUMMARY ***
Total pot $12 | Rake $0.24
Board [7d 6h Qc]
Seat 3: freestyler85 (button) (small blind) collected ($11.76)
Seat 6: libaikang (big blind) folded on the Flop


PokerStars Hand #158411272236:  Hold'em Limit ($3/$6 USD) - 2016/09/10 8:04:11 ET
Table 'Giclas' 6-max Seat #3 is the button
Seat 3: freestyler85 ($326.58 in chips)
Seat 6: libaikang ($478.15 in chips)
freestyler85: posts small blind $1
libaikang: posts big blind $3
*** HOLE CARDS ***
freestyler85: raises $3 to $6
libaikang: raises $3 to $9
freestyler85: calls $3
*** FLOP *** [4h 2s Jd]
libaikang: bets $3
freestyler85: calls $3
*** TURN *** [4h 2s Jd] [9h]
libaikang: bets $6
freestyler85: folds
Uncalled bet ($6) returned to libaikang
libaikang collected $23.52 from pot
libaikang: doesn't show hand
*** SUMMARY ***
Total pot $24 | Rake $0.48
Board [4h 2s Jd 9h]
Seat 3: freestyler85 (button) (small blind) folded on the Turn
Seat 6: libaikang (big blind) collected ($23.52)


PokerStars Hand #158411268672:  Hold'em Limit ($3/$6 USD) - 2016/09/10 8:04:04 ET
Table 'Giclas' 6-max Seat #6 is the button
Seat 3: freestyler85 ($325.58 in chips)
Seat 6: libaikang ($479.15 in chips)
libaikang: posts small blind $1
freestyler85: posts big blind $3
*** HOLE CARDS ***
libaikang: folds
Uncalled bet ($2) returned to freestyler85
freestyler85 collected $2 from pot
freestyler85: doesn't show hand
*** SUMMARY ***
Total pot $2 | Rake $0
Seat 3: freestyler85 (big blind) collected ($2)
Seat 6: libaikang (button) (small blind) folded before Flop


PokerStars Hand #158411338367:  Hold'em Limit ($3/$6 USD) - 2016/09/10 8:06:28 ET
Table 'Giclas' 6-max Seat #3 is the button
Seat 3: freestyler85 ($303.97 in chips)
Seat 6: libaikang ($400.67 in chips)
freestyler85: posts small blind $1
libaikang: posts big blind $3
*** HOLE CARDS ***
freestyler85: raises $3 to $6
libaikang: raises $3 to $9
freestyler85: calls $3
*** FLOP *** [Tc 7s Jh]
libaikang: checks
freestyler85: bets $3
libaikang: calls $3
*** TURN *** [Tc 7s Jh] [5h]
libaikang: checks
freestyler85: bets $6
libaikang: calls $6
*** RIVER *** [Tc 7s Jh 5h] [Th]
libaikang: bets $6
freestyler85: calls $6
*** SHOW DOWN ***
libaikang: shows [5s 8d] (two pair, Tens and Fives)
freestyler85: shows [Kc Jd] (two pair, Jacks and Tens)
freestyler85 collected $47.50 from pot
*** SUMMARY ***
Total pot $48 | Rake $0.50
Board [Tc 7s Jh 5h Th]
Seat 3: freestyler85 (button) (small blind) showed [Kc Jd] and won ($47.50) with two pair, Jacks and Tens
Seat 6: libaikang (big blind) showed [5s 8d] and lost with two pair, Tens and Fives


PokerStars Hand #158411330523:  Hold'em Limit ($3/$6 USD) - 2016/09/10 8:06:12 ET
Table 'Giclas' 6-max Seat #6 is the button
Seat 3: freestyler85 ($289.47 in chips)
Seat 6: libaikang ($415.67 in chips)
libaikang: posts small blind $1
Wurst2000: is sitting out
freestyler85: posts big blind $3
*** HOLE CARDS ***
libaikang: raises $3 to $6
Wurst2000 leaves the table
freestyler85: calls $3
*** FLOP *** [3d 2h Qd]
freestyler85: checks
libaikang: bets $3
freestyler85: calls $3
*** TURN *** [3d 2h Qd] [Ts]
freestyler85: checks
libaikang: bets $6
freestyler85: calls $6
*** RIVER *** [3d 2h Qd Ts] [Td]
freestyler85: checks
libaikang: checks
*** SHOW DOWN ***
freestyler85: shows [As 4c] (a pair of Tens)
libaikang: mucks hand
freestyler85 collected $29.50 from pot
*** SUMMARY ***
Total pot $30 | Rake $0.50
Board [3d 2h Qd Ts Td]
Seat 3: freestyler85 (big blind) showed [As 4c] and won ($29.50) with a pair of Tens
Seat 6: libaikang (button) (small blind) mucked


PokerStars Hand #158411374423:  Hold'em Limit ($3/$6 USD) - 2016/09/10 8:07:42 ET
Table 'Giclas' 6-max Seat #6 is the button
Seat 3: freestyler85 ($282.47 in chips)
Seat 6: libaikang ($420.31 in chips)
libaikang: posts small blind $1
freestyler85: posts big blind $3
*** HOLE CARDS ***
libaikang: raises $3 to $6
freestyler85: calls $3
*** FLOP *** [2c 8s Jc]
freestyler85: checks
libaikang: bets $3
freestyler85: folds
Uncalled bet ($3) returned to libaikang
libaikang collected $11.76 from pot
libaikang: doesn't show hand
*** SUMMARY ***
Total pot $12 | Rake $0.24
Board [2c 8s Jc]
Seat 3: freestyler85 (big blind) folded on the Flop
Seat 6: libaikang (button) (small blind) collected ($11.76)


PokerStars Hand #158411366788:  Hold'em Limit ($3/$6 USD) - 2016/09/10 8:07:26 ET
Table 'Giclas' 6-max Seat #3 is the button
Seat 3: freestyler85 ($297.47 in chips)
Seat 6: libaikang ($405.81 in chips)
freestyler85: posts small blind $1
libaikang: posts big blind $3
*** HOLE CARDS ***
freestyler85: raises $3 to $6
libaikang: calls $3
*** FLOP *** [8h Ac 9d]
libaikang: checks
freestyler85: bets $3
libaikang: calls $3
*** TURN *** [8h Ac 9d] [Kh]
libaikang: checks
freestyler85: bets $6
libaikang: calls $6
*** RIVER *** [8h Ac 9d Kh] [As]
libaikang: checks
freestyler85: checks
*** SHOW DOWN ***
libaikang: shows [Jc Td] (a pair of Aces)
freestyler85: mucks hand
libaikang collected $29.50 from pot
*** SUMMARY ***
Total pot $30 | Rake $0.50
Board [8h Ac 9d Kh As]
Seat 3: freestyler85 (button) (small blind) mucked
Seat 6: libaikang (big blind) showed [Jc Td] and won ($29.50) with a pair of Aces


PokerStars Hand #158411356229:  Hold'em Limit ($3/$6 USD) - 2016/09/10 8:07:05 ET
Table 'Giclas' 6-max Seat #3 is the button
Seat 3: freestyler85 ($318.47 in chips)
Seat 6: libaikang ($385.31 in chips)
freestyler85: posts small blind $1
libaikang: posts big blind $3
*** HOLE CARDS ***
freestyler85: raises $3 to $6
libaikang: folds
Uncalled bet ($3) returned to freestyler85
freestyler85 collected $6 from pot
freestyler85: doesn't show hand
*** SUMMARY ***
Total pot $6 | Rake $0
Seat 3: freestyler85 (button) (small blind) collected ($6)
Seat 6: libaikang (big blind) folded before Flop


PokerStars Hand #158411349416:  Hold'em Limit ($3/$6 USD) - 2016/09/10 8:06:51 ET
Table 'Giclas' 6-max Seat #6 is the button
Seat 3: freestyler85 ($327.47 in chips)
Seat 6: libaikang ($376.67 in chips)
libaikang: posts small blind $1
freestyler85: posts big blind $3
*** HOLE CARDS ***
libaikang: raises $3 to $6
freestyler85: calls $3
*** FLOP *** [Ts 5h 9d]
freestyler85: checks
libaikang: bets $3
freestyler85: calls $3
*** TURN *** [Ts 5h 9d] [7s]
freestyler85: checks
libaikang: bets $6
freestyler85: folds
Uncalled bet ($6) returned to libaikang
libaikang collected $17.64 from pot
libaikang: doesn't show hand
*** SUMMARY ***
Total pot $18 | Rake $0.36
Board [Ts 5h 9d 7s]
Seat 3: freestyler85 (big blind) folded on the Turn
Seat 6: libaikang (button) (small blind) collected ($17.64)


PokerStars Hand #158411359084:  Hold'em Limit ($3/$6 USD) - 2016/09/10 8:07:11 ET
Table 'Giclas' 6-max Seat #6 is the button
Seat 3: freestyler85 ($321.47 in chips)
Seat 6: libaikang ($382.31 in chips)
libaikang: posts small blind $1
freestyler85: posts big blind $3
*** HOLE CARDS ***
libaikang: raises $3 to $6
freestyler85: calls $3
*** FLOP *** [5c 6h Ah]
freestyler85: checks
libaikang: checks
*** TURN *** [5c 6h Ah] [4s]
freestyler85: bets $6
libaikang: raises $6 to $12
freestyler85: calls $6
*** RIVER *** [5c 6h Ah 4s] [4d]
freestyler85: checks
libaikang: bets $6
freestyler85: calls $6
*** SHOW DOWN ***
libaikang: shows [8d 7c] (a straight, Four to Eight)
freestyler85: mucks hand
libaikang collected $47.50 from pot
*** SUMMARY ***
Total pot $48 | Rake $0.50
Board [5c 6h Ah 4s 4d]
Seat 3: freestyler85 (big blind) mucked
Seat 6: libaikang (button) (small blind) showed [8d 7c] and won ($47.50) with a straight, Four to Eight


PokerStars Hand #158411379810:  Hold'em Limit ($3/$6 USD) - 2016/09/10 8:07:53 ET
Table 'Giclas' 6-max Seat #3 is the button
Seat 3: freestyler85 ($276.47 in chips)
Seat 6: libaikang ($426.07 in chips)
freestyler85: posts small blind $1
libaikang: posts big blind $3
*** HOLE CARDS ***
freestyler85: raises $3 to $6
libaikang: raises $3 to $9
freestyler85: calls $3
*** FLOP *** [6d Kh 8h]
libaikang: checks
freestyler85: bets $3
libaikang: raises $3 to $6
freestyler85: calls $3
*** TURN *** [6d Kh 8h] [Ac]
libaikang: bets $6
freestyler85: calls $6
*** RIVER *** [6d Kh 8h Ac] [Js]
libaikang: bets $6
freestyler85: calls $6
*** SHOW DOWN ***
libaikang: shows [Ah 8d] (two pair, Aces and Eights)
freestyler85: mucks hand
libaikang collected $53.50 from pot
*** SUMMARY ***
Total pot $54 | Rake $0.50
Board [6d Kh 8h Ac Js]
Seat 3: freestyler85 (button) (small blind) mucked
Seat 6: libaikang (big blind) showed [Ah 8d] and won ($53.50) with two pair, Aces and Eights


PokerStars Hand #158411388351:  Hold'em Limit ($3/$6 USD) - 2016/09/10 8:08:11 ET
Table 'Giclas' 6-max Seat #6 is the button
Seat 3: freestyler85 ($249.47 in chips)
Seat 6: libaikang ($452.57 in chips)
libaikang: posts small blind $1
freestyler85: posts big blind $3
*** HOLE CARDS ***
libaikang: raises $3 to $6
freestyler85: calls $3
*** FLOP *** [Qd 2s 8h]
freestyler85: checks
libaikang: bets $3
freestyler85: raises $3 to $6
libaikang: calls $3
*** TURN *** [Qd 2s 8h] [5c]
freestyler85: bets $6
libaikang: folds
Uncalled bet ($6) returned to freestyler85
freestyler85 collected $23.52 from pot
freestyler85: doesn't show hand
*** SUMMARY ***
Total pot $24 | Rake $0.48
Board [Qd 2s 8h 5c]
Seat 3: freestyler85 (big blind) collected ($23.52)
Seat 6: libaikang (button) (small blind) folded on the Turn


PokerStars Hand #158411397338:  Hold'em Limit ($3/$6 USD) - 2016/09/10 8:08:29 ET
Table 'Giclas' 6-max Seat #3 is the button
Seat 3: freestyler85 ($260.99 in chips)
Seat 6: libaikang ($440.57 in chips)
freestyler85: posts small blind $1
libaikang: posts big blind $3
*** HOLE CARDS ***
freestyler85: raises $3 to $6
libaikang: raises $3 to $9
freestyler85: calls $3
*** FLOP *** [Js 7s 8s]
libaikang: bets $3
freestyler85: calls $3
*** TURN *** [Js 7s 8s] [Kc]
libaikang: bets $6
freestyler85: folds
Uncalled bet ($6) returned to libaikang
libaikang collected $23.52 from pot
libaikang: doesn't show hand
*** SUMMARY ***
Total pot $24 | Rake $0.48
Board [Js 7s 8s Kc]
Seat 3: freestyler85 (button) (small blind) folded on the Turn
Seat 6: libaikang (big blind) collected ($23.52)


PokerStars Hand #158411427693:  Hold'em Limit ($3/$6 USD) - 2016/09/10 8:09:32 ET
Table 'Giclas' 6-max Seat #3 is the button
Seat 3: freestyler85 ($188.99 in chips)
Seat 6: libaikang ($510.59 in chips)
freestyler85: posts small blind $1
libaikang: posts big blind $3
*** HOLE CARDS ***
freestyler85: raises $3 to $6
libaikang: folds
Uncalled bet ($3) returned to freestyler85
freestyler85 collected $6 from pot
freestyler85: doesn't show hand
*** SUMMARY ***
Total pot $6 | Rake $0
Seat 3: freestyler85 (button) (small blind) collected ($6)
Seat 6: libaikang (big blind) folded before Flop


PokerStars Hand #158411419415:  Hold'em Limit ($3/$6 USD) - 2016/09/10 8:09:15 ET
Table 'Giclas' 6-max Seat #6 is the button
Seat 3: freestyler85 ($206.99 in chips)
Seat 6: libaikang ($493.09 in chips)
libaikang: posts small blind $1
freestyler85: posts big blind $3
*** HOLE CARDS ***
libaikang: calls $2
freestyler85: raises $3 to $6
libaikang: calls $3
*** FLOP *** [5h 8c 7s]
freestyler85: bets $3
libaikang: raises $3 to $6
freestyler85: calls $3
*** TURN *** [5h 8c 7s] [9d]
freestyler85: checks
libaikang: bets $6
freestyler85: calls $6
*** RIVER *** [5h 8c 7s 9d] [3s]
freestyler85: checks
libaikang: bets $6
freestyler85: folds
Uncalled bet ($6) returned to libaikang
libaikang collected $35.50 from pot
libaikang: doesn't show hand
*** SUMMARY ***
Total pot $36 | Rake $0.50
Board [5h 8c 7s 9d 3s]
Seat 3: freestyler85 (big blind) folded on the River
Seat 6: libaikang (button) (small blind) collected ($35.50)


PokerStars Hand #158411403654:  Hold'em Limit ($3/$6 USD) - 2016/09/10 8:08:43 ET
Table 'Giclas' 6-max Seat #6 is the button
Seat 3: freestyler85 ($248.99 in chips)
Seat 6: libaikang ($452.09 in chips)
libaikang: posts small blind $1
freestyler85: posts big blind $3
*** HOLE CARDS ***
libaikang: calls $2
freestyler85: checks
*** FLOP *** [6d Jd Qh]
freestyler85: bets $3
libaikang: calls $3
*** TURN *** [6d Jd Qh] [6h]
freestyler85: bets $6
libaikang: calls $6
*** RIVER *** [6d Jd Qh 6h] [4h]
freestyler85: bets $6
libaikang: calls $6
*** SHOW DOWN ***
freestyler85: shows [8s 3s] (a pair of Sixes)
libaikang: shows [Kc Td] (a pair of Sixes - King kicker)
libaikang collected $35.50 from pot
*** SUMMARY ***
Total pot $36 | Rake $0.50
Board [6d Jd Qh 6h 4h]
Seat 3: freestyler85 (big blind) showed [8s 3s] and lost with a pair of Sixes
Seat 6: libaikang (button) (small blind) showed [Kc Td] and won ($35.50) with a pair of Sixes


PokerStars Hand #158411411430:  Hold'em Limit ($3/$6 USD) - 2016/09/10 8:08:59 ET
Table 'Giclas' 6-max Seat #3 is the button
Seat 3: freestyler85 ($230.99 in chips)
Seat 6: libaikang ($469.59 in chips)
freestyler85: posts small blind $1
libaikang: posts big blind $3
*** HOLE CARDS ***
freestyler85: raises $3 to $6
libaikang: raises $3 to $9
freestyler85: calls $3
*** FLOP *** [Ts 7c 8d]
libaikang: bets $3
freestyler85: calls $3
*** TURN *** [Ts 7c 8d] [Tc]
libaikang: bets $6
freestyler85: calls $6
*** RIVER *** [Ts 7c 8d Tc] [Ad]
libaikang: bets $6
freestyler85: calls $6
*** SHOW DOWN ***
libaikang: shows [4c As] (two pair, Aces and Tens)
freestyler85: mucks hand
libaikang collected $47.50 from pot
*** SUMMARY ***
Total pot $48 | Rake $0.50
Board [Ts 7c 8d Tc Ad]
Seat 3: freestyler85 (button) (small blind) mucked
Seat 6: libaikang (big blind) showed [4c As] and won ($47.50) with two pair, Aces and Tens


PokerStars Hand #158411430425:  Hold'em Limit ($3/$6 USD) - 2016/09/10 8:09:38 ET
Table 'Giclas' 6-max Seat #6 is the button
Seat 3: freestyler85 ($191.99 in chips)
Seat 6: libaikang ($507.59 in chips)
yoyoma7777 joins the table at seat #4
libaikang: posts small blind $1
freestyler85: posts big blind $3
*** HOLE CARDS ***
libaikang: calls $2
freestyler85 said, "HU pls"
freestyler85: raises $3 to $6
libaikang: calls $3
*** FLOP *** [As 5c 9d]
freestyler85: bets $3
libaikang: calls $3
*** TURN *** [As 5c 9d] [3s]
freestyler85: bets $6
libaikang: raises $6 to $12
freestyler85: calls $6
*** RIVER *** [As 5c 9d 3s] [Th]
freestyler85: checks
libaikang: bets $6
freestyler85: calls $6
*** SHOW DOWN ***
libaikang: shows [Jh 5d] (a pair of Fives)
freestyler85: shows [9c Qh] (a pair of Nines)
freestyler85 collected $53.50 from pot
*** SUMMARY ***
Total pot $54 | Rake $0.50
Board [As 5c 9d 3s Th]
Seat 3: freestyler85 (big blind) showed [9c Qh] and won ($53.50) with a pair of Nines
Seat 6: libaikang (button) (small blind) showed [Jh 5d] and lost with a pair of Fives


PokerStars Hand #158411495905:  Hold'em Limit ($3/$6 USD) - 2016/09/10 8:11:52 ET
Table 'Giclas' 6-max Seat #3 is the button
Seat 3: freestyler85 ($173.37 in chips)
Seat 6: libaikang ($488.47 in chips)
freestyler85: posts small blind $1
libaikang: posts big blind $3
*** HOLE CARDS ***
freestyler85: raises $3 to $6
libaikang: folds
Uncalled bet ($3) returned to freestyler85
freestyler85 collected $6 from pot
freestyler85: doesn't show hand
*** SUMMARY ***
Total pot $6 | Rake $0
Seat 3: freestyler85 (button) (small blind) collected ($6)
Seat 6: libaikang (big blind) folded before Flop


PokerStars Hand #158411489250:  Hold'em Limit ($3/$6 USD) - 2016/09/10 8:11:38 ET
Table 'Giclas' 6-max Seat #6 is the button
Seat 3: freestyler85 ($173.49 in chips)
Seat 6: libaikang ($488.59 in chips)
libaikang: posts small blind $1
freestyler85: posts big blind $3
*** HOLE CARDS ***
libaikang: raises $3 to $6
freestyler85: calls $3
*** FLOP *** [Ts Tc 9s]
freestyler85: checks
libaikang: checks
*** TURN *** [Ts Tc 9s] [9c]
freestyler85: checks
libaikang: checks
*** RIVER *** [Ts Tc 9s 9c] [Ah]
freestyler85: checks
libaikang: checks
*** SHOW DOWN ***
freestyler85: shows [5c 7s] (two pair, Tens and Nines)
libaikang: shows [7c Kd] (two pair, Tens and Nines)
freestyler85 collected $5.88 from pot
libaikang collected $5.88 from pot
*** SUMMARY ***
Total pot $12 | Rake $0.24
Board [Ts Tc 9s 9c Ah]
Seat 3: freestyler85 (big blind) showed [5c 7s] and won ($5.88) with two pair, Tens and Nines
Seat 6: libaikang (button) (small blind) showed [7c Kd] and won ($5.88) with two pair, Tens and Nines


PokerStars Hand #158411467086:  Hold'em Limit ($3/$6 USD) - 2016/09/10 8:10:52 ET
Table 'Giclas' 6-max Seat #3 is the button
Seat 3: freestyler85 ($203.49 in chips)
Seat 6: libaikang ($459.59 in chips)
freestyler85: posts small blind $1
libaikang: posts big blind $3
*** HOLE CARDS ***
freestyler85: raises $3 to $6
yoyoma7777 leaves the table
libaikang: raises $3 to $9
freestyler85: calls $3
*** FLOP *** [2s Jh Kd]
libaikang: checks
freestyler85: checks
*** TURN *** [2s Jh Kd] [2d]
libaikang: checks
freestyler85: checks
*** RIVER *** [2s Jh Kd 2d] [9h]
libaikang: bets $6
freestyler85: calls $6
*** SHOW DOWN ***
libaikang: shows [8d Ks] (two pair, Kings and Deuces)
freestyler85: mucks hand
libaikang collected $29.50 from pot
*** SUMMARY ***
Total pot $30 | Rake $0.50
Board [2s Jh Kd 2d 9h]
Seat 3: freestyler85 (button) (small blind) mucked
Seat 6: libaikang (big blind) showed [8d Ks] and won ($29.50) with two pair, Kings and Deuces


PokerStars Hand #158411485981:  Hold'em Limit ($3/$6 USD) - 2016/09/10 8:11:31 ET
Table 'Giclas' 6-max Seat #3 is the button
Seat 3: freestyler85 ($170.49 in chips)
Seat 6: libaikang ($491.59 in chips)
freestyler85: posts small blind $1
libaikang: posts big blind $3
*** HOLE CARDS ***
freestyler85: raises $3 to $6
libaikang: folds
Uncalled bet ($3) returned to freestyler85
freestyler85 collected $6 from pot
freestyler85: doesn't show hand
*** SUMMARY ***
Total pot $6 | Rake $0
Seat 3: freestyler85 (button) (small blind) collected ($6)
Seat 6: libaikang (big blind) folded before Flop


PokerStars Hand #158411477098:  Hold'em Limit ($3/$6 USD) - 2016/09/10 8:11:13 ET
Table 'Giclas' 6-max Seat #6 is the button
Seat 3: freestyler85 ($188.49 in chips)
Seat 6: libaikang ($474.09 in chips)
libaikang: posts small blind $1
freestyler85: posts big blind $3
*** HOLE CARDS ***
libaikang: calls $2
freestyler85: checks
*** FLOP *** [2c Ad 4s]
freestyler85: bets $3
libaikang: calls $3
*** TURN *** [2c Ad 4s] [4d]
freestyler85: bets $6
libaikang: calls $6
*** RIVER *** [2c Ad 4s 4d] [Jd]
freestyler85: bets $6
libaikang: calls $6
*** SHOW DOWN ***
freestyler85: shows [3c 7d] (a pair of Fours)
libaikang: shows [Qc Jc] (two pair, Jacks and Fours)
libaikang collected $35.50 from pot
*** SUMMARY ***
Total pot $36 | Rake $0.50
Board [2c Ad 4s 4d Jd]
Seat 3: freestyler85 (big blind) showed [3c 7d] and lost with a pair of Fours
Seat 6: libaikang (button) (small blind) showed [Qc Jc] and won ($35.50) with two pair, Jacks and Fours


PokerStars Hand #158411498717:  Hold'em Limit ($3/$6 USD) - 2016/09/10 8:11:58 ET
Table 'Giclas' 6-max Seat #6 is the button
Seat 3: freestyler85 ($176.37 in chips)
Seat 6: libaikang ($485.47 in chips)
libaikang: posts small blind $1
freestyler85: posts big blind $3
*** HOLE CARDS ***
libaikang: folds
Uncalled bet ($2) returned to freestyler85
freestyler85 collected $2 from pot
freestyler85: doesn't show hand
*** SUMMARY ***
Total pot $2 | Rake $0
Seat 3: freestyler85 (big blind) collected ($2)
Seat 6: libaikang (button) (small blind) folded before Flop


PokerStars Hand #158411501665:  Hold'em Limit ($3/$6 USD) - 2016/09/10 8:12:04 ET
Table 'Giclas' 6-max Seat #3 is the button
Seat 3: freestyler85 ($177.37 in chips)
Seat 6: libaikang ($484.47 in chips)
freestyler85: posts small blind $1
libaikang: posts big blind $3
*** HOLE CARDS ***
freestyler85: raises $3 to $6
libaikang: folds
Uncalled bet ($3) returned to freestyler85
freestyler85 collected $6 from pot
freestyler85: doesn't show hand
*** SUMMARY ***
Total pot $6 | Rake $0
Seat 3: freestyler85 (button) (small blind) collected ($6)
Seat 6: libaikang (big blind) folded before Flop


PokerStars Hand #158411511780:  Hold'em Limit ($3/$6 USD) - 2016/09/10 8:12:25 ET
Table 'Giclas' 6-max Seat #3 is the button
Seat 3: freestyler85 ($159.37 in chips)
Seat 6: libaikang ($501.97 in chips)
freestyler85: posts small blind $1
libaikang: posts big blind $3
*** HOLE CARDS ***
freestyler85: raises $3 to $6
libaikang: folds
Uncalled bet ($3) returned to freestyler85
freestyler85 collected $6 from pot
freestyler85: doesn't show hand
*** SUMMARY ***
Total pot $6 | Rake $0
Seat 3: freestyler85 (button) (small blind) collected ($6)
Seat 6: libaikang (big blind) folded before Flop


PokerStars Hand #158411504607:  Hold'em Limit ($3/$6 USD) - 2016/09/10 8:12:10 ET
Table 'Giclas' 6-max Seat #6 is the button
Seat 3: freestyler85 ($180.37 in chips)
Seat 6: libaikang ($481.47 in chips)
libaikang: posts small blind $1
freestyler85: posts big blind $3
*** HOLE CARDS ***
libaikang: raises $3 to $6
freestyler85: calls $3
*** FLOP *** [Th 8h 3c]
freestyler85: checks
libaikang: bets $3
freestyler85: calls $3
*** TURN *** [Th 8h 3c] [5d]
freestyler85: checks
libaikang: bets $6
freestyler85: calls $6
*** RIVER *** [Th 8h 3c 5d] [7h]
freestyler85: checks
libaikang: bets $6
freestyler85: calls $6
*** SHOW DOWN ***
libaikang: shows [7c Qh] (a pair of Sevens)
freestyler85: mucks hand
libaikang collected $41.50 from pot
michi99999 joins the table at seat #1
*** SUMMARY ***
Total pot $42 | Rake $0.50
Board [Th 8h 3c 5d 7h]
Seat 3: freestyler85 (big blind) mucked
Seat 6: libaikang (button) (small blind) showed [7c Qh] and won ($41.50) with a pair of Sevens


PokerStars Hand #158412957816:  Hold'em Limit ($3/$6 USD) - 2016/09/10 9:00:29 ET
Table 'Giclas' 6-max Seat #1 is the button
Seat 1: pixifloss ($166.90 in chips)
Seat 5: Kaissou2222 ($135.55 in chips)
TinaTurner72 will be allowed to play after the button
pixifloss: posts small blind $1
freestyler85: is sitting out
Kaissou2222: posts big blind $3
*** HOLE CARDS ***
pixifloss: raises $3 to $6
Kaissou2222: raises $3 to $9
freestyler85 leaves the table
pixifloss: raises $3 to $12
Betting is capped
Kaissou2222: calls $3
*** FLOP *** [4d Kh 9s]
Kaissou2222: bets $3
pixifloss: raises $3 to $6
Kaissou2222: calls $3
*** TURN *** [4d Kh 9s] [2h]
Kaissou2222: checks
pixifloss: bets $6
Kaissou2222: calls $6
*** RIVER *** [4d Kh 9s 2h] [Qh]
Kaissou2222: checks
pixifloss: bets $6
Kaissou2222: calls $6
*** SHOW DOWN ***
pixifloss: shows [5d 6c] (high card King)
Kaissou2222: shows [Jh Js] (a pair of Jacks)
Kaissou2222 collected $59.50 from pot
*** SUMMARY ***
Total pot $60 | Rake $0.50
Board [4d Kh 9s 2h Qh]
Seat 1: pixifloss (button) (small blind) showed [5d 6c] and lost with high card King
Seat 5: Kaissou2222 (big blind) showed [Jh Js] and won ($59.50) with a pair of Jacks


PokerStars Hand #158415601252:  Hold'em Limit ($3/$6 USD) - 2016/09/10 10:18:41 ET
Table 'Giclas' 6-max Seat #1 is the button
Seat 1: pixifloss ($187.08 in chips)
Seat 5: Apanage ($137.59 in chips)
pixifloss: posts small blind $1
Apanage: posts big blind $3
*** HOLE CARDS ***
pixifloss: raises $3 to $6
Apanage: calls $3
*** FLOP *** [3d Ac Ks]
Apanage: checks
pixifloss: bets $3
Apanage: calls $3
*** TURN *** [3d Ac Ks] [2d]
Apanage: checks
pixifloss: bets $6
Apanage: calls $6
*** RIVER *** [3d Ac Ks 2d] [4h]
Apanage: checks
pixifloss: checks
*** SHOW DOWN ***
Apanage: shows [6h Kc] (a pair of Kings)
pixifloss: shows [6s As] (a pair of Aces)
pixifloss collected $29.50 from pot
*** SUMMARY ***
Total pot $30 | Rake $0.50
Board [3d Ac Ks 2d 4h]
Seat 1: pixifloss (button) (small blind) showed [6s As] and won ($29.50) with a pair of Aces
Seat 5: Apanage (big blind) showed [6h Kc] and lost with a pair of Kings


PokerStars Hand #158415616693:  Hold'em Limit ($3/$6 USD) - 2016/09/10 10:19:06 ET
Table 'Giclas' 6-max Seat #5 is the button
Seat 1: pixifloss ($201.58 in chips)
Seat 5: Apanage ($122.59 in chips)
Apanage: posts small blind $1
pixifloss: posts big blind $3
*** HOLE CARDS ***
Apanage: raises $3 to $6
pixifloss: calls $3
*** FLOP *** [8h 3c Ac]
pixifloss: checks
Apanage: bets $3
pixifloss: calls $3
*** TURN *** [8h 3c Ac] [8c]
pixifloss: bets $6
Apanage: calls $6
*** RIVER *** [8h 3c Ac 8c] [Jh]
pixifloss: bets $6
Apanage: calls $6
*** SHOW DOWN ***
pixifloss: shows [2h Qc] (a pair of Eights)
Apanage: shows [Th 3h] (two pair, Eights and Threes)
Apanage collected $41.50 from pot
*** SUMMARY ***
Total pot $42 | Rake $0.50
Board [8h 3c Ac 8c Jh]
Seat 1: pixifloss (big blind) showed [2h Qc] and lost with a pair of Eights
Seat 5: Apanage (button) (small blind) showed [Th 3h] and won ($41.50) with two pair, Eights and Threes


PokerStars Hand #158415661890:  Hold'em Limit ($3/$6 USD) - 2016/09/10 10:20:20 ET
Table 'Giclas' 6-max Seat #5 is the button
Seat 1: pixifloss ($174.10 in chips)
Seat 5: Apanage ($148.59 in chips)
Apanage: posts small blind $1
pixifloss: posts big blind $3
*** HOLE CARDS ***
Apanage: raises $3 to $6
pixifloss: folds
Uncalled bet ($3) returned to Apanage
Apanage collected $6 from pot
Apanage: doesn't show hand
*** SUMMARY ***
Total pot $6 | Rake $0
Seat 1: pixifloss (big blind) folded before Flop
Seat 5: Apanage (button) (small blind) collected ($6)


PokerStars Hand #158415634011:  Hold'em Limit ($3/$6 USD) - 2016/09/10 10:19:34 ET
Table 'Giclas' 6-max Seat #1 is the button
Seat 1: pixifloss ($180.58 in chips)
Seat 5: Apanage ($143.09 in chips)
pixifloss: posts small blind $1
Apanage: posts big blind $3
*** HOLE CARDS ***
pixifloss: raises $3 to $6
Apanage: raises $3 to $9
pixifloss: calls $3
*** FLOP *** [Jc 2c 3d]
Apanage: bets $3
pixifloss: calls $3
*** TURN *** [Jc 2c 3d] [4c]
Apanage: checks
pixifloss: checks
*** RIVER *** [Jc 2c 3d 4c] [5d]
Apanage: checks
pixifloss: bets $6
Apanage: calls $6
*** SHOW DOWN ***
pixifloss: shows [9s Tc] (high card Jack)
Apanage: shows [As Qh] (a straight, Ace to Five)
Apanage collected $35.50 from pot
*** SUMMARY ***
Total pot $36 | Rake $0.50
Board [Jc 2c 3d 4c 5d]
Seat 1: pixifloss (button) (small blind) showed [9s Tc] and lost with high card Jack
Seat 5: Apanage (big blind) showed [As Qh] and won ($35.50) with a straight, Ace to Five


PokerStars Hand #158415646705:  Hold'em Limit ($3/$6 USD) - 2016/09/10 10:19:55 ET
Table 'Giclas' 6-max Seat #5 is the button
Seat 1: pixifloss ($162.58 in chips)
Seat 5: Apanage ($160.59 in chips)
Apanage: posts small blind $1
pixifloss: posts big blind $3
*** HOLE CARDS ***
Apanage: raises $3 to $6
pixifloss: calls $3
*** FLOP *** [9c Ad 5c]
pixifloss: bets $3
Apanage: folds
Uncalled bet ($3) returned to pixifloss
pixifloss collected $11.76 from pot
*** SUMMARY ***
Total pot $12 | Rake $0.24
Board [9c Ad 5c]
Seat 1: pixifloss (big blind) collected ($11.76)
Seat 5: Apanage (button) (small blind) folded on the Flop


PokerStars Hand #158415654109:  Hold'em Limit ($3/$6 USD) - 2016/09/10 10:20:07 ET
Table 'Giclas' 6-max Seat #1 is the button
Seat 1: pixifloss ($168.34 in chips)
Seat 5: Apanage ($154.59 in chips)
pixifloss: posts small blind $1
Apanage: posts big blind $3
*** HOLE CARDS ***
pixifloss: raises $3 to $6
Apanage: calls $3
*** FLOP *** [5h 6s Ah]
Apanage: checks
pixifloss: bets $3
Apanage: folds
Uncalled bet ($3) returned to pixifloss
pixifloss collected $11.76 from pot
*** SUMMARY ***
Total pot $12 | Rake $0.24
Board [5h 6s Ah]
Seat 1: pixifloss (button) (small blind) collected ($11.76)
Seat 5: Apanage (big blind) folded on the Flop


PokerStars Hand #158415699768:  Hold'em Limit ($3/$6 USD) - 2016/09/10 10:21:21 ET
Table 'Giclas' 6-max Seat #5 is the button
Seat 1: pixifloss ($159.74 in chips)
Seat 5: Apanage ($162.09 in chips)
Apanage: posts small blind $1
pixifloss: posts big blind $3
*** HOLE CARDS ***
Apanage: raises $3 to $6
pixifloss: raises $3 to $9
Apanage: calls $3
*** FLOP *** [5h Ad 2s]
pixifloss: bets $3
Apanage: calls $3
*** TURN *** [5h Ad 2s] [Kh]
pixifloss: bets $6
Apanage: calls $6
*** RIVER *** [5h Ad 2s Kh] [Qs]
pixifloss: checks
Apanage: checks
*** SHOW DOWN ***
pixifloss: shows [Ac 6s] (a pair of Aces)
Apanage: mucks hand
pixifloss collected $35.50 from pot
*** SUMMARY ***
Total pot $36 | Rake $0.50
Board [5h Ad 2s Kh Qs]
Seat 1: pixifloss (big blind) showed [Ac 6s] and won ($35.50) with a pair of Aces
Seat 5: Apanage (button) (small blind) mucked


PokerStars Hand #158415680718:  Hold'em Limit ($3/$6 USD) - 2016/09/10 10:20:50 ET
Table 'Giclas' 6-max Seat #5 is the button
Seat 1: pixifloss ($179.74 in chips)
Seat 5: Apanage ($142.59 in chips)
Apanage: posts small blind $1
pixifloss: posts big blind $3
*** HOLE CARDS ***
Apanage: folds
Uncalled bet ($2) returned to pixifloss
pixifloss collected $2 from pot
*** SUMMARY ***
Total pot $2 | Rake $0
Seat 1: pixifloss (big blind) collected ($2)
Seat 5: Apanage (button) (small blind) folded before Flop


PokerStars Hand #158415666183:  Hold'em Limit ($3/$6 USD) - 2016/09/10 10:20:27 ET
Table 'Giclas' 6-max Seat #1 is the button
Seat 1: pixifloss ($171.10 in chips)
Seat 5: Apanage ($151.59 in chips)
pixifloss: posts small blind $1
Apanage: posts big blind $3
*** HOLE CARDS ***
pixifloss: raises $3 to $6
Apanage: calls $3
*** FLOP *** [Th 9c 5c]
Apanage: checks
pixifloss: bets $3
Apanage: calls $3
*** TURN *** [Th 9c 5c] [8d]
Apanage: checks
pixifloss: bets $6
Apanage: folds
Uncalled bet ($6) returned to pixifloss
pixifloss collected $17.64 from pot
*** SUMMARY ***
Total pot $18 | Rake $0.36
Board [Th 9c 5c 8d]
Seat 1: pixifloss (button) (small blind) collected ($17.64)
Seat 5: Apanage (big blind) folded on the Turn


PokerStars Hand #158415683776:  Hold'em Limit ($3/$6 USD) - 2016/09/10 10:20:55 ET
Table 'Giclas' 6-max Seat #1 is the button
Seat 1: pixifloss ($180.74 in chips)
Seat 5: Apanage ($141.59 in chips)
pixifloss: posts small blind $1
Apanage: posts big blind $3
*** HOLE CARDS ***
pixifloss: raises $3 to $6
Apanage: calls $3
*** FLOP *** [6c Jh Ah]
Apanage: checks
pixifloss: bets $3
Apanage: calls $3
*** TURN *** [6c Jh Ah] [Tc]
Apanage: checks
pixifloss: bets $6
Apanage: calls $6
*** RIVER *** [6c Jh Ah Tc] [7s]
Apanage: checks
pixifloss: bets $6
Apanage: calls $6
*** SHOW DOWN ***
pixifloss: shows [9s 9d] (a pair of Nines)
Apanage: shows [2c Js] (a pair of Jacks)
Apanage collected $41.50 from pot
*** SUMMARY ***
Total pot $42 | Rake $0.50
Board [6c Jh Ah Tc 7s]
Seat 1: pixifloss (button) (small blind) showed [9s 9d] and lost with a pair of Nines
Seat 5: Apanage (big blind) showed [2c Js] and won ($41.50) with a pair of Jacks


PokerStars Hand #158415737157:  Hold'em Limit ($3/$6 USD) - 2016/09/10 10:22:22 ET
Table 'Giclas' 6-max Seat #5 is the button
Seat 1: pixifloss ($144.24 in chips)
Seat 5: Apanage ($176.59 in chips)
Apanage: posts small blind $1
pixifloss: posts big blind $3
*** HOLE CARDS ***
Apanage: raises $3 to $6
pixifloss: calls $3
*** FLOP *** [3s 5s 2c]
pixifloss: checks
Apanage: bets $3
pixifloss: raises $3 to $6
Apanage: calls $3
*** TURN *** [3s 5s 2c] [6d]
pixifloss: bets $6
Apanage: folds
Uncalled bet ($6) returned to pixifloss
pixifloss collected $23.52 from pot
*** SUMMARY ***
Total pot $24 | Rake $0.48
Board [3s 5s 2c 6d]
Seat 1: pixifloss (big blind) collected ($23.52)
Seat 5: Apanage (button) (small blind) folded on the Turn


PokerStars Hand #158415730620:  Hold'em Limit ($3/$6 USD) - 2016/09/10 10:22:11 ET
Table 'Giclas' 6-max Seat #5 is the button
Seat 1: pixifloss ($144.24 in chips)
Seat 5: Apanage ($176.59 in chips)
Apanage: posts small blind $1
pixifloss: posts big blind $3
*** HOLE CARDS ***
Apanage: folds
Uncalled bet ($2) returned to pixifloss
pixifloss collected $2 from pot
*** SUMMARY ***
Total pot $2 | Rake $0
Seat 1: pixifloss (big blind) collected ($2)
Seat 5: Apanage (button) (small blind) folded before Flop


PokerStars Hand #158415712755:  Hold'em Limit ($3/$6 USD) - 2016/09/10 10:21:42 ET
Table 'Giclas' 6-max Seat #1 is the button
Seat 1: pixifloss ($177.24 in chips)
Seat 5: Apanage ($144.09 in chips)
pixifloss: posts small blind $1
Apanage: posts big blind $3
*** HOLE CARDS ***
pixifloss: raises $3 to $6
Apanage: calls $3
*** FLOP *** [2s Qh Ks]
Apanage: checks
pixifloss: bets $3
Apanage: calls $3
*** TURN *** [2s Qh Ks] [Td]
Apanage: checks
pixifloss: bets $6
Apanage: raises $6 to $12
pixifloss: raises $6 to $18
Apanage: calls $6
*** RIVER *** [2s Qh Ks Td] [8s]
Apanage: checks
pixifloss: bets $6
Apanage: calls $6
*** SHOW DOWN ***
pixifloss: shows [6s Jd] (high card King)
Apanage: shows [2h Qd] (two pair, Queens and Deuces)
Apanage collected $65.50 from pot
*** SUMMARY ***
Total pot $66 | Rake $0.50
Board [2s Qh Ks Td 8s]
Seat 1: pixifloss (button) (small blind) showed [6s Jd] and lost with high card King
Seat 5: Apanage (big blind) showed [2h Qd] and won ($65.50) with two pair, Queens and Deuces


PokerStars Hand #158415733857:  Hold'em Limit ($3/$6 USD) - 2016/09/10 10:22:16 ET
Table 'Giclas' 6-max Seat #1 is the button
Seat 1: pixifloss ($145.24 in chips)
Seat 5: Apanage ($175.59 in chips)
pixifloss: posts small blind $1
Apanage: posts big blind $3
*** HOLE CARDS ***
pixifloss: folds
Uncalled bet ($2) returned to Apanage
Apanage collected $2 from pot
Apanage: doesn't show hand
*** SUMMARY ***
Total pot $2 | Rake $0
Seat 1: pixifloss (button) (small blind) folded before Flop
Seat 5: Apanage (big blind) collected ($2)


PokerStars Hand #158415764796:  Hold'em Limit ($3/$6 USD) - 2016/09/10 10:23:07 ET
Table 'Giclas' 6-max Seat #5 is the button
Seat 1: pixifloss ($161.52 in chips)
Seat 5: Apanage ($158.59 in chips)
Apanage: posts small blind $1
pixifloss: posts big blind $3
*** HOLE CARDS ***
Apanage: raises $3 to $6
pixifloss: raises $3 to $9
Apanage: calls $3
*** FLOP *** [8h Td 2s]
pixifloss: bets $3
Apanage: calls $3
*** TURN *** [8h Td 2s] [Ac]
pixifloss: bets $6
Apanage: folds
Uncalled bet ($6) returned to pixifloss
pixifloss collected $23.52 from pot
*** SUMMARY ***
Total pot $24 | Rake $0.48
Board [8h Td 2s Ac]
Seat 1: pixifloss (big blind) collected ($23.52)
Seat 5: Apanage (button) (small blind) folded on the Turn


PokerStars Hand #158415782787:  Hold'em Limit ($3/$6 USD) - 2016/09/10 10:23:36 ET
Table 'Giclas' 6-max Seat #1 is the button
Seat 1: pixifloss ($173.04 in chips)
Seat 5: Apanage ($146.59 in chips)
pixifloss: posts small blind $1
Apanage: posts big blind $3
*** HOLE CARDS ***
carmello774 joins the table at seat #6
pixifloss: folds
Uncalled bet ($2) returned to Apanage
Apanage collected $2 from pot
Apanage: doesn't show hand
*** SUMMARY ***
Total pot $2 | Rake $0
Seat 1: pixifloss (button) (small blind) folded before Flop
Seat 5: Apanage (big blind) collected ($2)


PokerStars Hand #158415749700:  Hold'em Limit ($3/$6 USD) - 2016/09/10 10:22:42 ET
Table 'Giclas' 6-max Seat #1 is the button
Seat 1: pixifloss ($155.76 in chips)
Seat 5: Apanage ($164.59 in chips)
pixifloss: posts small blind $1
Apanage: posts big blind $3
*** HOLE CARDS ***
pixifloss: raises $3 to $6
Apanage: calls $3
*** FLOP *** [Ts Kh Th]
Apanage: checks
pixifloss: bets $3
Apanage: folds
Uncalled bet ($3) returned to pixifloss
pixifloss collected $11.76 from pot
*** SUMMARY ***
Total pot $12 | Rake $0.24
Board [Ts Kh Th]
Seat 1: pixifloss (button) (small blind) collected ($11.76)
Seat 5: Apanage (big blind) folded on the Flop


PokerStars Hand #158427847257:  Hold'em Limit ($3/$6 USD) - 2016/09/10 15:19:24 ET
Table 'Giclas' 6-max Seat #3 is the button
Seat 3: Kaissou2222 ($46.67 in chips)
Seat 4: RockKillerTY ($200.97 in chips)
Kaissou2222: posts small blind $1
RockKillerTY: posts big blind $3
*** HOLE CARDS ***
Kaissou2222: raises $3 to $6
RockKillerTY: calls $3
*** FLOP *** [6d 3c 4s]
RockKillerTY: checks
Kaissou2222: checks
*** TURN *** [6d 3c 4s] [7s]
RockKillerTY: bets $6
Kaissou2222: calls $6
*** RIVER *** [6d 3c 4s 7s] [2c]
RockKillerTY: bets $6
Kaissou2222: calls $6
*** SHOW DOWN ***
RockKillerTY: shows [5s Qd] (a straight, Three to Seven)
Kaissou2222: mucks hand
RockKillerTY collected $35.50 from pot
*** SUMMARY ***
Total pot $36 | Rake $0.50
Board [6d 3c 4s 7s 2c]
Seat 3: Kaissou2222 (button) (small blind) mucked
Seat 4: RockKillerTY (big blind) showed [5s Qd] and won ($35.50) with a straight, Three to Seven


PokerStars Hand #158427864233:  Hold'em Limit ($3/$6 USD) - 2016/09/10 15:19:45 ET
Table 'Giclas' 6-max Seat #3 is the button
Seat 3: Kaissou2222 ($29.67 in chips)
Seat 4: RockKillerTY ($217.47 in chips)
Kaissou2222: posts small blind $1
RockKillerTY: posts big blind $3
*** HOLE CARDS ***
Kaissou2222: folds
Uncalled bet ($2) returned to RockKillerTY
RockKillerTY collected $2 from pot
RockKillerTY: doesn't show hand
*** SUMMARY ***
Total pot $2 | Rake $0
Seat 3: Kaissou2222 (button) (small blind) folded before Flop
Seat 4: RockKillerTY (big blind) collected ($2)


PokerStars Hand #158427859032:  Hold'em Limit ($3/$6 USD) - 2016/09/10 15:19:39 ET
Table 'Giclas' 6-max Seat #4 is the button
Seat 3: Kaissou2222 ($28.67 in chips)
Seat 4: RockKillerTY ($218.47 in chips)
RockKillerTY: posts small blind $1
Kaissou2222: posts big blind $3
*** HOLE CARDS ***
RockKillerTY: folds
Uncalled bet ($2) returned to Kaissou2222
Kaissou2222 collected $2 from pot
Kaissou2222: doesn't show hand
*** SUMMARY ***
Total pot $2 | Rake $0
Seat 3: Kaissou2222 (big blind) collected ($2)
Seat 4: RockKillerTY (button) (small blind) folded before Flop


PokerStars Hand #158427868571:  Hold'em Limit ($3/$6 USD) - 2016/09/10 15:19:51 ET
Table 'Giclas' 6-max Seat #4 is the button
Seat 3: Kaissou2222 ($28.67 in chips)
Seat 4: RockKillerTY ($218.47 in chips)
RockKillerTY: posts small blind $1
Kaissou2222: posts big blind $3
*** HOLE CARDS ***
RockKillerTY: folds
Uncalled bet ($2) returned to Kaissou2222
Kaissou2222 collected $2 from pot
Kaissou2222: doesn't show hand
*** SUMMARY ***
Total pot $2 | Rake $0
Seat 3: Kaissou2222 (big blind) collected ($2)
Seat 4: RockKillerTY (button) (small blind) folded before Flop


