PokerStars Hand #154130203682:  Hold'em Limit ($3/$6 USD) - 2016/06/01 5:08:28 ET
Table 'Giclas' 6-max Seat #4 is the button
Seat 4: VolkovDmitri ($120 in chips)
Seat 5: kairobs ($120 in chips)
Solydz joins the table at seat #6
VolkovDmitri: posts small blind $1
kairobs: posts big blind $3
*** HOLE CARDS ***
VolkovDmitri: raises $3 to $6
kairobs: calls $3
*** FLOP *** [Ts Jd 7h]
kairobs: checks
VolkovDmitri: bets $3
kairobs: calls $3
*** TURN *** [Ts Jd 7h] [7s]
kairobs: checks
Solydz leaves the table
VolkovDmitri: checks
*** RIVER *** [Ts Jd 7h 7s] [8d]
kairobs: bets $6
VolkovDmitri: folds
Uncalled bet ($6) returned to kairobs
kairobs collected $17.64 from pot
kairobs: doesn't show hand
*** SUMMARY ***
Total pot $18 | Rake $0.36
Board [Ts Jd 7h 7s 8d]
Seat 4: VolkovDmitri (button) (small blind) folded on the River
Seat 5: kairobs (big blind) collected ($17.64)


PokerStars Hand #154130217799:  Hold'em Limit ($3/$6 USD) - 2016/06/01 5:09:09 ET
Table 'Giclas' 6-max Seat #4 is the button
Seat 4: VolkovDmitri ($120 in chips)
Seat 5: kairobs ($131.64 in chips)
VolkovDmitri: posts small blind $1
kairobs: posts big blind $3
*** HOLE CARDS ***
VolkovDmitri: raises $3 to $6
kairobs: calls $3
*** FLOP *** [2s 9s 5s]
kairobs: checks
VolkovDmitri: bets $3
kairobs: folds
Uncalled bet ($3) returned to VolkovDmitri
VolkovDmitri collected $11.76 from pot
VolkovDmitri: doesn't show hand
*** SUMMARY ***
Total pot $12 | Rake $0.24
Board [2s 9s 5s]
Seat 4: VolkovDmitri (button) (small blind) collected ($11.76)
Seat 5: kairobs (big blind) folded on the Flop


PokerStars Hand #154130214610:  Hold'em Limit ($3/$6 USD) - 2016/06/01 5:09:00 ET
Table 'Giclas' 6-max Seat #5 is the button
Seat 4: VolkovDmitri ($120 in chips)
Seat 5: kairobs ($128.64 in chips)
kairobs: posts small blind $1
VolkovDmitri: posts big blind $3
*** HOLE CARDS ***
kairobs: raises $3 to $6
tomte999 joins the table at seat #6
VolkovDmitri: folds
Uncalled bet ($3) returned to kairobs
kairobs collected $6 from pot
kairobs: doesn't show hand
*** SUMMARY ***
Total pot $6 | Rake $0
Seat 4: VolkovDmitri (big blind) folded before Flop
Seat 5: kairobs (button) (small blind) collected ($6)


