PokerStars Hand #174411229024:  Hold'em Limit ($3/$6 USD) - 2017/08/16 13:29:09 ET
Table 'Gienah' 6-max Seat #2 is the button
Seat 1: jamie2000 ($28.61 in chips)
Seat 2: favete lin ($110.99 in chips)
favete lin: posts small blind $1
vestimokrec: is sitting out
B_loJkl: is sitting out
Fantomet joins the table at seat #3
jamie2000: posts big blind $3
*** HOLE CARDS ***
favete lin: raises $3 to $6
nimzon leaves the table
jamie2000: raises $3 to $9
favete lin: calls $3
*** FLOP *** [9s 6s 6h]
jamie2000: bets $3
favete lin: calls $3
*** TURN *** [9s 6s 6h] [7d]
jamie2000: bets $6
favete lin: raises $6 to $12
jamie2000: calls $6
*** RIVER *** [9s 6s 6h 7d] [9h]
jamie2000: checks
favete lin: bets $6
jamie2000: calls $4.61 and is all-in
Uncalled bet ($1.39) returned to favete lin
*** SHOW DOWN ***
favete lin: shows [9c 6d] (a full house, Nines full of Sixes)
jamie2000: shows [Kh As] (two pair, Nines and Sixes)
favete lin collected $56.72 from pot
*** SUMMARY ***
Total pot $57.22 | Rake $0.50
Board [9s 6s 6h 7d 9h]
Seat 1: jamie2000 (big blind) showed [Kh As] and lost with two pair, Nines and Sixes
Seat 2: favete lin (button) (small blind) showed [9c 6d] and won ($56.72) with a full house, Nines full of Sixes


PokerStars Hand #174411293821:  Hold'em Limit ($3/$6 USD) - 2017/08/16 13:30:44 ET
Table 'Gienah' 6-max Seat #2 is the button
Seat 2: favete lin ($145.56 in chips)
Seat 3: Fantomet ($262 in chips)
favete lin: posts small blind $1
Fantomet: posts big blind $3
*** HOLE CARDS ***
favete lin: raises $3 to $6
Fantomet: folds
Uncalled bet ($3) returned to favete lin
favete lin collected $6 from pot
favete lin: doesn't show hand
*** SUMMARY ***
Total pot $6 | Rake $0
Seat 2: favete lin (button) (small blind) collected ($6)
Seat 3: Fantomet (big blind) folded before Flop


PokerStars Hand #174411315103:  Hold'em Limit ($3/$6 USD) - 2017/08/16 13:31:15 ET
Table 'Gienah' 6-max Seat #2 is the button
Seat 2: favete lin ($139.56 in chips)
Seat 3: Fantomet ($267.64 in chips)
favete lin: posts small blind $1
Fantomet: posts big blind $3
*** HOLE CARDS ***
favete lin: folds
Uncalled bet ($2) returned to Fantomet
Fantomet collected $2 from pot
*** SUMMARY ***
Total pot $2 | Rake $0
Seat 2: favete lin (button) (small blind) folded before Flop
Seat 3: Fantomet (big blind) collected ($2)


PokerStars Hand #174411289950:  Hold'em Limit ($3/$6 USD) - 2017/08/16 13:30:38 ET
Table 'Gienah' 6-max Seat #3 is the button
Seat 2: favete lin ($144.56 in chips)
Seat 3: Fantomet ($263 in chips)
Fantomet: posts small blind $1
vestimokrec: is sitting out
favete lin: posts big blind $3
*** HOLE CARDS ***
Fantomet: folds
Uncalled bet ($2) returned to favete lin
favete lin collected $2 from pot
favete lin: doesn't show hand
*** SUMMARY ***
Total pot $2 | Rake $0
Seat 2: favete lin (big blind) collected ($2)
Seat 3: Fantomet (button) (small blind) folded before Flop


PokerStars Hand #174411298820:  Hold'em Limit ($3/$6 USD) - 2017/08/16 13:30:51 ET
Table 'Gienah' 6-max Seat #3 is the button
Seat 2: favete lin ($148.56 in chips)
Seat 3: Fantomet ($259 in chips)
Fantomet: posts small blind $1
favete lin: posts big blind $3
*** HOLE CARDS ***
Fantomet: raises $3 to $6
favete lin: calls $3
*** FLOP *** [6c Ac 8h]
favete lin: checks
Fantomet: bets $3
favete lin: calls $3
*** TURN *** [6c Ac 8h] [6d]
favete lin: checks
Fantomet: bets $6
favete lin: folds
Uncalled bet ($6) returned to Fantomet
Fantomet collected $17.64 from pot
*** SUMMARY ***
Total pot $18 | Rake $0.36
Board [6c Ac 8h 6d]
Seat 2: favete lin (big blind) folded on the Turn
Seat 3: Fantomet (button) (small blind) collected ($17.64)


PokerStars Hand #174411336224:  Hold'em Limit ($3/$6 USD) - 2017/08/16 13:31:45 ET
Table 'Gienah' 6-max Seat #3 is the button
Seat 2: favete lin ($131.56 in chips)
Seat 3: Fantomet ($275.40 in chips)
Fantomet: posts small blind $1
favete lin: posts big blind $3
*** HOLE CARDS ***
Fantomet: raises $3 to $6
favete lin: calls $3
*** FLOP *** [4s 4c Js]
favete lin: checks
Fantomet: checks
*** TURN *** [4s 4c Js] [9c]
favete lin: checks
Fantomet: checks
*** RIVER *** [4s 4c Js 9c] [5s]
favete lin: checks
Fantomet: bets $6
favete lin: calls $6
*** SHOW DOWN ***
Fantomet: shows [5c 6d] (two pair, Fives and Fours)
favete lin: mucks hand
Fantomet collected $23.52 from pot
*** SUMMARY ***
Total pot $24 | Rake $0.48
Board [4s 4c Js 9c 5s]
Seat 2: favete lin (big blind) mucked
Seat 3: Fantomet (button) (small blind) showed [5c 6d] and won ($23.52) with two pair, Fives and Fours


PokerStars Hand #174411347676:  Hold'em Limit ($3/$6 USD) - 2017/08/16 13:32:02 ET
Table 'Gienah' 6-max Seat #2 is the button
Seat 2: favete lin ($119.56 in chips)
Seat 3: Fantomet ($286.92 in chips)
favete lin: posts small blind $1
Fantomet: posts big blind $3
*** HOLE CARDS ***
favete lin: raises $3 to $6
Fantomet: folds
Uncalled bet ($3) returned to favete lin
favete lin collected $6 from pot
favete lin: doesn't show hand
*** SUMMARY ***
Total pot $6 | Rake $0
Seat 2: favete lin (button) (small blind) collected ($6)
Seat 3: Fantomet (big blind) folded before Flop


PokerStars Hand #174411329765:  Hold'em Limit ($3/$6 USD) - 2017/08/16 13:31:36 ET
Table 'Gienah' 6-max Seat #2 is the button
Seat 2: favete lin ($132.56 in chips)
Seat 3: Fantomet ($274.40 in chips)
favete lin: posts small blind $1
Fantomet: posts big blind $3
*** HOLE CARDS ***
favete lin: folds
Uncalled bet ($2) returned to Fantomet
Fantomet collected $2 from pot
*** SUMMARY ***
Total pot $2 | Rake $0
Seat 2: favete lin (button) (small blind) folded before Flop
Seat 3: Fantomet (big blind) collected ($2)


PokerStars Hand #174411318586:  Hold'em Limit ($3/$6 USD) - 2017/08/16 13:31:20 ET
Table 'Gienah' 6-max Seat #3 is the button
Seat 2: favete lin ($138.56 in chips)
Seat 3: Fantomet ($268.64 in chips)
Fantomet: posts small blind $1
favete lin: posts big blind $3
*** HOLE CARDS ***
Fantomet: raises $3 to $6
favete lin: calls $3
*** FLOP *** [Td Jd 4c]
favete lin: checks
Fantomet: bets $3
favete lin: folds
Uncalled bet ($3) returned to Fantomet
Fantomet collected $11.76 from pot
*** SUMMARY ***
Total pot $12 | Rake $0.24
Board [Td Jd 4c]
Seat 2: favete lin (big blind) folded on the Flop
Seat 3: Fantomet (button) (small blind) collected ($11.76)


PokerStars Hand #174411366029:  Hold'em Limit ($3/$6 USD) - 2017/08/16 13:32:29 ET
Table 'Gienah' 6-max Seat #2 is the button
Seat 2: favete lin ($134.08 in chips)
Seat 3: Fantomet ($271.92 in chips)
favete lin: posts small blind $1
Fantomet: posts big blind $3
*** HOLE CARDS ***
favete lin: folds
Uncalled bet ($2) returned to Fantomet
Fantomet collected $2 from pot
*** SUMMARY ***
Total pot $2 | Rake $0
Seat 2: favete lin (button) (small blind) folded before Flop
Seat 3: Fantomet (big blind) collected ($2)


PokerStars Hand #174411351630:  Hold'em Limit ($3/$6 USD) - 2017/08/16 13:32:08 ET
Table 'Gienah' 6-max Seat #3 is the button
Seat 2: favete lin ($122.56 in chips)
Seat 3: Fantomet ($283.92 in chips)
Fantomet: posts small blind $1
favete lin: posts big blind $3
*** HOLE CARDS ***
Fantomet: raises $3 to $6
favete lin: raises $3 to $9
Fantomet: calls $3
*** FLOP *** [6s 5h 3d]
favete lin: bets $3
Fantomet: calls $3
*** TURN *** [6s 5h 3d] [4d]
favete lin: checks
Fantomet: checks
*** RIVER *** [6s 5h 3d 4d] [Ah]
favete lin: checks
Fantomet: checks
*** SHOW DOWN ***
favete lin: shows [3s Qd] (a pair of Threes)
Fantomet: mucks hand
favete lin collected $23.52 from pot
*** SUMMARY ***
Total pot $24 | Rake $0.48
Board [6s 5h 3d 4d Ah]
Seat 2: favete lin (big blind) showed [3s Qd] and won ($23.52) with a pair of Threes
Seat 3: Fantomet (button) (small blind) mucked


PokerStars Hand #174411378810:  Hold'em Limit ($3/$6 USD) - 2017/08/16 13:32:47 ET
Table 'Gienah' 6-max Seat #2 is the button
Seat 2: favete lin ($124.08 in chips)
Seat 3: Fantomet ($281.56 in chips)
favete lin: posts small blind $1
Fantomet: posts big blind $3
*** HOLE CARDS ***
favete lin: raises $3 to $6
Fantomet: calls $3
*** FLOP *** [Kd Kh Qc]
Fantomet: checks
favete lin: bets $3
Fantomet: calls $3
*** TURN *** [Kd Kh Qc] [9d]
Fantomet: checks
favete lin: bets $6
Fantomet: raises $6 to $12
favete lin: raises $6 to $18
Fantomet: raises $6 to $24
Betting is capped
favete lin: calls $6
*** RIVER *** [Kd Kh Qc 9d] [8c]
Fantomet: bets $6
favete lin: calls $6
*** SHOW DOWN ***
Fantomet: shows [Ks 7c] (three of a kind, Kings)
favete lin: shows [Jh Kc] (three of a kind, Kings - Queen+Jack kicker)
favete lin collected $77.50 from pot
*** SUMMARY ***
Total pot $78 | Rake $0.50
Board [Kd Kh Qc 9d 8c]
Seat 2: favete lin (button) (small blind) showed [Jh Kc] and won ($77.50) with three of a kind, Kings
Seat 3: Fantomet (big blind) showed [Ks 7c] and lost with three of a kind, Kings


PokerStars Hand #174411368983:  Hold'em Limit ($3/$6 USD) - 2017/08/16 13:32:33 ET
Table 'Gienah' 6-max Seat #3 is the button
Seat 2: favete lin ($133.08 in chips)
Seat 3: Fantomet ($272.92 in chips)
Fantomet: posts small blind $1
favete lin: posts big blind $3
*** HOLE CARDS ***
Fantomet: raises $3 to $6
favete lin: calls $3
*** FLOP *** [7h Js 4d]
favete lin: checks
Fantomet: bets $3
favete lin: calls $3
*** TURN *** [7h Js 4d] [2c]
favete lin: checks
Fantomet: bets $6
favete lin: folds
Uncalled bet ($6) returned to Fantomet
Fantomet collected $17.64 from pot
*** SUMMARY ***
Total pot $18 | Rake $0.36
Board [7h Js 4d 2c]
Seat 2: favete lin (big blind) folded on the Turn
Seat 3: Fantomet (button) (small blind) collected ($17.64)


PokerStars Hand #174411461085:  Hold'em Limit ($3/$6 USD) - 2017/08/16 13:34:48 ET
Table 'Gienah' 6-max Seat #3 is the button
Seat 2: favete lin ($135.10 in chips)
Seat 3: Fantomet ($268.56 in chips)
Fantomet: posts small blind $1
favete lin: posts big blind $3
*** HOLE CARDS ***
Fantomet: raises $3 to $6
favete lin: calls $3
*** FLOP *** [6d Qc 6s]
favete lin: checks
Fantomet: bets $3
favete lin: folds
Uncalled bet ($3) returned to Fantomet
Fantomet collected $11.76 from pot
*** SUMMARY ***
Total pot $12 | Rake $0.24
Board [6d Qc 6s]
Seat 2: favete lin (big blind) folded on the Flop
Seat 3: Fantomet (button) (small blind) collected ($11.76)


PokerStars Hand #174411439817:  Hold'em Limit ($3/$6 USD) - 2017/08/16 13:34:16 ET
Table 'Gienah' 6-max Seat #3 is the button
Seat 2: favete lin ($120.58 in chips)
Seat 3: Fantomet ($283.56 in chips)
Fantomet: posts small blind $1
favete lin: posts big blind $3
*** HOLE CARDS ***
Fantomet: raises $3 to $6
favete lin: raises $3 to $9
Fantomet: calls $3
*** FLOP *** [5c Qh 4h]
favete lin: bets $3
Fantomet: calls $3
*** TURN *** [5c Qh 4h] [5d]
favete lin: bets $6
Fantomet: folds
Uncalled bet ($6) returned to favete lin
favete lin collected $23.52 from pot
favete lin: doesn't show hand
*** SUMMARY ***
Total pot $24 | Rake $0.48
Board [5c Qh 4h 5d]
Seat 2: favete lin (big blind) collected ($23.52)
Seat 3: Fantomet (button) (small blind) folded on the Turn


PokerStars Hand #174411468945:  Hold'em Limit ($3/$6 USD) - 2017/08/16 13:34:59 ET
Table 'Gienah' 6-max Seat #2 is the button
Seat 2: favete lin ($129.10 in chips)
Seat 3: Fantomet ($274.32 in chips)
favete lin: posts small blind $1
Fantomet: posts big blind $3
*** HOLE CARDS ***
favete lin: raises $3 to $6
Fantomet: calls $3
*** FLOP *** [Td 6s Kd]
Fantomet: checks
favete lin: bets $3
Fantomet: calls $3
*** TURN *** [Td 6s Kd] [Qc]
Fantomet: checks
favete lin: bets $6
Fantomet: calls $6
*** RIVER *** [Td 6s Kd Qc] [7c]
Fantomet: checks
favete lin: checks
*** SHOW DOWN ***
Fantomet: shows [4d 9d] (high card King)
favete lin: mucks hand
Fantomet collected $29.50 from pot
ogdealer joins the table at seat #6
*** SUMMARY ***
Total pot $30 | Rake $0.50
Board [Td 6s Kd Qc 7c]
Seat 2: favete lin (button) (small blind) mucked
Seat 3: Fantomet (big blind) showed [4d 9d] and won ($29.50) with high card King


PokerStars Hand #174411456731:  Hold'em Limit ($3/$6 USD) - 2017/08/16 13:34:41 ET
Table 'Gienah' 6-max Seat #2 is the button
Seat 2: favete lin ($132.10 in chips)
Seat 3: Fantomet ($271.56 in chips)
favete lin: posts small blind $1
Fantomet: posts big blind $3
*** HOLE CARDS ***
favete lin: raises $3 to $6
Fantomet: folds
Uncalled bet ($3) returned to favete lin
favete lin collected $6 from pot
favete lin: doesn't show hand
*** SUMMARY ***
Total pot $6 | Rake $0
Seat 2: favete lin (button) (small blind) collected ($6)
Seat 3: Fantomet (big blind) folded before Flop


PokerStars Hand #174412374360:  Hold'em Limit ($3/$6 USD) - 2017/08/16 13:57:38 ET
Table 'Gienah' 6-max Seat #6 is the button
Seat 5: B_loJkl ($225.34 in chips)
Seat 6: ToDaFelt ($150.72 in chips)
ToDaFelt: posts small blind $1
favete lin: is sitting out
zimin10: is sitting out
B_loJkl: posts big blind $3
*** HOLE CARDS ***
zimin10 leaves the table
ToDaFelt: raises $3 to $6
B_loJkl: folds
Uncalled bet ($3) returned to ToDaFelt
ToDaFelt collected $6 from pot
ToDaFelt: doesn't show hand
*** SUMMARY ***
Total pot $6 | Rake $0
Seat 5: B_loJkl (big blind) folded before Flop
Seat 6: ToDaFelt (button) (small blind) collected ($6)


