PokerStars Hand #146909180473:  Hold'em Limit ($3/$6 USD) - 2016/01/12 8:51:26 ET
Table 'Gilgamesh' 2-max Seat #2 is the button
Seat 1: BigYelloFish ($125.50 in chips)
Seat 2: nedo1414 ($113.50 in chips)
nedo1414: posts small blind $1
BigYelloFish: posts big blind $3
*** HOLE CARDS ***
nedo1414: raises $3 to $6
BigYelloFish: raises $3 to $9
nedo1414: calls $3
*** FLOP *** [8c Jc Kh]
BigYelloFish: bets $3
nedo1414: calls $3
*** TURN *** [8c Jc Kh] [Qd]
BigYelloFish: bets $6
nedo1414: folds
Uncalled bet ($6) returned to BigYelloFish
BigYelloFish collected $23.52 from pot
BigYelloFish: doesn't show hand
*** SUMMARY ***
Total pot $24 | Rake $0.48
Board [8c Jc Kh Qd]
Seat 1: BigYelloFish (big blind) collected ($23.52)
Seat 2: nedo1414 (button) (small blind) folded on the Turn


PokerStars Hand #146909187569:  Hold'em Limit ($3/$6 USD) - 2016/01/12 8:51:35 ET
Table 'Gilgamesh' 2-max Seat #1 is the button
Seat 1: BigYelloFish ($137.02 in chips)
Seat 2: nedo1414 ($101.50 in chips)
BigYelloFish: posts small blind $1
nedo1414: posts big blind $3
*** HOLE CARDS ***
BigYelloFish: raises $3 to $6
nedo1414: raises $3 to $9
BigYelloFish: calls $3
*** FLOP *** [6c 8s Qs]
nedo1414: bets $3
BigYelloFish: calls $3
*** TURN *** [6c 8s Qs] [5h]
nedo1414: bets $6
BigYelloFish: raises $6 to $12
nedo1414: calls $6
*** RIVER *** [6c 8s Qs 5h] [Kd]
nedo1414: checks
BigYelloFish: bets $6
nedo1414: calls $6
*** SHOW DOWN ***
BigYelloFish: shows [5d 6d] (two pair, Sixes and Fives)
nedo1414: mucks hand
BigYelloFish collected $59.50 from pot
*** SUMMARY ***
Total pot $60 | Rake $0.50
Board [6c 8s Qs 5h Kd]
Seat 1: BigYelloFish (button) (small blind) showed [5d 6d] and won ($59.50) with two pair, Sixes and Fives
Seat 2: nedo1414 (big blind) mucked


PokerStars Hand #146909197808:  Hold'em Limit ($3/$6 USD) - 2016/01/12 8:51:50 ET
Table 'Gilgamesh' 2-max Seat #2 is the button
Seat 1: BigYelloFish ($166.52 in chips)
Seat 2: nedo1414 ($71.50 in chips)
nedo1414: posts small blind $1
BigYelloFish: posts big blind $3
*** HOLE CARDS ***
nedo1414: raises $3 to $6
BigYelloFish: calls $3
*** FLOP *** [6d 6h 2c]
BigYelloFish: checks
nedo1414: bets $3
BigYelloFish: calls $3
*** TURN *** [6d 6h 2c] [8d]
BigYelloFish: checks
nedo1414: checks
*** RIVER *** [6d 6h 2c 8d] [Kc]
BigYelloFish: checks
nedo1414: checks
*** SHOW DOWN ***
BigYelloFish: shows [Jh 3h] (a pair of Sixes)
nedo1414: shows [Qd 4s] (a pair of Sixes - King+Queen kicker)
nedo1414 collected $17.64 from pot
*** SUMMARY ***
Total pot $18 | Rake $0.36
Board [6d 6h 2c 8d Kc]
Seat 1: BigYelloFish (big blind) showed [Jh 3h] and lost with a pair of Sixes
Seat 2: nedo1414 (button) (small blind) showed [Qd 4s] and won ($17.64) with a pair of Sixes


PokerStars Hand #146909204944:  Hold'em Limit ($3/$6 USD) - 2016/01/12 8:52:00 ET
Table 'Gilgamesh' 2-max Seat #1 is the button
Seat 1: BigYelloFish ($157.52 in chips)
Seat 2: nedo1414 ($80.14 in chips)
BigYelloFish: posts small blind $1
nedo1414: posts big blind $3
*** HOLE CARDS ***
BigYelloFish: raises $3 to $6
nedo1414: raises $3 to $9
BigYelloFish: calls $3
*** FLOP *** [Kc Js 8s]
nedo1414: bets $3
BigYelloFish: calls $3
*** TURN *** [Kc Js 8s] [Ah]
nedo1414: bets $6
BigYelloFish: calls $6
*** RIVER *** [Kc Js 8s Ah] [8c]
nedo1414: checks
BigYelloFish: checks
*** SHOW DOWN ***
nedo1414: shows [9h Qc] (a pair of Eights)
BigYelloFish: mucks hand
nedo1414 collected $35.50 from pot
*** SUMMARY ***
Total pot $36 | Rake $0.50
Board [Kc Js 8s Ah 8c]
Seat 1: BigYelloFish (button) (small blind) mucked
Seat 2: nedo1414 (big blind) showed [9h Qc] and won ($35.50) with a pair of Eights


PokerStars Hand #146909213022:  Hold'em Limit ($3/$6 USD) - 2016/01/12 8:52:11 ET
Table 'Gilgamesh' 2-max Seat #2 is the button
Seat 1: BigYelloFish ($139.52 in chips)
Seat 2: nedo1414 ($97.64 in chips)
nedo1414: posts small blind $1
BigYelloFish: posts big blind $3
*** HOLE CARDS ***
nedo1414: raises $3 to $6
BigYelloFish: calls $3
*** FLOP *** [5c Ac Ah]
BigYelloFish: checks
nedo1414: bets $3
BigYelloFish: raises $3 to $6
nedo1414: calls $3
*** TURN *** [5c Ac Ah] [Jh]
BigYelloFish: checks
nedo1414: bets $6
BigYelloFish: calls $6
*** RIVER *** [5c Ac Ah Jh] [6s]
BigYelloFish: checks
nedo1414: bets $6
BigYelloFish: folds
Uncalled bet ($6) returned to nedo1414
nedo1414 collected $35.50 from pot
nedo1414: doesn't show hand
*** SUMMARY ***
Total pot $36 | Rake $0.50
Board [5c Ac Ah Jh 6s]
Seat 1: BigYelloFish (big blind) folded on the River
Seat 2: nedo1414 (button) (small blind) collected ($35.50)


PokerStars Hand #146909235683:  Hold'em Limit ($3/$6 USD) - 2016/01/12 8:52:43 ET
Table 'Gilgamesh' 2-max Seat #2 is the button
Seat 1: BigYelloFish ($130.16 in chips)
Seat 2: nedo1414 ($106.14 in chips)
nedo1414: posts small blind $1
BigYelloFish: posts big blind $3
*** HOLE CARDS ***
nedo1414: raises $3 to $6
BigYelloFish: calls $3
*** FLOP *** [Ad 7c Kc]
BigYelloFish: checks
nedo1414: bets $3
BigYelloFish: folds
Uncalled bet ($3) returned to nedo1414
nedo1414 collected $11.76 from pot
nedo1414: doesn't show hand
*** SUMMARY ***
Total pot $12 | Rake $0.24
Board [Ad 7c Kc]
Seat 1: BigYelloFish (big blind) folded on the Flop
Seat 2: nedo1414 (button) (small blind) collected ($11.76)


PokerStars Hand #146909227253:  Hold'em Limit ($3/$6 USD) - 2016/01/12 8:52:31 ET
Table 'Gilgamesh' 2-max Seat #1 is the button
Seat 1: BigYelloFish ($121.52 in chips)
Seat 2: nedo1414 ($115.14 in chips)
BigYelloFish: posts small blind $1
nedo1414: posts big blind $3
*** HOLE CARDS ***
BigYelloFish: raises $3 to $6
nedo1414: calls $3
*** FLOP *** [2d 7s Qs]
nedo1414: checks
BigYelloFish: bets $3
nedo1414: calls $3
*** TURN *** [2d 7s Qs] [Jh]
nedo1414: checks
BigYelloFish: checks
*** RIVER *** [2d 7s Qs Jh] [As]
nedo1414: checks
BigYelloFish: bets $6
nedo1414: folds
Uncalled bet ($6) returned to BigYelloFish
BigYelloFish collected $17.64 from pot
BigYelloFish: doesn't show hand
*** SUMMARY ***
Total pot $18 | Rake $0.36
Board [2d 7s Qs Jh As]
Seat 1: BigYelloFish (button) (small blind) collected ($17.64)
Seat 2: nedo1414 (big blind) folded on the River


PokerStars Hand #146909240470:  Hold'em Limit ($3/$6 USD) - 2016/01/12 8:52:50 ET
Table 'Gilgamesh' 2-max Seat #1 is the button
Seat 1: BigYelloFish ($124.16 in chips)
Seat 2: nedo1414 ($111.90 in chips)
BigYelloFish: posts small blind $1
nedo1414: posts big blind $3
*** HOLE CARDS ***
BigYelloFish: folds
Uncalled bet ($2) returned to nedo1414
nedo1414 collected $2 from pot
nedo1414: doesn't show hand
*** SUMMARY ***
Total pot $2 | Rake $0
Seat 1: BigYelloFish (button) (small blind) folded before Flop
Seat 2: nedo1414 (big blind) collected ($2)


PokerStars Hand #146909243515:  Hold'em Limit ($3/$6 USD) - 2016/01/12 8:52:54 ET
Table 'Gilgamesh' 2-max Seat #2 is the button
Seat 1: BigYelloFish ($123.16 in chips)
Seat 2: nedo1414 ($112.90 in chips)
nedo1414: posts small blind $1
BigYelloFish: posts big blind $3
*** HOLE CARDS ***
nedo1414: raises $3 to $6
BigYelloFish: calls $3
*** FLOP *** [Qd 7d Ad]
BigYelloFish: checks
nedo1414: bets $3
BigYelloFish: calls $3
*** TURN *** [Qd 7d Ad] [3h]
BigYelloFish: checks
nedo1414: bets $6
BigYelloFish: calls $6
*** RIVER *** [Qd 7d Ad 3h] [5h]
BigYelloFish: checks
nedo1414: bets $6
BigYelloFish: calls $6
*** SHOW DOWN ***
nedo1414: shows [Ah 9s] (a pair of Aces)
BigYelloFish: mucks hand
nedo1414 collected $41.50 from pot
*** SUMMARY ***
Total pot $42 | Rake $0.50
Board [Qd 7d Ad 3h 5h]
Seat 1: BigYelloFish (big blind) mucked
Seat 2: nedo1414 (button) (small blind) showed [Ah 9s] and won ($41.50) with a pair of Aces


PokerStars Hand #146909251710:  Hold'em Limit ($3/$6 USD) - 2016/01/12 8:53:05 ET
Table 'Gilgamesh' 2-max Seat #1 is the button
Seat 1: BigYelloFish ($102.16 in chips)
Seat 2: nedo1414 ($133.40 in chips)
BigYelloFish: posts small blind $1
nedo1414: posts big blind $3
*** HOLE CARDS ***
BigYelloFish: raises $3 to $6
nedo1414: calls $3
*** FLOP *** [2s 6s 5s]
nedo1414: checks
BigYelloFish: checks
*** TURN *** [2s 6s 5s] [5d]
nedo1414: checks
BigYelloFish: checks
*** RIVER *** [2s 6s 5s 5d] [3s]
nedo1414: checks
BigYelloFish: checks
*** SHOW DOWN ***
nedo1414: shows [7h Tc] (a pair of Fives)
BigYelloFish: shows [2d Kh] (two pair, Fives and Deuces)
BigYelloFish collected $11.76 from pot
*** SUMMARY ***
Total pot $12 | Rake $0.24
Board [2s 6s 5s 5d 3s]
Seat 1: BigYelloFish (button) (small blind) showed [2d Kh] and won ($11.76) with two pair, Fives and Deuces
Seat 2: nedo1414 (big blind) showed [7h Tc] and lost with a pair of Fives


PokerStars Hand #146909271993:  Hold'em Limit ($3/$6 USD) - 2016/01/12 8:53:34 ET
Table 'Gilgamesh' 2-max Seat #1 is the button
Seat 1: BigYelloFish ($65.92 in chips)
Seat 2: nedo1414 ($168.90 in chips)
BigYelloFish: posts small blind $1
nedo1414: posts big blind $3
*** HOLE CARDS ***
BigYelloFish: folds
Uncalled bet ($2) returned to nedo1414
nedo1414 collected $2 from pot
nedo1414: doesn't show hand
*** SUMMARY ***
Total pot $2 | Rake $0
Seat 1: BigYelloFish (button) (small blind) folded before Flop
Seat 2: nedo1414 (big blind) collected ($2)


PokerStars Hand #146909260205:  Hold'em Limit ($3/$6 USD) - 2016/01/12 8:53:17 ET
Table 'Gilgamesh' 2-max Seat #2 is the button
Seat 1: BigYelloFish ($107.92 in chips)
Seat 2: nedo1414 ($127.40 in chips)
nedo1414: posts small blind $1
BigYelloFish: posts big blind $3
*** HOLE CARDS ***
nedo1414: raises $3 to $6
BigYelloFish: raises $3 to $9
nedo1414: calls $3
*** FLOP *** [2d 7h Qd]
BigYelloFish: bets $3
nedo1414: calls $3
*** TURN *** [2d 7h Qd] [3d]
BigYelloFish: bets $6
nedo1414: raises $6 to $12
BigYelloFish: raises $6 to $18
nedo1414: raises $6 to $24
Betting is capped
BigYelloFish: calls $6
*** RIVER *** [2d 7h Qd 3d] [6c]
BigYelloFish: checks
nedo1414: bets $6
BigYelloFish: calls $6
*** SHOW DOWN ***
nedo1414: shows [3c Qc] (two pair, Queens and Threes)
BigYelloFish: mucks hand
nedo1414 collected $83.50 from pot
*** SUMMARY ***
Total pot $84 | Rake $0.50
Board [2d 7h Qd 3d 6c]
Seat 1: BigYelloFish (big blind) mucked
Seat 2: nedo1414 (button) (small blind) showed [3c Qc] and won ($83.50) with two pair, Queens and Threes


PokerStars Hand #146909275136:  Hold'em Limit ($3/$6 USD) - 2016/01/12 8:53:38 ET
Table 'Gilgamesh' 2-max Seat #2 is the button
Seat 1: BigYelloFish ($64.92 in chips)
Seat 2: nedo1414 ($169.90 in chips)
nedo1414: posts small blind $1
BigYelloFish: posts big blind $3
*** HOLE CARDS ***
nedo1414: raises $3 to $6
BigYelloFish: calls $3
*** FLOP *** [Jc 4s Ac]
BigYelloFish: checks
nedo1414: bets $3
BigYelloFish: calls $3
*** TURN *** [Jc 4s Ac] [6h]
BigYelloFish: checks
nedo1414: checks
*** RIVER *** [Jc 4s Ac 6h] [4d]
BigYelloFish: checks
nedo1414: bets $6
BigYelloFish: calls $6
*** SHOW DOWN ***
nedo1414: shows [Qs 4h] (three of a kind, Fours)
BigYelloFish: mucks hand
nedo1414 collected $29.50 from pot
*** SUMMARY ***
Total pot $30 | Rake $0.50
Board [Jc 4s Ac 6h 4d]
Seat 1: BigYelloFish (big blind) mucked
Seat 2: nedo1414 (button) (small blind) showed [Qs 4h] and won ($29.50) with three of a kind, Fours


PokerStars Hand #146909283108:  Hold'em Limit ($3/$6 USD) - 2016/01/12 8:53:49 ET
Table 'Gilgamesh' 2-max Seat #1 is the button
Seat 1: BigYelloFish ($49.92 in chips)
Seat 2: nedo1414 ($184.40 in chips)
BigYelloFish: posts small blind $1
nedo1414: posts big blind $3
*** HOLE CARDS ***
BigYelloFish: raises $3 to $6
nedo1414: calls $3
*** FLOP *** [3h 6c 2d]
nedo1414: checks
BigYelloFish: bets $3
nedo1414: raises $3 to $6
BigYelloFish: calls $3
*** TURN *** [3h 6c 2d] [Ac]
nedo1414: checks
BigYelloFish: checks
*** RIVER *** [3h 6c 2d Ac] [Ts]
nedo1414: checks
BigYelloFish: bets $6
nedo1414: calls $6
*** SHOW DOWN ***
BigYelloFish: shows [Qd Th] (a pair of Tens)
nedo1414: mucks hand
BigYelloFish collected $35.50 from pot
*** SUMMARY ***
Total pot $36 | Rake $0.50
Board [3h 6c 2d Ac Ts]
Seat 1: BigYelloFish (button) (small blind) showed [Qd Th] and won ($35.50) with a pair of Tens
Seat 2: nedo1414 (big blind) mucked


PokerStars Hand #146909295229:  Hold'em Limit ($3/$6 USD) - 2016/01/12 8:54:06 ET
Table 'Gilgamesh' 2-max Seat #2 is the button
Seat 1: BigYelloFish ($67.42 in chips)
Seat 2: nedo1414 ($166.40 in chips)
nedo1414: posts small blind $1
BigYelloFish: posts big blind $3
*** HOLE CARDS ***
nedo1414: raises $3 to $6
BigYelloFish: calls $3
*** FLOP *** [9d Jc 8s]
BigYelloFish: checks
nedo1414: bets $3
BigYelloFish: calls $3
*** TURN *** [9d Jc 8s] [8h]
BigYelloFish: checks
nedo1414: checks
*** RIVER *** [9d Jc 8s 8h] [Td]
BigYelloFish: checks
nedo1414: checks
*** SHOW DOWN ***
BigYelloFish: shows [4h 4d] (two pair, Eights and Fours)
nedo1414: shows [2c Tc] (two pair, Tens and Eights)
nedo1414 collected $17.64 from pot
*** SUMMARY ***
Total pot $18 | Rake $0.36
Board [9d Jc 8s 8h Td]
Seat 1: BigYelloFish (big blind) showed [4h 4d] and lost with two pair, Eights and Fours
Seat 2: nedo1414 (button) (small blind) showed [2c Tc] and won ($17.64) with two pair, Tens and Eights


PokerStars Hand #146909301946:  Hold'em Limit ($3/$6 USD) - 2016/01/12 8:54:16 ET
Table 'Gilgamesh' 2-max Seat #1 is the button
Seat 1: BigYelloFish ($58.42 in chips)
Seat 2: nedo1414 ($175.04 in chips)
BigYelloFish: posts small blind $1
nedo1414: posts big blind $3
*** HOLE CARDS ***
BigYelloFish: raises $3 to $6
nedo1414: raises $3 to $9
BigYelloFish: calls $3
*** FLOP *** [Js 2c 2s]
nedo1414: bets $3
BigYelloFish: calls $3
*** TURN *** [Js 2c 2s] [3c]
nedo1414: bets $6
BigYelloFish: calls $6
*** RIVER *** [Js 2c 2s 3c] [5d]
nedo1414: bets $6
BigYelloFish: calls $6
*** SHOW DOWN ***
nedo1414: shows [6s 6h] (two pair, Sixes and Deuces)
BigYelloFish: mucks hand
nedo1414 collected $47.50 from pot
*** SUMMARY ***
Total pot $48 | Rake $0.50
Board [Js 2c 2s 3c 5d]
Seat 1: BigYelloFish (button) (small blind) mucked
Seat 2: nedo1414 (big blind) showed [6s 6h] and won ($47.50) with two pair, Sixes and Deuces


PokerStars Hand #146909309960:  Hold'em Limit ($3/$6 USD) - 2016/01/12 8:54:27 ET
Table 'Gilgamesh' 2-max Seat #2 is the button
Seat 1: BigYelloFish ($34.42 in chips)
Seat 2: nedo1414 ($198.54 in chips)
nedo1414: posts small blind $1
BigYelloFish: posts big blind $3
*** HOLE CARDS ***
nedo1414: folds
Uncalled bet ($2) returned to BigYelloFish
BigYelloFish collected $2 from pot
BigYelloFish: doesn't show hand
*** SUMMARY ***
Total pot $2 | Rake $0
Seat 1: BigYelloFish (big blind) collected ($2)
Seat 2: nedo1414 (button) (small blind) folded before Flop


PokerStars Hand #146909314709:  Hold'em Limit ($3/$6 USD) - 2016/01/12 8:54:34 ET
Table 'Gilgamesh' 2-max Seat #1 is the button
Seat 1: BigYelloFish ($95.42 in chips)
Seat 2: nedo1414 ($197.54 in chips)
BigYelloFish: posts small blind $1
nedo1414: posts big blind $3
*** HOLE CARDS ***
BigYelloFish: raises $3 to $6
nedo1414: raises $3 to $9
BigYelloFish: calls $3
*** FLOP *** [6c Tc 7s]
nedo1414: bets $3
BigYelloFish: calls $3
*** TURN *** [6c Tc 7s] [Qd]
nedo1414: checks
BigYelloFish: bets $6
nedo1414: calls $6
*** RIVER *** [6c Tc 7s Qd] [Td]
nedo1414: checks
BigYelloFish: bets $6
nedo1414: calls $6
*** SHOW DOWN ***
BigYelloFish: shows [7c 4s] (two pair, Tens and Sevens)
nedo1414: mucks hand
BigYelloFish collected $47.50 from pot
*** SUMMARY ***
Total pot $48 | Rake $0.50
Board [6c Tc 7s Qd Td]
Seat 1: BigYelloFish (button) (small blind) showed [7c 4s] and won ($47.50) with two pair, Tens and Sevens
Seat 2: nedo1414 (big blind) mucked


PokerStars Hand #146909323999:  Hold'em Limit ($3/$6 USD) - 2016/01/12 8:54:47 ET
Table 'Gilgamesh' 2-max Seat #2 is the button
Seat 1: BigYelloFish ($118.92 in chips)
Seat 2: nedo1414 ($173.54 in chips)
nedo1414: posts small blind $1
BigYelloFish: posts big blind $3
*** HOLE CARDS ***
nedo1414: raises $3 to $6
BigYelloFish: calls $3
*** FLOP *** [Qh 6c Jh]
BigYelloFish: checks
nedo1414: bets $3
BigYelloFish: calls $3
*** TURN *** [Qh 6c Jh] [Td]
BigYelloFish: checks
nedo1414: bets $6
BigYelloFish: calls $6
*** RIVER *** [Qh 6c Jh Td] [3h]
BigYelloFish: checks
nedo1414: bets $6
BigYelloFish: folds
Uncalled bet ($6) returned to nedo1414
nedo1414 collected $29.50 from pot
nedo1414: doesn't show hand
*** SUMMARY ***
Total pot $30 | Rake $0.50
Board [Qh 6c Jh Td 3h]
Seat 1: BigYelloFish (big blind) folded on the River
Seat 2: nedo1414 (button) (small blind) collected ($29.50)


PokerStars Hand #146909333389:  Hold'em Limit ($3/$6 USD) - 2016/01/12 8:55:00 ET
Table 'Gilgamesh' 2-max Seat #1 is the button
Seat 1: BigYelloFish ($103.92 in chips)
Seat 2: nedo1414 ($188.04 in chips)
BigYelloFish: posts small blind $1
nedo1414: posts big blind $3
*** HOLE CARDS ***
BigYelloFish: raises $3 to $6
nedo1414: calls $3
*** FLOP *** [3d Ah 4d]
nedo1414: checks
BigYelloFish: bets $3
nedo1414: raises $3 to $6
BigYelloFish: folds
Uncalled bet ($3) returned to nedo1414
nedo1414 collected $17.64 from pot
nedo1414: doesn't show hand
*** SUMMARY ***
Total pot $18 | Rake $0.36
Board [3d Ah 4d]
Seat 1: BigYelloFish (button) (small blind) folded on the Flop
Seat 2: nedo1414 (big blind) collected ($17.64)


PokerStars Hand #146909343159:  Hold'em Limit ($3/$6 USD) - 2016/01/12 8:55:16 ET
Table 'Gilgamesh' 2-max Seat #1 is the button
Seat 1: BigYelloFish ($91.92 in chips)
Seat 2: nedo1414 ($199.68 in chips)
BigYelloFish: posts small blind $1
nedo1414: posts big blind $3
*** HOLE CARDS ***
BigYelloFish: raises $3 to $6
nedo1414: folds
Uncalled bet ($3) returned to BigYelloFish
BigYelloFish collected $6 from pot
BigYelloFish: doesn't show hand
*** SUMMARY ***
Total pot $6 | Rake $0
Seat 1: BigYelloFish (button) (small blind) collected ($6)
Seat 2: nedo1414 (big blind) folded before Flop


PokerStars Hand #146909340184:  Hold'em Limit ($3/$6 USD) - 2016/01/12 8:55:10 ET
Table 'Gilgamesh' 2-max Seat #2 is the button
Seat 1: BigYelloFish ($94.92 in chips)
Seat 2: nedo1414 ($196.68 in chips)
nedo1414: posts small blind $1
BigYelloFish: posts big blind $3
*** HOLE CARDS ***
nedo1414: raises $3 to $6
BigYelloFish: folds
Uncalled bet ($3) returned to nedo1414
nedo1414 collected $6 from pot
nedo1414: doesn't show hand
*** SUMMARY ***
Total pot $6 | Rake $0
Seat 1: BigYelloFish (big blind) folded before Flop
Seat 2: nedo1414 (button) (small blind) collected ($6)


PokerStars Hand #146909345691:  Hold'em Limit ($3/$6 USD) - 2016/01/12 8:55:20 ET
Table 'Gilgamesh' 2-max Seat #2 is the button
Seat 1: BigYelloFish ($94.92 in chips)
Seat 2: nedo1414 ($196.68 in chips)
nedo1414: posts small blind $1
BigYelloFish: posts big blind $3
*** HOLE CARDS ***
nedo1414: raises $3 to $6
BigYelloFish: calls $3
*** FLOP *** [3d 6h 7h]
BigYelloFish: checks
nedo1414: bets $3
BigYelloFish: calls $3
*** TURN *** [3d 6h 7h] [7s]
BigYelloFish: checks
nedo1414: bets $6
BigYelloFish: calls $6
*** RIVER *** [3d 6h 7h 7s] [Qh]
BigYelloFish: checks
nedo1414: bets $6
BigYelloFish: calls $6
*** SHOW DOWN ***
nedo1414: shows [Ac 6s] (two pair, Sevens and Sixes)
BigYelloFish: mucks hand
nedo1414 collected $41.50 from pot
*** SUMMARY ***
Total pot $42 | Rake $0.50
Board [3d 6h 7h 7s Qh]
Seat 1: BigYelloFish (big blind) mucked
Seat 2: nedo1414 (button) (small blind) showed [Ac 6s] and won ($41.50) with two pair, Sevens and Sixes


PokerStars Hand #146909352522:  Hold'em Limit ($3/$6 USD) - 2016/01/12 8:55:32 ET
Table 'Gilgamesh' 2-max Seat #1 is the button
Seat 1: BigYelloFish ($73.92 in chips)
Seat 2: nedo1414 ($217.18 in chips)
BigYelloFish: posts small blind $1
nedo1414: posts big blind $3
*** HOLE CARDS ***
BigYelloFish: raises $3 to $6
nedo1414: folds
Uncalled bet ($3) returned to BigYelloFish
BigYelloFish collected $6 from pot
BigYelloFish: doesn't show hand
*** SUMMARY ***
Total pot $6 | Rake $0
Seat 1: BigYelloFish (button) (small blind) collected ($6)
Seat 2: nedo1414 (big blind) folded before Flop


PokerStars Hand #146909356257:  Hold'em Limit ($3/$6 USD) - 2016/01/12 8:55:38 ET
Table 'Gilgamesh' 2-max Seat #2 is the button
Seat 1: BigYelloFish ($76.92 in chips)
Seat 2: nedo1414 ($214.18 in chips)
nedo1414: posts small blind $1
BigYelloFish: posts big blind $3
*** HOLE CARDS ***
nedo1414: raises $3 to $6
BigYelloFish: raises $3 to $9
nedo1414: calls $3
*** FLOP *** [4c 8d 3d]
BigYelloFish: bets $3
nedo1414: calls $3
*** TURN *** [4c 8d 3d] [Ah]
BigYelloFish: bets $6
nedo1414: raises $6 to $12
BigYelloFish: raises $6 to $18
nedo1414: calls $6
*** RIVER *** [4c 8d 3d Ah] [Kd]
BigYelloFish: bets $6
nedo1414: folds
Uncalled bet ($6) returned to BigYelloFish
BigYelloFish collected $59.50 from pot
BigYelloFish: doesn't show hand
*** SUMMARY ***
Total pot $60 | Rake $0.50
Board [4c 8d 3d Ah Kd]
Seat 1: BigYelloFish (big blind) collected ($59.50)
Seat 2: nedo1414 (button) (small blind) folded on the River


PokerStars Hand #146909364608:  Hold'em Limit ($3/$6 USD) - 2016/01/12 8:55:53 ET
Table 'Gilgamesh' 2-max Seat #1 is the button
Seat 1: BigYelloFish ($106.42 in chips)
Seat 2: nedo1414 ($184.18 in chips)
BigYelloFish: posts small blind $1
nedo1414: posts big blind $3
*** HOLE CARDS ***
BigYelloFish: raises $3 to $6
nedo1414: calls $3
*** FLOP *** [4d 6c 5c]
nedo1414: checks
BigYelloFish: bets $3
nedo1414: calls $3
*** TURN *** [4d 6c 5c] [Jc]
nedo1414: checks
BigYelloFish: bets $6
nedo1414: folds
Uncalled bet ($6) returned to BigYelloFish
BigYelloFish collected $17.64 from pot
BigYelloFish: doesn't show hand
*** SUMMARY ***
Total pot $18 | Rake $0.36
Board [4d 6c 5c Jc]
Seat 1: BigYelloFish (button) (small blind) collected ($17.64)
Seat 2: nedo1414 (big blind) folded on the Turn


PokerStars Hand #146909370231:  Hold'em Limit ($3/$6 USD) - 2016/01/12 8:56:02 ET
Table 'Gilgamesh' 2-max Seat #2 is the button
Seat 1: BigYelloFish ($115.06 in chips)
Seat 2: nedo1414 ($175.18 in chips)
nedo1414: posts small blind $1
BigYelloFish: posts big blind $3
*** HOLE CARDS ***
nedo1414: raises $3 to $6
BigYelloFish: calls $3
*** FLOP *** [4h Td Jd]
BigYelloFish: checks
nedo1414: bets $3
BigYelloFish: calls $3
*** TURN *** [4h Td Jd] [Ts]
BigYelloFish: checks
nedo1414: bets $6
BigYelloFish: calls $6
*** RIVER *** [4h Td Jd Ts] [3c]
BigYelloFish: checks
nedo1414: bets $6
BigYelloFish: calls $6
*** SHOW DOWN ***
nedo1414: shows [Jc 5c] (two pair, Jacks and Tens)
BigYelloFish: mucks hand
nedo1414 collected $41.50 from pot
*** SUMMARY ***
Total pot $42 | Rake $0.50
Board [4h Td Jd Ts 3c]
Seat 1: BigYelloFish (big blind) mucked
Seat 2: nedo1414 (button) (small blind) showed [Jc 5c] and won ($41.50) with two pair, Jacks and Tens


PokerStars Hand #146909378819:  Hold'em Limit ($3/$6 USD) - 2016/01/12 8:56:17 ET
Table 'Gilgamesh' 2-max Seat #2 is the button
Seat 1: BigYelloFish ($93.06 in chips)
Seat 2: nedo1414 ($196.68 in chips)
nedo1414: posts small blind $1
BigYelloFish: posts big blind $3
*** HOLE CARDS ***
nedo1414: folds
Uncalled bet ($2) returned to BigYelloFish
BigYelloFish collected $2 from pot
BigYelloFish: doesn't show hand
*** SUMMARY ***
Total pot $2 | Rake $0
Seat 1: BigYelloFish (big blind) collected ($2)
Seat 2: nedo1414 (button) (small blind) folded before Flop


PokerStars Hand #146909376111:  Hold'em Limit ($3/$6 USD) - 2016/01/12 8:56:13 ET
Table 'Gilgamesh' 2-max Seat #1 is the button
Seat 1: BigYelloFish ($94.06 in chips)
Seat 2: nedo1414 ($195.68 in chips)
BigYelloFish: posts small blind $1
nedo1414: posts big blind $3
*** HOLE CARDS ***
BigYelloFish: folds
Uncalled bet ($2) returned to nedo1414
nedo1414 collected $2 from pot
nedo1414: doesn't show hand
*** SUMMARY ***
Total pot $2 | Rake $0
Seat 1: BigYelloFish (button) (small blind) folded before Flop
Seat 2: nedo1414 (big blind) collected ($2)


PokerStars Hand #146909381409:  Hold'em Limit ($3/$6 USD) - 2016/01/12 8:56:22 ET
Table 'Gilgamesh' 2-max Seat #1 is the button
Seat 1: BigYelloFish ($94.06 in chips)
Seat 2: nedo1414 ($195.68 in chips)
BigYelloFish: posts small blind $1
nedo1414: posts big blind $3
*** HOLE CARDS ***
BigYelloFish: raises $3 to $6
nedo1414: calls $3
*** FLOP *** [Ah Ac 9h]
nedo1414: checks
BigYelloFish: bets $3
nedo1414: folds
Uncalled bet ($3) returned to BigYelloFish
BigYelloFish collected $11.76 from pot
BigYelloFish: doesn't show hand
*** SUMMARY ***
Total pot $12 | Rake $0.24
Board [Ah Ac 9h]
Seat 1: BigYelloFish (button) (small blind) collected ($11.76)
Seat 2: nedo1414 (big blind) folded on the Flop


PokerStars Hand #146909385288:  Hold'em Limit ($3/$6 USD) - 2016/01/12 8:56:28 ET
Table 'Gilgamesh' 2-max Seat #2 is the button
Seat 1: BigYelloFish ($99.82 in chips)
Seat 2: nedo1414 ($189.68 in chips)
nedo1414: posts small blind $1
BigYelloFish: posts big blind $3
*** HOLE CARDS ***
nedo1414: raises $3 to $6
BigYelloFish: raises $3 to $9
nedo1414: calls $3
*** FLOP *** [3s 8d 2d]
BigYelloFish: bets $3
nedo1414: calls $3
*** TURN *** [3s 8d 2d] [5s]
BigYelloFish: bets $6
nedo1414: raises $6 to $12
BigYelloFish: calls $6
*** RIVER *** [3s 8d 2d 5s] [3h]
BigYelloFish: checks
nedo1414: bets $6
BigYelloFish: calls $6
*** SHOW DOWN ***
nedo1414: shows [Kc 4s] (a pair of Threes)
BigYelloFish: shows [Ad Jd] (a pair of Threes - Ace kicker)
BigYelloFish collected $59.50 from pot
*** SUMMARY ***
Total pot $60 | Rake $0.50
Board [3s 8d 2d 5s 3h]
Seat 1: BigYelloFish (big blind) showed [Ad Jd] and won ($59.50) with a pair of Threes
Seat 2: nedo1414 (button) (small blind) showed [Kc 4s] and lost with a pair of Threes


PokerStars Hand #146909396870:  Hold'em Limit ($3/$6 USD) - 2016/01/12 8:56:48 ET
Table 'Gilgamesh' 2-max Seat #2 is the button
Seat 1: BigYelloFish ($120.32 in chips)
Seat 2: nedo1414 ($168.32 in chips)
nedo1414: posts small blind $1
BigYelloFish: posts big blind $3
*** HOLE CARDS ***
nedo1414: folds
Uncalled bet ($2) returned to BigYelloFish
BigYelloFish collected $2 from pot
BigYelloFish: doesn't show hand
*** SUMMARY ***
Total pot $2 | Rake $0
Seat 1: BigYelloFish (big blind) collected ($2)
Seat 2: nedo1414 (button) (small blind) folded before Flop


PokerStars Hand #146909392034:  Hold'em Limit ($3/$6 USD) - 2016/01/12 8:56:39 ET
Table 'Gilgamesh' 2-max Seat #1 is the button
Seat 1: BigYelloFish ($129.32 in chips)
Seat 2: nedo1414 ($159.68 in chips)
BigYelloFish: posts small blind $1
nedo1414: posts big blind $3
*** HOLE CARDS ***
BigYelloFish: raises $3 to $6
nedo1414: raises $3 to $9
BigYelloFish: calls $3
*** FLOP *** [Kh 6d As]
nedo1414: bets $3
BigYelloFish: folds
Uncalled bet ($3) returned to nedo1414
nedo1414 collected $17.64 from pot
nedo1414: doesn't show hand
*** SUMMARY ***
Total pot $18 | Rake $0.36
Board [Kh 6d As]
Seat 1: BigYelloFish (button) (small blind) folded on the Flop
Seat 2: nedo1414 (big blind) collected ($17.64)


PokerStars Hand #146909399484:  Hold'em Limit ($3/$6 USD) - 2016/01/12 8:56:52 ET
Table 'Gilgamesh' 2-max Seat #1 is the button
Seat 1: BigYelloFish ($121.32 in chips)
Seat 2: nedo1414 ($167.32 in chips)
BigYelloFish: posts small blind $1
nedo1414: posts big blind $3
*** HOLE CARDS ***
BigYelloFish: raises $3 to $6
nedo1414: calls $3
*** FLOP *** [9d Jd 9h]
nedo1414: checks
BigYelloFish: bets $3
nedo1414: calls $3
*** TURN *** [9d Jd 9h] [9c]
nedo1414: checks
BigYelloFish: bets $6
nedo1414: calls $6
*** RIVER *** [9d Jd 9h 9c] [2d]
nedo1414: checks
BigYelloFish: bets $6
nedo1414: calls $6
*** SHOW DOWN ***
BigYelloFish: shows [Kd Kh] (a full house, Nines full of Kings)
nedo1414: mucks hand
BigYelloFish collected $41.50 from pot
*** SUMMARY ***
Total pot $42 | Rake $0.50
Board [9d Jd 9h 9c 2d]
Seat 1: BigYelloFish (button) (small blind) showed [Kd Kh] and won ($41.50) with a full house, Nines full of Kings
Seat 2: nedo1414 (big blind) mucked


PokerStars Hand #146909405652:  Hold'em Limit ($3/$6 USD) - 2016/01/12 8:57:03 ET
Table 'Gilgamesh' 2-max Seat #2 is the button
Seat 1: BigYelloFish ($141.82 in chips)
Seat 2: nedo1414 ($146.32 in chips)
nedo1414: posts small blind $1
BigYelloFish: posts big blind $3
*** HOLE CARDS ***
nedo1414: folds
Uncalled bet ($2) returned to BigYelloFish
BigYelloFish collected $2 from pot
BigYelloFish: doesn't show hand
*** SUMMARY ***
Total pot $2 | Rake $0
Seat 1: BigYelloFish (big blind) collected ($2)
Seat 2: nedo1414 (button) (small blind) folded before Flop


PokerStars Hand #146909415479:  Hold'em Limit ($3/$6 USD) - 2016/01/12 8:57:19 ET
Table 'Gilgamesh' 2-max Seat #1 is the button
Seat 1: BigYelloFish ($149.58 in chips)
Seat 2: nedo1414 ($138.32 in chips)
BigYelloFish: posts small blind $1
nedo1414: posts big blind $3
*** HOLE CARDS ***
BigYelloFish: raises $3 to $6
nedo1414: folds
Uncalled bet ($3) returned to BigYelloFish
BigYelloFish collected $6 from pot
BigYelloFish: doesn't show hand
*** SUMMARY ***
Total pot $6 | Rake $0
Seat 1: BigYelloFish (button) (small blind) collected ($6)
Seat 2: nedo1414 (big blind) folded before Flop


PokerStars Hand #146909412941:  Hold'em Limit ($3/$6 USD) - 2016/01/12 8:57:15 ET
Table 'Gilgamesh' 2-max Seat #2 is the button
Seat 1: BigYelloFish ($148.58 in chips)
Seat 2: nedo1414 ($139.32 in chips)
nedo1414: posts small blind $1
BigYelloFish: posts big blind $3
*** HOLE CARDS ***
nedo1414: folds
Uncalled bet ($2) returned to BigYelloFish
BigYelloFish collected $2 from pot
BigYelloFish: doesn't show hand
*** SUMMARY ***
Total pot $2 | Rake $0
Seat 1: BigYelloFish (big blind) collected ($2)
Seat 2: nedo1414 (button) (small blind) folded before Flop


PokerStars Hand #146909408364:  Hold'em Limit ($3/$6 USD) - 2016/01/12 8:57:07 ET
Table 'Gilgamesh' 2-max Seat #1 is the button
Seat 1: BigYelloFish ($142.82 in chips)
Seat 2: nedo1414 ($145.32 in chips)
BigYelloFish: posts small blind $1
nedo1414: posts big blind $3
*** HOLE CARDS ***
BigYelloFish: raises $3 to $6
nedo1414: calls $3
*** FLOP *** [4h Ad 8d]
nedo1414: checks
BigYelloFish: bets $3
nedo1414: folds
Uncalled bet ($3) returned to BigYelloFish
BigYelloFish collected $11.76 from pot
BigYelloFish: doesn't show hand
*** SUMMARY ***
Total pot $12 | Rake $0.24
Board [4h Ad 8d]
Seat 1: BigYelloFish (button) (small blind) collected ($11.76)
Seat 2: nedo1414 (big blind) folded on the Flop


PokerStars Hand #146909418171:  Hold'em Limit ($3/$6 USD) - 2016/01/12 8:57:24 ET
Table 'Gilgamesh' 2-max Seat #2 is the button
Seat 1: BigYelloFish ($152.58 in chips)
Seat 2: nedo1414 ($135.32 in chips)
nedo1414: posts small blind $1
BigYelloFish: posts big blind $3
*** HOLE CARDS ***
nedo1414: raises $3 to $6
BigYelloFish: calls $3
*** FLOP *** [9h 5c Ad]
BigYelloFish: checks
nedo1414: bets $3
BigYelloFish: folds
Uncalled bet ($3) returned to nedo1414
nedo1414 collected $11.76 from pot
nedo1414: doesn't show hand
*** SUMMARY ***
Total pot $12 | Rake $0.24
Board [9h 5c Ad]
Seat 1: BigYelloFish (big blind) folded on the Flop
Seat 2: nedo1414 (button) (small blind) collected ($11.76)


PokerStars Hand #146909422066:  Hold'em Limit ($3/$6 USD) - 2016/01/12 8:57:30 ET
Table 'Gilgamesh' 2-max Seat #1 is the button
Seat 1: BigYelloFish ($146.58 in chips)
Seat 2: nedo1414 ($141.08 in chips)
BigYelloFish: posts small blind $1
nedo1414: posts big blind $3
*** HOLE CARDS ***
BigYelloFish: raises $3 to $6
nedo1414: raises $3 to $9
BigYelloFish: calls $3
*** FLOP *** [2d 3s Qd]
nedo1414: bets $3
BigYelloFish: calls $3
*** TURN *** [2d 3s Qd] [Kh]
nedo1414: bets $6
BigYelloFish: calls $6
*** RIVER *** [2d 3s Qd Kh] [6d]
nedo1414: checks
BigYelloFish: bets $6
nedo1414: calls $6
*** SHOW DOWN ***
BigYelloFish: shows [Qh Tc] (a pair of Queens)
nedo1414: mucks hand
BigYelloFish collected $47.50 from pot
*** SUMMARY ***
Total pot $48 | Rake $0.50
Board [2d 3s Qd Kh 6d]
Seat 1: BigYelloFish (button) (small blind) showed [Qh Tc] and won ($47.50) with a pair of Queens
Seat 2: nedo1414 (big blind) mucked


PokerStars Hand #146909429621:  Hold'em Limit ($3/$6 USD) - 2016/01/12 8:57:43 ET
Table 'Gilgamesh' 2-max Seat #2 is the button
Seat 1: BigYelloFish ($170.08 in chips)
Seat 2: nedo1414 ($117.08 in chips)
nedo1414: posts small blind $1
BigYelloFish: posts big blind $3
*** HOLE CARDS ***
nedo1414: raises $3 to $6
BigYelloFish: calls $3
*** FLOP *** [7h 7c 8h]
BigYelloFish: checks
nedo1414: bets $3
BigYelloFish: calls $3
*** TURN *** [7h 7c 8h] [9h]
BigYelloFish: checks
nedo1414: checks
*** RIVER *** [7h 7c 8h 9h] [Ad]
BigYelloFish: bets $6
nedo1414: calls $6
*** SHOW DOWN ***
BigYelloFish: shows [6d Tc] (a straight, Six to Ten)
nedo1414: mucks hand
BigYelloFish collected $29.50 from pot
*** SUMMARY ***
Total pot $30 | Rake $0.50
Board [7h 7c 8h 9h Ad]
Seat 1: BigYelloFish (big blind) showed [6d Tc] and won ($29.50) with a straight, Six to Ten
Seat 2: nedo1414 (button) (small blind) mucked


PokerStars Hand #146909447149:  Hold'em Limit ($3/$6 USD) - 2016/01/12 8:58:06 ET
Table 'Gilgamesh' 2-max Seat #2 is the button
Seat 1: BigYelloFish ($208.08 in chips)
Seat 2: nedo1414 ($78.08 in chips)
nedo1414: posts small blind $1
BigYelloFish: posts big blind $3
*** HOLE CARDS ***
nedo1414: raises $3 to $6
BigYelloFish: calls $3
*** FLOP *** [Kd 4s Qs]
BigYelloFish: checks
nedo1414: bets $3
BigYelloFish: folds
Uncalled bet ($3) returned to nedo1414
nedo1414 collected $11.76 from pot
nedo1414: doesn't show hand
*** SUMMARY ***
Total pot $12 | Rake $0.24
Board [Kd 4s Qs]
Seat 1: BigYelloFish (big blind) folded on the Flop
Seat 2: nedo1414 (button) (small blind) collected ($11.76)


PokerStars Hand #146909435419:  Hold'em Limit ($3/$6 USD) - 2016/01/12 8:57:53 ET
Table 'Gilgamesh' 2-max Seat #1 is the button
Seat 1: BigYelloFish ($184.58 in chips)
Seat 2: nedo1414 ($102.08 in chips)
BigYelloFish: posts small blind $1
nedo1414: posts big blind $3
*** HOLE CARDS ***
BigYelloFish: raises $3 to $6
nedo1414: raises $3 to $9
BigYelloFish: calls $3
*** FLOP *** [9c Tc Kc]
nedo1414: bets $3
BigYelloFish: calls $3
*** TURN *** [9c Tc Kc] [Jc]
nedo1414: checks
BigYelloFish: bets $6
nedo1414: calls $6
*** RIVER *** [9c Tc Kc Jc] [5s]
nedo1414: checks
BigYelloFish: bets $6
nedo1414: calls $6
*** SHOW DOWN ***
BigYelloFish: shows [5c 5h] (a flush, King high)
nedo1414: mucks hand
BigYelloFish collected $47.50 from pot
*** SUMMARY ***
Total pot $48 | Rake $0.50
Board [9c Tc Kc Jc 5s]
Seat 1: BigYelloFish (button) (small blind) showed [5c 5h] and won ($47.50) with a flush, King high
Seat 2: nedo1414 (big blind) mucked


PokerStars Hand #146909451474:  Hold'em Limit ($3/$6 USD) - 2016/01/12 8:58:13 ET
Table 'Gilgamesh' 2-max Seat #1 is the button
Seat 1: BigYelloFish ($202.08 in chips)
Seat 2: nedo1414 ($83.84 in chips)
BigYelloFish: posts small blind $1
nedo1414: posts big blind $3
*** HOLE CARDS ***
BigYelloFish: raises $3 to $6
nedo1414: calls $3
*** FLOP *** [Ad 2c 8c]
nedo1414: checks
BigYelloFish: bets $3
nedo1414: folds
Uncalled bet ($3) returned to BigYelloFish
BigYelloFish collected $11.76 from pot
BigYelloFish: doesn't show hand
*** SUMMARY ***
Total pot $12 | Rake $0.24
Board [Ad 2c 8c]
Seat 1: BigYelloFish (button) (small blind) collected ($11.76)
Seat 2: nedo1414 (big blind) folded on the Flop


PokerStars Hand #146909459372:  Hold'em Limit ($3/$6 USD) - 2016/01/12 8:58:20 ET
Table 'Gilgamesh' 2-max Seat #2 is the button
Seat 1: BigYelloFish ($207.84 in chips)
Seat 2: nedo1414 ($77.84 in chips)
nedo1414: posts small blind $1
BigYelloFish: posts big blind $3
*** HOLE CARDS ***
nedo1414: raises $3 to $6
BigYelloFish: calls $3
*** FLOP *** [7s Ks 5d]
BigYelloFish: checks
nedo1414: bets $3
BigYelloFish: calls $3
*** TURN *** [7s Ks 5d] [2h]
BigYelloFish: checks
nedo1414: bets $6
BigYelloFish: folds
Uncalled bet ($6) returned to nedo1414
nedo1414 collected $17.64 from pot
nedo1414: doesn't show hand
*** SUMMARY ***
Total pot $18 | Rake $0.36
Board [7s Ks 5d 2h]
Seat 1: BigYelloFish (big blind) folded on the Turn
Seat 2: nedo1414 (button) (small blind) collected ($17.64)


PokerStars Hand #146909469054:  Hold'em Limit ($3/$6 USD) - 2016/01/12 8:58:30 ET
Table 'Gilgamesh' 2-max Seat #1 is the button
Seat 1: BigYelloFish ($198.84 in chips)
Seat 2: nedo1414 ($86.48 in chips)
BigYelloFish: posts small blind $1
nedo1414: posts big blind $3
*** HOLE CARDS ***
BigYelloFish: raises $3 to $6
nedo1414: raises $3 to $9
BigYelloFish: calls $3
*** FLOP *** [Ks 6s 4c]
nedo1414: bets $3
BigYelloFish: calls $3
*** TURN *** [Ks 6s 4c] [7d]
nedo1414: checks
BigYelloFish: checks
*** RIVER *** [Ks 6s 4c 7d] [2h]
nedo1414: bets $6
BigYelloFish: calls $6
*** SHOW DOWN ***
nedo1414: shows [4d Qd] (a pair of Fours)
BigYelloFish: mucks hand
nedo1414 collected $35.50 from pot
*** SUMMARY ***
Total pot $36 | Rake $0.50
Board [Ks 6s 4c 7d 2h]
Seat 1: BigYelloFish (button) (small blind) mucked
Seat 2: nedo1414 (big blind) showed [4d Qd] and won ($35.50) with a pair of Fours


PokerStars Hand #146909481729:  Hold'em Limit ($3/$6 USD) - 2016/01/12 8:58:47 ET
Table 'Gilgamesh' 2-max Seat #1 is the button
Seat 1: BigYelloFish ($181.84 in chips)
Seat 2: nedo1414 ($102.98 in chips)
BigYelloFish: posts small blind $1
nedo1414: posts big blind $3
*** HOLE CARDS ***
BigYelloFish: raises $3 to $6
nedo1414: calls $3
*** FLOP *** [9h 5h 2s]
nedo1414: checks
BigYelloFish: bets $3
nedo1414: folds
Uncalled bet ($3) returned to BigYelloFish
BigYelloFish collected $11.76 from pot
BigYelloFish: doesn't show hand
*** SUMMARY ***
Total pot $12 | Rake $0.24
Board [9h 5h 2s]
Seat 1: BigYelloFish (button) (small blind) collected ($11.76)
Seat 2: nedo1414 (big blind) folded on the Flop


PokerStars Hand #146909478205:  Hold'em Limit ($3/$6 USD) - 2016/01/12 8:58:42 ET
Table 'Gilgamesh' 2-max Seat #2 is the button
Seat 1: BigYelloFish ($180.84 in chips)
Seat 2: nedo1414 ($103.98 in chips)
nedo1414: posts small blind $1
BigYelloFish: posts big blind $3
*** HOLE CARDS ***
nedo1414: folds
Uncalled bet ($2) returned to BigYelloFish
BigYelloFish collected $2 from pot
BigYelloFish: doesn't show hand
*** SUMMARY ***
Total pot $2 | Rake $0
Seat 1: BigYelloFish (big blind) collected ($2)
Seat 2: nedo1414 (button) (small blind) folded before Flop


PokerStars Hand #146909486079:  Hold'em Limit ($3/$6 USD) - 2016/01/12 8:58:54 ET
Table 'Gilgamesh' 2-max Seat #2 is the button
Seat 1: BigYelloFish ($187.60 in chips)
Seat 2: nedo1414 ($96.98 in chips)
nedo1414: posts small blind $1
BigYelloFish: posts big blind $3
*** HOLE CARDS ***
nedo1414: raises $3 to $6
BigYelloFish: calls $3
*** FLOP *** [7s 9c Qc]
BigYelloFish: checks
nedo1414: bets $3
BigYelloFish: folds
Uncalled bet ($3) returned to nedo1414
nedo1414 collected $11.76 from pot
nedo1414: doesn't show hand
*** SUMMARY ***
Total pot $12 | Rake $0.24
Board [7s 9c Qc]
Seat 1: BigYelloFish (big blind) folded on the Flop
Seat 2: nedo1414 (button) (small blind) collected ($11.76)


PokerStars Hand #146909490724:  Hold'em Limit ($3/$6 USD) - 2016/01/12 8:59:01 ET
Table 'Gilgamesh' 2-max Seat #1 is the button
Seat 1: BigYelloFish ($181.60 in chips)
Seat 2: nedo1414 ($102.74 in chips)
BigYelloFish: posts small blind $1
nedo1414: posts big blind $3
*** HOLE CARDS ***
BigYelloFish: folds
Uncalled bet ($2) returned to nedo1414
nedo1414 collected $2 from pot
nedo1414: doesn't show hand
*** SUMMARY ***
Total pot $2 | Rake $0
Seat 1: BigYelloFish (button) (small blind) folded before Flop
Seat 2: nedo1414 (big blind) collected ($2)


PokerStars Hand #146909501925:  Hold'em Limit ($3/$6 USD) - 2016/01/12 8:59:19 ET
Table 'Gilgamesh' 2-max Seat #1 is the button
Seat 1: BigYelloFish ($156.60 in chips)
Seat 2: nedo1414 ($127.24 in chips)
BigYelloFish: posts small blind $1
nedo1414: posts big blind $3
*** HOLE CARDS ***
BigYelloFish: folds
Uncalled bet ($2) returned to nedo1414
nedo1414 collected $2 from pot
nedo1414: doesn't show hand
*** SUMMARY ***
Total pot $2 | Rake $0
Seat 1: BigYelloFish (button) (small blind) folded before Flop
Seat 2: nedo1414 (big blind) collected ($2)


PokerStars Hand #146909493466:  Hold'em Limit ($3/$6 USD) - 2016/01/12 8:59:06 ET
Table 'Gilgamesh' 2-max Seat #2 is the button
Seat 1: BigYelloFish ($180.60 in chips)
Seat 2: nedo1414 ($103.74 in chips)
nedo1414: posts small blind $1
BigYelloFish: posts big blind $3
*** HOLE CARDS ***
nedo1414: raises $3 to $6
BigYelloFish: raises $3 to $9
nedo1414: calls $3
*** FLOP *** [Ks 7s 4c]
BigYelloFish: bets $3
nedo1414: calls $3
*** TURN *** [Ks 7s 4c] [Kh]
BigYelloFish: checks
nedo1414: bets $6
BigYelloFish: calls $6
*** RIVER *** [Ks 7s 4c Kh] [5s]
BigYelloFish: checks
nedo1414: bets $6
BigYelloFish: calls $6
*** SHOW DOWN ***
nedo1414: shows [Kc 4h] (a full house, Kings full of Fours)
BigYelloFish: mucks hand
nedo1414 collected $47.50 from pot
*** SUMMARY ***
Total pot $48 | Rake $0.50
Board [Ks 7s 4c Kh 5s]
Seat 1: BigYelloFish (big blind) mucked
Seat 2: nedo1414 (button) (small blind) showed [Kc 4h] and won ($47.50) with a full house, Kings full of Fours


PokerStars Hand #146909504376:  Hold'em Limit ($3/$6 USD) - 2016/01/12 8:59:24 ET
Table 'Gilgamesh' 2-max Seat #2 is the button
Seat 1: BigYelloFish ($155.60 in chips)
Seat 2: nedo1414 ($128.24 in chips)
nedo1414: posts small blind $1
BigYelloFish: posts big blind $3
*** HOLE CARDS ***
nedo1414: folds
Uncalled bet ($2) returned to BigYelloFish
BigYelloFish collected $2 from pot
BigYelloFish: doesn't show hand
*** SUMMARY ***
Total pot $2 | Rake $0
Seat 1: BigYelloFish (big blind) collected ($2)
Seat 2: nedo1414 (button) (small blind) folded before Flop


PokerStars Hand #146909507006:  Hold'em Limit ($3/$6 USD) - 2016/01/12 8:59:28 ET
Table 'Gilgamesh' 2-max Seat #1 is the button
Seat 1: BigYelloFish ($156.60 in chips)
Seat 2: nedo1414 ($127.24 in chips)
BigYelloFish: posts small blind $1
nedo1414: posts big blind $3
*** HOLE CARDS ***
BigYelloFish: raises $3 to $6
nedo1414: raises $3 to $9
BigYelloFish: calls $3
*** FLOP *** [6h 4s 7c]
nedo1414: bets $3
BigYelloFish: calls $3
*** TURN *** [6h 4s 7c] [Qh]
nedo1414: checks
BigYelloFish: checks
*** RIVER *** [6h 4s 7c Qh] [9h]
nedo1414: checks
BigYelloFish: checks
*** SHOW DOWN ***
nedo1414: shows [As Td] (high card Ace)
BigYelloFish: mucks hand
nedo1414 collected $23.52 from pot
*** SUMMARY ***
Total pot $24 | Rake $0.48
Board [6h 4s 7c Qh 9h]
Seat 1: BigYelloFish (button) (small blind) mucked
Seat 2: nedo1414 (big blind) showed [As Td] and won ($23.52) with high card Ace


PokerStars Hand #146909513790:  Hold'em Limit ($3/$6 USD) - 2016/01/12 8:59:39 ET
Table 'Gilgamesh' 2-max Seat #2 is the button
Seat 1: BigYelloFish ($144.60 in chips)
Seat 2: nedo1414 ($138.76 in chips)
nedo1414: posts small blind $1
BigYelloFish: posts big blind $3
*** HOLE CARDS ***
nedo1414: raises $3 to $6
BigYelloFish: calls $3
*** FLOP *** [2d 7s Kd]
BigYelloFish: checks
nedo1414: bets $3
BigYelloFish: calls $3
*** TURN *** [2d 7s Kd] [7c]
BigYelloFish: checks
nedo1414: bets $6
BigYelloFish: folds
Uncalled bet ($6) returned to nedo1414
nedo1414 collected $17.64 from pot
nedo1414: doesn't show hand
*** SUMMARY ***
Total pot $18 | Rake $0.36
Board [2d 7s Kd 7c]
Seat 1: BigYelloFish (big blind) folded on the Turn
Seat 2: nedo1414 (button) (small blind) collected ($17.64)


PokerStars Hand #146909525936:  Hold'em Limit ($3/$6 USD) - 2016/01/12 9:00:00 ET
Table 'Gilgamesh' 2-max Seat #2 is the button
Seat 1: BigYelloFish ($141.36 in chips)
Seat 2: nedo1414 ($141.40 in chips)
nedo1414: posts small blind $1
BigYelloFish: posts big blind $3
*** HOLE CARDS ***
nedo1414: folds
Uncalled bet ($2) returned to BigYelloFish
BigYelloFish collected $2 from pot
BigYelloFish: doesn't show hand
*** SUMMARY ***
Total pot $2 | Rake $0
Seat 1: BigYelloFish (big blind) collected ($2)
Seat 2: nedo1414 (button) (small blind) folded before Flop


PokerStars Hand #146909521834:  Hold'em Limit ($3/$6 USD) - 2016/01/12 8:59:53 ET
Table 'Gilgamesh' 2-max Seat #1 is the button
Seat 1: BigYelloFish ($135.60 in chips)
Seat 2: nedo1414 ($147.40 in chips)
BigYelloFish: posts small blind $1
nedo1414: posts big blind $3
*** HOLE CARDS ***
BigYelloFish: raises $3 to $6
nedo1414: calls $3
*** FLOP *** [7d 9d 4d]
nedo1414: checks
BigYelloFish: bets $3
nedo1414: folds
Uncalled bet ($3) returned to BigYelloFish
BigYelloFish collected $11.76 from pot
BigYelloFish: doesn't show hand
*** SUMMARY ***
Total pot $12 | Rake $0.24
Board [7d 9d 4d]
Seat 1: BigYelloFish (button) (small blind) collected ($11.76)
Seat 2: nedo1414 (big blind) folded on the Flop


PokerStars Hand #146909532165:  Hold'em Limit ($3/$6 USD) - 2016/01/12 9:00:09 ET
Table 'Gilgamesh' 2-max Seat #2 is the button
Seat 1: BigYelloFish ($145.36 in chips)
Seat 2: nedo1414 ($137.40 in chips)
nedo1414: posts small blind $1
BigYelloFish: posts big blind $3
*** HOLE CARDS ***
nedo1414: raises $3 to $6
BigYelloFish: folds
Uncalled bet ($3) returned to nedo1414
nedo1414 collected $6 from pot
nedo1414: doesn't show hand
*** SUMMARY ***
Total pot $6 | Rake $0
Seat 1: BigYelloFish (big blind) folded before Flop
Seat 2: nedo1414 (button) (small blind) collected ($6)


PokerStars Hand #146909528890:  Hold'em Limit ($3/$6 USD) - 2016/01/12 9:00:04 ET
Table 'Gilgamesh' 2-max Seat #1 is the button
Seat 1: BigYelloFish ($142.36 in chips)
Seat 2: nedo1414 ($140.40 in chips)
BigYelloFish: posts small blind $1
nedo1414: posts big blind $3
*** HOLE CARDS ***
BigYelloFish: raises $3 to $6
nedo1414: folds
Uncalled bet ($3) returned to BigYelloFish
BigYelloFish collected $6 from pot
BigYelloFish: doesn't show hand
*** SUMMARY ***
Total pot $6 | Rake $0
Seat 1: BigYelloFish (button) (small blind) collected ($6)
Seat 2: nedo1414 (big blind) folded before Flop


PokerStars Hand #146909534990:  Hold'em Limit ($3/$6 USD) - 2016/01/12 9:00:14 ET
Table 'Gilgamesh' 2-max Seat #1 is the button
Seat 1: BigYelloFish ($142.36 in chips)
Seat 2: nedo1414 ($140.40 in chips)
BigYelloFish: posts small blind $1
nedo1414: posts big blind $3
*** HOLE CARDS ***
BigYelloFish: raises $3 to $6
nedo1414: calls $3
*** FLOP *** [7c Qs Ks]
nedo1414: checks
BigYelloFish: bets $3
nedo1414: raises $3 to $6
BigYelloFish: folds
Uncalled bet ($3) returned to nedo1414
nedo1414 collected $17.64 from pot
nedo1414: doesn't show hand
*** SUMMARY ***
Total pot $18 | Rake $0.36
Board [7c Qs Ks]
Seat 1: BigYelloFish (button) (small blind) folded on the Flop
Seat 2: nedo1414 (big blind) collected ($17.64)


PokerStars Hand #146909548379:  Hold'em Limit ($3/$6 USD) - 2016/01/12 9:00:36 ET
Table 'Gilgamesh' 2-max Seat #1 is the button
Seat 1: BigYelloFish ($106.36 in chips)
Seat 2: nedo1414 ($175.54 in chips)
BigYelloFish: posts small blind $1
nedo1414: posts big blind $3
*** HOLE CARDS ***
BigYelloFish: folds
Uncalled bet ($2) returned to nedo1414
nedo1414 collected $2 from pot
nedo1414: doesn't show hand
*** SUMMARY ***
Total pot $2 | Rake $0
Seat 1: BigYelloFish (button) (small blind) folded before Flop
Seat 2: nedo1414 (big blind) collected ($2)


PokerStars Hand #146909540275:  Hold'em Limit ($3/$6 USD) - 2016/01/12 9:00:23 ET
Table 'Gilgamesh' 2-max Seat #2 is the button
Seat 1: BigYelloFish ($133.36 in chips)
Seat 2: nedo1414 ($149.04 in chips)
nedo1414: posts small blind $1
BigYelloFish: posts big blind $3
*** HOLE CARDS ***
nedo1414: raises $3 to $6
BigYelloFish: raises $3 to $9
nedo1414: raises $3 to $12
Betting is capped
BigYelloFish: calls $3
*** FLOP *** [5c Jh 7c]
BigYelloFish: checks
nedo1414: bets $3
BigYelloFish: calls $3
*** TURN *** [5c Jh 7c] [Ad]
BigYelloFish: checks
nedo1414: bets $6
BigYelloFish: calls $6
*** RIVER *** [5c Jh 7c Ad] [Ts]
BigYelloFish: checks
nedo1414: bets $6
BigYelloFish: calls $6
*** SHOW DOWN ***
nedo1414: shows [Qd Ac] (a pair of Aces)
BigYelloFish: mucks hand
nedo1414 collected $53.50 from pot
*** SUMMARY ***
Total pot $54 | Rake $0.50
Board [5c Jh 7c Ad Ts]
Seat 1: BigYelloFish (big blind) mucked
Seat 2: nedo1414 (button) (small blind) showed [Qd Ac] and won ($53.50) with a pair of Aces


PokerStars Hand #146909551256:  Hold'em Limit ($3/$6 USD) - 2016/01/12 9:00:41 ET
Table 'Gilgamesh' 2-max Seat #2 is the button
Seat 1: BigYelloFish ($105.36 in chips)
Seat 2: nedo1414 ($176.54 in chips)
nedo1414: posts small blind $1
BigYelloFish: posts big blind $3
*** HOLE CARDS ***
nedo1414: raises $3 to $6
BigYelloFish: calls $3
*** FLOP *** [9c 6h Kh]
BigYelloFish: checks
nedo1414: bets $3
BigYelloFish: raises $3 to $6
nedo1414: calls $3
*** TURN *** [9c 6h Kh] [2d]
BigYelloFish: bets $6
nedo1414: calls $6
*** RIVER *** [9c 6h Kh 2d] [Td]
BigYelloFish: bets $6
nedo1414: calls $6
*** SHOW DOWN ***
BigYelloFish: shows [Jh 9d] (a pair of Nines)
nedo1414: mucks hand
BigYelloFish collected $47.50 from pot
*** SUMMARY ***
Total pot $48 | Rake $0.50
Board [9c 6h Kh 2d Td]
Seat 1: BigYelloFish (big blind) showed [Jh 9d] and won ($47.50) with a pair of Nines
Seat 2: nedo1414 (button) (small blind) mucked


PokerStars Hand #146909557990:  Hold'em Limit ($3/$6 USD) - 2016/01/12 9:00:51 ET
Table 'Gilgamesh' 2-max Seat #1 is the button
Seat 1: BigYelloFish ($128.86 in chips)
Seat 2: nedo1414 ($152.54 in chips)
BigYelloFish: posts small blind $1
nedo1414: posts big blind $3
*** HOLE CARDS ***
BigYelloFish: folds
Uncalled bet ($2) returned to nedo1414
nedo1414 collected $2 from pot
nedo1414: doesn't show hand
*** SUMMARY ***
Total pot $2 | Rake $0
Seat 1: BigYelloFish (button) (small blind) folded before Flop
Seat 2: nedo1414 (big blind) collected ($2)


PokerStars Hand #146909560827:  Hold'em Limit ($3/$6 USD) - 2016/01/12 9:00:56 ET
Table 'Gilgamesh' 2-max Seat #2 is the button
Seat 1: BigYelloFish ($127.86 in chips)
Seat 2: nedo1414 ($153.54 in chips)
nedo1414: posts small blind $1
BigYelloFish: posts big blind $3
*** HOLE CARDS ***
nedo1414: raises $3 to $6
BigYelloFish: calls $3
*** FLOP *** [Jh 2d 4s]
BigYelloFish: checks
nedo1414: bets $3
BigYelloFish: raises $3 to $6
nedo1414: calls $3
*** TURN *** [Jh 2d 4s] [5d]
BigYelloFish: bets $6
nedo1414: calls $6
*** RIVER *** [Jh 2d 4s 5d] [3c]
BigYelloFish: checks
nedo1414: bets $6
BigYelloFish: calls $6
*** SHOW DOWN ***
nedo1414: shows [9h 6d] (a straight, Deuce to Six)
BigYelloFish: mucks hand
nedo1414 collected $47.50 from pot
*** SUMMARY ***
Total pot $48 | Rake $0.50
Board [Jh 2d 4s 5d 3c]
Seat 1: BigYelloFish (big blind) mucked
Seat 2: nedo1414 (button) (small blind) showed [9h 6d] and won ($47.50) with a straight, Deuce to Six


PokerStars Hand #146909574216:  Hold'em Limit ($3/$6 USD) - 2016/01/12 9:01:16 ET
Table 'Gilgamesh' 2-max Seat #2 is the button
Seat 1: BigYelloFish ($109.62 in chips)
Seat 2: nedo1414 ($171.04 in chips)
nedo1414: posts small blind $1
BigYelloFish: posts big blind $3
*** HOLE CARDS ***
nedo1414: raises $3 to $6
BigYelloFish: calls $3
*** FLOP *** [3s 7s Js]
BigYelloFish: checks
nedo1414: bets $3
BigYelloFish: folds
Uncalled bet ($3) returned to nedo1414
nedo1414 collected $11.76 from pot
nedo1414: doesn't show hand
*** SUMMARY ***
Total pot $12 | Rake $0.24
Board [3s 7s Js]
Seat 1: BigYelloFish (big blind) folded on the Flop
Seat 2: nedo1414 (button) (small blind) collected ($11.76)


PokerStars Hand #146909569817:  Hold'em Limit ($3/$6 USD) - 2016/01/12 9:01:09 ET
Table 'Gilgamesh' 2-max Seat #1 is the button
Seat 1: BigYelloFish ($103.86 in chips)
Seat 2: nedo1414 ($177.04 in chips)
BigYelloFish: posts small blind $1
nedo1414: posts big blind $3
*** HOLE CARDS ***
BigYelloFish: raises $3 to $6
nedo1414: calls $3
*** FLOP *** [5h 4c Ad]
nedo1414: checks
BigYelloFish: bets $3
nedo1414: folds
Uncalled bet ($3) returned to BigYelloFish
BigYelloFish collected $11.76 from pot
BigYelloFish: doesn't show hand
*** SUMMARY ***
Total pot $12 | Rake $0.24
Board [5h 4c Ad]
Seat 1: BigYelloFish (button) (small blind) collected ($11.76)
Seat 2: nedo1414 (big blind) folded on the Flop


PokerStars Hand #146909588192:  Hold'em Limit ($3/$6 USD) - 2016/01/12 9:01:37 ET
Table 'Gilgamesh' 2-max Seat #2 is the button
Seat 1: BigYelloFish ($91.62 in chips)
Seat 2: nedo1414 ($188.32 in chips)
nedo1414: posts small blind $1
BigYelloFish: posts big blind $3
*** HOLE CARDS ***
nedo1414: folds
Uncalled bet ($2) returned to BigYelloFish
BigYelloFish collected $2 from pot
BigYelloFish: doesn't show hand
*** SUMMARY ***
Total pot $2 | Rake $0
Seat 1: BigYelloFish (big blind) collected ($2)
Seat 2: nedo1414 (button) (small blind) folded before Flop


PokerStars Hand #146909578604:  Hold'em Limit ($3/$6 USD) - 2016/01/12 9:01:23 ET
Table 'Gilgamesh' 2-max Seat #1 is the button
Seat 1: BigYelloFish ($103.62 in chips)
Seat 2: nedo1414 ($176.80 in chips)
BigYelloFish: posts small blind $1
nedo1414: posts big blind $3
*** HOLE CARDS ***
BigYelloFish: raises $3 to $6
nedo1414: raises $3 to $9
BigYelloFish: calls $3
*** FLOP *** [7c Tc 8s]
nedo1414: bets $3
BigYelloFish: calls $3
*** TURN *** [7c Tc 8s] [Jd]
nedo1414: checks
BigYelloFish: checks
*** RIVER *** [7c Tc 8s Jd] [3s]
nedo1414: bets $6
BigYelloFish: folds
Uncalled bet ($6) returned to nedo1414
nedo1414 collected $23.52 from pot
nedo1414: doesn't show hand
*** SUMMARY ***
Total pot $24 | Rake $0.48
Board [7c Tc 8s Jd 3s]
Seat 1: BigYelloFish (button) (small blind) folded on the River
Seat 2: nedo1414 (big blind) collected ($23.52)


PokerStars Hand #146909591050:  Hold'em Limit ($3/$6 USD) - 2016/01/12 9:01:42 ET
Table 'Gilgamesh' 2-max Seat #1 is the button
Seat 1: BigYelloFish ($92.62 in chips)
Seat 2: nedo1414 ($187.32 in chips)
BigYelloFish: posts small blind $1
nedo1414: posts big blind $3
*** HOLE CARDS ***
BigYelloFish: raises $3 to $6
nedo1414: calls $3
*** FLOP *** [8c 5d Ts]
nedo1414: checks
BigYelloFish: bets $3
nedo1414: calls $3
*** TURN *** [8c 5d Ts] [5h]
nedo1414: checks
BigYelloFish: bets $6
nedo1414: calls $6
*** RIVER *** [8c 5d Ts 5h] [3h]
nedo1414: checks
BigYelloFish: bets $6
nedo1414: calls $6
*** SHOW DOWN ***
BigYelloFish: shows [7c 7s] (two pair, Sevens and Fives)
nedo1414: mucks hand
BigYelloFish collected $41.50 from pot
*** SUMMARY ***
Total pot $42 | Rake $0.50
Board [8c 5d Ts 5h 3h]
Seat 1: BigYelloFish (button) (small blind) showed [7c 7s] and won ($41.50) with two pair, Sevens and Fives
Seat 2: nedo1414 (big blind) mucked


PokerStars Hand #146909599549:  Hold'em Limit ($3/$6 USD) - 2016/01/12 9:01:54 ET
Table 'Gilgamesh' 2-max Seat #2 is the button
Seat 1: BigYelloFish ($113.12 in chips)
Seat 2: nedo1414 ($166.32 in chips)
nedo1414: posts small blind $1
BigYelloFish: posts big blind $3
*** HOLE CARDS ***
nedo1414: raises $3 to $6
BigYelloFish: calls $3
*** FLOP *** [Kd 4h 4s]
BigYelloFish: checks
nedo1414: bets $3
BigYelloFish: calls $3
*** TURN *** [Kd 4h 4s] [2c]
BigYelloFish: checks
nedo1414: checks
*** RIVER *** [Kd 4h 4s 2c] [6s]
BigYelloFish: bets $6
nedo1414: folds
Uncalled bet ($6) returned to BigYelloFish
BigYelloFish collected $17.64 from pot
BigYelloFish: doesn't show hand
*** SUMMARY ***
Total pot $18 | Rake $0.36
Board [Kd 4h 4s 2c 6s]
Seat 1: BigYelloFish (big blind) collected ($17.64)
Seat 2: nedo1414 (button) (small blind) folded on the River


PokerStars Hand #146909617569:  Hold'em Limit ($3/$6 USD) - 2016/01/12 9:02:21 ET
Table 'Gilgamesh' 2-max Seat #1 is the button
Seat 1: BigYelloFish ($101.76 in chips)
Seat 2: nedo1414 ($176.82 in chips)
BigYelloFish: posts small blind $1
nedo1414: posts big blind $3
*** HOLE CARDS ***
BigYelloFish: folds
Uncalled bet ($2) returned to nedo1414
nedo1414 collected $2 from pot
nedo1414: doesn't show hand
*** SUMMARY ***
Total pot $2 | Rake $0
Seat 1: BigYelloFish (button) (small blind) folded before Flop
Seat 2: nedo1414 (big blind) collected ($2)


PokerStars Hand #146909614814:  Hold'em Limit ($3/$6 USD) - 2016/01/12 9:02:17 ET
Table 'Gilgamesh' 2-max Seat #2 is the button
Seat 1: BigYelloFish ($100.76 in chips)
Seat 2: nedo1414 ($177.82 in chips)
nedo1414: posts small blind $1
BigYelloFish: posts big blind $3
*** HOLE CARDS ***
nedo1414: folds
Uncalled bet ($2) returned to BigYelloFish
BigYelloFish collected $2 from pot
BigYelloFish: doesn't show hand
*** SUMMARY ***
Total pot $2 | Rake $0
Seat 1: BigYelloFish (big blind) collected ($2)
Seat 2: nedo1414 (button) (small blind) folded before Flop


PokerStars Hand #146909605985:  Hold'em Limit ($3/$6 USD) - 2016/01/12 9:02:04 ET
Table 'Gilgamesh' 2-max Seat #1 is the button
Seat 1: BigYelloFish ($121.76 in chips)
Seat 2: nedo1414 ($157.32 in chips)
BigYelloFish: posts small blind $1
nedo1414: posts big blind $3
*** HOLE CARDS ***
BigYelloFish: raises $3 to $6
nedo1414: calls $3
*** FLOP *** [Kh 5s 9c]
nedo1414: checks
BigYelloFish: bets $3
nedo1414: calls $3
*** TURN *** [Kh 5s 9c] [Td]
nedo1414: checks
BigYelloFish: bets $6
nedo1414: raises $6 to $12
BigYelloFish: calls $6
*** RIVER *** [Kh 5s 9c Td] [5d]
nedo1414: bets $6
BigYelloFish: folds
Uncalled bet ($6) returned to nedo1414
nedo1414 collected $41.50 from pot
nedo1414: doesn't show hand
*** SUMMARY ***
Total pot $42 | Rake $0.50
Board [Kh 5s 9c Td 5d]
Seat 1: BigYelloFish (button) (small blind) folded on the River
Seat 2: nedo1414 (big blind) collected ($41.50)


PokerStars Hand #146909620815:  Hold'em Limit ($3/$6 USD) - 2016/01/12 9:02:25 ET
Table 'Gilgamesh' 2-max Seat #2 is the button
Seat 1: BigYelloFish ($100.76 in chips)
Seat 2: nedo1414 ($177.82 in chips)
nedo1414: posts small blind $1
BigYelloFish: posts big blind $3
*** HOLE CARDS ***
nedo1414: raises $3 to $6
BigYelloFish: calls $3
*** FLOP *** [4s 8h 3h]
BigYelloFish: checks
nedo1414: bets $3
BigYelloFish: calls $3
*** TURN *** [4s 8h 3h] [Th]
BigYelloFish: checks
nedo1414: checks
*** RIVER *** [4s 8h 3h Th] [3s]
BigYelloFish: checks
nedo1414: bets $6
BigYelloFish: folds
Uncalled bet ($6) returned to nedo1414
nedo1414 collected $17.64 from pot
nedo1414: doesn't show hand
*** SUMMARY ***
Total pot $18 | Rake $0.36
Board [4s 8h 3h Th 3s]
Seat 1: BigYelloFish (big blind) folded on the River
Seat 2: nedo1414 (button) (small blind) collected ($17.64)


PokerStars Hand #146909628156:  Hold'em Limit ($3/$6 USD) - 2016/01/12 9:02:36 ET
Table 'Gilgamesh' 2-max Seat #1 is the button
Seat 1: BigYelloFish ($91.76 in chips)
Seat 2: nedo1414 ($186.46 in chips)
BigYelloFish: posts small blind $1
nedo1414: posts big blind $3
*** HOLE CARDS ***
BigYelloFish: raises $3 to $6
nedo1414: calls $3
*** FLOP *** [7h Qd 7d]
nedo1414: checks
BigYelloFish: bets $3
nedo1414: calls $3
*** TURN *** [7h Qd 7d] [Td]
nedo1414: checks
BigYelloFish: checks
*** RIVER *** [7h Qd 7d Td] [7s]
nedo1414: checks
BigYelloFish: checks
*** SHOW DOWN ***
nedo1414: shows [Ks 2s] (three of a kind, Sevens)
BigYelloFish: shows [Kd 4h] (three of a kind, Sevens)
nedo1414 collected $8.82 from pot
BigYelloFish collected $8.82 from pot
*** SUMMARY ***
Total pot $18 | Rake $0.36
Board [7h Qd 7d Td 7s]
Seat 1: BigYelloFish (button) (small blind) showed [Kd 4h] and won ($8.82) with three of a kind, Sevens
Seat 2: nedo1414 (big blind) showed [Ks 2s] and won ($8.82) with three of a kind, Sevens


PokerStars Hand #146909644628:  Hold'em Limit ($3/$6 USD) - 2016/01/12 9:02:58 ET
Table 'Gilgamesh' 2-max Seat #1 is the button
Seat 1: BigYelloFish ($115.08 in chips)
Seat 2: nedo1414 ($162.28 in chips)
BigYelloFish: posts small blind $1
nedo1414: posts big blind $3
*** HOLE CARDS ***
BigYelloFish: raises $3 to $6
nedo1414: folds
Uncalled bet ($3) returned to BigYelloFish
BigYelloFish collected $6 from pot
BigYelloFish: doesn't show hand
*** SUMMARY ***
Total pot $6 | Rake $0
Seat 1: BigYelloFish (button) (small blind) collected ($6)
Seat 2: nedo1414 (big blind) folded before Flop


PokerStars Hand #146909637289:  Hold'em Limit ($3/$6 USD) - 2016/01/12 9:02:48 ET
Table 'Gilgamesh' 2-max Seat #2 is the button
Seat 1: BigYelloFish ($91.58 in chips)
Seat 2: nedo1414 ($186.28 in chips)
nedo1414: posts small blind $1
BigYelloFish: posts big blind $3
*** HOLE CARDS ***
nedo1414: raises $3 to $6
BigYelloFish: raises $3 to $9
nedo1414: calls $3
*** FLOP *** [As Qs Qd]
BigYelloFish: bets $3
nedo1414: calls $3
*** TURN *** [As Qs Qd] [2d]
BigYelloFish: bets $6
nedo1414: calls $6
*** RIVER *** [As Qs Qd 2d] [4c]
BigYelloFish: bets $6
nedo1414: calls $6
*** SHOW DOWN ***
BigYelloFish: shows [Ks Ah] (two pair, Aces and Queens)
nedo1414: mucks hand
BigYelloFish collected $47.50 from pot
*** SUMMARY ***
Total pot $48 | Rake $0.50
Board [As Qs Qd 2d 4c]
Seat 1: BigYelloFish (big blind) showed [Ks Ah] and won ($47.50) with two pair, Aces and Queens
Seat 2: nedo1414 (button) (small blind) mucked


PokerStars Hand #146909647736:  Hold'em Limit ($3/$6 USD) - 2016/01/12 9:03:03 ET
Table 'Gilgamesh' 2-max Seat #2 is the button
Seat 1: BigYelloFish ($118.08 in chips)
Seat 2: nedo1414 ($159.28 in chips)
nedo1414: posts small blind $1
BigYelloFish: posts big blind $3
*** HOLE CARDS ***
nedo1414: raises $3 to $6
BigYelloFish: calls $3
*** FLOP *** [Qd 7d 3c]
BigYelloFish: checks
nedo1414: bets $3
BigYelloFish: calls $3
*** TURN *** [Qd 7d 3c] [Jh]
BigYelloFish: checks
nedo1414: bets $6
BigYelloFish: calls $6
*** RIVER *** [Qd 7d 3c Jh] [4d]
BigYelloFish: checks
nedo1414: bets $6
BigYelloFish: calls $6
*** SHOW DOWN ***
nedo1414: shows [8h Qc] (a pair of Queens)
BigYelloFish: mucks hand
nedo1414 collected $41.50 from pot
*** SUMMARY ***
Total pot $42 | Rake $0.50
Board [Qd 7d 3c Jh 4d]
Seat 1: BigYelloFish (big blind) mucked
Seat 2: nedo1414 (button) (small blind) showed [8h Qc] and won ($41.50) with a pair of Queens


PokerStars Hand #146909655071:  Hold'em Limit ($3/$6 USD) - 2016/01/12 9:03:14 ET
Table 'Gilgamesh' 2-max Seat #1 is the button
Seat 1: BigYelloFish ($97.08 in chips)
Seat 2: nedo1414 ($179.78 in chips)
BigYelloFish: posts small blind $1
nedo1414: posts big blind $3
*** HOLE CARDS ***
BigYelloFish: raises $3 to $6
nedo1414: folds
Uncalled bet ($3) returned to BigYelloFish
BigYelloFish collected $6 from pot
BigYelloFish: doesn't show hand
*** SUMMARY ***
Total pot $6 | Rake $0
Seat 1: BigYelloFish (button) (small blind) collected ($6)
Seat 2: nedo1414 (big blind) folded before Flop


PokerStars Hand #146909658156:  Hold'em Limit ($3/$6 USD) - 2016/01/12 9:03:18 ET
Table 'Gilgamesh' 2-max Seat #2 is the button
Seat 1: BigYelloFish ($100.08 in chips)
Seat 2: nedo1414 ($176.78 in chips)
nedo1414: posts small blind $1
BigYelloFish: posts big blind $3
*** HOLE CARDS ***
nedo1414: raises $3 to $6
BigYelloFish: raises $3 to $9
nedo1414: calls $3
*** FLOP *** [3h Kd 2h]
BigYelloFish: bets $3
nedo1414: calls $3
*** TURN *** [3h Kd 2h] [5s]
BigYelloFish: checks
nedo1414: bets $6
BigYelloFish: folds
Uncalled bet ($6) returned to nedo1414
nedo1414 collected $23.52 from pot
nedo1414: doesn't show hand
*** SUMMARY ***
Total pot $24 | Rake $0.48
Board [3h Kd 2h 5s]
Seat 1: BigYelloFish (big blind) folded on the Turn
Seat 2: nedo1414 (button) (small blind) collected ($23.52)


PokerStars Hand #146909665878:  Hold'em Limit ($3/$6 USD) - 2016/01/12 9:03:29 ET
Table 'Gilgamesh' 2-max Seat #1 is the button
Seat 1: BigYelloFish ($88.08 in chips)
Seat 2: nedo1414 ($188.30 in chips)
BigYelloFish: posts small blind $1
nedo1414: posts big blind $3
*** HOLE CARDS ***
BigYelloFish: raises $3 to $6
nedo1414: calls $3
*** FLOP *** [Td Jd As]
nedo1414: checks
BigYelloFish: bets $3
nedo1414: calls $3
*** TURN *** [Td Jd As] [Jc]
nedo1414: checks
BigYelloFish: bets $6
nedo1414: calls $6
*** RIVER *** [Td Jd As Jc] [4h]
nedo1414: checks
BigYelloFish: bets $6
nedo1414: calls $6
*** SHOW DOWN ***
BigYelloFish: shows [Kc Tc] (two pair, Jacks and Tens)
nedo1414: shows [6s Th] (two pair, Jacks and Tens)
nedo1414 collected $20.75 from pot
BigYelloFish collected $20.75 from pot
*** SUMMARY ***
Total pot $42 | Rake $0.50
Board [Td Jd As Jc 4h]
Seat 1: BigYelloFish (button) (small blind) showed [Kc Tc] and won ($20.75) with two pair, Jacks and Tens
Seat 2: nedo1414 (big blind) showed [6s Th] and won ($20.75) with two pair, Jacks and Tens


PokerStars Hand #146909681113:  Hold'em Limit ($3/$6 USD) - 2016/01/12 9:03:50 ET
Table 'Gilgamesh' 2-max Seat #1 is the button
Seat 1: BigYelloFish ($102.33 in chips)
Seat 2: nedo1414 ($173.05 in chips)
BigYelloFish: posts small blind $1
nedo1414: posts big blind $3
*** HOLE CARDS ***
BigYelloFish: raises $3 to $6
nedo1414: folds
Uncalled bet ($3) returned to BigYelloFish
BigYelloFish collected $6 from pot
BigYelloFish: doesn't show hand
*** SUMMARY ***
Total pot $6 | Rake $0
Seat 1: BigYelloFish (button) (small blind) collected ($6)
Seat 2: nedo1414 (big blind) folded before Flop


PokerStars Hand #146909674049:  Hold'em Limit ($3/$6 USD) - 2016/01/12 9:03:40 ET
Table 'Gilgamesh' 2-max Seat #2 is the button
Seat 1: BigYelloFish ($87.83 in chips)
Seat 2: nedo1414 ($188.05 in chips)
nedo1414: posts small blind $1
BigYelloFish: posts big blind $3
*** HOLE CARDS ***
nedo1414: raises $3 to $6
BigYelloFish: calls $3
*** FLOP *** [3s As Qs]
BigYelloFish: checks
nedo1414: bets $3
BigYelloFish: calls $3
*** TURN *** [3s As Qs] [7h]
BigYelloFish: checks
nedo1414: checks
*** RIVER *** [3s As Qs 7h] [3d]
BigYelloFish: bets $6
nedo1414: calls $6
*** SHOW DOWN ***
BigYelloFish: shows [2c 3c] (three of a kind, Threes)
nedo1414: mucks hand
BigYelloFish collected $29.50 from pot
*** SUMMARY ***
Total pot $30 | Rake $0.50
Board [3s As Qs 7h 3d]
Seat 1: BigYelloFish (big blind) showed [2c 3c] and won ($29.50) with three of a kind, Threes
Seat 2: nedo1414 (button) (small blind) mucked


PokerStars Hand #146909687864:  Hold'em Limit ($3/$6 USD) - 2016/01/12 9:04:00 ET
Table 'Gilgamesh' 2-max Seat #1 is the button
Seat 1: BigYelloFish ($106.33 in chips)
Seat 2: nedo1414 ($169.05 in chips)
BigYelloFish: posts small blind $1
nedo1414: posts big blind $3
*** HOLE CARDS ***
BigYelloFish: raises $3 to $6
nedo1414: calls $3
*** FLOP *** [8c 9h 8d]
nedo1414: checks
BigYelloFish: bets $3
nedo1414: folds
Uncalled bet ($3) returned to BigYelloFish
BigYelloFish collected $11.76 from pot
BigYelloFish: doesn't show hand
*** SUMMARY ***
Total pot $12 | Rake $0.24
Board [8c 9h 8d]
Seat 1: BigYelloFish (button) (small blind) collected ($11.76)
Seat 2: nedo1414 (big blind) folded on the Flop


PokerStars Hand #146909684600:  Hold'em Limit ($3/$6 USD) - 2016/01/12 9:03:55 ET
Table 'Gilgamesh' 2-max Seat #2 is the button
Seat 1: BigYelloFish ($105.33 in chips)
Seat 2: nedo1414 ($170.05 in chips)
nedo1414: posts small blind $1
BigYelloFish: posts big blind $3
*** HOLE CARDS ***
nedo1414: folds
Uncalled bet ($2) returned to BigYelloFish
BigYelloFish collected $2 from pot
BigYelloFish: doesn't show hand
*** SUMMARY ***
Total pot $2 | Rake $0
Seat 1: BigYelloFish (big blind) collected ($2)
Seat 2: nedo1414 (button) (small blind) folded before Flop


PokerStars Hand #146909692538:  Hold'em Limit ($3/$6 USD) - 2016/01/12 9:04:06 ET
Table 'Gilgamesh' 2-max Seat #2 is the button
Seat 1: BigYelloFish ($112.09 in chips)
Seat 2: nedo1414 ($163.05 in chips)
nedo1414: posts small blind $1
BigYelloFish: posts big blind $3
*** HOLE CARDS ***
nedo1414: raises $3 to $6
BigYelloFish: folds
Uncalled bet ($3) returned to nedo1414
nedo1414 collected $6 from pot
nedo1414: doesn't show hand
*** SUMMARY ***
Total pot $6 | Rake $0
Seat 1: BigYelloFish (big blind) folded before Flop
Seat 2: nedo1414 (button) (small blind) collected ($6)


PokerStars Hand #146909701175:  Hold'em Limit ($3/$6 USD) - 2016/01/12 9:04:18 ET
Table 'Gilgamesh' 2-max Seat #2 is the button
Seat 1: BigYelloFish ($114.85 in chips)
Seat 2: nedo1414 ($160.05 in chips)
nedo1414: posts small blind $1
BigYelloFish: posts big blind $3
*** HOLE CARDS ***
nedo1414: folds
Uncalled bet ($2) returned to BigYelloFish
BigYelloFish collected $2 from pot
BigYelloFish: doesn't show hand
*** SUMMARY ***
Total pot $2 | Rake $0
Seat 1: BigYelloFish (big blind) collected ($2)
Seat 2: nedo1414 (button) (small blind) folded before Flop


PokerStars Hand #146909695861:  Hold'em Limit ($3/$6 USD) - 2016/01/12 9:04:11 ET
Table 'Gilgamesh' 2-max Seat #1 is the button
Seat 1: BigYelloFish ($109.09 in chips)
Seat 2: nedo1414 ($166.05 in chips)
BigYelloFish: posts small blind $1
nedo1414: posts big blind $3
*** HOLE CARDS ***
BigYelloFish: raises $3 to $6
nedo1414: calls $3
*** FLOP *** [5h Ad 9c]
nedo1414: checks
BigYelloFish: bets $3
nedo1414: folds
Uncalled bet ($3) returned to BigYelloFish
BigYelloFish collected $11.76 from pot
BigYelloFish: doesn't show hand
*** SUMMARY ***
Total pot $12 | Rake $0.24
Board [5h Ad 9c]
Seat 1: BigYelloFish (button) (small blind) collected ($11.76)
Seat 2: nedo1414 (big blind) folded on the Flop


PokerStars Hand #146909704200:  Hold'em Limit ($3/$6 USD) - 2016/01/12 9:04:23 ET
Table 'Gilgamesh' 2-max Seat #1 is the button
Seat 1: BigYelloFish ($115.85 in chips)
Seat 2: nedo1414 ($159.05 in chips)
BigYelloFish: posts small blind $1
nedo1414: posts big blind $3
*** HOLE CARDS ***
BigYelloFish: raises $3 to $6
nedo1414: folds
Uncalled bet ($3) returned to BigYelloFish
BigYelloFish collected $6 from pot
BigYelloFish: doesn't show hand
*** SUMMARY ***
Total pot $6 | Rake $0
Seat 1: BigYelloFish (button) (small blind) collected ($6)
Seat 2: nedo1414 (big blind) folded before Flop


PokerStars Hand #146909715292:  Hold'em Limit ($3/$6 USD) - 2016/01/12 9:04:38 ET
Table 'Gilgamesh' 2-max Seat #1 is the button
Seat 1: BigYelloFish ($127.49 in chips)
Seat 2: nedo1414 ($147.05 in chips)
BigYelloFish: posts small blind $1
nedo1414: posts big blind $3
*** HOLE CARDS ***
BigYelloFish: raises $3 to $6
nedo1414: raises $3 to $9
BigYelloFish: calls $3
*** FLOP *** [Td 2s 4h]
nedo1414: bets $3
BigYelloFish: calls $3
*** TURN *** [Td 2s 4h] [2h]
nedo1414: bets $6
BigYelloFish: folds
Uncalled bet ($6) returned to nedo1414
nedo1414 collected $23.52 from pot
nedo1414: doesn't show hand
*** SUMMARY ***
Total pot $24 | Rake $0.48
Board [Td 2s 4h 2h]
Seat 1: BigYelloFish (button) (small blind) folded on the Turn
Seat 2: nedo1414 (big blind) collected ($23.52)


PokerStars Hand #146909707408:  Hold'em Limit ($3/$6 USD) - 2016/01/12 9:04:27 ET
Table 'Gilgamesh' 2-max Seat #2 is the button
Seat 1: BigYelloFish ($118.85 in chips)
Seat 2: nedo1414 ($156.05 in chips)
nedo1414: posts small blind $1
BigYelloFish: posts big blind $3
*** HOLE CARDS ***
nedo1414: raises $3 to $6
BigYelloFish: calls $3
*** FLOP *** [Td 2d As]
BigYelloFish: checks
nedo1414: bets $3
BigYelloFish: calls $3
*** TURN *** [Td 2d As] [2h]
BigYelloFish: checks
nedo1414: checks
*** RIVER *** [Td 2d As 2h] [4d]
BigYelloFish: bets $6
nedo1414: folds
Uncalled bet ($6) returned to BigYelloFish
BigYelloFish collected $17.64 from pot
BigYelloFish: doesn't show hand
*** SUMMARY ***
Total pot $18 | Rake $0.36
Board [Td 2d As 2h 4d]
Seat 1: BigYelloFish (big blind) collected ($17.64)
Seat 2: nedo1414 (button) (small blind) folded on the River


PokerStars Hand #146909729880:  Hold'em Limit ($3/$6 USD) - 2016/01/12 9:04:58 ET
Table 'Gilgamesh' 2-max Seat #1 is the button
Seat 1: BigYelloFish ($135.99 in chips)
Seat 2: nedo1414 ($137.57 in chips)
BigYelloFish: posts small blind $1
nedo1414: posts big blind $3
*** HOLE CARDS ***
BigYelloFish: calls $2
nedo1414: raises $3 to $6
BigYelloFish: calls $3
*** FLOP *** [Td Qd 9c]
nedo1414: bets $3
BigYelloFish: folds
Uncalled bet ($3) returned to nedo1414
nedo1414 collected $11.76 from pot
nedo1414: doesn't show hand
*** SUMMARY ***
Total pot $12 | Rake $0.24
Board [Td Qd 9c]
Seat 1: BigYelloFish (button) (small blind) folded on the Flop
Seat 2: nedo1414 (big blind) collected ($11.76)


PokerStars Hand #146909721493:  Hold'em Limit ($3/$6 USD) - 2016/01/12 9:04:46 ET
Table 'Gilgamesh' 2-max Seat #2 is the button
Seat 1: BigYelloFish ($115.49 in chips)
Seat 2: nedo1414 ($158.57 in chips)
nedo1414: posts small blind $1
BigYelloFish: posts big blind $3
*** HOLE CARDS ***
nedo1414: raises $3 to $6
BigYelloFish: calls $3
*** FLOP *** [Ah Ad Jd]
BigYelloFish: checks
nedo1414: bets $3
BigYelloFish: calls $3
*** TURN *** [Ah Ad Jd] [Tc]
BigYelloFish: checks
nedo1414: bets $6
BigYelloFish: calls $6
*** RIVER *** [Ah Ad Jd Tc] [Kh]
BigYelloFish: checks
nedo1414: bets $6
BigYelloFish: calls $6
*** SHOW DOWN ***
nedo1414: shows [9s 8s] (a pair of Aces)
BigYelloFish: shows [9c Jh] (two pair, Aces and Jacks)
BigYelloFish collected $41.50 from pot
*** SUMMARY ***
Total pot $42 | Rake $0.50
Board [Ah Ad Jd Tc Kh]
Seat 1: BigYelloFish (big blind) showed [9c Jh] and won ($41.50) with two pair, Aces and Jacks
Seat 2: nedo1414 (button) (small blind) showed [9s 8s] and lost with a pair of Aces


PokerStars Hand #146909735150:  Hold'em Limit ($3/$6 USD) - 2016/01/12 9:05:05 ET
Table 'Gilgamesh' 2-max Seat #2 is the button
Seat 1: BigYelloFish ($129.99 in chips)
Seat 2: nedo1414 ($143.33 in chips)
nedo1414: posts small blind $1
BigYelloFish: posts big blind $3
*** HOLE CARDS ***
nedo1414: raises $3 to $6
BigYelloFish: calls $3
*** FLOP *** [Ac 6d Tc]
BigYelloFish: checks
nedo1414: bets $3
BigYelloFish: calls $3
*** TURN *** [Ac 6d Tc] [3c]
BigYelloFish: checks
nedo1414: bets $6
BigYelloFish: folds
Uncalled bet ($6) returned to nedo1414
nedo1414 collected $17.64 from pot
nedo1414: doesn't show hand
*** SUMMARY ***
Total pot $18 | Rake $0.36
Board [Ac 6d Tc 3c]
Seat 1: BigYelloFish (big blind) folded on the Turn
Seat 2: nedo1414 (button) (small blind) collected ($17.64)


PokerStars Hand #146909742571:  Hold'em Limit ($3/$6 USD) - 2016/01/12 9:05:14 ET
Table 'Gilgamesh' 2-max Seat #1 is the button
Seat 1: BigYelloFish ($120.99 in chips)
Seat 2: nedo1414 ($151.97 in chips)
BigYelloFish: posts small blind $1
nedo1414: posts big blind $3
*** HOLE CARDS ***
BigYelloFish: raises $3 to $6
nedo1414: calls $3
*** FLOP *** [8h Qh 8c]
nedo1414: checks
BigYelloFish: bets $3
nedo1414: raises $3 to $6
BigYelloFish: calls $3
*** TURN *** [8h Qh 8c] [9c]
nedo1414: bets $6
BigYelloFish: calls $6
*** RIVER *** [8h Qh 8c 9c] [Ks]
nedo1414: checks
BigYelloFish: bets $6
nedo1414: calls $6
*** SHOW DOWN ***
BigYelloFish: shows [8d 9h] (a full house, Eights full of Nines)
nedo1414: mucks hand
BigYelloFish collected $47.50 from pot
*** SUMMARY ***
Total pot $48 | Rake $0.50
Board [8h Qh 8c 9c Ks]
Seat 1: BigYelloFish (button) (small blind) showed [8d 9h] and won ($47.50) with a full house, Eights full of Nines
Seat 2: nedo1414 (big blind) mucked


PokerStars Hand #146909751161:  Hold'em Limit ($3/$6 USD) - 2016/01/12 9:05:26 ET
Table 'Gilgamesh' 2-max Seat #2 is the button
Seat 1: BigYelloFish ($144.49 in chips)
Seat 2: nedo1414 ($127.97 in chips)
nedo1414: posts small blind $1
BigYelloFish: posts big blind $3
*** HOLE CARDS ***
nedo1414: raises $3 to $6
BigYelloFish: raises $3 to $9
nedo1414: raises $3 to $12
Betting is capped
BigYelloFish: calls $3
*** FLOP *** [Qs Jh 3s]
BigYelloFish: checks
nedo1414: bets $3
BigYelloFish: raises $3 to $6
nedo1414: calls $3
*** TURN *** [Qs Jh 3s] [5c]
BigYelloFish: bets $6
nedo1414: calls $6
*** RIVER *** [Qs Jh 3s 5c] [4c]
BigYelloFish: bets $6
nedo1414: raises $6 to $12
BigYelloFish: calls $6
*** SHOW DOWN ***
nedo1414: shows [4d 4s] (three of a kind, Fours)
BigYelloFish: mucks hand
nedo1414 collected $71.50 from pot
*** SUMMARY ***
Total pot $72 | Rake $0.50
Board [Qs Jh 3s 5c 4c]
Seat 1: BigYelloFish (big blind) mucked
Seat 2: nedo1414 (button) (small blind) showed [4d 4s] and won ($71.50) with three of a kind, Fours


PokerStars Hand #146909760672:  Hold'em Limit ($3/$6 USD) - 2016/01/12 9:05:39 ET
Table 'Gilgamesh' 2-max Seat #1 is the button
Seat 1: BigYelloFish ($108.49 in chips)
Seat 2: nedo1414 ($163.47 in chips)
BigYelloFish: posts small blind $1
nedo1414: posts big blind $3
*** HOLE CARDS ***
BigYelloFish: raises $3 to $6
nedo1414: raises $3 to $9
BigYelloFish: calls $3
*** FLOP *** [8c 2h 3h]
nedo1414: bets $3
BigYelloFish: calls $3
*** TURN *** [8c 2h 3h] [5h]
nedo1414: bets $6
BigYelloFish: calls $6
*** RIVER *** [8c 2h 3h 5h] [8h]
nedo1414: bets $6
BigYelloFish: raises $6 to $12
nedo1414: raises $6 to $18
BigYelloFish: calls $6
*** SHOW DOWN ***
nedo1414: shows [Tc Ah] (a flush, Ace high)
BigYelloFish: mucks hand
nedo1414 collected $71.50 from pot
*** SUMMARY ***
Total pot $72 | Rake $0.50
Board [8c 2h 3h 5h 8h]
Seat 1: BigYelloFish (button) (small blind) mucked
Seat 2: nedo1414 (big blind) showed [Tc Ah] and won ($71.50) with a flush, Ace high


PokerStars Hand #146909772132:  Hold'em Limit ($3/$6 USD) - 2016/01/12 9:05:55 ET
Table 'Gilgamesh' 2-max Seat #2 is the button
Seat 1: BigYelloFish ($72.49 in chips)
Seat 2: nedo1414 ($198.97 in chips)
nedo1414: posts small blind $1
BigYelloFish: posts big blind $3
*** HOLE CARDS ***
nedo1414: raises $3 to $6
BigYelloFish: calls $3
*** FLOP *** [5c 4c Qh]
BigYelloFish: checks
nedo1414: bets $3
BigYelloFish: folds
Uncalled bet ($3) returned to nedo1414
nedo1414 collected $11.76 from pot
nedo1414: doesn't show hand
*** SUMMARY ***
Total pot $12 | Rake $0.24
Board [5c 4c Qh]
Seat 1: BigYelloFish (big blind) folded on the Flop
Seat 2: nedo1414 (button) (small blind) collected ($11.76)


PokerStars Hand #146909789002:  Hold'em Limit ($3/$6 USD) - 2016/01/12 9:06:18 ET
Table 'Gilgamesh' 2-max Seat #2 is the button
Seat 1: BigYelloFish ($75.13 in chips)
Seat 2: nedo1414 ($195.73 in chips)
nedo1414: posts small blind $1
BigYelloFish: posts big blind $3
*** HOLE CARDS ***
nedo1414: raises $3 to $6
BigYelloFish: calls $3
*** FLOP *** [Ac 8d 2d]
BigYelloFish: checks
nedo1414: bets $3
BigYelloFish: calls $3
*** TURN *** [Ac 8d 2d] [Ks]
BigYelloFish: checks
nedo1414: checks
*** RIVER *** [Ac 8d 2d Ks] [As]
BigYelloFish: bets $6
nedo1414: folds
Uncalled bet ($6) returned to BigYelloFish
BigYelloFish collected $17.64 from pot
BigYelloFish: doesn't show hand
*** SUMMARY ***
Total pot $18 | Rake $0.36
Board [Ac 8d 2d Ks As]
Seat 1: BigYelloFish (big blind) collected ($17.64)
Seat 2: nedo1414 (button) (small blind) folded on the River


PokerStars Hand #146909779712:  Hold'em Limit ($3/$6 USD) - 2016/01/12 9:06:05 ET
Table 'Gilgamesh' 2-max Seat #1 is the button
Seat 1: BigYelloFish ($66.49 in chips)
Seat 2: nedo1414 ($204.73 in chips)
BigYelloFish: posts small blind $1
nedo1414: posts big blind $3
*** HOLE CARDS ***
BigYelloFish: raises $3 to $6
nedo1414: calls $3
*** FLOP *** [7h Th 3s]
nedo1414: checks
BigYelloFish: bets $3
nedo1414: calls $3
*** TURN *** [7h Th 3s] [8d]
nedo1414: checks
BigYelloFish: checks
*** RIVER *** [7h Th 3s 8d] [Jd]
nedo1414: checks
BigYelloFish: bets $6
nedo1414: folds
Uncalled bet ($6) returned to BigYelloFish
BigYelloFish collected $17.64 from pot
BigYelloFish: doesn't show hand
*** SUMMARY ***
Total pot $18 | Rake $0.36
Board [7h Th 3s 8d Jd]
Seat 1: BigYelloFish (button) (small blind) collected ($17.64)
Seat 2: nedo1414 (big blind) folded on the River


