PokerStars Hand #159510442087:  Hold'em Limit ($3/$6 USD) - 2016/10/05 11:26:14 ET
Table 'Giomus' 6-max Seat #2 is the button
Seat 2: TinaTurner72 ($70.92 in chips)
Seat 4: happyshine88 ($76.51 in chips)
TinaTurner72: posts small blind $1
happyshine88: posts big blind $3
*** HOLE CARDS ***
TinaTurner72: raises $3 to $6
happyshine88: calls $3
*** FLOP *** [9c 7d 8s]
happyshine88: checks
TinaTurner72: checks
*** TURN *** [9c 7d 8s] [Ts]
happyshine88: checks
TinaTurner72: checks
*** RIVER *** [9c 7d 8s Ts] [8c]
happyshine88: checks
TinaTurner72: checks
*** SHOW DOWN ***
happyshine88: shows [2d 5d] (a pair of Eights)
TinaTurner72: shows [As Kc] (a pair of Eights - Ace kicker)
TinaTurner72 collected $11.76 from pot
*** SUMMARY ***
Total pot $12 | Rake $0.24
Board [9c 7d 8s Ts 8c]
Seat 2: TinaTurner72 (button) (small blind) showed [As Kc] and won ($11.76) with a pair of Eights
Seat 4: happyshine88 (big blind) showed [2d 5d] and lost with a pair of Eights


PokerStars Hand #159510415105:  Hold'em Limit ($3/$6 USD) - 2016/10/05 11:25:32 ET
Table 'Giomus' 6-max Seat #4 is the button
Seat 2: TinaTurner72 ($76.92 in chips)
Seat 4: happyshine88 ($70.75 in chips)
happyshine88: posts small blind $1
TinaTurner72: posts big blind $3
*** HOLE CARDS ***
happyshine88: raises $3 to $6
TinaTurner72: calls $3
*** FLOP *** [6d Kd Jd]
TinaTurner72: checks
happyshine88: checks
*** TURN *** [6d Kd Jd] [6s]
TinaTurner72: checks
happyshine88: bets $6
TinaTurner72: folds
Uncalled bet ($6) returned to happyshine88
happyshine88 collected $11.76 from pot
happyshine88: doesn't show hand
*** SUMMARY ***
Total pot $12 | Rake $0.24
Board [6d Kd Jd 6s]
Seat 2: TinaTurner72 (big blind) folded on the Turn
Seat 4: happyshine88 (button) (small blind) collected ($11.76)


PokerStars Hand #159510469424:  Hold'em Limit ($3/$6 USD) - 2016/10/05 11:26:57 ET
Table 'Giomus' 6-max Seat #2 is the button
Seat 2: TinaTurner72 ($77.68 in chips)
Seat 4: happyshine88 ($69.51 in chips)
TinaTurner72: posts small blind $1
happyshine88: posts big blind $3
*** HOLE CARDS ***
TinaTurner72: raises $3 to $6
happyshine88: calls $3
*** FLOP *** [6c 3c Kc]
happyshine88: checks
TinaTurner72: bets $3
happyshine88: raises $3 to $6
TinaTurner72: calls $3
*** TURN *** [6c 3c Kc] [8h]
happyshine88: checks
TinaTurner72: checks
*** RIVER *** [6c 3c Kc 8h] [Ah]
happyshine88: checks
TinaTurner72: bets $6
happyshine88: calls $6
*** SHOW DOWN ***
TinaTurner72: shows [As 9h] (a pair of Aces)
happyshine88: mucks hand
TinaTurner72 collected $35.50 from pot
*** SUMMARY ***
Total pot $36 | Rake $0.50
Board [6c 3c Kc 8h Ah]
Seat 2: TinaTurner72 (button) (small blind) showed [As 9h] and won ($35.50) with a pair of Aces
Seat 4: happyshine88 (big blind) mucked


PokerStars Hand #159510462499:  Hold'em Limit ($3/$6 USD) - 2016/10/05 11:26:46 ET
Table 'Giomus' 6-max Seat #4 is the button
Seat 2: TinaTurner72 ($76.68 in chips)
Seat 4: happyshine88 ($70.51 in chips)
happyshine88: posts small blind $1
TinaTurner72: posts big blind $3
*** HOLE CARDS ***
happyshine88: folds
Uncalled bet ($2) returned to TinaTurner72
TinaTurner72 collected $2 from pot
TinaTurner72: doesn't show hand
*** SUMMARY ***
Total pot $2 | Rake $0
Seat 2: TinaTurner72 (big blind) collected ($2)
Seat 4: happyshine88 (button) (small blind) folded before Flop


PokerStars Hand #159510505900:  Hold'em Limit ($3/$6 USD) - 2016/10/05 11:27:53 ET
Table 'Giomus' 6-max Seat #2 is the button
Seat 2: TinaTurner72 ($96.18 in chips)
Seat 4: happyshine88 ($50.51 in chips)
TinaTurner72: posts small blind $1
happyshine88: posts big blind $3
*** HOLE CARDS ***
TinaTurner72: raises $3 to $6
happyshine88: calls $3
*** FLOP *** [2c 2s As]
happyshine88: checks
TinaTurner72: bets $3
happyshine88: calls $3
*** TURN *** [2c 2s As] [Js]
happyshine88: bets $6
TinaTurner72: folds
Uncalled bet ($6) returned to happyshine88
happyshine88 collected $17.64 from pot
happyshine88: doesn't show hand
*** SUMMARY ***
Total pot $18 | Rake $0.36
Board [2c 2s As Js]
Seat 2: TinaTurner72 (button) (small blind) folded on the Turn
Seat 4: happyshine88 (big blind) collected ($17.64)


PokerStars Hand #159510521890:  Hold'em Limit ($3/$6 USD) - 2016/10/05 11:28:18 ET
Table 'Giomus' 6-max Seat #4 is the button
Seat 2: TinaTurner72 ($87.18 in chips)
Seat 4: happyshine88 ($59.15 in chips)
happyshine88: posts small blind $1
TinaTurner72: posts big blind $3
*** HOLE CARDS ***
happyshine88: folds
Uncalled bet ($2) returned to TinaTurner72
TinaTurner72 collected $2 from pot
TinaTurner72: doesn't show hand
*** SUMMARY ***
Total pot $2 | Rake $0
Seat 2: TinaTurner72 (big blind) collected ($2)
Seat 4: happyshine88 (button) (small blind) folded before Flop


PokerStars Hand #159510502319:  Hold'em Limit ($3/$6 USD) - 2016/10/05 11:27:48 ET
Table 'Giomus' 6-max Seat #4 is the button
Seat 2: TinaTurner72 ($95.18 in chips)
Seat 4: happyshine88 ($51.51 in chips)
happyshine88: posts small blind $1
TinaTurner72: posts big blind $3
*** HOLE CARDS ***
happyshine88: folds
Uncalled bet ($2) returned to TinaTurner72
TinaTurner72 collected $2 from pot
TinaTurner72: doesn't show hand
*** SUMMARY ***
Total pot $2 | Rake $0
Seat 2: TinaTurner72 (big blind) collected ($2)
Seat 4: happyshine88 (button) (small blind) folded before Flop


PokerStars Hand #159510578240:  Hold'em Limit ($3/$6 USD) - 2016/10/05 11:29:46 ET
Table 'Giomus' 6-max Seat #4 is the button
Seat 2: TinaTurner72 ($114.68 in chips)
Seat 4: happyshine88 ($31.15 in chips)
happyshine88: posts small blind $1
TinaTurner72: posts big blind $3
*** HOLE CARDS ***
happyshine88: folds
Uncalled bet ($2) returned to TinaTurner72
TinaTurner72 collected $2 from pot
TinaTurner72: doesn't show hand
*** SUMMARY ***
Total pot $2 | Rake $0
Seat 2: TinaTurner72 (big blind) collected ($2)
Seat 4: happyshine88 (button) (small blind) folded before Flop


PokerStars Hand #159510526762:  Hold'em Limit ($3/$6 USD) - 2016/10/05 11:28:26 ET
Table 'Giomus' 6-max Seat #2 is the button
Seat 2: TinaTurner72 ($88.18 in chips)
Seat 4: happyshine88 ($58.15 in chips)
TinaTurner72: posts small blind $1
happyshine88: posts big blind $3
*** HOLE CARDS ***
TinaTurner72: raises $3 to $6
happyshine88: calls $3
*** FLOP *** [7s 5s 6s]
happyshine88: checks
TinaTurner72: bets $3
happyshine88: calls $3
*** TURN *** [7s 5s 6s] [Ks]
happyshine88: checks
TinaTurner72: bets $6
happyshine88: calls $6
*** RIVER *** [7s 5s 6s Ks] [2s]
happyshine88: bets $6
TinaTurner72: raises $6 to $12
happyshine88: calls $6
*** SHOW DOWN ***
TinaTurner72: shows [3h Ts] (a flush, King high)
happyshine88: mucks hand
TinaTurner72 collected $53.50 from pot
*** SUMMARY ***
Total pot $54 | Rake $0.50
Board [7s 5s 6s Ks 2s]
Seat 2: TinaTurner72 (button) (small blind) showed [3h Ts] and won ($53.50) with a flush, King high
Seat 4: happyshine88 (big blind) mucked


PokerStars Hand #159510586530:  Hold'em Limit ($3/$6 USD) - 2016/10/05 11:29:58 ET
Table 'Giomus' 6-max Seat #4 is the button
Seat 2: TinaTurner72 ($118.68 in chips)
Seat 4: happyshine88 ($27.15 in chips)
happyshine88: posts small blind $1
TinaTurner72: posts big blind $3
*** HOLE CARDS ***
happyshine88: calls $2
TinaTurner72: checks
*** FLOP *** [8s 2h 9h]
TinaTurner72: checks
happyshine88: checks
*** TURN *** [8s 2h 9h] [6c]
TinaTurner72: checks
happyshine88: bets $6
TinaTurner72: folds
Uncalled bet ($6) returned to happyshine88
happyshine88 collected $5.88 from pot
happyshine88: doesn't show hand
*** SUMMARY ***
Total pot $6 | Rake $0.12
Board [8s 2h 9h 6c]
Seat 2: TinaTurner72 (big blind) folded on the Turn
Seat 4: happyshine88 (button) (small blind) collected ($5.88)


PokerStars Hand #159510582173:  Hold'em Limit ($3/$6 USD) - 2016/10/05 11:29:52 ET
Table 'Giomus' 6-max Seat #2 is the button
Seat 2: TinaTurner72 ($115.68 in chips)
Seat 4: happyshine88 ($30.15 in chips)
TinaTurner72: posts small blind $1
happyshine88: posts big blind $3
*** HOLE CARDS ***
TinaTurner72: raises $3 to $6
happyshine88: folds
Uncalled bet ($3) returned to TinaTurner72
TinaTurner72 collected $6 from pot
TinaTurner72: doesn't show hand
*** SUMMARY ***
Total pot $6 | Rake $0
Seat 2: TinaTurner72 (button) (small blind) collected ($6)
Seat 4: happyshine88 (big blind) folded before Flop


PokerStars Hand #159510611180:  Hold'em Limit ($3/$6 USD) - 2016/10/05 11:30:36 ET
Table 'Giomus' 6-max Seat #2 is the button
Seat 2: TinaTurner72 ($115.68 in chips)
Seat 4: happyshine88 ($30.03 in chips)
TinaTurner72: posts small blind $1
happyshine88: posts big blind $3
*** HOLE CARDS ***
TinaTurner72: raises $3 to $6
happyshine88: calls $3
*** FLOP *** [3d 3s Th]
happyshine88: checks
TinaTurner72: bets $3
happyshine88: folds
Uncalled bet ($3) returned to TinaTurner72
TinaTurner72 collected $11.76 from pot
TinaTurner72: doesn't show hand
*** SUMMARY ***
Total pot $12 | Rake $0.24
Board [3d 3s Th]
Seat 2: TinaTurner72 (button) (small blind) collected ($11.76)
Seat 4: happyshine88 (big blind) folded on the Flop


PokerStars Hand #159510628512:  Hold'em Limit ($3/$6 USD) - 2016/10/05 11:31:03 ET
Table 'Giomus' 6-max Seat #4 is the button
Seat 2: TinaTurner72 ($121.44 in chips)
Seat 4: happyshine88 ($24.03 in chips)
happyshine88: posts small blind $1
TinaTurner72: posts big blind $3
*** HOLE CARDS ***
happyshine88: folds
Uncalled bet ($2) returned to TinaTurner72
TinaTurner72 collected $2 from pot
TinaTurner72: doesn't show hand
*** SUMMARY ***
Total pot $2 | Rake $0
Seat 2: TinaTurner72 (big blind) collected ($2)
Seat 4: happyshine88 (button) (small blind) folded before Flop


