PokerStars Hand #151211673060:  Hold'em Limit ($3/$6 USD) - 2016/03/31 8:45:53 ET
Table 'Girtab' 6-max Seat #6 is the button
Seat 4: MTails ($120 in chips)
Seat 6: PinkTaxa ($170.88 in chips)
PinkTaxa: posts small blind $1
MTails: posts big blind $3
*** HOLE CARDS ***
PinkTaxa: calls $2
MTails: raises $3 to $6
PinkTaxa: calls $3
*** FLOP *** [6s 4d Jc]
MTails: bets $3
PinkTaxa: folds
Uncalled bet ($3) returned to MTails
MTails collected $11.76 from pot
*** SUMMARY ***
Total pot $12 | Rake $0.24
Board [6s 4d Jc]
Seat 4: MTails (big blind) collected ($11.76)
Seat 6: PinkTaxa (button) (small blind) folded on the Flop


PokerStars Hand #151211681569:  Hold'em Limit ($3/$6 USD) - 2016/03/31 8:46:08 ET
Table 'Girtab' 6-max Seat #4 is the button
Seat 4: MTails ($125.76 in chips)
Seat 6: PinkTaxa ($164.88 in chips)
MTails: posts small blind $1
PinkTaxa: posts big blind $3
*** HOLE CARDS ***
MTails: raises $3 to $6
PinkTaxa: calls $3
*** FLOP *** [5c Qs Kc]
PinkTaxa: checks
MTails: bets $3
PinkTaxa: calls $3
*** TURN *** [5c Qs Kc] [2d]
PinkTaxa: checks
MTails: bets $6
PinkTaxa: calls $6
*** RIVER *** [5c Qs Kc 2d] [4h]
PinkTaxa: checks
MTails: checks
*** SHOW DOWN ***
PinkTaxa: shows [8s Qh] (a pair of Queens)
MTails: mucks hand
ZOGI joins the table at seat #2
PinkTaxa collected $29.50 from pot
*** SUMMARY ***
Total pot $30 | Rake $0.50
Board [5c Qs Kc 2d 4h]
Seat 4: MTails (button) (small blind) mucked
Seat 6: PinkTaxa (big blind) showed [8s Qh] and won ($29.50) with a pair of Queens


PokerStars Hand #151216910722:  Hold'em Limit ($3/$6 USD) - 2016/03/31 11:01:49 ET
Table 'Girtab' 6-max Seat #4 is the button
Seat 3: ANIN1337 ($50 in chips)
Seat 4: BuzovaPro ($73 in chips)
BuzovaPro: posts small blind $1
ANIN1337: posts big blind $3
*** HOLE CARDS ***
BuzovaPro: folds
Uncalled bet ($2) returned to ANIN1337
ANIN1337 collected $2 from pot
*** SUMMARY ***
Total pot $2 | Rake $0
Seat 3: ANIN1337 (big blind) collected ($2)
Seat 4: BuzovaPro (button) (small blind) folded before Flop


PokerStars Hand #151216886780:  Hold'em Limit ($3/$6 USD) - 2016/03/31 11:01:15 ET
Table 'Girtab' 6-max Seat #4 is the button
Seat 3: ANIN1337 ($50 in chips)
Seat 4: BuzovaPro ($72 in chips)
BuzovaPro: posts small blind $1
ANIN1337: posts big blind $3
*** HOLE CARDS ***
BuzovaPro: folds
Uncalled bet ($2) returned to ANIN1337
ANIN1337 collected $2 from pot
*** SUMMARY ***
Total pot $2 | Rake $0
Seat 3: ANIN1337 (big blind) collected ($2)
Seat 4: BuzovaPro (button) (small blind) folded before Flop


PokerStars Hand #151216914208:  Hold'em Limit ($3/$6 USD) - 2016/03/31 11:01:54 ET
Table 'Girtab' 6-max Seat #3 is the button
Seat 3: ANIN1337 ($51 in chips)
Seat 4: BuzovaPro ($72 in chips)
ANIN1337: posts small blind $1
BuzovaPro: posts big blind $3
*** HOLE CARDS ***
ANIN1337: raises $3 to $6
BuzovaPro: calls $3
*** FLOP *** [4h 3d Kc]
BuzovaPro: checks
ANIN1337: bets $3
BuzovaPro: calls $3
*** TURN *** [4h 3d Kc] [5c]
BuzovaPro: checks
ANIN1337: bets $6
BuzovaPro: calls $6
*** RIVER *** [4h 3d Kc 5c] [5d]
BuzovaPro: checks
ANIN1337: bets $6
BuzovaPro: calls $6
*** SHOW DOWN ***
ANIN1337: shows [Tc Ks] (two pair, Kings and Fives)
BuzovaPro: mucks hand
ANIN1337 collected $41.50 from pot
*** SUMMARY ***
Total pot $42 | Rake $0.50
Board [4h 3d Kc 5c 5d]
Seat 3: ANIN1337 (button) (small blind) showed [Tc Ks] and won ($41.50) with two pair, Kings and Fives
Seat 4: BuzovaPro (big blind) mucked


PokerStars Hand #151216978732:  Hold'em Limit ($3/$6 USD) - 2016/03/31 11:03:26 ET
Table 'Girtab' 6-max Seat #3 is the button
Seat 3: ANIN1337 ($72.50 in chips)
Seat 4: BuzovaPro ($72 in chips)
ANIN1337: posts small blind $1
BuzovaPro: posts big blind $3
*** HOLE CARDS ***
ANIN1337: raises $3 to $6
BuzovaPro: calls $3
*** FLOP *** [6c 4s 6d]
BuzovaPro: checks
ANIN1337: bets $3
BuzovaPro: folds
Uncalled bet ($3) returned to ANIN1337
ANIN1337 collected $11.76 from pot
*** SUMMARY ***
Total pot $12 | Rake $0.24
Board [6c 4s 6d]
Seat 3: ANIN1337 (button) (small blind) collected ($11.76)
Seat 4: BuzovaPro (big blind) folded on the Flop


PokerStars Hand #151216964822:  Hold'em Limit ($3/$6 USD) - 2016/03/31 11:03:06 ET
Table 'Girtab' 6-max Seat #4 is the button
Seat 3: ANIN1337 ($71.50 in chips)
Seat 4: BuzovaPro ($72 in chips)
BuzovaPro: posts small blind $1
ANIN1337: posts big blind $3
*** HOLE CARDS ***
BuzovaPro: folds
Uncalled bet ($2) returned to ANIN1337
ANIN1337 collected $2 from pot
*** SUMMARY ***
Total pot $2 | Rake $0
Seat 3: ANIN1337 (big blind) collected ($2)
Seat 4: BuzovaPro (button) (small blind) folded before Flop


PokerStars Hand #151217072197:  Hold'em Limit ($3/$6 USD) - 2016/03/31 11:05:37 ET
Table 'Girtab' 6-max Seat #2 is the button
Seat 2: ANIN1337 ($44 in chips)
Seat 4: BuzovaPro ($78.76 in chips)
ANIN1337: posts small blind $1
BuzovaPro: posts big blind $3
*** HOLE CARDS ***
ANIN1337: folds
Uncalled bet ($2) returned to BuzovaPro
BuzovaPro collected $2 from pot
BuzovaPro: doesn't show hand
*** SUMMARY ***
Total pot $2 | Rake $0
Seat 2: ANIN1337 (button) (small blind) folded before Flop
Seat 4: BuzovaPro (big blind) collected ($2)


PokerStars Hand #151217075315:  Hold'em Limit ($3/$6 USD) - 2016/03/31 11:05:41 ET
Table 'Girtab' 6-max Seat #4 is the button
Seat 2: ANIN1337 ($43 in chips)
Seat 4: BuzovaPro ($79.76 in chips)
BuzovaPro: posts small blind $1
ANIN1337: posts big blind $3
*** HOLE CARDS ***
BuzovaPro: raises $3 to $6
ANIN1337: raises $3 to $9
BuzovaPro: calls $3
*** FLOP *** [2c Js Qc]
ANIN1337: bets $3
BuzovaPro: calls $3
*** TURN *** [2c Js Qc] [As]
ANIN1337: bets $6
BuzovaPro: calls $6
*** RIVER *** [2c Js Qc As] [4h]
ANIN1337: bets $6
BuzovaPro: calls $6
*** SHOW DOWN ***
ANIN1337: shows [2h Kc] (a pair of Deuces)
BuzovaPro: shows [Ah 3c] (a pair of Aces)
BuzovaPro collected $47.50 from pot
*** SUMMARY ***
Total pot $48 | Rake $0.50
Board [2c Js Qc As 4h]
Seat 2: ANIN1337 (big blind) showed [2h Kc] and lost with a pair of Deuces
Seat 4: BuzovaPro (button) (small blind) showed [Ah 3c] and won ($47.50) with a pair of Aces


PokerStars Hand #151217095515:  Hold'em Limit ($3/$6 USD) - 2016/03/31 11:06:10 ET
Table 'Girtab' 6-max Seat #2 is the button
Seat 2: ANIN1337 ($19 in chips)
Seat 4: BuzovaPro ($103.26 in chips)
ANIN1337: posts small blind $1
BuzovaPro: posts big blind $3
*** HOLE CARDS ***
ANIN1337: raises $3 to $6
BuzovaPro: calls $3
*** FLOP *** [3c 2d 2h]
BuzovaPro: checks
ANIN1337: bets $3
BuzovaPro: calls $3
*** TURN *** [3c 2d 2h] [7d]
BuzovaPro: checks
ANIN1337: bets $6
BuzovaPro: calls $6
*** RIVER *** [3c 2d 2h 7d] [6h]
BuzovaPro: checks
ANIN1337: bets $4 and is all-in
BuzovaPro: calls $4
*** SHOW DOWN ***
ANIN1337: shows [5d 4d] (a straight, Three to Seven)
BuzovaPro: shows [9c As] (a pair of Deuces)
ANIN1337 collected $37.50 from pot
*** SUMMARY ***
Total pot $38 | Rake $0.50
Board [3c 2d 2h 7d 6h]
Seat 2: ANIN1337 (button) (small blind) showed [5d 4d] and won ($37.50) with a straight, Three to Seven
Seat 4: BuzovaPro (big blind) showed [9c As] and lost with a pair of Deuces


PokerStars Hand #151217113042:  Hold'em Limit ($3/$6 USD) - 2016/03/31 11:06:34 ET
Table 'Girtab' 6-max Seat #4 is the button
Seat 2: ANIN1337 ($37.50 in chips)
Seat 4: BuzovaPro ($84.26 in chips)
BuzovaPro: posts small blind $1
ANIN1337: posts big blind $3
*** HOLE CARDS ***
BuzovaPro: raises $3 to $6
ANIN1337: calls $3
*** FLOP *** [2s 8c 3c]
ANIN1337: checks
BuzovaPro: bets $3
ANIN1337: raises $3 to $6
BuzovaPro: calls $3
*** TURN *** [2s 8c 3c] [Qs]
ANIN1337: bets $6
BuzovaPro: calls $6
*** RIVER *** [2s 8c 3c Qs] [7h]
ANIN1337: bets $6
BuzovaPro: calls $6
*** SHOW DOWN ***
ANIN1337: shows [4d 3s] (a pair of Threes)
BuzovaPro: mucks hand
ANIN1337 collected $47.50 from pot
*** SUMMARY ***
Total pot $48 | Rake $0.50
Board [2s 8c 3c Qs 7h]
Seat 2: ANIN1337 (big blind) showed [4d 3s] and won ($47.50) with a pair of Threes
Seat 4: BuzovaPro (button) (small blind) mucked


PokerStars Hand #151217131327:  Hold'em Limit ($3/$6 USD) - 2016/03/31 11:07:00 ET
Table 'Girtab' 6-max Seat #2 is the button
Seat 2: ANIN1337 ($61 in chips)
Seat 4: BuzovaPro ($72 in chips)
ANIN1337: posts small blind $1
BuzovaPro: posts big blind $3
*** HOLE CARDS ***
ANIN1337: raises $3 to $6
BuzovaPro: calls $3
*** FLOP *** [Kd Qs 2s]
BuzovaPro: checks
ANIN1337: bets $3
BuzovaPro: folds
Uncalled bet ($3) returned to ANIN1337
ANIN1337 collected $11.76 from pot
*** SUMMARY ***
Total pot $12 | Rake $0.24
Board [Kd Qs 2s]
Seat 2: ANIN1337 (button) (small blind) collected ($11.76)
Seat 4: BuzovaPro (big blind) folded on the Flop


PokerStars Hand #151217038026:  Hold'em Limit ($3/$6 USD) - 2016/03/31 11:04:49 ET
Table 'Girtab' 6-max Seat #2 is the button
Seat 2: ANIN1337 ($51 in chips)
Seat 4: BuzovaPro ($72 in chips)
ANIN1337: posts small blind $1
BuzovaPro: posts big blind $3
*** HOLE CARDS ***
ANIN1337: folds
Uncalled bet ($2) returned to BuzovaPro
BuzovaPro collected $2 from pot
BuzovaPro: doesn't show hand
*** SUMMARY ***
Total pot $2 | Rake $0
Seat 2: ANIN1337 (button) (small blind) folded before Flop
Seat 4: BuzovaPro (big blind) collected ($2)


PokerStars Hand #151217027380:  Hold'em Limit ($3/$6 USD) - 2016/03/31 11:04:34 ET
Table 'Girtab' 6-max Seat #4 is the button
Seat 2: ANIN1337 ($50 in chips)
Seat 4: BuzovaPro ($72 in chips)
BuzovaPro: posts small blind $1
ANIN1337: posts big blind $3
*** HOLE CARDS ***
BuzovaPro: folds
Uncalled bet ($2) returned to ANIN1337
ANIN1337 collected $2 from pot
*** SUMMARY ***
Total pot $2 | Rake $0
Seat 2: ANIN1337 (big blind) collected ($2)
Seat 4: BuzovaPro (button) (small blind) folded before Flop


PokerStars Hand #151217448037:  Hold'em Limit ($3/$6 USD) - 2016/03/31 11:14:25 ET
Table 'Girtab' 6-max Seat #4 is the button
Seat 3: ANIN1337 ($50 in chips)
Seat 4: BuzovaPro ($72 in chips)
BuzovaPro: posts small blind $1
ANIN1337: posts big blind $3
*** HOLE CARDS ***
BuzovaPro: folds
Uncalled bet ($2) returned to ANIN1337
ANIN1337 collected $2 from pot
*** SUMMARY ***
Total pot $2 | Rake $0
Seat 3: ANIN1337 (big blind) collected ($2)
Seat 4: BuzovaPro (button) (small blind) folded before Flop


PokerStars Hand #151217463053:  Hold'em Limit ($3/$6 USD) - 2016/03/31 11:14:46 ET
Table 'Girtab' 6-max Seat #3 is the button
Seat 3: ANIN1337 ($51 in chips)
Seat 4: BuzovaPro ($72 in chips)
ANIN1337: posts small blind $1
BuzovaPro: posts big blind $3
*** HOLE CARDS ***
ANIN1337: raises $3 to $6
BuzovaPro: raises $3 to $9
ANIN1337: raises $3 to $12
Betting is capped
BuzovaPro: calls $3
*** FLOP *** [6s 3s Qh]
BuzovaPro: checks
ANIN1337: checks
*** TURN *** [6s 3s Qh] [5h]
BuzovaPro: checks
ANIN1337: checks
*** RIVER *** [6s 3s Qh 5h] [8h]
BuzovaPro: bets $6
ANIN1337: calls $6
*** SHOW DOWN ***
BuzovaPro: shows [9h Kh] (a flush, King high)
ANIN1337: mucks hand
BuzovaPro collected $35.50 from pot
*** SUMMARY ***
Total pot $36 | Rake $0.50
Board [6s 3s Qh 5h 8h]
Seat 3: ANIN1337 (button) (small blind) mucked
Seat 4: BuzovaPro (big blind) showed [9h Kh] and won ($35.50) with a flush, King high


PokerStars Hand #151217508575:  Hold'em Limit ($3/$6 USD) - 2016/03/31 11:15:50 ET
Table 'Girtab' 6-max Seat #4 is the button
Seat 3: ANIN1337 ($33 in chips)
Seat 4: BuzovaPro ($89.50 in chips)
BuzovaPro: posts small blind $1
ANIN1337: posts big blind $3
*** HOLE CARDS ***
BuzovaPro: raises $3 to $6
liolilove joins the table at seat #5
ANIN1337: calls $3
*** FLOP *** [Tc 2h 6h]
ANIN1337: checks
BuzovaPro: bets $3
ANIN1337: calls $3
*** TURN *** [Tc 2h 6h] [6d]
ANIN1337: bets $6
BuzovaPro: calls $6
*** RIVER *** [Tc 2h 6h 6d] [7c]
ANIN1337: bets $6
BuzovaPro: calls $6
*** SHOW DOWN ***
ANIN1337: shows [8d Jc] (a pair of Sixes)
BuzovaPro: shows [Kc 9s] (a pair of Sixes - King kicker)
BuzovaPro collected $41.50 from pot
*** SUMMARY ***
Total pot $42 | Rake $0.50
Board [Tc 2h 6h 6d 7c]
Seat 3: ANIN1337 (big blind) showed [8d Jc] and lost with a pair of Sixes
Seat 4: BuzovaPro (button) (small blind) showed [Kc 9s] and won ($41.50) with a pair of Sixes


PokerStars Hand #151217542423:  Hold'em Limit ($3/$6 USD) - 2016/03/31 11:16:37 ET
Table 'Girtab' 6-max Seat #3 is the button
Seat 3: ANIN1337 ($12 in chips)
Seat 4: BuzovaPro ($110 in chips)
ANIN1337: posts small blind $1
BuzovaPro: posts big blind $3
*** HOLE CARDS ***
ANIN1337: raises $3 to $6
BuzovaPro: calls $3
*** FLOP *** [Ts 5h 8d]
BuzovaPro: checks
ANIN1337: bets $3
BuzovaPro: raises $3 to $6
ANIN1337: calls $3 and is all-in
*** TURN *** [Ts 5h 8d] [Jh]
*** RIVER *** [Ts 5h 8d Jh] [8h]
*** SHOW DOWN ***
BuzovaPro: shows [5d 6d] (two pair, Eights and Fives)
ANIN1337: shows [9h 9d] (two pair, Nines and Eights)
ANIN1337 collected $23.52 from pot
*** SUMMARY ***
Total pot $24 | Rake $0.48
Board [Ts 5h 8d Jh 8h]
Seat 3: ANIN1337 (button) (small blind) showed [9h 9d] and won ($23.52) with two pair, Nines and Eights
Seat 4: BuzovaPro (big blind) showed [5d 6d] and lost with two pair, Eights and Fives


PokerStars Hand #151218199538:  Hold'em Limit ($3/$6 USD) - 2016/03/31 11:31:27 ET
Table 'Girtab' 6-max Seat #1 is the button
Seat 1: DirtyDouble2 ($98.27 in chips)
Seat 6: nmpro32 ($34.97 in chips)
DirtyDouble2: posts small blind $1
Vague88: is sitting out
nmpro32: posts big blind $3
*** HOLE CARDS ***
Vague88 leaves the table
DirtyDouble2: raises $3 to $6
nmpro32: folds
Uncalled bet ($3) returned to DirtyDouble2
DirtyDouble2 collected $6 from pot
DirtyDouble2: doesn't show hand
*** SUMMARY ***
Total pot $6 | Rake $0
Seat 1: DirtyDouble2 (button) (small blind) collected ($6)
Seat 6: nmpro32 (big blind) folded before Flop


