PokerStars Hand #157883941539:  Hold'em Limit ($3/$6 USD) - 2016/08/29 7:29:12 ET
Table 'Gisela' 6-max Seat #1 is the button
Seat 1: jdan31 ($120 in chips)
Seat 4: VolkovDmitri ($120 in chips)
jdan31: posts small blind $1
VolkovDmitri: posts big blind $3
*** HOLE CARDS ***
jdan31: calls $2
VolkovDmitri: raises $3 to $6
jdan31: calls $3
*** FLOP *** [Th 4s 3d]
VolkovDmitri: bets $3
jdan31: calls $3
*** TURN *** [Th 4s 3d] [9s]
VolkovDmitri: bets $6
jdan31: calls $6
*** RIVER *** [Th 4s 3d 9s] [Jc]
VolkovDmitri: checks
jdan31: bets $6
VolkovDmitri: folds
Uncalled bet ($6) returned to jdan31
jdan31 collected $29.50 from pot
jdan31: doesn't show hand
*** SUMMARY ***
Total pot $30 | Rake $0.50
Board [Th 4s 3d 9s Jc]
Seat 1: jdan31 (button) (small blind) collected ($29.50)
Seat 4: VolkovDmitri (big blind) folded on the River


PokerStars Hand #157883963562:  Hold'em Limit ($3/$6 USD) - 2016/08/29 7:30:04 ET
Table 'Gisela' 6-max Seat #1 is the button
Seat 1: jdan31 ($135.50 in chips)
Seat 4: VolkovDmitri ($120 in chips)
jdan31: posts small blind $1
VolkovDmitri: posts big blind $3
*** HOLE CARDS ***
jdan31: folds
Uncalled bet ($2) returned to VolkovDmitri
VolkovDmitri collected $2 from pot
VolkovDmitri: doesn't show hand
*** SUMMARY ***
Total pot $2 | Rake $0
Seat 1: jdan31 (button) (small blind) folded before Flop
Seat 4: VolkovDmitri (big blind) collected ($2)


PokerStars Hand #157883960037:  Hold'em Limit ($3/$6 USD) - 2016/08/29 7:29:56 ET
Table 'Gisela' 6-max Seat #4 is the button
Seat 1: jdan31 ($134.50 in chips)
Seat 4: VolkovDmitri ($120 in chips)
VolkovDmitri: posts small blind $1
jdan31: posts big blind $3
*** HOLE CARDS ***
VolkovDmitri: folds
Uncalled bet ($2) returned to jdan31
jdan31 collected $2 from pot
jdan31: doesn't show hand
*** SUMMARY ***
Total pot $2 | Rake $0
Seat 1: jdan31 (big blind) collected ($2)
Seat 4: VolkovDmitri (button) (small blind) folded before Flop


PokerStars Hand #157883977200:  Hold'em Limit ($3/$6 USD) - 2016/08/29 7:30:37 ET
Table 'Gisela' 6-max Seat #4 is the button
Seat 1: jdan31 ($124.50 in chips)
Seat 4: VolkovDmitri ($130.64 in chips)
VolkovDmitri: posts small blind $1
jdan31: posts big blind $3
*** HOLE CARDS ***
VolkovDmitri: raises $3 to $6
jdan31: calls $3
*** FLOP *** [5h 3h Th]
jdan31: checks
RockKillerTY joins the table at seat #3
VolkovDmitri: bets $3
jdan31: calls $3
*** TURN *** [5h 3h Th] [Td]
jdan31: checks
VolkovDmitri: bets $6
jdan31: calls $6
*** RIVER *** [5h 3h Th Td] [9h]
jdan31: checks
VolkovDmitri: checks
*** SHOW DOWN ***
jdan31: shows [5s 6d] (two pair, Tens and Fives)
VolkovDmitri: mucks hand
jdan31 collected $29.50 from pot
*** SUMMARY ***
Total pot $30 | Rake $0.50
Board [5h 3h Th Td 9h]
Seat 1: jdan31 (big blind) showed [5s 6d] and won ($29.50) with two pair, Tens and Fives
Seat 4: VolkovDmitri (button) (small blind) mucked


PokerStars Hand #157883974885:  Hold'em Limit ($3/$6 USD) - 2016/08/29 7:30:31 ET
Table 'Gisela' 6-max Seat #1 is the button
Seat 1: jdan31 ($125.50 in chips)
Seat 4: VolkovDmitri ($129.64 in chips)
jdan31: posts small blind $1
VolkovDmitri: posts big blind $3
*** HOLE CARDS ***
jdan31: folds
Uncalled bet ($2) returned to VolkovDmitri
VolkovDmitri collected $2 from pot
VolkovDmitri: doesn't show hand
*** SUMMARY ***
Total pot $2 | Rake $0
Seat 1: jdan31 (button) (small blind) folded before Flop
Seat 4: VolkovDmitri (big blind) collected ($2)


PokerStars Hand #157883966004:  Hold'em Limit ($3/$6 USD) - 2016/08/29 7:30:10 ET
Table 'Gisela' 6-max Seat #4 is the button
Seat 1: jdan31 ($134.50 in chips)
Seat 4: VolkovDmitri ($121 in chips)
VolkovDmitri: posts small blind $1
jdan31: posts big blind $3
*** HOLE CARDS ***
VolkovDmitri: raises $3 to $6
jdan31: calls $3
*** FLOP *** [7c Ah Jc]
jdan31: checks
VolkovDmitri: bets $3
jdan31: calls $3
*** TURN *** [7c Ah Jc] [Kd]
jdan31: checks
VolkovDmitri: bets $6
jdan31: folds
Uncalled bet ($6) returned to VolkovDmitri
VolkovDmitri collected $17.64 from pot
VolkovDmitri: doesn't show hand
*** SUMMARY ***
Total pot $18 | Rake $0.36
Board [7c Ah Jc Kd]
Seat 1: jdan31 (big blind) folded on the Turn
Seat 4: VolkovDmitri (button) (small blind) collected ($17.64)


PokerStars Hand #157885520688:  Hold'em Limit ($3/$6 USD) - 2016/08/29 8:27:45 ET
Table 'Gisela' 6-max Seat #5 is the button
Seat 5: $polu4atel*$ ($143.55 in chips)
Seat 6: BetterTennis ($194.71 in chips)
$polu4atel*$: posts small blind $1
BetterTennis: posts big blind $3
Ale4o leaves the table
*** HOLE CARDS ***
$polu4atel*$: folds
Uncalled bet ($2) returned to BetterTennis
BetterTennis collected $2 from pot
BetterTennis: doesn't show hand
*** SUMMARY ***
Total pot $2 | Rake $0
Seat 5: $polu4atel*$ (button) (small blind) folded before Flop
Seat 6: BetterTennis (big blind) collected ($2)


PokerStars Hand #157885518540:  Hold'em Limit ($3/$6 USD) - 2016/08/29 8:27:41 ET
Table 'Gisela' 6-max Seat #6 is the button
Seat 5: $polu4atel*$ ($142.55 in chips)
Seat 6: BetterTennis ($195.71 in chips)
BetterTennis: posts small blind $1
Ale4o: is sitting out
RockKillerTY: is sitting out
$polu4atel*$: posts big blind $3
*** HOLE CARDS ***
BetterTennis: folds
Uncalled bet ($2) returned to $polu4atel*$
$polu4atel*$ collected $2 from pot
$polu4atel*$: doesn't show hand
RockKillerTY leaves the table
*** SUMMARY ***
Total pot $2 | Rake $0
Seat 5: $polu4atel*$ (big blind) collected ($2)
Seat 6: BetterTennis (button) (small blind) folded before Flop


