PokerStars Hand #176888609791:  Hold'em Limit ($3/$6 USD) - 2017/10/14 0:06:24 ET
Table 'Gisela' 6-max Seat #3 is the button
Seat 1: LifeisagameX ($90.76 in chips)
Seat 3: Moogles999 ($87.50 in chips)
Moogles999: posts small blind $1
LifeisagameX: posts big blind $3
*** HOLE CARDS ***
Moogles999: raises $3 to $6
LifeisagameX: calls $3
*** FLOP *** [8d Ks Qs]
LifeisagameX: checks
Moogles999: bets $3
LifeisagameX: calls $3
*** TURN *** [8d Ks Qs] [4h]
LifeisagameX: checks
Moogles999: bets $6
B_loJkl joins the table at seat #4
LifeisagameX: calls $6
*** RIVER *** [8d Ks Qs 4h] [7s]
LifeisagameX: bets $6
Moogles999: folds
Uncalled bet ($6) returned to LifeisagameX
LifeisagameX collected $29.50 from pot
LifeisagameX: doesn't show hand
*** SUMMARY ***
Total pot $30 | Rake $0.50
Board [8d Ks Qs 4h 7s]
Seat 1: LifeisagameX (big blind) collected ($29.50)
Seat 3: Moogles999 (button) (small blind) folded on the River


PokerStars Hand #176888620343:  Hold'em Limit ($3/$6 USD) - 2017/10/14 0:07:02 ET
Table 'Gisela' 6-max Seat #1 is the button
Seat 1: LifeisagameX ($105.26 in chips)
Seat 3: Moogles999 ($72.50 in chips)
LifeisagameX: posts small blind $1
Moogles999: posts big blind $3
*** HOLE CARDS ***
LifeisagameX: raises $3 to $6
Moogles999: calls $3
*** FLOP *** [4s Js 3d]
Moogles999: bets $3
LifeisagameX: calls $3
*** TURN *** [4s Js 3d] [7s]
Moogles999: bets $6
LifeisagameX: folds
Uncalled bet ($6) returned to Moogles999
Moogles999 collected $17.64 from pot
Moogles999: doesn't show hand
*** SUMMARY ***
Total pot $18 | Rake $0.36
Board [4s Js 3d 7s]
Seat 1: LifeisagameX (button) (small blind) folded on the Turn
Seat 3: Moogles999 (big blind) collected ($17.64)


PokerStars Hand #176891021291:  Hold'em Limit ($3/$6 USD) - 2017/10/14 2:39:20 ET
Table 'Gisela' 6-max Seat #1 is the button
Seat 1: muzixibei ($93.35 in chips)
Seat 2: B_loJkl ($72 in chips)
muzixibei: posts small blind $1
B_loJkl: posts big blind $3
*** HOLE CARDS ***
muzixibei: raises $3 to $6
B_loJkl: calls $3
*** FLOP *** [4d 6h 7c]
B_loJkl: checks
muzixibei: bets $3
B_loJkl: raises $3 to $6
muzixibei: calls $3
*** TURN *** [4d 6h 7c] [9c]
B_loJkl: bets $6
muzixibei: folds
Uncalled bet ($6) returned to B_loJkl
B_loJkl collected $23.52 from pot
B_loJkl: doesn't show hand
*** SUMMARY ***
Total pot $24 | Rake $0.48
Board [4d 6h 7c 9c]
Seat 1: muzixibei (button) (small blind) folded on the Turn
Seat 2: B_loJkl (big blind) collected ($23.52)


PokerStars Hand #176891069434:  Hold'em Limit ($3/$6 USD) - 2017/10/14 2:42:25 ET
Table 'Gisela' 6-max Seat #1 is the button
Seat 1: muzixibei ($65.35 in chips)
Seat 2: B_loJkl ($110.33 in chips)
muzixibei: posts small blind $1
B_loJkl: posts big blind $3
*** HOLE CARDS ***
muzixibei: raises $3 to $6
B_loJkl: raises $3 to $9
muzixibei: calls $3
*** FLOP *** [4h 2d 8s]
B_loJkl: bets $3
muzixibei: raises $3 to $6
B_loJkl: raises $3 to $9
muzixibei: calls $3
*** TURN *** [4h 2d 8s] [6s]
B_loJkl: bets $6
muzixibei: calls $6
*** RIVER *** [4h 2d 8s 6s] [8d]
B_loJkl: checks
muzixibei: bets $6
B_loJkl: calls $6
*** SHOW DOWN ***
muzixibei: shows [8h Jh] (three of a kind, Eights)
B_loJkl: mucks hand
muzixibei collected $59.50 from pot
*** SUMMARY ***
Total pot $60 | Rake $0.50
Board [4h 2d 8s 6s 8d]
Seat 1: muzixibei (button) (small blind) showed [8h Jh] and won ($59.50) with three of a kind, Eights
Seat 2: B_loJkl (big blind) mucked


PokerStars Hand #176891084293:  Hold'em Limit ($3/$6 USD) - 2017/10/14 2:43:22 ET
Table 'Gisela' 6-max Seat #2 is the button
Seat 1: muzixibei ($94.85 in chips)
Seat 2: B_loJkl ($80.33 in chips)
B_loJkl: posts small blind $1
muzixibei: posts big blind $3
*** HOLE CARDS ***
B_loJkl: raises $3 to $6
muzixibei: calls $3
*** FLOP *** [9d Td 4h]
muzixibei: checks
B_loJkl: bets $3
muzixibei: calls $3
*** TURN *** [9d Td 4h] [2d]
muzixibei: checks
B_loJkl: bets $6
muzixibei: calls $6
*** RIVER *** [9d Td 4h 2d] [7d]
muzixibei: checks
B_loJkl: checks
*** SHOW DOWN ***
muzixibei: shows [8s Qh] (high card Queen)
B_loJkl: shows [9h Th] (two pair, Tens and Nines)
B_loJkl collected $29.50 from pot
*** SUMMARY ***
Total pot $30 | Rake $0.50
Board [9d Td 4h 2d 7d]
Seat 1: muzixibei (big blind) showed [8s Qh] and lost with high card Queen
Seat 2: B_loJkl (button) (small blind) showed [9h Th] and won ($29.50) with two pair, Tens and Nines


PokerStars Hand #176891096716:  Hold'em Limit ($3/$6 USD) - 2017/10/14 2:44:10 ET
Table 'Gisela' 6-max Seat #1 is the button
Seat 1: muzixibei ($79.85 in chips)
Seat 2: B_loJkl ($94.83 in chips)
muzixibei: posts small blind $1
B_loJkl: posts big blind $3
*** HOLE CARDS ***
muzixibei: raises $3 to $6
B_loJkl: calls $3
*** FLOP *** [8c Qs 8h]
B_loJkl: checks
muzixibei: checks
*** TURN *** [8c Qs 8h] [Ac]
B_loJkl: checks
muzixibei: bets $6
B_loJkl: folds
Uncalled bet ($6) returned to muzixibei
muzixibei collected $11.76 from pot
muzixibei: doesn't show hand
*** SUMMARY ***
Total pot $12 | Rake $0.24
Board [8c Qs 8h Ac]
Seat 1: muzixibei (button) (small blind) collected ($11.76)
Seat 2: B_loJkl (big blind) folded on the Turn


PokerStars Hand #176891094353:  Hold'em Limit ($3/$6 USD) - 2017/10/14 2:44:01 ET
Table 'Gisela' 6-max Seat #2 is the button
Seat 1: muzixibei ($78.85 in chips)
Seat 2: B_loJkl ($95.83 in chips)
B_loJkl: posts small blind $1
muzixibei: posts big blind $3
*** HOLE CARDS ***
B_loJkl: folds
Uncalled bet ($2) returned to muzixibei
muzixibei collected $2 from pot
muzixibei: doesn't show hand
*** SUMMARY ***
Total pot $2 | Rake $0
Seat 1: muzixibei (big blind) collected ($2)
Seat 2: B_loJkl (button) (small blind) folded before Flop


PokerStars Hand #176891093012:  Hold'em Limit ($3/$6 USD) - 2017/10/14 2:43:56 ET
Table 'Gisela' 6-max Seat #1 is the button
Seat 1: muzixibei ($79.85 in chips)
Seat 2: B_loJkl ($94.83 in chips)
muzixibei: posts small blind $1
B_loJkl: posts big blind $3
*** HOLE CARDS ***
muzixibei: folds
Uncalled bet ($2) returned to B_loJkl
B_loJkl collected $2 from pot
B_loJkl: doesn't show hand
*** SUMMARY ***
Total pot $2 | Rake $0
Seat 1: muzixibei (button) (small blind) folded before Flop
Seat 2: B_loJkl (big blind) collected ($2)


PokerStars Hand #176891110705:  Hold'em Limit ($3/$6 USD) - 2017/10/14 2:45:04 ET
Table 'Gisela' 6-max Seat #1 is the button
Seat 1: muzixibei ($103.11 in chips)
Seat 2: B_loJkl ($70.83 in chips)
muzixibei: posts small blind $1
B_loJkl: posts big blind $3
*** HOLE CARDS ***
muzixibei: raises $3 to $6
B_loJkl: calls $3
*** FLOP *** [Jc Js 3c]
B_loJkl: checks
muzixibei: bets $3
CharginWapos joins the table at seat #3
BelSv joins the table at seat #4
B_loJkl: folds
Uncalled bet ($3) returned to muzixibei
muzixibei collected $11.76 from pot
muzixibei: doesn't show hand
*** SUMMARY ***
Total pot $12 | Rake $0.24
Board [Jc Js 3c]
Seat 1: muzixibei (button) (small blind) collected ($11.76)
Seat 2: B_loJkl (big blind) folded on the Flop


PokerStars Hand #176891103965:  Hold'em Limit ($3/$6 USD) - 2017/10/14 2:44:38 ET
Table 'Gisela' 6-max Seat #2 is the button
Seat 1: muzixibei ($85.61 in chips)
Seat 2: B_loJkl ($88.83 in chips)
B_loJkl: posts small blind $1
muzixibei: posts big blind $3
*** HOLE CARDS ***
B_loJkl: raises $3 to $6
muzixibei: raises $3 to $9
B_loJkl: calls $3
*** FLOP *** [5s 6s Ad]
muzixibei: bets $3
B_loJkl: calls $3
*** TURN *** [5s 6s Ad] [9c]
muzixibei: bets $6
B_loJkl: calls $6
*** RIVER *** [5s 6s Ad 9c] [Kd]
muzixibei: bets $6
B_loJkl: folds
Uncalled bet ($6) returned to muzixibei
muzixibei collected $35.50 from pot
muzixibei: doesn't show hand
*** SUMMARY ***
Total pot $36 | Rake $0.50
Board [5s 6s Ad 9c Kd]
Seat 1: muzixibei (big blind) collected ($35.50)
Seat 2: B_loJkl (button) (small blind) folded on the River


PokerStars Hand #176892301230:  Hold'em Limit ($3/$6 USD) - 2017/10/14 3:57:14 ET
Table 'Gisela' 6-max Seat #5 is the button
Seat 4: BelSv ($176.25 in chips)
Seat 5: Poo Chana ($59 in chips)
Poo Chana: posts small blind $1
breich90: is sitting out
CharginWapos was removed from the table for failing to post
BelSv: posts big blind $3
*** HOLE CARDS ***
Poo Chana: raises $3 to $6
BelSv: folds
Uncalled bet ($3) returned to Poo Chana
Poo Chana collected $6 from pot
Poo Chana: doesn't show hand
*** SUMMARY ***
Total pot $6 | Rake $0
Seat 4: BelSv (big blind) folded before Flop
Seat 5: Poo Chana (button) (small blind) collected ($6)


