PokerStars Hand #157345474171:  Hold'em Limit ($3/$6 USD) - 2016/08/16 9:37:04 ET
Table 'Gisela' 6-max Seat #1 is the button
Seat 1: SmellyToes4u ($76.50 in chips)
Seat 3: kismespit ($99 in chips)
SmellyToes4u: posts small blind $1
kismespit: posts big blind $3
*** HOLE CARDS ***
SmellyToes4u: raises $3 to $6
kismespit: calls $3
*** FLOP *** [2s Jd Qs]
kismespit: checks
SmellyToes4u: bets $3
kismespit: folds
Uncalled bet ($3) returned to SmellyToes4u
SmellyToes4u collected $11.76 from pot
SmellyToes4u: doesn't show hand
*** SUMMARY ***
Total pot $12 | Rake $0.24
Board [2s Jd Qs]
Seat 1: SmellyToes4u (button) (small blind) collected ($11.76)
Seat 3: kismespit (big blind) folded on the Flop


PokerStars Hand #157345471443:  Hold'em Limit ($3/$6 USD) - 2016/08/16 9:36:59 ET
Table 'Gisela' 6-max Seat #3 is the button
Seat 1: SmellyToes4u ($75.50 in chips)
Seat 3: kismespit ($100 in chips)
kismespit: posts small blind $1
SmellyToes4u: posts big blind $3
*** HOLE CARDS ***
kismespit: folds
Uncalled bet ($2) returned to SmellyToes4u
SmellyToes4u collected $2 from pot
SmellyToes4u: doesn't show hand
*** SUMMARY ***
Total pot $2 | Rake $0
Seat 1: SmellyToes4u (big blind) collected ($2)
Seat 3: kismespit (button) (small blind) folded before Flop


PokerStars Hand #157345469184:  Hold'em Limit ($3/$6 USD) - 2016/08/16 9:36:55 ET
Table 'Gisela' 6-max Seat #1 is the button
Seat 1: SmellyToes4u ($76.50 in chips)
Seat 3: kismespit ($99 in chips)
SmellyToes4u: posts small blind $1
kismespit: posts big blind $3
*** HOLE CARDS ***
SmellyToes4u: folds
Uncalled bet ($2) returned to kismespit
kismespit collected $2 from pot
*** SUMMARY ***
Total pot $2 | Rake $0
Seat 1: SmellyToes4u (button) (small blind) folded before Flop
Seat 3: kismespit (big blind) collected ($2)


PokerStars Hand #157345466749:  Hold'em Limit ($3/$6 USD) - 2016/08/16 9:36:50 ET
Table 'Gisela' 6-max Seat #3 is the button
Seat 1: SmellyToes4u ($75.50 in chips)
Seat 3: kismespit ($100 in chips)
kismespit: posts small blind $1
SmellyToes4u: posts big blind $3
*** HOLE CARDS ***
kismespit: folds
Uncalled bet ($2) returned to SmellyToes4u
SmellyToes4u collected $2 from pot
SmellyToes4u: doesn't show hand
*** SUMMARY ***
Total pot $2 | Rake $0
Seat 1: SmellyToes4u (big blind) collected ($2)
Seat 3: kismespit (button) (small blind) folded before Flop


PokerStars Hand #157345464637:  Hold'em Limit ($3/$6 USD) - 2016/08/16 9:36:46 ET
Table 'Gisela' 6-max Seat #1 is the button
Seat 1: SmellyToes4u ($76.50 in chips)
Seat 3: kismespit ($99 in chips)
SmellyToes4u: posts small blind $1
kismespit: posts big blind $3
*** HOLE CARDS ***
SmellyToes4u: folds
Uncalled bet ($2) returned to kismespit
kismespit collected $2 from pot
*** SUMMARY ***
Total pot $2 | Rake $0
Seat 1: SmellyToes4u (button) (small blind) folded before Flop
Seat 3: kismespit (big blind) collected ($2)


PokerStars Hand #157345456377:  Hold'em Limit ($3/$6 USD) - 2016/08/16 9:36:30 ET
Table 'Gisela' 6-max Seat #3 is the button
Seat 1: SmellyToes4u ($59 in chips)
Seat 3: kismespit ($117 in chips)
kismespit: posts small blind $1
SmellyToes4u: posts big blind $3
*** HOLE CARDS ***
kismespit: raises $3 to $6
SmellyToes4u: calls $3
*** FLOP *** [Js 6h Qc]
SmellyToes4u: checks
kismespit: bets $3
SmellyToes4u: raises $3 to $6
kismespit: calls $3
*** TURN *** [Js 6h Qc] [3c]
SmellyToes4u: bets $6
kismespit: calls $6
*** RIVER *** [Js 6h Qc 3c] [2s]
SmellyToes4u: bets $6
kismespit: folds
Uncalled bet ($6) returned to SmellyToes4u
SmellyToes4u collected $35.50 from pot
SmellyToes4u: doesn't show hand
*** SUMMARY ***
Total pot $36 | Rake $0.50
Board [Js 6h Qc 3c 2s]
Seat 1: SmellyToes4u (big blind) collected ($35.50)
Seat 3: kismespit (button) (small blind) folded on the River


PokerStars Hand #157345454192:  Hold'em Limit ($3/$6 USD) - 2016/08/16 9:36:26 ET
Table 'Gisela' 6-max Seat #1 is the button
Seat 1: SmellyToes4u ($60 in chips)
Seat 3: kismespit ($116 in chips)
SmellyToes4u: posts small blind $1
kismespit: posts big blind $3
*** HOLE CARDS ***
SmellyToes4u: folds
Uncalled bet ($2) returned to kismespit
kismespit collected $2 from pot
*** SUMMARY ***
Total pot $2 | Rake $0
Seat 1: SmellyToes4u (button) (small blind) folded before Flop
Seat 3: kismespit (big blind) collected ($2)


PokerStars Hand #157345451301:  Hold'em Limit ($3/$6 USD) - 2016/08/16 9:36:21 ET
Table 'Gisela' 6-max Seat #3 is the button
Seat 1: SmellyToes4u ($59 in chips)
Seat 3: kismespit ($117 in chips)
kismespit: posts small blind $1
SmellyToes4u: posts big blind $3
*** HOLE CARDS ***
kismespit: folds
Uncalled bet ($2) returned to SmellyToes4u
SmellyToes4u collected $2 from pot
SmellyToes4u: doesn't show hand
*** SUMMARY ***
Total pot $2 | Rake $0
Seat 1: SmellyToes4u (big blind) collected ($2)
Seat 3: kismespit (button) (small blind) folded before Flop


PokerStars Hand #157345505109:  Hold'em Limit ($3/$6 USD) - 2016/08/16 9:38:03 ET
Table 'Gisela' 6-max Seat #1 is the button
Seat 1: SmellyToes4u ($71.26 in chips)
Seat 3: kismespit ($103.28 in chips)
SmellyToes4u: posts small blind $1
kismespit: posts big blind $3
*** HOLE CARDS ***
SmellyToes4u: raises $3 to $6
kismespit: calls $3
*** FLOP *** [Qd 5c 7h]
kismespit: checks
SmellyToes4u: bets $3
kismespit: folds
Uncalled bet ($3) returned to SmellyToes4u
SmellyToes4u collected $11.76 from pot
SmellyToes4u: doesn't show hand
*** SUMMARY ***
Total pot $12 | Rake $0.24
Board [Qd 5c 7h]
Seat 1: SmellyToes4u (button) (small blind) collected ($11.76)
Seat 3: kismespit (big blind) folded on the Flop


PokerStars Hand #157345497947:  Hold'em Limit ($3/$6 USD) - 2016/08/16 9:37:49 ET
Table 'Gisela' 6-max Seat #3 is the button
Seat 1: SmellyToes4u ($77.26 in chips)
Seat 3: kismespit ($97.52 in chips)
kismespit: posts small blind $1
SmellyToes4u: posts big blind $3
*** HOLE CARDS ***
kismespit: raises $3 to $6
SmellyToes4u: calls $3
*** FLOP *** [Js As Jd]
SmellyToes4u: checks
kismespit: bets $3
SmellyToes4u: folds
Uncalled bet ($3) returned to kismespit
kismespit collected $11.76 from pot
*** SUMMARY ***
Total pot $12 | Rake $0.24
Board [Js As Jd]
Seat 1: SmellyToes4u (big blind) folded on the Flop
Seat 3: kismespit (button) (small blind) collected ($11.76)


PokerStars Hand #157345494930:  Hold'em Limit ($3/$6 USD) - 2016/08/16 9:37:44 ET
Table 'Gisela' 6-max Seat #1 is the button
Seat 1: SmellyToes4u ($74.26 in chips)
Seat 3: kismespit ($100.52 in chips)
SmellyToes4u: posts small blind $1
kismespit: posts big blind $3
*** HOLE CARDS ***
SmellyToes4u: raises $3 to $6
kismespit: folds
Uncalled bet ($3) returned to SmellyToes4u
SmellyToes4u collected $6 from pot
SmellyToes4u: doesn't show hand
*** SUMMARY ***
Total pot $6 | Rake $0
Seat 1: SmellyToes4u (button) (small blind) collected ($6)
Seat 3: kismespit (big blind) folded before Flop


PokerStars Hand #157345485735:  Hold'em Limit ($3/$6 USD) - 2016/08/16 9:37:26 ET
Table 'Gisela' 6-max Seat #3 is the button
Seat 1: SmellyToes4u ($86.26 in chips)
Seat 3: kismespit ($89 in chips)
kismespit: posts small blind $1
SmellyToes4u: posts big blind $3
*** HOLE CARDS ***
kismespit: raises $3 to $6
SmellyToes4u: raises $3 to $9
kismespit: calls $3
*** FLOP *** [Kh 9d Ad]
SmellyToes4u: bets $3
kismespit: calls $3
*** TURN *** [Kh 9d Ad] [Ts]
SmellyToes4u: checks
kismespit: bets $6
SmellyToes4u: folds
Uncalled bet ($6) returned to kismespit
kismespit collected $23.52 from pot
*** SUMMARY ***
Total pot $24 | Rake $0.48
Board [Kh 9d Ad Ts]
Seat 1: SmellyToes4u (big blind) folded on the Turn
Seat 3: kismespit (button) (small blind) collected ($23.52)


PokerStars Hand #157345482160:  Hold'em Limit ($3/$6 USD) - 2016/08/16 9:37:20 ET
Table 'Gisela' 6-max Seat #1 is the button
Seat 1: SmellyToes4u ($83.26 in chips)
Seat 3: kismespit ($92 in chips)
SmellyToes4u: posts small blind $1
kismespit: posts big blind $3
*** HOLE CARDS ***
SmellyToes4u: raises $3 to $6
kismespit: folds
Uncalled bet ($3) returned to SmellyToes4u
SmellyToes4u collected $6 from pot
SmellyToes4u: doesn't show hand
*** SUMMARY ***
Total pot $6 | Rake $0
Seat 1: SmellyToes4u (button) (small blind) collected ($6)
Seat 3: kismespit (big blind) folded before Flop


PokerStars Hand #157345479078:  Hold'em Limit ($3/$6 USD) - 2016/08/16 9:37:14 ET
Table 'Gisela' 6-max Seat #3 is the button
Seat 1: SmellyToes4u ($82.26 in chips)
Seat 3: kismespit ($93 in chips)
kismespit: posts small blind $1
SmellyToes4u: posts big blind $3
*** HOLE CARDS ***
kismespit: folds
Uncalled bet ($2) returned to SmellyToes4u
SmellyToes4u collected $2 from pot
SmellyToes4u: doesn't show hand
*** SUMMARY ***
Total pot $2 | Rake $0
Seat 1: SmellyToes4u (big blind) collected ($2)
Seat 3: kismespit (button) (small blind) folded before Flop


PokerStars Hand #157345532360:  Hold'em Limit ($3/$6 USD) - 2016/08/16 9:38:54 ET
Table 'Gisela' 6-max Seat #1 is the button
Seat 1: SmellyToes4u ($93.52 in chips)
Seat 3: kismespit ($80.28 in chips)
SmellyToes4u: posts small blind $1
kismespit: posts big blind $3
*** HOLE CARDS ***
SmellyToes4u: folds
Uncalled bet ($2) returned to kismespit
kismespit collected $2 from pot
*** SUMMARY ***
Total pot $2 | Rake $0
Seat 1: SmellyToes4u (button) (small blind) folded before Flop
Seat 3: kismespit (big blind) collected ($2)


PokerStars Hand #157345530095:  Hold'em Limit ($3/$6 USD) - 2016/08/16 9:38:50 ET
Table 'Gisela' 6-max Seat #3 is the button
Seat 1: SmellyToes4u ($92.52 in chips)
Seat 3: kismespit ($81.28 in chips)
kismespit: posts small blind $1
SmellyToes4u: posts big blind $3
*** HOLE CARDS ***
kismespit: folds
Uncalled bet ($2) returned to SmellyToes4u
SmellyToes4u collected $2 from pot
SmellyToes4u: doesn't show hand
*** SUMMARY ***
Total pot $2 | Rake $0
Seat 1: SmellyToes4u (big blind) collected ($2)
Seat 3: kismespit (button) (small blind) folded before Flop


PokerStars Hand #157345519577:  Hold'em Limit ($3/$6 USD) - 2016/08/16 9:38:30 ET
Table 'Gisela' 6-max Seat #1 is the button
Seat 1: SmellyToes4u ($78.02 in chips)
Seat 3: kismespit ($96.28 in chips)
SmellyToes4u: posts small blind $1
kismespit: posts big blind $3
*** HOLE CARDS ***
SmellyToes4u: raises $3 to $6
kismespit: calls $3
*** FLOP *** [6s 9c 8s]
kismespit: checks
SmellyToes4u: bets $3
kismespit: calls $3
*** TURN *** [6s 9c 8s] [Jh]
kismespit: checks
SmellyToes4u: bets $6
kismespit: calls $6
*** RIVER *** [6s 9c 8s Jh] [3c]
kismespit: checks
SmellyToes4u: bets $6
kismespit: folds
Uncalled bet ($6) returned to SmellyToes4u
SmellyToes4u collected $29.50 from pot
SmellyToes4u: doesn't show hand
*** SUMMARY ***
Total pot $30 | Rake $0.50
Board [6s 9c 8s Jh 3c]
Seat 1: SmellyToes4u (button) (small blind) collected ($29.50)
Seat 3: kismespit (big blind) folded on the River


PokerStars Hand #157345517417:  Hold'em Limit ($3/$6 USD) - 2016/08/16 9:38:26 ET
Table 'Gisela' 6-max Seat #3 is the button
Seat 1: SmellyToes4u ($77.02 in chips)
Seat 3: kismespit ($97.28 in chips)
kismespit: posts small blind $1
SmellyToes4u: posts big blind $3
*** HOLE CARDS ***
kismespit: folds
Uncalled bet ($2) returned to SmellyToes4u
SmellyToes4u collected $2 from pot
SmellyToes4u: doesn't show hand
*** SUMMARY ***
Total pot $2 | Rake $0
Seat 1: SmellyToes4u (big blind) collected ($2)
Seat 3: kismespit (button) (small blind) folded before Flop


PokerStars Hand #157345514205:  Hold'em Limit ($3/$6 USD) - 2016/08/16 9:38:20 ET
Table 'Gisela' 6-max Seat #1 is the button
Seat 1: SmellyToes4u ($74.02 in chips)
Seat 3: kismespit ($100.28 in chips)
SmellyToes4u: posts small blind $1
kismespit: posts big blind $3
*** HOLE CARDS ***
SmellyToes4u: raises $3 to $6
kismespit: folds
Uncalled bet ($3) returned to SmellyToes4u
SmellyToes4u collected $6 from pot
SmellyToes4u: doesn't show hand
*** SUMMARY ***
Total pot $6 | Rake $0
Seat 1: SmellyToes4u (button) (small blind) collected ($6)
Seat 3: kismespit (big blind) folded before Flop


PokerStars Hand #157345511358:  Hold'em Limit ($3/$6 USD) - 2016/08/16 9:38:14 ET
Table 'Gisela' 6-max Seat #3 is the button
Seat 1: SmellyToes4u ($77.02 in chips)
Seat 3: kismespit ($97.28 in chips)
kismespit: posts small blind $1
SmellyToes4u: posts big blind $3
*** HOLE CARDS ***
kismespit: raises $3 to $6
SmellyToes4u: folds
Uncalled bet ($3) returned to kismespit
kismespit collected $6 from pot
*** SUMMARY ***
Total pot $6 | Rake $0
Seat 1: SmellyToes4u (big blind) folded before Flop
Seat 3: kismespit (button) (small blind) collected ($6)


PokerStars Hand #157345549410:  Hold'em Limit ($3/$6 USD) - 2016/08/16 9:39:26 ET
Table 'Gisela' 6-max Seat #1 is the button
Seat 1: SmellyToes4u ($77.52 in chips)
Seat 3: kismespit ($95.78 in chips)
SmellyToes4u: posts small blind $1
kismespit: posts big blind $3
*** HOLE CARDS ***
SmellyToes4u: raises $3 to $6
kismespit: calls $3
*** FLOP *** [7s 3s Td]
kismespit: checks
SmellyToes4u: bets $3
kismespit: calls $3
*** TURN *** [7s 3s Td] [3c]
kismespit: checks
SmellyToes4u: bets $6
kismespit: folds
Uncalled bet ($6) returned to SmellyToes4u
SmellyToes4u collected $17.64 from pot
SmellyToes4u: doesn't show hand
*** SUMMARY ***
Total pot $18 | Rake $0.36
Board [7s 3s Td 3c]
Seat 1: SmellyToes4u (button) (small blind) collected ($17.64)
Seat 3: kismespit (big blind) folded on the Turn


PokerStars Hand #157345534976:  Hold'em Limit ($3/$6 USD) - 2016/08/16 9:38:59 ET
Table 'Gisela' 6-max Seat #3 is the button
Seat 1: SmellyToes4u ($92.52 in chips)
Seat 3: kismespit ($81.28 in chips)
kismespit: posts small blind $1
SmellyToes4u: posts big blind $3
*** HOLE CARDS ***
kismespit: raises $3 to $6
SmellyToes4u: calls $3
*** FLOP *** [Th 9s As]
SmellyToes4u: checks
kismespit: bets $3
SmellyToes4u: calls $3
*** TURN *** [Th 9s As] [6c]
SmellyToes4u: checks
kismespit: bets $6
SmellyToes4u: calls $6
*** RIVER *** [Th 9s As 6c] [3s]
SmellyToes4u: checks
kismespit: bets $6
SmellyToes4u: folds
Uncalled bet ($6) returned to kismespit
kismespit collected $29.50 from pot
*** SUMMARY ***
Total pot $30 | Rake $0.50
Board [Th 9s As 6c 3s]
Seat 1: SmellyToes4u (big blind) folded on the River
Seat 3: kismespit (button) (small blind) collected ($29.50)


PokerStars Hand #157345580979:  Hold'em Limit ($3/$6 USD) - 2016/08/16 9:40:26 ET
Table 'Gisela' 6-max Seat #3 is the button
Seat 1: SmellyToes4u ($85.92 in chips)
Seat 3: kismespit ($86.54 in chips)
kismespit: posts small blind $1
SmellyToes4u: posts big blind $3
*** HOLE CARDS ***
kismespit: raises $3 to $6
SmellyToes4u: calls $3
*** FLOP *** [3c Jd 8d]
SmellyToes4u: checks
kismespit: checks
*** TURN *** [3c Jd 8d] [Ks]
SmellyToes4u: bets $6
kismespit: folds
Uncalled bet ($6) returned to SmellyToes4u
SmellyToes4u collected $11.76 from pot
SmellyToes4u: doesn't show hand
*** SUMMARY ***
Total pot $12 | Rake $0.24
Board [3c Jd 8d Ks]
Seat 1: SmellyToes4u (big blind) collected ($11.76)
Seat 3: kismespit (button) (small blind) folded on the Turn


PokerStars Hand #157345575554:  Hold'em Limit ($3/$6 USD) - 2016/08/16 9:40:16 ET
Table 'Gisela' 6-max Seat #1 is the button
Seat 1: SmellyToes4u ($80.16 in chips)
Seat 3: kismespit ($92.54 in chips)
SmellyToes4u: posts small blind $1
kismespit: posts big blind $3
*** HOLE CARDS ***
SmellyToes4u: raises $3 to $6
kismespit: calls $3
*** FLOP *** [7h 9d Ad]
kismespit: checks
SmellyToes4u: bets $3
kismespit: folds
Uncalled bet ($3) returned to SmellyToes4u
SmellyToes4u collected $11.76 from pot
SmellyToes4u: doesn't show hand
*** SUMMARY ***
Total pot $12 | Rake $0.24
Board [7h 9d Ad]
Seat 1: SmellyToes4u (button) (small blind) collected ($11.76)
Seat 3: kismespit (big blind) folded on the Flop


PokerStars Hand #157345563690:  Hold'em Limit ($3/$6 USD) - 2016/08/16 9:39:53 ET
Table 'Gisela' 6-max Seat #3 is the button
Seat 1: SmellyToes4u ($86.16 in chips)
Seat 3: kismespit ($86.78 in chips)
kismespit: posts small blind $1
SmellyToes4u: posts big blind $3
*** HOLE CARDS ***
kismespit: calls $2
SmellyToes4u: raises $3 to $6
kismespit: calls $3
*** FLOP *** [6c 4d 7s]
SmellyToes4u: checks
kismespit: bets $3
SmellyToes4u: folds
Uncalled bet ($3) returned to kismespit
kismespit collected $11.76 from pot
kismespit: doesn't show hand
*** SUMMARY ***
Total pot $12 | Rake $0.24
Board [6c 4d 7s]
Seat 1: SmellyToes4u (big blind) folded on the Flop
Seat 3: kismespit (button) (small blind) collected ($11.76)


PokerStars Hand #157345591377:  Hold'em Limit ($3/$6 USD) - 2016/08/16 9:40:46 ET
Table 'Gisela' 6-max Seat #1 is the button
Seat 1: SmellyToes4u ($91.68 in chips)
Seat 3: kismespit ($80.54 in chips)
SmellyToes4u: posts small blind $1
kismespit: posts big blind $3
*** HOLE CARDS ***
SmellyToes4u: raises $3 to $6
kismespit: raises $3 to $9
SmellyToes4u: calls $3
*** FLOP *** [Td 2d Ad]
kismespit: bets $3
SmellyToes4u: raises $3 to $6
kismespit: calls $3
*** TURN *** [Td 2d Ad] [Ks]
kismespit: checks
yayaya joins the table at seat #5
SmellyToes4u: checks
*** RIVER *** [Td 2d Ad Ks] [5s]
kismespit: bets $6
SmellyToes4u: calls $6
*** SHOW DOWN ***
kismespit: shows [As 8d] (a pair of Aces)
SmellyToes4u: mucks hand
kismespit collected $41.50 from pot
*** SUMMARY ***
Total pot $42 | Rake $0.50
Board [Td 2d Ad Ks 5s]
Seat 1: SmellyToes4u (button) (small blind) mucked
Seat 3: kismespit (big blind) showed [As 8d] and won ($41.50) with a pair of Aces


PokerStars Hand #157345915660:  Hold'em Limit ($3/$6 USD) - 2016/08/16 9:50:28 ET
Table 'Gisela' 6-max Seat #6 is the button
Seat 2: BetterTennis ($133.17 in chips)
Seat 6: Blikon ($115 in chips)
Blikon: posts small blind $1
BetterTennis: posts big blind $3
*** HOLE CARDS ***
Blikon: raises $3 to $6
BetterTennis: folds
Uncalled bet ($3) returned to Blikon
Blikon collected $6 from pot
Blikon: doesn't show hand
*** SUMMARY ***
Total pot $6 | Rake $0
Seat 2: BetterTennis (big blind) folded before Flop
Seat 6: Blikon (button) (small blind) collected ($6)


PokerStars Hand #157345906382:  Hold'em Limit ($3/$6 USD) - 2016/08/16 9:50:11 ET
Table 'Gisela' 6-max Seat #2 is the button
Seat 2: BetterTennis ($124.53 in chips)
Seat 6: Blikon ($124 in chips)
BetterTennis: posts small blind $1
Blikon: posts big blind $3
*** HOLE CARDS ***
BetterTennis: raises $3 to $6
Blikon: calls $3
*** FLOP *** [Th Ks Tc]
Blikon: checks
BetterTennis: bets $3
Blikon: calls $3
*** TURN *** [Th Ks Tc] [3s]
Blikon: checks
BetterTennis: bets $6
Blikon: folds
Uncalled bet ($6) returned to BetterTennis
BetterTennis collected $17.64 from pot
BetterTennis: doesn't show hand
*** SUMMARY ***
Total pot $18 | Rake $0.36
Board [Th Ks Tc 3s]
Seat 2: BetterTennis (button) (small blind) collected ($17.64)
Seat 6: Blikon (big blind) folded on the Turn


PokerStars Hand #157345918930:  Hold'em Limit ($3/$6 USD) - 2016/08/16 9:50:34 ET
Table 'Gisela' 6-max Seat #2 is the button
Seat 2: BetterTennis ($130.17 in chips)
Seat 6: Blikon ($118 in chips)
BetterTennis: posts small blind $1
Blikon: posts big blind $3
*** HOLE CARDS ***
BetterTennis: folds
Uncalled bet ($2) returned to Blikon
Blikon collected $2 from pot
*** SUMMARY ***
Total pot $2 | Rake $0
Seat 2: BetterTennis (button) (small blind) folded before Flop
Seat 6: Blikon (big blind) collected ($2)


PokerStars Hand #157345922620:  Hold'em Limit ($3/$6 USD) - 2016/08/16 9:50:41 ET
Table 'Gisela' 6-max Seat #6 is the button
Seat 2: BetterTennis ($129.17 in chips)
Seat 6: Blikon ($119 in chips)
Blikon: posts small blind $1
BetterTennis: posts big blind $3
*** HOLE CARDS ***
Blikon: calls $2
BetterTennis: raises $3 to $6
Blikon: calls $3
*** FLOP *** [7s As 3h]
BetterTennis: bets $3
Blikon: calls $3
*** TURN *** [7s As 3h] [Ah]
BetterTennis: bets $6
Blikon: raises $6 to $12
BetterTennis: folds
Uncalled bet ($6) returned to Blikon
Blikon collected $29.50 from pot
*** SUMMARY ***
Total pot $30 | Rake $0.50
Board [7s As 3h Ah]
Seat 2: BetterTennis (big blind) folded on the Turn
Seat 6: Blikon (button) (small blind) collected ($29.50)


PokerStars Hand #157345945335:  Hold'em Limit ($3/$6 USD) - 2016/08/16 9:51:25 ET
Table 'Gisela' 6-max Seat #6 is the button
Seat 2: BetterTennis ($87.17 in chips)
Seat 6: Blikon ($160 in chips)
Blikon: posts small blind $1
BetterTennis: posts big blind $3
*** HOLE CARDS ***
Blikon: folds
Uncalled bet ($2) returned to BetterTennis
BetterTennis collected $2 from pot
BetterTennis: doesn't show hand
*** SUMMARY ***
Total pot $2 | Rake $0
Seat 2: BetterTennis (big blind) collected ($2)
Seat 6: Blikon (button) (small blind) folded before Flop


PokerStars Hand #157345948762:  Hold'em Limit ($3/$6 USD) - 2016/08/16 9:51:31 ET
Table 'Gisela' 6-max Seat #2 is the button
Seat 2: BetterTennis ($88.17 in chips)
Seat 6: Blikon ($159 in chips)
BetterTennis: posts small blind $1
Blikon: posts big blind $3
*** HOLE CARDS ***
BetterTennis: raises $3 to $6
Blikon: raises $3 to $9
BetterTennis: raises $3 to $12
Betting is capped
Blikon: calls $3
*** FLOP *** [4c 2d 8c]
Blikon: bets $3
BetterTennis: calls $3
*** TURN *** [4c 2d 8c] [5s]
Blikon: bets $6
BetterTennis: calls $6
*** RIVER *** [4c 2d 8c 5s] [2c]
Blikon: bets $6
BetterTennis: calls $6
*** SHOW DOWN ***
Blikon: shows [Jd Qd] (a pair of Deuces)
BetterTennis: shows [7h 7d] (two pair, Sevens and Deuces)
BetterTennis collected $53.50 from pot
*** SUMMARY ***
Total pot $54 | Rake $0.50
Board [4c 2d 8c 5s 2c]
Seat 2: BetterTennis (button) (small blind) showed [7h 7d] and won ($53.50) with two pair, Sevens and Deuces
Seat 6: Blikon (big blind) showed [Jd Qd] and lost with a pair of Deuces


PokerStars Hand #157345965431:  Hold'em Limit ($3/$6 USD) - 2016/08/16 9:52:03 ET
Table 'Gisela' 6-max Seat #2 is the button
Seat 2: BetterTennis ($120.43 in chips)
Seat 6: Blikon ($126 in chips)
BetterTennis: posts small blind $1
Blikon: posts big blind $3
*** HOLE CARDS ***
BetterTennis: folds
Uncalled bet ($2) returned to Blikon
Blikon collected $2 from pot
*** SUMMARY ***
Total pot $2 | Rake $0
Seat 2: BetterTennis (button) (small blind) folded before Flop
Seat 6: Blikon (big blind) collected ($2)


PokerStars Hand #157345959445:  Hold'em Limit ($3/$6 USD) - 2016/08/16 9:51:51 ET
Table 'Gisela' 6-max Seat #6 is the button
Seat 2: BetterTennis ($114.67 in chips)
Seat 6: Blikon ($132 in chips)
Blikon: posts small blind $1
BetterTennis: posts big blind $3
*** HOLE CARDS ***
Blikon: calls $2
BetterTennis: raises $3 to $6
Blikon: calls $3
*** FLOP *** [6s Ks Jh]
BetterTennis: bets $3
Blikon: folds
Uncalled bet ($3) returned to BetterTennis
BetterTennis collected $11.76 from pot
BetterTennis: doesn't show hand
*** SUMMARY ***
Total pot $12 | Rake $0.24
Board [6s Ks Jh]
Seat 2: BetterTennis (big blind) collected ($11.76)
Seat 6: Blikon (button) (small blind) folded on the Flop


PokerStars Hand #157345934123:  Hold'em Limit ($3/$6 USD) - 2016/08/16 9:51:03 ET
Table 'Gisela' 6-max Seat #2 is the button
Seat 2: BetterTennis ($114.17 in chips)
Seat 6: Blikon ($133.50 in chips)
BetterTennis: posts small blind $1
Blikon: posts big blind $3
*** HOLE CARDS ***
BetterTennis: raises $3 to $6
Blikon: calls $3
*** FLOP *** [8d 5d 5s]
Blikon: checks
BetterTennis: bets $3
Blikon: calls $3
*** TURN *** [8d 5d 5s] [6h]
Blikon: checks
BetterTennis: bets $6
Blikon: raises $6 to $12
BetterTennis: calls $6
*** RIVER *** [8d 5d 5s 6h] [3c]
Blikon: bets $6
BetterTennis: calls $6
*** SHOW DOWN ***
Blikon: shows [9h 7d] (a straight, Five to Nine)
BetterTennis: mucks hand
Blikon collected $53.50 from pot
*** SUMMARY ***
Total pot $54 | Rake $0.50
Board [8d 5d 5s 6h 3c]
Seat 2: BetterTennis (button) (small blind) mucked
Seat 6: Blikon (big blind) showed [9h 7d] and won ($53.50) with a straight, Five to Nine


PokerStars Hand #157345994877:  Hold'em Limit ($3/$6 USD) - 2016/08/16 9:52:59 ET
Table 'Gisela' 6-max Seat #6 is the button
Seat 2: BetterTennis ($120.93 in chips)
Seat 6: Blikon ($124.64 in chips)
Blikon: posts small blind $1
BetterTennis: posts big blind $3
*** HOLE CARDS ***
Blikon: raises $3 to $6
BetterTennis: calls $3
*** FLOP *** [Td 3h Th]
BetterTennis: checks
Blikon: checks
*** TURN *** [Td 3h Th] [Kd]
player-Archi joins the table at seat #1
BetterTennis: checks
TbIP-TbIP 88 joins the table at seat #3
Blikon: checks
*** RIVER *** [Td 3h Th Kd] [7h]
BetterTennis: bets $6
Blikon: calls $6
*** SHOW DOWN ***
BetterTennis: shows [Kh 2c] (two pair, Kings and Tens)
Blikon: mucks hand
BetterTennis collected $23.52 from pot
*** SUMMARY ***
Total pot $24 | Rake $0.48
Board [Td 3h Th Kd 7h]
Seat 2: BetterTennis (big blind) showed [Kh 2c] and won ($23.52) with two pair, Kings and Tens
Seat 6: Blikon (button) (small blind) mucked


PokerStars Hand #157345968082:  Hold'em Limit ($3/$6 USD) - 2016/08/16 9:52:08 ET
Table 'Gisela' 6-max Seat #6 is the button
Seat 2: BetterTennis ($119.43 in chips)
Seat 6: Blikon ($127 in chips)
Blikon: posts small blind $1
BetterTennis: posts big blind $3
*** HOLE CARDS ***
Blikon: raises $3 to $6
BetterTennis: calls $3
*** FLOP *** [2d 8h 7d]
BetterTennis: checks
Blikon: bets $3
BetterTennis: calls $3
*** TURN *** [2d 8h 7d] [5c]
BetterTennis: checks
Blikon: bets $6
BetterTennis: calls $6
*** RIVER *** [2d 8h 7d 5c] [5s]
BetterTennis: checks
Blikon: checks
*** SHOW DOWN ***
BetterTennis: shows [9s Js] (a pair of Fives)
Blikon: mucks hand
BetterTennis collected $29.50 from pot
*** SUMMARY ***
Total pot $30 | Rake $0.50
Board [2d 8h 7d 5c 5s]
Seat 2: BetterTennis (big blind) showed [9s Js] and won ($29.50) with a pair of Fives
Seat 6: Blikon (button) (small blind) mucked


PokerStars Hand #157345979168:  Hold'em Limit ($3/$6 USD) - 2016/08/16 9:52:29 ET
Table 'Gisela' 6-max Seat #2 is the button
Seat 2: BetterTennis ($133.93 in chips)
Seat 6: Blikon ($112 in chips)
BetterTennis: posts small blind $1
Blikon: posts big blind $3
*** HOLE CARDS ***
BetterTennis: raises $3 to $6
Blikon: calls $3
*** FLOP *** [Th Kh Jc]
Blikon: checks
BetterTennis: bets $3
Blikon: calls $3
*** TURN *** [Th Kh Jc] [4h]
Blikon: checks
BetterTennis: checks
*** RIVER *** [Th Kh Jc 4h] [Td]
Blikon: bets $6
BetterTennis: folds
Uncalled bet ($6) returned to Blikon
Blikon collected $17.64 from pot
Blikon: doesn't show hand
*** SUMMARY ***
Total pot $18 | Rake $0.36
Board [Th Kh Jc 4h Td]
Seat 2: BetterTennis (button) (small blind) folded on the River
Seat 6: Blikon (big blind) collected ($17.64)


PokerStars Hand #157345988571:  Hold'em Limit ($3/$6 USD) - 2016/08/16 9:52:46 ET
Table 'Gisela' 6-max Seat #6 is the button
Seat 2: BetterTennis ($124.93 in chips)
Seat 6: Blikon ($120.64 in chips)
Blikon: posts small blind $1
BetterTennis: posts big blind $3
*** HOLE CARDS ***
Blikon: raises $3 to $6
BetterTennis: folds
Uncalled bet ($3) returned to Blikon
Blikon collected $6 from pot
Blikon: doesn't show hand
*** SUMMARY ***
Total pot $6 | Rake $0
Seat 2: BetterTennis (big blind) folded before Flop
Seat 6: Blikon (button) (small blind) collected ($6)


PokerStars Hand #157345992303:  Hold'em Limit ($3/$6 USD) - 2016/08/16 9:52:54 ET
Table 'Gisela' 6-max Seat #2 is the button
Seat 2: BetterTennis ($121.93 in chips)
Seat 6: Blikon ($123.64 in chips)
BetterTennis: posts small blind $1
Blikon: posts big blind $3
*** HOLE CARDS ***
BetterTennis: folds
Uncalled bet ($2) returned to Blikon
Blikon collected $2 from pot
Blikon: doesn't show hand
*** SUMMARY ***
Total pot $2 | Rake $0
Seat 2: BetterTennis (button) (small blind) folded before Flop
Seat 6: Blikon (big blind) collected ($2)


PokerStars Hand #157346103845:  Hold'em Limit ($3/$6 USD) - 2016/08/16 9:56:37 ET
Table 'Gisela' 6-max Seat #6 is the button
Seat 3: TbIP-TbIP 88 ($72 in chips)
Seat 6: Blikon ($120.71 in chips)
Blikon: posts small blind $1
TbIP-TbIP 88: posts big blind $3
*** HOLE CARDS ***
Blikon: calls $2
TbIP-TbIP 88: raises $3 to $6
Blikon: calls $3
*** FLOP *** [Th Qc 4c]
TbIP-TbIP 88: bets $3
Blikon: calls $3
*** TURN *** [Th Qc 4c] [2c]
TbIP-TbIP 88: bets $6
Blikon: folds
Uncalled bet ($6) returned to TbIP-TbIP 88
TbIP-TbIP 88 collected $17.64 from pot
TbIP-TbIP 88: doesn't show hand
*** SUMMARY ***
Total pot $18 | Rake $0.36
Board [Th Qc 4c 2c]
Seat 3: TbIP-TbIP 88 (big blind) collected ($17.64)
Seat 6: Blikon (button) (small blind) folded on the Turn


PokerStars Hand #157346098949:  Hold'em Limit ($3/$6 USD) - 2016/08/16 9:56:26 ET
Table 'Gisela' 6-max Seat #3 is the button
Seat 3: TbIP-TbIP 88 ($80.64 in chips)
Seat 6: Blikon ($112.07 in chips)
TbIP-TbIP 88: posts small blind $1
Blikon: posts big blind $3
*** HOLE CARDS ***
TbIP-TbIP 88: raises $3 to $6
Blikon: raises $3 to $9
TbIP-TbIP 88: calls $3
*** FLOP *** [Jd 9h 8c]
Blikon: bets $3
TbIP-TbIP 88: folds
Uncalled bet ($3) returned to Blikon
Blikon collected $17.64 from pot
Blikon: doesn't show hand
*** SUMMARY ***
Total pot $18 | Rake $0.36
Board [Jd 9h 8c]
Seat 3: TbIP-TbIP 88 (button) (small blind) folded on the Flop
Seat 6: Blikon (big blind) collected ($17.64)


PokerStars Hand #157346092272:  Hold'em Limit ($3/$6 USD) - 2016/08/16 9:56:11 ET
Table 'Gisela' 6-max Seat #6 is the button
Seat 3: TbIP-TbIP 88 ($72 in chips)
Seat 6: Blikon ($121.07 in chips)
Blikon: posts small blind $1
player-Archi: is sitting out
BetterTennis: is sitting out
TbIP-TbIP 88: posts big blind $3
*** HOLE CARDS ***
Blikon: raises $3 to $6
TbIP-TbIP 88: calls $3
*** FLOP *** [Kh 7h 8c]
TbIP-TbIP 88: checks
Blikon: bets $3
TbIP-TbIP 88: calls $3
*** TURN *** [Kh 7h 8c] [Kc]
TbIP-TbIP 88: checks
Blikon: checks
*** RIVER *** [Kh 7h 8c Kc] [6h]
BetterTennis leaves the table
player-Archi is disconnected
TbIP-TbIP 88: bets $6
Blikon: folds
Uncalled bet ($6) returned to TbIP-TbIP 88
TbIP-TbIP 88 collected $17.64 from pot
TbIP-TbIP 88: doesn't show hand
*** SUMMARY ***
Total pot $18 | Rake $0.36
Board [Kh 7h 8c Kc 6h]
Seat 3: TbIP-TbIP 88 (big blind) collected ($17.64)
Seat 6: Blikon (button) (small blind) folded on the River


PokerStars Hand #157346142150:  Hold'em Limit ($3/$6 USD) - 2016/08/16 9:57:49 ET
Table 'Gisela' 6-max Seat #6 is the button
Seat 1: TinaTurner72 ($106 in chips)
Seat 6: Blikon ($142.71 in chips)
Blikon: posts small blind $1
TinaTurner72: posts big blind $3
*** HOLE CARDS ***
Blikon: raises $3 to $6
TinaTurner72: calls $3
*** FLOP *** [3s 7c 6s]
TinaTurner72: checks
Blikon: bets $3
TinaTurner72: raises $3 to $6
Blikon: raises $3 to $9
TinaTurner72: calls $3
*** TURN *** [3s 7c 6s] [9d]
TinaTurner72: checks
Blikon: bets $6
TinaTurner72: calls $6
*** RIVER *** [3s 7c 6s 9d] [8c]
TinaTurner72: bets $6
Blikon: calls $6
*** SHOW DOWN ***
TinaTurner72: shows [5s 6c] (a straight, Five to Nine)
Blikon: mucks hand
TinaTurner72 collected $53.50 from pot
*** SUMMARY ***
Total pot $54 | Rake $0.50
Board [3s 7c 6s 9d 8c]
Seat 1: TinaTurner72 (big blind) showed [5s 6c] and won ($53.50) with a straight, Five to Nine
Seat 6: Blikon (button) (small blind) mucked


PokerStars Hand #157346135139:  Hold'em Limit ($3/$6 USD) - 2016/08/16 9:57:34 ET
Table 'Gisela' 6-max Seat #1 is the button
Seat 1: TinaTurner72 ($121 in chips)
Seat 6: Blikon ($128.21 in chips)
TinaTurner72: posts small blind $1
TbIP-TbIP 88: is sitting out
Blikon: posts big blind $3
*** HOLE CARDS ***
TinaTurner72: raises $3 to $6
Blikon: calls $3
*** FLOP *** [5c 4d Jd]
TbIP-TbIP 88 leaves the table
Blikon: checks
TinaTurner72: bets $3
Blikon: calls $3
*** TURN *** [5c 4d Jd] [2h]
Blikon: checks
TinaTurner72: bets $6
Blikon: calls $6
*** RIVER *** [5c 4d Jd 2h] [As]
Blikon: checks
TinaTurner72: checks
*** SHOW DOWN ***
Blikon: shows [2c Ah] (two pair, Aces and Deuces)
TinaTurner72: mucks hand
Blikon collected $29.50 from pot
*** SUMMARY ***
Total pot $30 | Rake $0.50
Board [5c 4d Jd 2h As]
Seat 1: TinaTurner72 (button) (small blind) mucked
Seat 6: Blikon (big blind) showed [2c Ah] and won ($29.50) with two pair, Aces and Deuces


PokerStars Hand #157346111701:  Hold'em Limit ($3/$6 USD) - 2016/08/16 9:56:54 ET
Table 'Gisela' 6-max Seat #3 is the button
Seat 3: TbIP-TbIP 88 ($80.64 in chips)
Seat 6: Blikon ($111.71 in chips)
TbIP-TbIP 88: posts small blind $1
Blikon: posts big blind $3
*** HOLE CARDS ***
TbIP-TbIP 88: raises $3 to $6
Blikon: raises $3 to $9
TbIP-TbIP 88: calls $3
*** FLOP *** [Jd Th Qh]
player-Archi is disconnected
Blikon: bets $3
TbIP-TbIP 88: calls $3
*** TURN *** [Jd Th Qh] [Td]
Blikon: bets $6
player-Archi leaves the table
TbIP-TbIP 88: calls $6
*** RIVER *** [Jd Th Qh Td] [4d]
TinaTurner72 joins the table at seat #1
Blikon: bets $6
TbIP-TbIP 88: folds
Uncalled bet ($6) returned to Blikon
Blikon collected $35.50 from pot
Blikon: doesn't show hand
*** SUMMARY ***
Total pot $36 | Rake $0.50
Board [Jd Th Qh Td 4d]
Seat 3: TbIP-TbIP 88 (button) (small blind) folded on the River
Seat 6: Blikon (big blind) collected ($35.50)


PokerStars Hand #157346160071:  Hold'em Limit ($3/$6 USD) - 2016/08/16 9:58:28 ET
Table 'Gisela' 6-max Seat #6 is the button
Seat 1: TinaTurner72 ($156 in chips)
Seat 6: Blikon ($91.71 in chips)
Blikon: posts small blind $1
TinaTurner72: posts big blind $3
*** HOLE CARDS ***
Blikon: raises $3 to $6
TinaTurner72: calls $3
*** FLOP *** [Kd Qs Tc]
TinaTurner72: checks
Blikon: bets $3
TinaTurner72: raises $3 to $6
Blikon: calls $3
*** TURN *** [Kd Qs Tc] [6d]
TinaTurner72: bets $6
Blikon: calls $6
*** RIVER *** [Kd Qs Tc 6d] [3d]
TinaTurner72: bets $6
Blikon: folds
Uncalled bet ($6) returned to TinaTurner72
TinaTurner72 collected $35.50 from pot
TinaTurner72: doesn't show hand
*** SUMMARY ***
Total pot $36 | Rake $0.50
Board [Kd Qs Tc 6d 3d]
Seat 1: TinaTurner72 (big blind) collected ($35.50)
Seat 6: Blikon (button) (small blind) folded on the River


PokerStars Hand #157346151539:  Hold'em Limit ($3/$6 USD) - 2016/08/16 9:58:10 ET
Table 'Gisela' 6-max Seat #1 is the button
Seat 1: TinaTurner72 ($132.50 in chips)
Seat 6: Blikon ($115.71 in chips)
TinaTurner72: posts small blind $1
Blikon: posts big blind $3
*** HOLE CARDS ***
TinaTurner72: raises $3 to $6
Blikon: raises $3 to $9
TinaTurner72: calls $3
*** FLOP *** [2c 2s Kd]
Blikon: bets $3
TinaTurner72: calls $3
*** TURN *** [2c 2s Kd] [6c]
Blikon: bets $6
TinaTurner72: calls $6
*** RIVER *** [2c 2s Kd 6c] [3d]
Ale4o joins the table at seat #2
Blikon: bets $6
TinaTurner72: calls $6
*** SHOW DOWN ***
Blikon: shows [Jd Ac] (a pair of Deuces)
TinaTurner72: shows [9s 9d] (two pair, Nines and Deuces)
TinaTurner72 collected $47.50 from pot
*** SUMMARY ***
Total pot $48 | Rake $0.50
Board [2c 2s Kd 6c 3d]
Seat 1: TinaTurner72 (button) (small blind) showed [9s 9d] and won ($47.50) with two pair, Nines and Deuces
Seat 6: Blikon (big blind) showed [Jd Ac] and lost with a pair of Deuces


PokerStars Hand #157347024262:  Hold'em Limit ($3/$6 USD) - 2016/08/16 10:25:21 ET
Table 'Gisela' 6-max Seat #3 is the button
Seat 3: fugu82 ($86.57 in chips)
Seat 6: liolilove ($132 in chips)
fugu82: posts small blind $1
liolilove: posts big blind $3
*** HOLE CARDS ***
fugu82: raises $3 to $6
liolilove: raises $3 to $9
fugu82: calls $3
*** FLOP *** [5c 9h 3s]
liolilove: bets $3
fugu82: calls $3
*** TURN *** [5c 9h 3s] [7s]
liolilove: checks
fugu82: bets $6
liolilove: calls $6
*** RIVER *** [5c 9h 3s 7s] [Th]
liolilove: checks
fugu82: bets $6
liolilove: folds
Uncalled bet ($6) returned to fugu82
fugu82 collected $35.50 from pot
*** SUMMARY ***
Total pot $36 | Rake $0.50
Board [5c 9h 3s 7s Th]
Seat 3: fugu82 (button) (small blind) collected ($35.50)
Seat 6: liolilove (big blind) folded on the River


PokerStars Hand #157347046737:  Hold'em Limit ($3/$6 USD) - 2016/08/16 10:26:02 ET
Table 'Gisela' 6-max Seat #6 is the button
Seat 3: fugu82 ($104.07 in chips)
Seat 6: liolilove ($114 in chips)
liolilove: posts small blind $1
fugu82: posts big blind $3
*** HOLE CARDS ***
abatic joins the table at seat #1
liolilove: raises $3 to $6
fugu82: calls $3
*** FLOP *** [Kc 6d 3s]
fugu82: checks
liolilove: bets $3
fugu82: folds
Uncalled bet ($3) returned to liolilove
liolilove collected $11.76 from pot
liolilove: doesn't show hand
*** SUMMARY ***
Total pot $12 | Rake $0.24
Board [Kc 6d 3s]
Seat 3: fugu82 (big blind) folded on the Flop
Seat 6: liolilove (button) (small blind) collected ($11.76)


PokerStars Hand #157347060348:  Hold'em Limit ($3/$6 USD) - 2016/08/16 10:26:27 ET
Table 'Gisela' 6-max Seat #6 is the button
Seat 3: fugu82 ($97.07 in chips)
Seat 6: liolilove ($120.76 in chips)
liolilove: posts small blind $1
fugu82: posts big blind $3
*** HOLE CARDS ***
liolilove: raises $3 to $6
vestimokrec joins the table at seat #5
fugu82: calls $3
*** FLOP *** [Ah 9d 2d]
fugu82: checks
liolilove: bets $3
fugu82: calls $3
*** TURN *** [Ah 9d 2d] [3c]
fugu82: checks
lvn030178 joins the table at seat #1
liolilove: checks
*** RIVER *** [Ah 9d 2d 3c] [Th]
fugu82: bets $6
liolilove: folds
Uncalled bet ($6) returned to fugu82
fugu82 collected $17.64 from pot
*** SUMMARY ***
Total pot $18 | Rake $0.36
Board [Ah 9d 2d 3c Th]
Seat 3: fugu82 (big blind) collected ($17.64)
Seat 6: liolilove (button) (small blind) folded on the River


PokerStars Hand #157347057667:  Hold'em Limit ($3/$6 USD) - 2016/08/16 10:26:22 ET
Table 'Gisela' 6-max Seat #3 is the button
Seat 3: fugu82 ($98.07 in chips)
Seat 6: liolilove ($119.76 in chips)
fugu82: posts small blind $1
HAL9QQQ was removed from the table for failing to post
liolilove: posts big blind $3
*** HOLE CARDS ***
fugu82: folds
Uncalled bet ($2) returned to liolilove
liolilove collected $2 from pot
liolilove: doesn't show hand
abatic leaves the table
*** SUMMARY ***
Total pot $2 | Rake $0
Seat 3: fugu82 (button) (small blind) folded before Flop
Seat 6: liolilove (big blind) collected ($2)


PokerStars Hand #157353794946:  Hold'em Limit ($3/$6 USD) - 2016/08/16 13:29:55 ET
Table 'Gisela' 6-max Seat #1 is the button
Seat 1: Vampo U ($43.51 in chips)
Seat 5: fsreibnitz ($60.10 in chips)
Vampo U: posts small blind $1
fsreibnitz: posts big blind $3
*** HOLE CARDS ***
Vampo U: raises $3 to $6
fsreibnitz: calls $3
*** FLOP *** [2s 2c Jd]
fsreibnitz: checks
Vampo U: bets $3
fsreibnitz: calls $3
*** TURN *** [2s 2c Jd] [5c]
fsreibnitz: checks
Vampo U: checks
*** RIVER *** [2s 2c Jd 5c] [As]
fsreibnitz: bets $6
Vampo U: calls $6
*** SHOW DOWN ***
fsreibnitz: shows [8c 8s] (two pair, Eights and Deuces)
Vampo U: mucks hand
fsreibnitz collected $29.50 from pot
*** SUMMARY ***
Total pot $30 | Rake $0.50
Board [2s 2c Jd 5c As]
Seat 1: Vampo U (button) (small blind) mucked
Seat 5: fsreibnitz (big blind) showed [8c 8s] and won ($29.50) with two pair, Eights and Deuces


PokerStars Hand #157353778324:  Hold'em Limit ($3/$6 USD) - 2016/08/16 13:29:32 ET
Table 'Gisela' 6-max Seat #5 is the button
Seat 1: Vampo U ($52.51 in chips)
Seat 5: fsreibnitz ($51.46 in chips)
fsreibnitz: posts small blind $1
wobetting: is sitting out
Vampo U: posts big blind $3
*** HOLE CARDS ***
fsreibnitz: raises $3 to $6
Vampo U: calls $3
*** FLOP *** [6h Ad 5c]
Vampo U: checks
fsreibnitz: bets $3
Vampo U: calls $3
*** TURN *** [6h Ad 5c] [9d]
Vampo U: checks
fsreibnitz: bets $6
Vampo U: folds
Uncalled bet ($6) returned to fsreibnitz
fsreibnitz collected $17.64 from pot
*** SUMMARY ***
Total pot $18 | Rake $0.36
Board [6h Ad 5c 9d]
Seat 1: Vampo U (big blind) folded on the Turn
Seat 5: fsreibnitz (button) (small blind) collected ($17.64)


PokerStars Hand #157353806958:  Hold'em Limit ($3/$6 USD) - 2016/08/16 13:30:12 ET
Table 'Gisela' 6-max Seat #5 is the button
Seat 1: Vampo U ($28.51 in chips)
Seat 5: fsreibnitz ($74.60 in chips)
fsreibnitz: posts small blind $1
Vampo U: posts big blind $3
*** HOLE CARDS ***
RockKillerTY leaves the table
fsreibnitz: raises $3 to $6
Vampo U: raises $3 to $9
fsreibnitz: raises $3 to $12
Betting is capped
Vampo U: calls $3
*** FLOP *** [8c Th Ts]
Vampo U: bets $3
fsreibnitz: calls $3
*** TURN *** [8c Th Ts] [Kh]
Vampo U: bets $6
fsreibnitz: raises $6 to $12
Vampo U: raises $1.51 to $13.51 and is all-in
fsreibnitz: calls $1.51
*** RIVER *** [8c Th Ts Kh] [Td]
*** SHOW DOWN ***
Vampo U: shows [9s 9c] (a full house, Tens full of Nines)
fsreibnitz: shows [As Ks] (a full house, Tens full of Kings)
fsreibnitz collected $56.52 from pot
*** SUMMARY ***
Total pot $57.02 | Rake $0.50
Board [8c Th Ts Kh Td]
Seat 1: Vampo U (big blind) showed [9s 9c] and lost with a full house, Tens full of Nines
Seat 5: fsreibnitz (button) (small blind) showed [As Ks] and won ($56.52) with a full house, Tens full of Kings


