PokerStars Hand #146525419510:  Hold'em Limit ($3/$6 USD) - 2016/01/05 15:11:03 ET
Table 'Gismonda III' 2-max Seat #1 is the button
Seat 1: Bielik556 ($8.63 in chips)
Seat 2: ChrisTuff ($206.40 in chips)
Bielik556: posts small blind $1
ChrisTuff: posts big blind $3
*** HOLE CARDS ***
Bielik556: folds
Uncalled bet ($2) returned to ChrisTuff
ChrisTuff collected $2 from pot
ChrisTuff: doesn't show hand
*** SUMMARY ***
Total pot $2 | Rake $0
Seat 1: Bielik556 (button) (small blind) folded before Flop
Seat 2: ChrisTuff (big blind) collected ($2)


PokerStars Hand #146525409382:  Hold'em Limit ($3/$6 USD) - 2016/01/05 15:10:54 ET
Table 'Gismonda III' 2-max Seat #2 is the button
Seat 1: Bielik556 ($14.63 in chips)
Seat 2: ChrisTuff ($200.64 in chips)
ChrisTuff: posts small blind $1
Bielik556: posts big blind $3
*** HOLE CARDS ***
ChrisTuff: raises $3 to $6
Bielik556: calls $3
*** FLOP *** [Kh Qd As]
Bielik556: checks
ChrisTuff: bets $3
Bielik556: folds
Uncalled bet ($3) returned to ChrisTuff
ChrisTuff collected $11.76 from pot
ChrisTuff: doesn't show hand
*** SUMMARY ***
Total pot $12 | Rake $0.24
Board [Kh Qd As]
Seat 1: Bielik556 (big blind) folded on the Flop
Seat 2: ChrisTuff (button) (small blind) collected ($11.76)


PokerStars Hand #146525402165:  Hold'em Limit ($3/$6 USD) - 2016/01/05 15:10:47 ET
Table 'Gismonda III' 2-max Seat #1 is the button
Seat 1: Bielik556 ($11.63 in chips)
Seat 2: ChrisTuff ($203.64 in chips)
Bielik556: posts small blind $1
ChrisTuff: posts big blind $3
*** HOLE CARDS ***
Bielik556: raises $3 to $6
ChrisTuff: folds
Uncalled bet ($3) returned to Bielik556
Bielik556 collected $6 from pot
Bielik556: doesn't show hand
*** SUMMARY ***
Total pot $6 | Rake $0
Seat 1: Bielik556 (button) (small blind) collected ($6)
Seat 2: ChrisTuff (big blind) folded before Flop


PokerStars Hand #146525376389:  Hold'em Limit ($3/$6 USD) - 2016/01/05 15:10:23 ET
Table 'Gismonda III' 2-max Seat #2 is the button
Seat 1: Bielik556 ($53.63 in chips)
Seat 2: ChrisTuff ($162.14 in chips)
ChrisTuff: posts small blind $1
Bielik556: posts big blind $3
*** HOLE CARDS ***
ChrisTuff: raises $3 to $6
Bielik556: raises $3 to $9
ChrisTuff: calls $3
*** FLOP *** [4d 5d Jd]
Bielik556: bets $3
ChrisTuff: calls $3
*** TURN *** [4d 5d Jd] [2h]
Bielik556: bets $6
ChrisTuff: raises $6 to $12
Bielik556: calls $6
*** RIVER *** [4d 5d Jd 2h] [Th]
Bielik556: checks
ChrisTuff: bets $6
Bielik556: raises $6 to $12
ChrisTuff: raises $6 to $18
Bielik556: calls $6
*** SHOW DOWN ***
ChrisTuff: shows [3d Ac] (a straight, Ace to Five)
Bielik556: mucks hand
ChrisTuff collected $83.50 from pot
*** SUMMARY ***
Total pot $84 | Rake $0.50
Board [4d 5d Jd 2h Th]
Seat 1: Bielik556 (big blind) mucked
Seat 2: ChrisTuff (button) (small blind) showed [3d Ac] and won ($83.50) with a straight, Ace to Five


PokerStars Hand #146525369628:  Hold'em Limit ($3/$6 USD) - 2016/01/05 15:10:17 ET
Table 'Gismonda III' 2-max Seat #1 is the button
Seat 1: Bielik556 ($54.63 in chips)
Seat 2: ChrisTuff ($161.14 in chips)
Bielik556: posts small blind $1
ChrisTuff: posts big blind $3
*** HOLE CARDS ***
Bielik556: folds
Uncalled bet ($2) returned to ChrisTuff
ChrisTuff collected $2 from pot
*** SUMMARY ***
Total pot $2 | Rake $0
Seat 1: Bielik556 (button) (small blind) folded before Flop
Seat 2: ChrisTuff (big blind) collected ($2)


PokerStars Hand #146525424689:  Hold'em Limit ($3/$6 USD) - 2016/01/05 15:11:08 ET
Table 'Gismonda III' 2-max Seat #2 is the button
Seat 1: Bielik556 ($7.63 in chips)
Seat 2: ChrisTuff ($207.40 in chips)
ChrisTuff: posts small blind $1
Bielik556: posts big blind $3
*** HOLE CARDS ***
ChrisTuff: raises $3 to $6
Bielik556: raises $1.63 to $7.63 and is all-in
ChrisTuff: calls $1.63
*** FLOP *** [7d Js 6c]
*** TURN *** [7d Js 6c] [9c]
*** RIVER *** [7d Js 6c 9c] [3c]
*** SHOW DOWN ***
Bielik556: shows [8h 8c] (a pair of Eights)
ChrisTuff: shows [Jd Th] (a pair of Jacks)
ChrisTuff collected $14.95 from pot
Bielik556 leaves the table
ChrisTuff was removed from the table for failing to post
*** SUMMARY ***
Total pot $15.26 | Rake $0.31
Board [7d Js 6c 9c 3c]
Seat 1: Bielik556 (big blind) showed [8h 8c] and lost with a pair of Eights
Seat 2: ChrisTuff (button) (small blind) showed [Jd Th] and won ($14.95) with a pair of Jacks


