PokerStars Hand #144923235717:  Hold'em Limit ($3/$6 USD) - 2015/12/06 13:43:28 ET
Table 'Gismonda' 2-max Seat #2 is the button
Seat 1: elifnur2008 ($149.76 in chips)
Seat 2: saban5 ($9.47 in chips)
saban5: posts small blind $1
elifnur2008: posts big blind $3
*** HOLE CARDS ***
saban5: raises $3 to $6
elifnur2008: calls $3
*** FLOP *** [Th 5h 3d]
elifnur2008: checks
saban5: bets $3
elifnur2008: folds
Uncalled bet ($3) returned to saban5
saban5 collected $11.76 from pot
saban5: doesn't show hand
*** SUMMARY ***
Total pot $12 | Rake $0.24
Board [Th 5h 3d]
Seat 1: elifnur2008 (big blind) folded on the Flop
Seat 2: saban5 (button) (small blind) collected ($11.76)


PokerStars Hand #144923218810:  Hold'em Limit ($3/$6 USD) - 2015/12/06 13:43:12 ET
Table 'Gismonda' 2-max Seat #1 is the button
Seat 1: elifnur2008 ($144 in chips)
Seat 2: saban5 ($15.47 in chips)
elifnur2008: posts small blind $1
saban5: posts big blind $3
*** HOLE CARDS ***
elifnur2008: raises $3 to $6
saban5: calls $3
*** FLOP *** [Ks Ah 9d]
saban5: checks
elifnur2008: bets $3
saban5: folds
Uncalled bet ($3) returned to elifnur2008
elifnur2008 collected $11.76 from pot
elifnur2008: doesn't show hand
*** SUMMARY ***
Total pot $12 | Rake $0.24
Board [Ks Ah 9d]
Seat 1: elifnur2008 (button) (small blind) collected ($11.76)
Seat 2: saban5 (big blind) folded on the Flop


PokerStars Hand #144923213273:  Hold'em Limit ($3/$6 USD) - 2015/12/06 13:43:07 ET
Table 'Gismonda' 2-max Seat #2 is the button
Seat 1: elifnur2008 ($143 in chips)
Seat 2: saban5 ($16.47 in chips)
saban5: posts small blind $1
elifnur2008: posts big blind $3
*** HOLE CARDS ***
saban5: folds
Uncalled bet ($2) returned to elifnur2008
elifnur2008 collected $2 from pot
*** SUMMARY ***
Total pot $2 | Rake $0
Seat 1: elifnur2008 (big blind) collected ($2)
Seat 2: saban5 (button) (small blind) folded before Flop


PokerStars Hand #144923287760:  Hold'em Limit ($3/$6 USD) - 2015/12/06 13:44:18 ET
Table 'Gismonda' 2-max Seat #2 is the button
Seat 1: elifnur2008 ($146.03 in chips)
Seat 2: saban5 ($11.96 in chips)
saban5: posts small blind $1
elifnur2008: posts big blind $3
*** HOLE CARDS ***
saban5: raises $3 to $6
elifnur2008: raises $3 to $9
saban5: calls $3
*** FLOP *** [9s 3c Ts]
elifnur2008: bets $3
saban5: calls $2.96 and is all-in
Uncalled bet ($0.04) returned to elifnur2008
*** TURN *** [9s 3c Ts] [Kh]
*** RIVER *** [9s 3c Ts Kh] [9c]
*** SHOW DOWN ***
elifnur2008: shows [7c Ad] (a pair of Nines)
saban5: shows [5c Jd] (a pair of Nines - lower kicker)
elifnur2008 collected $23.44 from pot
*** SUMMARY ***
Total pot $23.92 | Rake $0.48
Board [9s 3c Ts Kh 9c]
Seat 1: elifnur2008 (big blind) showed [7c Ad] and won ($23.44) with a pair of Nines
Seat 2: saban5 (button) (small blind) showed [5c Jd] and lost with a pair of Nines


PokerStars Hand #144923278939:  Hold'em Limit ($3/$6 USD) - 2015/12/06 13:44:10 ET
Table 'Gismonda' 2-max Seat #1 is the button
Seat 1: elifnur2008 ($143.03 in chips)
Seat 2: saban5 ($14.96 in chips)
elifnur2008: posts small blind $1
saban5: posts big blind $3
*** HOLE CARDS ***
elifnur2008: raises $3 to $6
saban5: folds
Uncalled bet ($3) returned to elifnur2008
elifnur2008 collected $6 from pot
elifnur2008: doesn't show hand
*** SUMMARY ***
Total pot $6 | Rake $0
Seat 1: elifnur2008 (button) (small blind) collected ($6)
Seat 2: saban5 (big blind) folded before Flop


PokerStars Hand #144923264916:  Hold'em Limit ($3/$6 USD) - 2015/12/06 13:43:56 ET
Table 'Gismonda' 2-max Seat #2 is the button
Seat 1: elifnur2008 ($128.53 in chips)
Seat 2: saban5 ($29.96 in chips)
saban5: posts small blind $1
elifnur2008: posts big blind $3
*** HOLE CARDS ***
saban5: raises $3 to $6
elifnur2008: calls $3
*** FLOP *** [6d 3h As]
elifnur2008: checks
saban5: bets $3
elifnur2008: calls $3
*** TURN *** [6d 3h As] [Ad]
elifnur2008: checks
saban5: bets $6
elifnur2008: raises $6 to $12
saban5: folds
Uncalled bet ($6) returned to elifnur2008
elifnur2008 collected $29.50 from pot
elifnur2008: doesn't show hand
*** SUMMARY ***
Total pot $30 | Rake $0.50
Board [6d 3h As Ad]
Seat 1: elifnur2008 (big blind) collected ($29.50)
Seat 2: saban5 (button) (small blind) folded on the Turn


PokerStars Hand #144923246662:  Hold'em Limit ($3/$6 USD) - 2015/12/06 13:43:39 ET
Table 'Gismonda' 2-max Seat #1 is the button
Seat 1: elifnur2008 ($143.76 in chips)
Seat 2: saban5 ($15.23 in chips)
elifnur2008: posts small blind $1
saban5: posts big blind $3
*** HOLE CARDS ***
elifnur2008: raises $3 to $6
saban5: raises $3 to $9
elifnur2008: raises $3 to $12
Betting is capped
saban5: calls $3
*** FLOP *** [Ts 8s 9s]
saban5: bets $3
elifnur2008: raises $3 to $6
saban5: calls $0.23 and is all-in
Uncalled bet ($2.77) returned to elifnur2008
*** TURN *** [Ts 8s 9s] [9c]
*** RIVER *** [Ts 8s 9s 9c] [Jd]
*** SHOW DOWN ***
saban5: shows [2d Th] (two pair, Tens and Nines)
elifnur2008: shows [Kd 8h] (two pair, Nines and Eights)
saban5 collected $29.96 from pot
*** SUMMARY ***
Total pot $30.46 | Rake $0.50
Board [Ts 8s 9s 9c Jd]
Seat 1: elifnur2008 (button) (small blind) showed [Kd 8h] and lost with two pair, Nines and Eights
Seat 2: saban5 (big blind) showed [2d Th] and won ($29.96) with two pair, Tens and Nines


