PokerStars Hand #159164744359:  Hold'em Limit ($3/$6 USD) - 2016/09/27 12:15:46 ET
Table 'Gismonda' 6-max Seat #3 is the button
Seat 3: AA_ILI ($82.18 in chips)
Seat 4: Great_Kang ($120 in chips)
AA_ILI: posts small blind $1
Great_Kang: posts big blind $3
*** HOLE CARDS ***
AA_ILI: calls $2
Great_Kang: raises $3 to $6
AA_ILI: calls $3
*** FLOP *** [3s 6s 7s]
Great_Kang: bets $3
AA_ILI: calls $3
*** TURN *** [3s 6s 7s] [3d]
Great_Kang: bets $6
AA_ILI: raises $6 to $12
Great_Kang: folds
Uncalled bet ($6) returned to AA_ILI
AA_ILI collected $29.50 from pot
*** SUMMARY ***
Total pot $30 | Rake $0.50
Board [3s 6s 7s 3d]
Seat 3: AA_ILI (button) (small blind) collected ($29.50)
Seat 4: Great_Kang (big blind) folded on the Turn


PokerStars Hand #159164780680:  Hold'em Limit ($3/$6 USD) - 2016/09/27 12:16:41 ET
Table 'Gismonda' 6-max Seat #4 is the button
Seat 3: AA_ILI ($70.68 in chips)
Seat 4: Great_Kang ($146.50 in chips)
Great_Kang: posts small blind $1
AA_ILI: posts big blind $3
*** HOLE CARDS ***
Great_Kang: raises $3 to $6
AA_ILI: raises $3 to $9
Great_Kang: calls $3
*** FLOP *** [5c Jc Th]
AA_ILI: bets $3
Great_Kang: folds
Uncalled bet ($3) returned to AA_ILI
AA_ILI collected $17.64 from pot
*** SUMMARY ***
Total pot $18 | Rake $0.36
Board [5c Jc Th]
Seat 3: AA_ILI (big blind) collected ($17.64)
Seat 4: Great_Kang (button) (small blind) folded on the Flop


PokerStars Hand #159164760509:  Hold'em Limit ($3/$6 USD) - 2016/09/27 12:16:10 ET
Table 'Gismonda' 6-max Seat #3 is the button
Seat 3: AA_ILI ($97.68 in chips)
Seat 4: Great_Kang ($120 in chips)
AA_ILI: posts small blind $1
Great_Kang: posts big blind $3
*** HOLE CARDS ***
AA_ILI: calls $2
Great_Kang: raises $3 to $6
AA_ILI: calls $3
*** FLOP *** [8d Kc 4c]
Great_Kang: bets $3
AA_ILI: calls $3
*** TURN *** [8d Kc 4c] [Kh]
Great_Kang: bets $6
AA_ILI: raises $6 to $12
Great_Kang: calls $6
*** RIVER *** [8d Kc 4c Kh] [5s]
Great_Kang: checks
AA_ILI: bets $6
Great_Kang: calls $6
*** SHOW DOWN ***
AA_ILI: shows [8s 7s] (two pair, Kings and Eights)
Great_Kang: shows [Qh Qs] (two pair, Kings and Queens)
Great_Kang collected $53.50 from pot
*** SUMMARY ***
Total pot $54 | Rake $0.50
Board [8d Kc 4c Kh 5s]
Seat 3: AA_ILI (button) (small blind) showed [8s 7s] and lost with two pair, Kings and Eights
Seat 4: Great_Kang (big blind) showed [Qh Qs] and won ($53.50) with two pair, Kings and Queens


PokerStars Hand #159164756729:  Hold'em Limit ($3/$6 USD) - 2016/09/27 12:16:05 ET
Table 'Gismonda' 6-max Seat #4 is the button
Seat 3: AA_ILI ($96.68 in chips)
Seat 4: Great_Kang ($120 in chips)
Great_Kang: posts small blind $1
AA_ILI: posts big blind $3
*** HOLE CARDS ***
Great_Kang: folds
Uncalled bet ($2) returned to AA_ILI
AA_ILI collected $2 from pot
*** SUMMARY ***
Total pot $2 | Rake $0
Seat 3: AA_ILI (big blind) collected ($2)
Seat 4: Great_Kang (button) (small blind) folded before Flop


PokerStars Hand #159164818292:  Hold'em Limit ($3/$6 USD) - 2016/09/27 12:17:37 ET
Table 'Gismonda' 6-max Seat #3 is the button
Seat 3: AA_ILI ($74.08 in chips)
Seat 4: Great_Kang ($142.14 in chips)
AA_ILI: posts small blind $1
Great_Kang: posts big blind $3
*** HOLE CARDS ***
AA_ILI: raises $3 to $6
Great_Kang: folds
Uncalled bet ($3) returned to AA_ILI
AA_ILI collected $6 from pot
*** SUMMARY ***
Total pot $6 | Rake $0
Seat 3: AA_ILI (button) (small blind) collected ($6)
Seat 4: Great_Kang (big blind) folded before Flop


PokerStars Hand #159164814501:  Hold'em Limit ($3/$6 USD) - 2016/09/27 12:17:31 ET
Table 'Gismonda' 6-max Seat #4 is the button
Seat 3: AA_ILI ($77.08 in chips)
Seat 4: Great_Kang ($139.14 in chips)
Great_Kang: posts small blind $1
AA_ILI: posts big blind $3
*** HOLE CARDS ***
Great_Kang: raises $3 to $6
AA_ILI: folds
Uncalled bet ($3) returned to Great_Kang
Great_Kang collected $6 from pot
Great_Kang: doesn't show hand
*** SUMMARY ***
Total pot $6 | Rake $0
Seat 3: AA_ILI (big blind) folded before Flop
Seat 4: Great_Kang (button) (small blind) collected ($6)


PokerStars Hand #159164804647:  Hold'em Limit ($3/$6 USD) - 2016/09/27 12:17:16 ET
Table 'Gismonda' 6-max Seat #3 is the button
Seat 3: AA_ILI ($86.08 in chips)
Seat 4: Great_Kang ($130.50 in chips)
AA_ILI: posts small blind $1
Great_Kang: posts big blind $3
*** HOLE CARDS ***
AA_ILI: calls $2
Great_Kang: raises $3 to $6
AA_ILI: calls $3
*** FLOP *** [As Kd Qh]
Great_Kang: bets $3
AA_ILI: calls $3
*** TURN *** [As Kd Qh] [8c]
Great_Kang: bets $6
AA_ILI: folds
Uncalled bet ($6) returned to Great_Kang
Great_Kang collected $17.64 from pot
Great_Kang: doesn't show hand
*** SUMMARY ***
Total pot $18 | Rake $0.36
Board [As Kd Qh 8c]
Seat 3: AA_ILI (button) (small blind) folded on the Turn
Seat 4: Great_Kang (big blind) collected ($17.64)


PokerStars Hand #159164800497:  Hold'em Limit ($3/$6 USD) - 2016/09/27 12:17:10 ET
Table 'Gismonda' 6-max Seat #4 is the button
Seat 3: AA_ILI ($85.08 in chips)
Seat 4: Great_Kang ($131.50 in chips)
Great_Kang: posts small blind $1
AA_ILI: posts big blind $3
*** HOLE CARDS ***
Great_Kang: folds
Uncalled bet ($2) returned to AA_ILI
AA_ILI collected $2 from pot
*** SUMMARY ***
Total pot $2 | Rake $0
Seat 3: AA_ILI (big blind) collected ($2)
Seat 4: Great_Kang (button) (small blind) folded before Flop


PokerStars Hand #159164789752:  Hold'em Limit ($3/$6 USD) - 2016/09/27 12:16:54 ET
Table 'Gismonda' 6-max Seat #3 is the button
Seat 3: AA_ILI ($79.32 in chips)
Seat 4: Great_Kang ($137.50 in chips)
AA_ILI: posts small blind $1
Great_Kang: posts big blind $3
*** HOLE CARDS ***
AA_ILI: raises $3 to $6
Great_Kang: calls $3
*** FLOP *** [Js 8s 5d]
Great_Kang: checks
AA_ILI: checks
*** TURN *** [Js 8s 5d] [5s]
Great_Kang: checks
AA_ILI: bets $6
Great_Kang: folds
Uncalled bet ($6) returned to AA_ILI
AA_ILI collected $11.76 from pot
*** SUMMARY ***
Total pot $12 | Rake $0.24
Board [Js 8s 5d 5s]
Seat 3: AA_ILI (button) (small blind) collected ($11.76)
Seat 4: Great_Kang (big blind) folded on the Turn


PokerStars Hand #159164854044:  Hold'em Limit ($3/$6 USD) - 2016/09/27 12:18:30 ET
Table 'Gismonda' 6-max Seat #3 is the button
Seat 3: AA_ILI ($59.08 in chips)
Seat 4: Great_Kang ($156.64 in chips)
AA_ILI: posts small blind $1
Great_Kang: posts big blind $3
*** HOLE CARDS ***
AA_ILI: folds
Uncalled bet ($2) returned to Great_Kang
Great_Kang collected $2 from pot
Great_Kang: doesn't show hand
*** SUMMARY ***
Total pot $2 | Rake $0
Seat 3: AA_ILI (button) (small blind) folded before Flop
Seat 4: Great_Kang (big blind) collected ($2)


PokerStars Hand #159164848309:  Hold'em Limit ($3/$6 USD) - 2016/09/27 12:18:22 ET
Table 'Gismonda' 6-max Seat #4 is the button
Seat 3: AA_ILI ($62.08 in chips)
Seat 4: Great_Kang ($153.64 in chips)
Great_Kang: posts small blind $1
AA_ILI: posts big blind $3
*** HOLE CARDS ***
Great_Kang: raises $3 to $6
AA_ILI: folds
Uncalled bet ($3) returned to Great_Kang
Great_Kang collected $6 from pot
Great_Kang: doesn't show hand
*** SUMMARY ***
Total pot $6 | Rake $0
Seat 3: AA_ILI (big blind) folded before Flop
Seat 4: Great_Kang (button) (small blind) collected ($6)


PokerStars Hand #159164843157:  Hold'em Limit ($3/$6 USD) - 2016/09/27 12:18:14 ET
Table 'Gismonda' 6-max Seat #3 is the button
Seat 3: AA_ILI ($59.08 in chips)
Seat 4: Great_Kang ($156.64 in chips)
AA_ILI: posts small blind $1
Great_Kang: posts big blind $3
*** HOLE CARDS ***
AA_ILI: raises $3 to $6
Great_Kang: folds
Uncalled bet ($3) returned to AA_ILI
AA_ILI collected $6 from pot
*** SUMMARY ***
Total pot $6 | Rake $0
Seat 3: AA_ILI (button) (small blind) collected ($6)
Seat 4: Great_Kang (big blind) folded before Flop


PokerStars Hand #159164826649:  Hold'em Limit ($3/$6 USD) - 2016/09/27 12:17:49 ET
Table 'Gismonda' 6-max Seat #4 is the button
Seat 3: AA_ILI ($77.08 in chips)
Seat 4: Great_Kang ($139.14 in chips)
Great_Kang: posts small blind $1
AA_ILI: posts big blind $3
*** HOLE CARDS ***
Great_Kang: raises $3 to $6
AA_ILI: calls $3
*** FLOP *** [9c Qh 7s]
AA_ILI: checks
Great_Kang: checks
*** TURN *** [9c Qh 7s] [3c]
AA_ILI: bets $6
Great_Kang: calls $6
*** RIVER *** [9c Qh 7s 3c] [7h]
AA_ILI: bets $6
Great_Kang: calls $6
*** SHOW DOWN ***
AA_ILI: shows [Jh 8d] (a pair of Sevens)
Great_Kang: shows [3h Ad] (two pair, Sevens and Threes)
Great_Kang collected $35.50 from pot
*** SUMMARY ***
Total pot $36 | Rake $0.50
Board [9c Qh 7s 3c 7h]
Seat 3: AA_ILI (big blind) showed [Jh 8d] and lost with a pair of Sevens
Seat 4: Great_Kang (button) (small blind) showed [3h Ad] and won ($35.50) with two pair, Sevens and Threes


PokerStars Hand #159164857065:  Hold'em Limit ($3/$6 USD) - 2016/09/27 12:18:35 ET
Table 'Gismonda' 6-max Seat #4 is the button
Seat 3: AA_ILI ($58.08 in chips)
Seat 4: Great_Kang ($157.64 in chips)
Great_Kang: posts small blind $1
AA_ILI: posts big blind $3
*** HOLE CARDS ***
Great_Kang: raises $3 to $6
AA_ILI: raises $3 to $9
Great_Kang: calls $3
*** FLOP *** [3h 9d Ad]
AA_ILI: bets $3
Great_Kang: calls $3
*** TURN *** [3h 9d Ad] [8d]
Fabulous108 joins the table at seat #5
AA_ILI: bets $6
Great_Kang: calls $6
*** RIVER *** [3h 9d Ad 8d] [3c]
AA_ILI: bets $6
Great_Kang: calls $6
*** SHOW DOWN ***
AA_ILI: shows [7s Qc] (a pair of Threes)
Great_Kang: shows [Kd Qh] (a pair of Threes - Ace+King kicker)
Great_Kang collected $47.50 from pot
*** SUMMARY ***
Total pot $48 | Rake $0.50
Board [3h 9d Ad 8d 3c]
Seat 3: AA_ILI (big blind) showed [7s Qc] and lost with a pair of Threes
Seat 4: Great_Kang (button) (small blind) showed [Kd Qh] and won ($47.50) with a pair of Threes


PokerStars Hand #159164890357:  Hold'em Limit ($3/$6 USD) - 2016/09/27 12:19:24 ET
Table 'Gismonda' 6-max Seat #3 is the button
Seat 3: AA_ILI ($34.08 in chips)
Seat 4: Great_Kang ($181.14 in chips)
AA_ILI: posts small blind $1
Great_Kang: posts big blind $3
*** HOLE CARDS ***
AA_ILI: raises $3 to $6
Great_Kang: calls $3
*** FLOP *** [Td 4d 7h]
Great_Kang: checks
Luanto 14 joins the table at seat #6
AA_ILI: bets $3
Great_Kang: raises $3 to $6
AA_ILI: calls $3
*** TURN *** [Td 4d 7h] [8d]
Great_Kang: bets $6
AA_ILI: folds
Uncalled bet ($6) returned to Great_Kang
Great_Kang collected $23.52 from pot
Great_Kang: doesn't show hand
*** SUMMARY ***
Total pot $24 | Rake $0.48
Board [Td 4d 7h 8d]
Seat 3: AA_ILI (button) (small blind) folded on the Turn
Seat 4: Great_Kang (big blind) collected ($23.52)


PokerStars Hand #159165041753:  Hold'em Limit ($3/$6 USD) - 2016/09/27 12:23:08 ET
Table 'Gismonda' 6-max Seat #5 is the button
Seat 4: Great_Kang ($155.66 in chips)
Seat 5: Fabulous108 ($91.74 in chips)
Fabulous108: posts small blind $1
Luanto 14: is sitting out
Great_Kang: posts big blind $3
*** HOLE CARDS ***
Fabulous108: folds
Uncalled bet ($2) returned to Great_Kang
Great_Kang collected $2 from pot
Great_Kang: doesn't show hand
*** SUMMARY ***
Total pot $2 | Rake $0
Seat 4: Great_Kang (big blind) collected ($2)
Seat 5: Fabulous108 (button) (small blind) folded before Flop


PokerStars Hand #159165045654:  Hold'em Limit ($3/$6 USD) - 2016/09/27 12:23:14 ET
Table 'Gismonda' 6-max Seat #4 is the button
Seat 4: Great_Kang ($156.66 in chips)
Seat 5: Fabulous108 ($90.74 in chips)
Great_Kang: posts small blind $1
Fabulous108: posts big blind $3
*** HOLE CARDS ***
Great_Kang: raises $3 to $6
Fabulous108: calls $3
*** FLOP *** [Js 7d Ad]
Fabulous108: checks
Great_Kang: checks
*** TURN *** [Js 7d Ad] [9s]
Fabulous108: bets $6
Great_Kang: calls $6
*** RIVER *** [Js 7d Ad 9s] [Kd]
Fabulous108: checks
Great_Kang: checks
*** SHOW DOWN ***
Fabulous108: shows [Qs 7h] (a pair of Sevens)
Great_Kang: shows [8s Jc] (a pair of Jacks)
Great_Kang collected $23.52 from pot
*** SUMMARY ***
Total pot $24 | Rake $0.48
Board [Js 7d Ad 9s Kd]
Seat 4: Great_Kang (button) (small blind) showed [8s Jc] and won ($23.52) with a pair of Jacks
Seat 5: Fabulous108 (big blind) showed [Qs 7h] and lost with a pair of Sevens


PokerStars Hand #159165095979:  Hold'em Limit ($3/$6 USD) - 2016/09/27 12:24:28 ET
Table 'Gismonda' 6-max Seat #5 is the button
Seat 2: vovan4y4ok ($60 in chips)
Seat 5: Fabulous108 ($78.74 in chips)
Fabulous108: posts small blind $1
vovan4y4ok: posts big blind $3
*** HOLE CARDS ***
Fabulous108: raises $3 to $6
vovan4y4ok: calls $3
*** FLOP *** [Js 4c Ac]
vovan4y4ok: checks
Fabulous108: checks
*** TURN *** [Js 4c Ac] [Jd]
vovan4y4ok: checks
Fabulous108: checks
*** RIVER *** [Js 4c Ac Jd] [9c]
vovan4y4ok: bets $6
Fabulous108: raises $6 to $12
vovan4y4ok: calls $6
*** SHOW DOWN ***
Fabulous108: shows [Ah Jc] (a full house, Jacks full of Aces)
vovan4y4ok: mucks hand
Fabulous108 collected $35.50 from pot
*** SUMMARY ***
Total pot $36 | Rake $0.50
Board [Js 4c Ac Jd 9c]
Seat 2: vovan4y4ok (big blind) mucked
Seat 5: Fabulous108 (button) (small blind) showed [Ah Jc] and won ($35.50) with a full house, Jacks full of Aces


PokerStars Hand #159165112642:  Hold'em Limit ($3/$6 USD) - 2016/09/27 12:24:53 ET
Table 'Gismonda' 6-max Seat #2 is the button
Seat 2: vovan4y4ok ($42 in chips)
Seat 5: Fabulous108 ($96.24 in chips)
vovan4y4ok: posts small blind $1
Fabulous108: posts big blind $3
*** HOLE CARDS ***
vovan4y4ok: folds
Uncalled bet ($2) returned to Fabulous108
Fabulous108 collected $2 from pot
Fabulous108: doesn't show hand
*** SUMMARY ***
Total pot $2 | Rake $0
Seat 2: vovan4y4ok (button) (small blind) folded before Flop
Seat 5: Fabulous108 (big blind) collected ($2)


PokerStars Hand #159165122561:  Hold'em Limit ($3/$6 USD) - 2016/09/27 12:25:07 ET
Table 'Gismonda' 6-max Seat #2 is the button
Seat 2: vovan4y4ok ($42 in chips)
Seat 5: Fabulous108 ($96.24 in chips)
vovan4y4ok: posts small blind $1
Fabulous108: posts big blind $3
*** HOLE CARDS ***
vovan4y4ok: folds
Uncalled bet ($2) returned to Fabulous108
Great_Kang joins the table at seat #4
Fabulous108 collected $2 from pot
Fabulous108: doesn't show hand
*** SUMMARY ***
Total pot $2 | Rake $0
Seat 2: vovan4y4ok (button) (small blind) folded before Flop
Seat 5: Fabulous108 (big blind) collected ($2)


PokerStars Hand #159165125877:  Hold'em Limit ($3/$6 USD) - 2016/09/27 12:25:12 ET
Table 'Gismonda' 6-max Seat #5 is the button
Seat 2: vovan4y4ok ($41 in chips)
Seat 5: Fabulous108 ($97.24 in chips)
Fabulous108: posts small blind $1
vovan4y4ok: posts big blind $3
*** HOLE CARDS ***
Fabulous108: raises $3 to $6
vovan4y4ok: calls $3
*** FLOP *** [4d Td 2h]
vovan4y4ok: checks
Fabulous108: checks
*** TURN *** [4d Td 2h] [5d]
vovan4y4ok: checks
Fabulous108: bets $6
vovan4y4ok: raises $6 to $12
Fabulous108: calls $6
*** RIVER *** [4d Td 2h 5d] [8h]
vovan4y4ok: checks
Fabulous108: checks
*** SHOW DOWN ***
vovan4y4ok: shows [6h 5s] (a pair of Fives)
Fabulous108: mucks hand
vovan4y4ok collected $35.50 from pot
*** SUMMARY ***
Total pot $36 | Rake $0.50
Board [4d Td 2h 5d 8h]
Seat 2: vovan4y4ok (big blind) showed [6h 5s] and won ($35.50) with a pair of Fives
Seat 5: Fabulous108 (button) (small blind) mucked


PokerStars Hand #159165307020:  Hold'em Limit ($3/$6 USD) - 2016/09/27 12:29:28 ET
Table 'Gismonda' 6-max Seat #4 is the button
Seat 4: Great_Kang ($137.80 in chips)
Seat 5: Fabulous108 ($147.20 in chips)
Great_Kang: posts small blind $1
Fabulous108: posts big blind $3
*** HOLE CARDS ***
Great_Kang: raises $3 to $6
Fabulous108: calls $3
*** FLOP *** [8d 3h 7h]
Fabulous108: checks
Great_Kang: bets $3
Fabulous108: calls $3
*** TURN *** [8d 3h 7h] [Ad]
degal76 joins the table at seat #2
Fabulous108: checks
Great_Kang: bets $6
Fabulous108: folds
Uncalled bet ($6) returned to Great_Kang
Great_Kang collected $17.64 from pot
Great_Kang: doesn't show hand
*** SUMMARY ***
Total pot $18 | Rake $0.36
Board [8d 3h 7h Ad]
Seat 4: Great_Kang (button) (small blind) collected ($17.64)
Seat 5: Fabulous108 (big blind) folded on the Turn


PokerStars Hand #159165350880:  Hold'em Limit ($3/$6 USD) - 2016/09/27 12:30:32 ET
Table 'Gismonda' 6-max Seat #5 is the button
Seat 4: Great_Kang ($171.91 in chips)
Seat 5: Fabulous108 ($138.20 in chips)
Fabulous108: posts small blind $1
degal76: is sitting out
Great_Kang: posts big blind $3
*** HOLE CARDS ***
degal76 leaves the table
Fabulous108: folds
Uncalled bet ($2) returned to Great_Kang
Great_Kang collected $2 from pot
Great_Kang: doesn't show hand
*** SUMMARY ***
Total pot $2 | Rake $0
Seat 4: Great_Kang (big blind) collected ($2)
Seat 5: Fabulous108 (button) (small blind) folded before Flop


