PokerStars Hand #148072714257:  Hold'em Limit ($3/$6 USD) - 2016/02/01 16:05:42 ET
Table 'Gismonda III' 2-max Seat #2 is the button
Seat 1: pazii ($124.52 in chips)
Seat 2: akshadha ($114.64 in chips)
akshadha: posts small blind $1
pazii: posts big blind $3
*** HOLE CARDS ***
akshadha: raises $3 to $6
pazii: raises $3 to $9
akshadha: calls $3
*** FLOP *** [7d 4d 5d]
pazii: checks
akshadha: bets $3
pazii: folds
Uncalled bet ($3) returned to akshadha
akshadha collected $17.64 from pot
*** SUMMARY ***
Total pot $18 | Rake $0.36
Board [7d 4d 5d]
Seat 1: pazii (big blind) folded on the Flop
Seat 2: akshadha (button) (small blind) collected ($17.64)


PokerStars Hand #148072680832:  Hold'em Limit ($3/$6 USD) - 2016/02/01 16:05:13 ET
Table 'Gismonda III' 2-max Seat #1 is the button
Seat 1: pazii ($113 in chips)
Seat 2: akshadha ($126.64 in chips)
pazii: posts small blind $1
akshadha: posts big blind $3
*** HOLE CARDS ***
pazii: raises $3 to $6
akshadha: calls $3
*** FLOP *** [Jh 8d Kd]
akshadha: checks
pazii: checks
*** TURN *** [Jh 8d Kd] [8h]
akshadha: checks
pazii: checks
*** RIVER *** [Jh 8d Kd 8h] [7s]
akshadha: checks
pazii: bets $6
akshadha: calls $6
*** SHOW DOWN ***
pazii: shows [Tc Ts] (two pair, Tens and Eights)
akshadha: mucks hand
pazii collected $23.52 from pot
*** SUMMARY ***
Total pot $24 | Rake $0.48
Board [Jh 8d Kd 8h 7s]
Seat 1: pazii (button) (small blind) showed [Tc Ts] and won ($23.52) with two pair, Tens and Eights
Seat 2: akshadha (big blind) mucked


PokerStars Hand #148072672609:  Hold'em Limit ($3/$6 USD) - 2016/02/01 16:05:05 ET
Table 'Gismonda III' 2-max Seat #2 is the button
Seat 1: pazii ($112 in chips)
Seat 2: akshadha ($127.64 in chips)
akshadha: posts small blind $1
pazii: posts big blind $3
*** HOLE CARDS ***
akshadha: folds
Uncalled bet ($2) returned to pazii
pazii collected $2 from pot
pazii: doesn't show hand
*** SUMMARY ***
Total pot $2 | Rake $0
Seat 1: pazii (big blind) collected ($2)
Seat 2: akshadha (button) (small blind) folded before Flop


PokerStars Hand #148072666237:  Hold'em Limit ($3/$6 USD) - 2016/02/01 16:05:00 ET
Table 'Gismonda III' 2-max Seat #1 is the button
Seat 1: pazii ($113 in chips)
Seat 2: akshadha ($126.64 in chips)
pazii: posts small blind $1
akshadha: posts big blind $3
*** HOLE CARDS ***
pazii: folds
Uncalled bet ($2) returned to akshadha
akshadha collected $2 from pot
*** SUMMARY ***
Total pot $2 | Rake $0
Seat 1: pazii (button) (small blind) folded before Flop
Seat 2: akshadha (big blind) collected ($2)


PokerStars Hand #148072772123:  Hold'em Limit ($3/$6 USD) - 2016/02/01 16:06:32 ET
Table 'Gismonda III' 2-max Seat #2 is the button
Seat 1: pazii ($103.52 in chips)
Seat 2: akshadha ($134.80 in chips)
akshadha: posts small blind $1
pazii: posts big blind $3
*** HOLE CARDS ***
akshadha: raises $3 to $6
pazii: calls $3
*** FLOP *** [8s 9d 5c]
pazii: checks
akshadha: bets $3
pazii: calls $3
*** TURN *** [8s 9d 5c] [Jh]
pazii: checks
akshadha: bets $6
pazii: calls $6
*** RIVER *** [8s 9d 5c Jh] [4s]
pazii: checks
akshadha: bets $6
pazii: folds
Uncalled bet ($6) returned to akshadha
akshadha collected $29.50 from pot
*** SUMMARY ***
Total pot $30 | Rake $0.50
Board [8s 9d 5c Jh 4s]
Seat 1: pazii (big blind) folded on the River
Seat 2: akshadha (button) (small blind) collected ($29.50)


PokerStars Hand #148072766802:  Hold'em Limit ($3/$6 USD) - 2016/02/01 16:06:28 ET
Table 'Gismonda III' 2-max Seat #1 is the button
Seat 1: pazii ($104.52 in chips)
Seat 2: akshadha ($133.80 in chips)
pazii: posts small blind $1
akshadha: posts big blind $3
*** HOLE CARDS ***
pazii: folds
Uncalled bet ($2) returned to akshadha
akshadha collected $2 from pot
*** SUMMARY ***
Total pot $2 | Rake $0
Seat 1: pazii (button) (small blind) folded before Flop
Seat 2: akshadha (big blind) collected ($2)


PokerStars Hand #148072760602:  Hold'em Limit ($3/$6 USD) - 2016/02/01 16:06:22 ET
Table 'Gismonda III' 2-max Seat #2 is the button
Seat 1: pazii ($103.52 in chips)
Seat 2: akshadha ($134.80 in chips)
akshadha: posts small blind $1
pazii: posts big blind $3
*** HOLE CARDS ***
akshadha: folds
Uncalled bet ($2) returned to pazii
pazii collected $2 from pot
pazii: doesn't show hand
*** SUMMARY ***
Total pot $2 | Rake $0
Seat 1: pazii (big blind) collected ($2)
Seat 2: akshadha (button) (small blind) folded before Flop


PokerStars Hand #148072736000:  Hold'em Limit ($3/$6 USD) - 2016/02/01 16:06:01 ET
Table 'Gismonda III' 2-max Seat #1 is the button
Seat 1: pazii ($115.52 in chips)
Seat 2: akshadha ($123.28 in chips)
pazii: posts small blind $1
akshadha: posts big blind $3
*** HOLE CARDS ***
pazii: raises $3 to $6
akshadha: calls $3
*** FLOP *** [As 4d 7s]
akshadha: checks
pazii: checks
*** TURN *** [As 4d 7s] [5c]
akshadha: bets $6
pazii: calls $6
*** RIVER *** [As 4d 7s 5c] [6s]
akshadha: bets $6
pazii: folds
Uncalled bet ($6) returned to akshadha
akshadha collected $23.52 from pot
*** SUMMARY ***
Total pot $24 | Rake $0.48
Board [As 4d 7s 5c 6s]
Seat 1: pazii (button) (small blind) folded on the River
Seat 2: akshadha (big blind) collected ($23.52)


PokerStars Hand #148072855977:  Hold'em Limit ($3/$6 USD) - 2016/02/01 16:07:46 ET
Table 'Gismonda III' 2-max Seat #2 is the button
Seat 1: pazii ($104.02 in chips)
Seat 2: akshadha ($132.80 in chips)
akshadha: posts small blind $1
pazii: posts big blind $3
*** HOLE CARDS ***
akshadha: folds
Uncalled bet ($2) returned to pazii
pazii collected $2 from pot
pazii: doesn't show hand
*** SUMMARY ***
Total pot $2 | Rake $0
Seat 1: pazii (big blind) collected ($2)
Seat 2: akshadha (button) (small blind) folded before Flop


PokerStars Hand #148072833860:  Hold'em Limit ($3/$6 USD) - 2016/02/01 16:07:27 ET
Table 'Gismonda III' 2-max Seat #1 is the button
Seat 1: pazii ($119.02 in chips)
Seat 2: akshadha ($118.30 in chips)
pazii: posts small blind $1
akshadha: posts big blind $3
*** HOLE CARDS ***
pazii: raises $3 to $6
akshadha: calls $3
*** FLOP *** [Ad 9s Qc]
akshadha: checks
pazii: bets $3
akshadha: calls $3
*** TURN *** [Ad 9s Qc] [6h]
akshadha: checks
pazii: checks
*** RIVER *** [Ad 9s Qc 6h] [3c]
akshadha: bets $6
pazii: calls $6
*** SHOW DOWN ***
akshadha: shows [Qh 7c] (a pair of Queens)
pazii: mucks hand
akshadha collected $29.50 from pot
*** SUMMARY ***
Total pot $30 | Rake $0.50
Board [Ad 9s Qc 6h 3c]
Seat 1: pazii (button) (small blind) mucked
Seat 2: akshadha (big blind) showed [Qh 7c] and won ($29.50) with a pair of Queens


PokerStars Hand #148072827737:  Hold'em Limit ($3/$6 USD) - 2016/02/01 16:07:21 ET
Table 'Gismonda III' 2-max Seat #2 is the button
Seat 1: pazii ($118.02 in chips)
Seat 2: akshadha ($119.30 in chips)
akshadha: posts small blind $1
pazii: posts big blind $3
*** HOLE CARDS ***
akshadha: folds
Uncalled bet ($2) returned to pazii
pazii collected $2 from pot
pazii: doesn't show hand
*** SUMMARY ***
Total pot $2 | Rake $0
Seat 1: pazii (big blind) collected ($2)
Seat 2: akshadha (button) (small blind) folded before Flop


PokerStars Hand #148072798726:  Hold'em Limit ($3/$6 USD) - 2016/02/01 16:06:56 ET
Table 'Gismonda III' 2-max Seat #1 is the button
Seat 1: pazii ($88.52 in chips)
Seat 2: akshadha ($149.30 in chips)
pazii: posts small blind $1
akshadha: posts big blind $3
*** HOLE CARDS ***
pazii: raises $3 to $6
akshadha: raises $3 to $9
pazii: calls $3
*** FLOP *** [Tc 4c 5s]
akshadha: bets $3
pazii: calls $3
*** TURN *** [Tc 4c 5s] [7h]
akshadha: bets $6
pazii: calls $6
*** RIVER *** [Tc 4c 5s 7h] [8h]
akshadha: bets $6
pazii: raises $6 to $12
akshadha: calls $6
*** SHOW DOWN ***
pazii: shows [9s 6d] (a straight, Six to Ten)
akshadha: mucks hand
pazii collected $59.50 from pot
*** SUMMARY ***
Total pot $60 | Rake $0.50
Board [Tc 4c 5s 7h 8h]
Seat 1: pazii (button) (small blind) showed [9s 6d] and won ($59.50) with a straight, Six to Ten
Seat 2: akshadha (big blind) mucked


PokerStars Hand #148072913919:  Hold'em Limit ($3/$6 USD) - 2016/02/01 16:08:37 ET
Table 'Gismonda III' 2-max Seat #2 is the button
Seat 1: pazii ($96.66 in chips)
Seat 2: akshadha ($139.30 in chips)
akshadha: posts small blind $1
pazii: posts big blind $3
*** HOLE CARDS ***
akshadha: folds
Uncalled bet ($2) returned to pazii
pazii collected $2 from pot
pazii: doesn't show hand
*** SUMMARY ***
Total pot $2 | Rake $0
Seat 1: pazii (big blind) collected ($2)
Seat 2: akshadha (button) (small blind) folded before Flop


PokerStars Hand #148072891265:  Hold'em Limit ($3/$6 USD) - 2016/02/01 16:08:17 ET
Table 'Gismonda III' 2-max Seat #1 is the button
Seat 1: pazii ($88.02 in chips)
Seat 2: akshadha ($148.30 in chips)
pazii: posts small blind $1
akshadha: posts big blind $3
*** HOLE CARDS ***
pazii: raises $3 to $6
akshadha: raises $3 to $9
pazii: calls $3
*** FLOP *** [7c 5d Qd]
akshadha: checks
pazii: checks
*** TURN *** [7c 5d Qd] [Td]
akshadha: checks
pazii: bets $6
akshadha: folds
Uncalled bet ($6) returned to pazii
pazii collected $17.64 from pot
pazii: doesn't show hand
*** SUMMARY ***
Total pot $18 | Rake $0.36
Board [7c 5d Qd Td]
Seat 1: pazii (button) (small blind) collected ($17.64)
Seat 2: akshadha (big blind) folded on the Turn


PokerStars Hand #148072862409:  Hold'em Limit ($3/$6 USD) - 2016/02/01 16:07:52 ET
Table 'Gismonda III' 2-max Seat #1 is the button
Seat 1: pazii ($105.02 in chips)
Seat 2: akshadha ($131.80 in chips)
pazii: posts small blind $1
akshadha: posts big blind $3
*** HOLE CARDS ***
pazii: raises $3 to $6
akshadha: raises $3 to $9
pazii: calls $3
*** FLOP *** [9s Jc 8c]
akshadha: bets $3
pazii: calls $3
*** TURN *** [9s Jc 8c] [9d]
akshadha: bets $6
pazii: calls $6
*** RIVER *** [9s Jc 8c 9d] [8s]
akshadha: checks
pazii: checks
*** SHOW DOWN ***
akshadha: shows [6s Ac] (two pair, Nines and Eights)
pazii: mucks hand
akshadha collected $35.50 from pot
*** SUMMARY ***
Total pot $36 | Rake $0.50
Board [9s Jc 8c 9d 8s]
Seat 1: pazii (button) (small blind) mucked
Seat 2: akshadha (big blind) showed [6s Ac] and won ($35.50) with two pair, Nines and Eights


PokerStars Hand #148072983218:  Hold'em Limit ($3/$6 USD) - 2016/02/01 16:09:38 ET
Table 'Gismonda III' 2-max Seat #1 is the button
Seat 1: pazii ($106.16 in chips)
Seat 2: akshadha ($128.80 in chips)
pazii: posts small blind $1
akshadha: posts big blind $3
*** HOLE CARDS ***
pazii: folds
Uncalled bet ($2) returned to akshadha
akshadha collected $2 from pot
*** SUMMARY ***
Total pot $2 | Rake $0
Seat 1: pazii (button) (small blind) folded before Flop
Seat 2: akshadha (big blind) collected ($2)


PokerStars Hand #148072949099:  Hold'em Limit ($3/$6 USD) - 2016/02/01 16:09:08 ET
Table 'Gismonda III' 2-max Seat #2 is the button
Seat 1: pazii ($127.16 in chips)
Seat 2: akshadha ($108.30 in chips)
akshadha: posts small blind $1
pazii: posts big blind $3
*** HOLE CARDS ***
akshadha: raises $3 to $6
pazii: raises $3 to $9
akshadha: raises $3 to $12
Betting is capped
pazii: calls $3
*** FLOP *** [Ks 6s 7d]
pazii: checks
akshadha: bets $3
pazii: calls $3
*** TURN *** [Ks 6s 7d] [Jd]
pazii: checks
akshadha: checks
*** RIVER *** [Ks 6s 7d Jd] [7s]
pazii: bets $6
akshadha: raises $6 to $12
pazii: folds
Uncalled bet ($6) returned to akshadha
akshadha collected $41.50 from pot
*** SUMMARY ***
Total pot $42 | Rake $0.50
Board [Ks 6s 7d Jd 7s]
Seat 1: pazii (big blind) folded on the River
Seat 2: akshadha (button) (small blind) collected ($41.50)


PokerStars Hand #148072920551:  Hold'em Limit ($3/$6 USD) - 2016/02/01 16:08:43 ET
Table 'Gismonda III' 2-max Seat #1 is the button
Seat 1: pazii ($97.66 in chips)
Seat 2: akshadha ($138.30 in chips)
pazii: posts small blind $1
akshadha: posts big blind $3
*** HOLE CARDS ***
pazii: raises $3 to $6
akshadha: raises $3 to $9
pazii: calls $3
*** FLOP *** [6s 2h Ac]
akshadha: bets $3
pazii: calls $3
*** TURN *** [6s 2h Ac] [6c]
akshadha: bets $6
pazii: raises $6 to $12
akshadha: calls $6
*** RIVER *** [6s 2h Ac 6c] [5s]
akshadha: checks
pazii: bets $6
akshadha: calls $6
*** SHOW DOWN ***
pazii: shows [Kd 6d] (three of a kind, Sixes)
akshadha: mucks hand
pazii collected $59.50 from pot
*** SUMMARY ***
Total pot $60 | Rake $0.50
Board [6s 2h Ac 6c 5s]
Seat 1: pazii (button) (small blind) showed [Kd 6d] and won ($59.50) with three of a kind, Sixes
Seat 2: akshadha (big blind) mucked


PokerStars Hand #148073039189:  Hold'em Limit ($3/$6 USD) - 2016/02/01 16:10:27 ET
Table 'Gismonda III' 2-max Seat #1 is the button
Seat 1: pazii ($99.66 in chips)
Seat 2: akshadha ($134.30 in chips)
pazii: posts small blind $1
akshadha: posts big blind $3
*** HOLE CARDS ***
pazii: raises $3 to $6
akshadha: calls $3
*** FLOP *** [Ts 4s Jd]
akshadha: checks
pazii: bets $3
akshadha: calls $3
*** TURN *** [Ts 4s Jd] [Qs]
akshadha: checks
pazii: bets $6
akshadha: folds
Uncalled bet ($6) returned to pazii
pazii collected $17.64 from pot
pazii: doesn't show hand
*** SUMMARY ***
Total pot $18 | Rake $0.36
Board [Ts 4s Jd Qs]
Seat 1: pazii (button) (small blind) collected ($17.64)
Seat 2: akshadha (big blind) folded on the Turn


PokerStars Hand #148073032330:  Hold'em Limit ($3/$6 USD) - 2016/02/01 16:10:21 ET
Table 'Gismonda III' 2-max Seat #2 is the button
Seat 1: pazii ($98.66 in chips)
Seat 2: akshadha ($135.30 in chips)
akshadha: posts small blind $1
pazii: posts big blind $3
*** HOLE CARDS ***
akshadha: folds
Uncalled bet ($2) returned to pazii
pazii collected $2 from pot
pazii: doesn't show hand
*** SUMMARY ***
Total pot $2 | Rake $0
Seat 1: pazii (big blind) collected ($2)
Seat 2: akshadha (button) (small blind) folded before Flop


PokerStars Hand #148073011068:  Hold'em Limit ($3/$6 USD) - 2016/02/01 16:10:02 ET
Table 'Gismonda III' 2-max Seat #1 is the button
Seat 1: pazii ($122.66 in chips)
Seat 2: akshadha ($111.80 in chips)
pazii: posts small blind $1
akshadha: posts big blind $3
*** HOLE CARDS ***
pazii: raises $3 to $6
akshadha: calls $3
*** FLOP *** [7s 6d Js]
akshadha: checks
pazii: checks
*** TURN *** [7s 6d Js] [Kd]
akshadha: bets $6
pazii: raises $6 to $12
akshadha: raises $6 to $18
pazii: calls $6
*** RIVER *** [7s 6d Js Kd] [5c]
akshadha: bets $6
pazii: folds
Uncalled bet ($6) returned to akshadha
akshadha collected $47.50 from pot
*** SUMMARY ***
Total pot $48 | Rake $0.50
Board [7s 6d Js Kd 5c]
Seat 1: pazii (button) (small blind) folded on the River
Seat 2: akshadha (big blind) collected ($47.50)


PokerStars Hand #148072988834:  Hold'em Limit ($3/$6 USD) - 2016/02/01 16:09:43 ET
Table 'Gismonda III' 2-max Seat #2 is the button
Seat 1: pazii ($105.16 in chips)
Seat 2: akshadha ($129.80 in chips)
akshadha: posts small blind $1
pazii: posts big blind $3
*** HOLE CARDS ***
akshadha: raises $3 to $6
pazii: calls $3
*** FLOP *** [7s 3c Qh]
pazii: checks
akshadha: checks
*** TURN *** [7s 3c Qh] [5d]
pazii: bets $6
akshadha: calls $6
*** RIVER *** [7s 3c Qh 5d] [Kd]
pazii: bets $6
akshadha: calls $6
*** SHOW DOWN ***
pazii: shows [Tc 5s] (a pair of Fives)
akshadha: mucks hand
pazii collected $35.50 from pot
*** SUMMARY ***
Total pot $36 | Rake $0.50
Board [7s 3c Qh 5d Kd]
Seat 1: pazii (big blind) showed [Tc 5s] and won ($35.50) with a pair of Fives
Seat 2: akshadha (button) (small blind) mucked


PokerStars Hand #148073091222:  Hold'em Limit ($3/$6 USD) - 2016/02/01 16:11:13 ET
Table 'Gismonda III' 2-max Seat #1 is the button
Seat 1: pazii ($134.80 in chips)
Seat 2: akshadha ($98.30 in chips)
pazii: posts small blind $1
akshadha: posts big blind $3
*** HOLE CARDS ***
pazii: raises $3 to $6
akshadha: raises $3 to $9
pazii: calls $3
*** FLOP *** [Js 9d Ac]
akshadha: bets $3
pazii: calls $3
*** TURN *** [Js 9d Ac] [8h]
akshadha: bets $6
pazii: calls $6
*** RIVER *** [Js 9d Ac 8h] [3c]
akshadha: bets $6
pazii: folds
Uncalled bet ($6) returned to akshadha
akshadha collected $35.50 from pot
*** SUMMARY ***
Total pot $36 | Rake $0.50
Board [Js 9d Ac 8h 3c]
Seat 1: pazii (button) (small blind) folded on the River
Seat 2: akshadha (big blind) collected ($35.50)


PokerStars Hand #148073060983:  Hold'em Limit ($3/$6 USD) - 2016/02/01 16:10:46 ET
Table 'Gismonda III' 2-max Seat #2 is the button
Seat 1: pazii ($108.30 in chips)
Seat 2: akshadha ($125.30 in chips)
akshadha: posts small blind $1
pazii: posts big blind $3
*** HOLE CARDS ***
akshadha: raises $3 to $6
pazii: calls $3
*** FLOP *** [Ks Ac Ts]
pazii: checks
akshadha: bets $3
pazii: raises $3 to $6
akshadha: raises $3 to $9
pazii: calls $3
*** TURN *** [Ks Ac Ts] [7s]
pazii: checks
akshadha: bets $6
pazii: calls $6
*** RIVER *** [Ks Ac Ts 7s] [8c]
pazii: checks
akshadha: bets $6
pazii: calls $6
*** SHOW DOWN ***
akshadha: shows [9h 9s] (a pair of Nines)
pazii: shows [As 2h] (a pair of Aces)
pazii collected $53.50 from pot
*** SUMMARY ***
Total pot $54 | Rake $0.50
Board [Ks Ac Ts 7s 8c]
Seat 1: pazii (big blind) showed [As 2h] and won ($53.50) with a pair of Aces
Seat 2: akshadha (button) (small blind) showed [9h 9s] and lost with a pair of Nines


PokerStars Hand #148073198449:  Hold'em Limit ($3/$6 USD) - 2016/02/01 16:12:47 ET
Table 'Gismonda III' 2-max Seat #2 is the button
Seat 1: pazii ($135.30 in chips)
Seat 2: akshadha ($96.30 in chips)
akshadha: posts small blind $1
pazii: posts big blind $3
*** HOLE CARDS ***
akshadha: folds
Uncalled bet ($2) returned to pazii
akshadha leaves the table
pazii collected $2 from pot
pazii: doesn't show hand
*** SUMMARY ***
Total pot $2 | Rake $0
Seat 1: pazii (big blind) collected ($2)
Seat 2: akshadha (button) (small blind) folded before Flop


PokerStars Hand #148073168892:  Hold'em Limit ($3/$6 USD) - 2016/02/01 16:12:21 ET
Table 'Gismonda III' 2-max Seat #1 is the button
Seat 1: pazii ($99.80 in chips)
Seat 2: akshadha ($132.30 in chips)
pazii: posts small blind $1
akshadha: posts big blind $3
*** HOLE CARDS ***
pazii: raises $3 to $6
akshadha: raises $3 to $9
pazii: calls $3
*** FLOP *** [3s 3c 6d]
akshadha: bets $3
pazii: calls $3
*** TURN *** [3s 3c 6d] [Kd]
akshadha: bets $6
pazii: raises $6 to $12
akshadha: raises $6 to $18
pazii: calls $6
*** RIVER *** [3s 3c 6d Kd] [9h]
akshadha: bets $6
pazii: calls $6
*** SHOW DOWN ***
akshadha: shows [4c 5s] (a pair of Threes)
pazii: shows [Ks Qc] (two pair, Kings and Threes)
pazii collected $71.50 from pot
*** SUMMARY ***
Total pot $72 | Rake $0.50
Board [3s 3c 6d Kd 9h]
Seat 1: pazii (button) (small blind) showed [Ks Qc] and won ($71.50) with two pair, Kings and Threes
Seat 2: akshadha (big blind) showed [4c 5s] and lost with a pair of Threes


PokerStars Hand #148073160066:  Hold'em Limit ($3/$6 USD) - 2016/02/01 16:12:13 ET
Table 'Gismonda III' 2-max Seat #2 is the button
Seat 1: pazii ($98.80 in chips)
Seat 2: akshadha ($133.30 in chips)
akshadha: posts small blind $1
pazii: posts big blind $3
*** HOLE CARDS ***
akshadha: folds
Uncalled bet ($2) returned to pazii
pazii collected $2 from pot
pazii: doesn't show hand
*** SUMMARY ***
Total pot $2 | Rake $0
Seat 1: pazii (big blind) collected ($2)
Seat 2: akshadha (button) (small blind) folded before Flop


PokerStars Hand #148073152442:  Hold'em Limit ($3/$6 USD) - 2016/02/01 16:12:06 ET
Table 'Gismonda III' 2-max Seat #1 is the button
Seat 1: pazii ($95.80 in chips)
Seat 2: akshadha ($136.30 in chips)
pazii: posts small blind $1
akshadha: posts big blind $3
*** HOLE CARDS ***
pazii: raises $3 to $6
akshadha: folds
Uncalled bet ($3) returned to pazii
pazii collected $6 from pot
pazii: doesn't show hand
*** SUMMARY ***
Total pot $6 | Rake $0
Seat 1: pazii (button) (small blind) collected ($6)
Seat 2: akshadha (big blind) folded before Flop


PokerStars Hand #148073131599:  Hold'em Limit ($3/$6 USD) - 2016/02/01 16:11:48 ET
Table 'Gismonda III' 2-max Seat #2 is the button
Seat 1: pazii ($116.80 in chips)
Seat 2: akshadha ($115.80 in chips)
akshadha: posts small blind $1
pazii: posts big blind $3
*** HOLE CARDS ***
akshadha: raises $3 to $6
pazii: calls $3
*** FLOP *** [4s 6s 5d]
pazii: checks
akshadha: bets $3
pazii: calls $3
*** TURN *** [4s 6s 5d] [3s]
pazii: checks
akshadha: bets $6
pazii: calls $6
*** RIVER *** [4s 6s 5d 3s] [Qh]
pazii: checks
akshadha: bets $6
pazii: calls $6
*** SHOW DOWN ***
akshadha: shows [Ac 7s] (a straight, Three to Seven)
pazii: mucks hand
akshadha collected $41.50 from pot
*** SUMMARY ***
Total pot $42 | Rake $0.50
Board [4s 6s 5d 3s Qh]
Seat 1: pazii (big blind) mucked
Seat 2: akshadha (button) (small blind) showed [Ac 7s] and won ($41.50) with a straight, Three to Seven


