PokerStars Hand #148528836609:  Hold'em Limit ($3/$6 USD) - 2016/02/09 17:15:05 ET
Table 'Gismonda II' 10-max Seat #9 is the button
Seat 1: Zubasa07 ($473 in chips)
Seat 9: perten ($67.84 in chips)
perten: posts small blind $1
Zubasa07: posts big blind $3
*** HOLE CARDS ***
perten: folds
Uncalled bet ($2) returned to Zubasa07
Zubasa07 collected $2 from pot
Zubasa07: doesn't show hand
*** SUMMARY ***
Total pot $2 | Rake $0
Seat 1: Zubasa07 (big blind) collected ($2)
Seat 9: perten (button) (small blind) folded before Flop


PokerStars Hand #148528793452:  Hold'em Limit ($3/$6 USD) - 2016/02/09 17:14:22 ET
Table 'Gismonda II' 10-max Seat #1 is the button
Seat 1: Zubasa07 ($491 in chips)
Seat 9: perten ($50.34 in chips)
Zubasa07: posts small blind $1
perten: posts big blind $3
*** HOLE CARDS ***
Zubasa07: raises $3 to $6
perten: raises $3 to $9
Zubasa07: calls $3
*** FLOP *** [4h 5s 9h]
perten: bets $3
Zubasa07: calls $3
*** TURN *** [4h 5s 9h] [5c]
perten: bets $6
Zubasa07: calls $6
*** RIVER *** [4h 5s 9h 5c] [8s]
perten: bets $6
Zubasa07: folds
Uncalled bet ($6) returned to perten
perten collected $35.50 from pot
perten: doesn't show hand
*** SUMMARY ***
Total pot $36 | Rake $0.50
Board [4h 5s 9h 5c 8s]
Seat 1: Zubasa07 (button) (small blind) folded on the River
Seat 9: perten (big blind) collected ($35.50)


PokerStars Hand #148528728700:  Hold'em Limit ($3/$6 USD) - 2016/02/09 17:13:19 ET
Table 'Gismonda II' 10-max Seat #9 is the button
Seat 1: Zubasa07 ($503 in chips)
Seat 9: perten ($38.82 in chips)
perten: posts small blind $1
Zubasa07: posts big blind $3
*** HOLE CARDS ***
perten: raises $3 to $6
Zubasa07: raises $3 to $9
perten: calls $3
*** FLOP *** [8h Jd 2c]
Zubasa07: bets $3
perten: calls $3
*** TURN *** [8h Jd 2c] [Qs]
Zubasa07: checks
perten: checks
*** RIVER *** [8h Jd 2c Qs] [9h]
Zubasa07: checks
perten: checks
*** SHOW DOWN ***
Zubasa07: shows [6s Ks] (high card King)
perten: shows [4s Ah] (high card Ace)
perten collected $23.52 from pot
*** SUMMARY ***
Total pot $24 | Rake $0.48
Board [8h Jd 2c Qs 9h]
Seat 1: Zubasa07 (big blind) showed [6s Ks] and lost with high card King
Seat 9: perten (button) (small blind) showed [4s Ah] and won ($23.52) with high card Ace


PokerStars Hand #148532650000:  Hold'em Limit ($3/$6 USD) - 2016/02/09 18:21:54 ET
Table 'Gismonda II' 10-max Seat #3 is the button
Seat 2: Zubasa07 ($488.76 in chips)
Seat 3: petethepipe ($84.28 in chips)
petethepipe: posts small blind $1
Zubasa07: posts big blind $3
*** HOLE CARDS ***
petethepipe: folds
Uncalled bet ($2) returned to Zubasa07
Zubasa07 collected $2 from pot
Zubasa07: doesn't show hand
*** SUMMARY ***
Total pot $2 | Rake $0
Seat 2: Zubasa07 (big blind) collected ($2)
Seat 3: petethepipe (button) (small blind) folded before Flop


PokerStars Hand #148532629883:  Hold'em Limit ($3/$6 USD) - 2016/02/09 18:21:31 ET
Table 'Gismonda II' 10-max Seat #2 is the button
Seat 2: Zubasa07 ($506.76 in chips)
Seat 3: petethepipe ($66.78 in chips)
Zubasa07: posts small blind $1
petethepipe: posts big blind $3
*** HOLE CARDS ***
Zubasa07: raises $3 to $6
GoliafUa leaves the table
petethepipe: calls $3
*** FLOP *** [5h Jc 6d]
petethepipe: checks
Zubasa07: bets $3
petethepipe: raises $3 to $6
Zubasa07: calls $3
*** TURN *** [5h Jc 6d] [7h]
petethepipe: bets $6
Zubasa07: calls $6
*** RIVER *** [5h Jc 6d 7h] [9s]
petethepipe: checks
Zubasa07: checks
*** SHOW DOWN ***
petethepipe: shows [7c Th] (a pair of Sevens)
Zubasa07: mucks hand
petethepipe collected $35.50 from pot
*** SUMMARY ***
Total pot $36 | Rake $0.50
Board [5h Jc 6d 7h 9s]
Seat 2: Zubasa07 (button) (small blind) mucked
Seat 3: petethepipe (big blind) showed [7c Th] and won ($35.50) with a pair of Sevens


PokerStars Hand #148532625428:  Hold'em Limit ($3/$6 USD) - 2016/02/09 18:21:26 ET
Table 'Gismonda II' 10-max Seat #3 is the button
Seat 2: Zubasa07 ($505.76 in chips)
Seat 3: petethepipe ($67.78 in chips)
petethepipe: posts small blind $1
Zubasa07: posts big blind $3
*** HOLE CARDS ***
petethepipe: folds
Uncalled bet ($2) returned to Zubasa07
Zubasa07 collected $2 from pot
*** SUMMARY ***
Total pot $2 | Rake $0
Seat 2: Zubasa07 (big blind) collected ($2)
Seat 3: petethepipe (button) (small blind) folded before Flop


PokerStars Hand #148532668105:  Hold'em Limit ($3/$6 USD) - 2016/02/09 18:22:15 ET
Table 'Gismonda II' 10-max Seat #3 is the button
Seat 2: Zubasa07 ($480.76 in chips)
Seat 3: petethepipe ($91.92 in chips)
petethepipe: posts small blind $1
Zubasa07: posts big blind $3
*** HOLE CARDS ***
petethepipe: calls $2
Zubasa07: raises $3 to $6
petethepipe: calls $3
*** FLOP *** [4d 8h 7d]
Zubasa07: bets $3
petethepipe: calls $3
*** TURN *** [4d 8h 7d] [9s]
Zubasa07: bets $6
petethepipe: calls $6
*** RIVER *** [4d 8h 7d 9s] [Qs]
Zubasa07: bets $6
petethepipe: calls $6
*** SHOW DOWN ***
Zubasa07: shows [Th 9c] (a pair of Nines)
petethepipe: shows [9d Ks] (a pair of Nines - King kicker)
petethepipe collected $41.50 from pot
*** SUMMARY ***
Total pot $42 | Rake $0.50
Board [4d 8h 7d 9s Qs]
Seat 2: Zubasa07 (big blind) showed [Th 9c] and lost with a pair of Nines
Seat 3: petethepipe (button) (small blind) showed [9d Ks] and won ($41.50) with a pair of Nines


PokerStars Hand #148532654231:  Hold'em Limit ($3/$6 USD) - 2016/02/09 18:21:59 ET
Table 'Gismonda II' 10-max Seat #2 is the button
Seat 2: Zubasa07 ($489.76 in chips)
Seat 3: petethepipe ($83.28 in chips)
Zubasa07: posts small blind $1
petethepipe: posts big blind $3
*** HOLE CARDS ***
Zubasa07: raises $3 to $6
petethepipe: calls $3
*** FLOP *** [2d 5c Qc]
petethepipe: checks
Zubasa07: bets $3
petethepipe: raises $3 to $6
Zubasa07: folds
Uncalled bet ($3) returned to petethepipe
petethepipe collected $17.64 from pot
*** SUMMARY ***
Total pot $18 | Rake $0.36
Board [2d 5c Qc]
Seat 2: Zubasa07 (button) (small blind) folded on the Flop
Seat 3: petethepipe (big blind) collected ($17.64)


PokerStars Hand #148532753688:  Hold'em Limit ($3/$6 USD) - 2016/02/09 18:23:55 ET
Table 'Gismonda II' 10-max Seat #2 is the button
Seat 2: Zubasa07 ($433.52 in chips)
Seat 3: petethepipe ($137.42 in chips)
Zubasa07: posts small blind $1
petethepipe: posts big blind $3
*** HOLE CARDS ***
Zubasa07: folds
Uncalled bet ($2) returned to petethepipe
petethepipe collected $2 from pot
*** SUMMARY ***
Total pot $2 | Rake $0
Seat 2: Zubasa07 (button) (small blind) folded before Flop
Seat 3: petethepipe (big blind) collected ($2)


PokerStars Hand #148532749517:  Hold'em Limit ($3/$6 USD) - 2016/02/09 18:23:50 ET
Table 'Gismonda II' 10-max Seat #3 is the button
Seat 2: Zubasa07 ($432.52 in chips)
Seat 3: petethepipe ($138.42 in chips)
petethepipe: posts small blind $1
Zubasa07: posts big blind $3
*** HOLE CARDS ***
petethepipe: folds
Uncalled bet ($2) returned to Zubasa07
Zubasa07 collected $2 from pot
Zubasa07: doesn't show hand
*** SUMMARY ***
Total pot $2 | Rake $0
Seat 2: Zubasa07 (big blind) collected ($2)
Seat 3: petethepipe (button) (small blind) folded before Flop


PokerStars Hand #148532739242:  Hold'em Limit ($3/$6 USD) - 2016/02/09 18:23:38 ET
Table 'Gismonda II' 10-max Seat #2 is the button
Seat 2: Zubasa07 ($426.76 in chips)
Seat 3: petethepipe ($144.42 in chips)
Zubasa07: posts small blind $1
petethepipe: posts big blind $3
*** HOLE CARDS ***
Zubasa07: raises $3 to $6
petethepipe: calls $3
*** FLOP *** [2s 9s Ah]
petethepipe: checks
Zubasa07: bets $3
petethepipe: folds
Uncalled bet ($3) returned to Zubasa07
Zubasa07 collected $11.76 from pot
Zubasa07: doesn't show hand
*** SUMMARY ***
Total pot $12 | Rake $0.24
Board [2s 9s Ah]
Seat 2: Zubasa07 (button) (small blind) collected ($11.76)
Seat 3: petethepipe (big blind) folded on the Flop


PokerStars Hand #148532711583:  Hold'em Limit ($3/$6 USD) - 2016/02/09 18:23:06 ET
Table 'Gismonda II' 10-max Seat #3 is the button
Seat 2: Zubasa07 ($444.76 in chips)
Seat 3: petethepipe ($126.92 in chips)
petethepipe: posts small blind $1
Zubasa07: posts big blind $3
*** HOLE CARDS ***
petethepipe: calls $2
Zubasa07: checks
*** FLOP *** [Ts 6c 9s]
Zubasa07: bets $3
petethepipe: calls $3
*** TURN *** [Ts 6c 9s] [Ah]
Zubasa07: bets $6
petethepipe: calls $6
*** RIVER *** [Ts 6c 9s Ah] [8h]
Zubasa07: checks
petethepipe: bets $6
Zubasa07: calls $6
*** SHOW DOWN ***
petethepipe: shows [Th 7d] (a straight, Six to Ten)
Zubasa07: mucks hand
petethepipe collected $35.50 from pot
*** SUMMARY ***
Total pot $36 | Rake $0.50
Board [Ts 6c 9s Ah 8h]
Seat 2: Zubasa07 (big blind) mucked
Seat 3: petethepipe (button) (small blind) showed [Th 7d] and won ($35.50) with a straight, Six to Ten


PokerStars Hand #148532687763:  Hold'em Limit ($3/$6 USD) - 2016/02/09 18:22:39 ET
Table 'Gismonda II' 10-max Seat #2 is the button
Seat 2: Zubasa07 ($459.76 in chips)
Seat 3: petethepipe ($112.42 in chips)
Zubasa07: posts small blind $1
petethepipe: posts big blind $3
*** HOLE CARDS ***
Zubasa07: raises $3 to $6
petethepipe: calls $3
*** FLOP *** [8c Tc As]
petethepipe: checks
Zubasa07: bets $3
petethepipe: calls $3
*** TURN *** [8c Tc As] [4h]
petethepipe: checks
Zubasa07: checks
*** RIVER *** [8c Tc As 4h] [7c]
petethepipe: bets $6
Zubasa07: calls $6
*** SHOW DOWN ***
petethepipe: shows [9c 6h] (a straight, Six to Ten)
Zubasa07: mucks hand
petethepipe collected $29.50 from pot
*** SUMMARY ***
Total pot $30 | Rake $0.50
Board [8c Tc As 4h 7c]
Seat 2: Zubasa07 (button) (small blind) mucked
Seat 3: petethepipe (big blind) showed [9c 6h] and won ($29.50) with a straight, Six to Ten


PokerStars Hand #148532785495:  Hold'em Limit ($3/$6 USD) - 2016/02/09 18:24:33 ET
Table 'Gismonda II' 10-max Seat #3 is the button
Seat 2: Zubasa07 ($449.80 in chips)
Seat 3: petethepipe ($120.42 in chips)
petethepipe: posts small blind $1
Zubasa07: posts big blind $3
*** HOLE CARDS ***
petethepipe: calls $2
Zubasa07: raises $3 to $6
petethepipe: calls $3
*** FLOP *** [Jd 3d 7d]
Zubasa07: bets $3
petethepipe: calls $3
*** TURN *** [Jd 3d 7d] [2s]
Zubasa07: bets $6
petethepipe: folds
Uncalled bet ($6) returned to Zubasa07
Zubasa07 collected $17.64 from pot
Zubasa07: doesn't show hand
*** SUMMARY ***
Total pot $18 | Rake $0.36
Board [Jd 3d 7d 2s]
Seat 2: Zubasa07 (big blind) collected ($17.64)
Seat 3: petethepipe (button) (small blind) folded on the Turn


PokerStars Hand #148532759025:  Hold'em Limit ($3/$6 USD) - 2016/02/09 18:24:01 ET
Table 'Gismonda II' 10-max Seat #3 is the button
Seat 2: Zubasa07 ($432.52 in chips)
Seat 3: petethepipe ($138.42 in chips)
petethepipe: posts small blind $1
Zubasa07: posts big blind $3
*** HOLE CARDS ***
petethepipe: raises $3 to $6
Zubasa07: calls $3
*** FLOP *** [Qd Qs 9s]
Zubasa07: checks
petethepipe: checks
*** TURN *** [Qd Qs 9s] [Ah]
Zubasa07: checks
petethepipe: bets $6
Zubasa07: calls $6
*** RIVER *** [Qd Qs 9s Ah] [Ts]
Zubasa07: checks
petethepipe: checks
*** SHOW DOWN ***
Zubasa07: shows [3c Kh] (a pair of Queens)
petethepipe: mucks hand
Zubasa07 collected $23.52 from pot
*** SUMMARY ***
Total pot $24 | Rake $0.48
Board [Qd Qs 9s Ah Ts]
Seat 2: Zubasa07 (big blind) showed [3c Kh] and won ($23.52) with a pair of Queens
Seat 3: petethepipe (button) (small blind) mucked


PokerStars Hand #148532775886:  Hold'em Limit ($3/$6 USD) - 2016/02/09 18:24:21 ET
Table 'Gismonda II' 10-max Seat #2 is the button
Seat 2: Zubasa07 ($444.04 in chips)
Seat 3: petethepipe ($126.42 in chips)
Zubasa07: posts small blind $1
petethepipe: posts big blind $3
*** HOLE CARDS ***
Zubasa07: raises $3 to $6
petethepipe: calls $3
*** FLOP *** [Jc Ks 2c]
petethepipe: checks
Zubasa07: bets $3
petethepipe: folds
Uncalled bet ($3) returned to Zubasa07
Zubasa07 collected $11.76 from pot
Zubasa07: doesn't show hand
*** SUMMARY ***
Total pot $12 | Rake $0.24
Board [Jc Ks 2c]
Seat 2: Zubasa07 (button) (small blind) collected ($11.76)
Seat 3: petethepipe (big blind) folded on the Flop


PokerStars Hand #148532798261:  Hold'em Limit ($3/$6 USD) - 2016/02/09 18:24:48 ET
Table 'Gismonda II' 10-max Seat #2 is the button
Seat 2: Zubasa07 ($458.44 in chips)
Seat 3: petethepipe ($111.42 in chips)
Zubasa07: posts small blind $1
petethepipe: posts big blind $3
*** HOLE CARDS ***
Zubasa07: raises $3 to $6
petethepipe: calls $3
*** FLOP *** [7d 2s 5c]
petethepipe: checks
Zubasa07: bets $3
petethepipe: raises $3 to $6
Zubasa07: calls $3
*** TURN *** [7d 2s 5c] [7h]
petethepipe: bets $6
Zubasa07: calls $6
*** RIVER *** [7d 2s 5c 7h] [3c]
petethepipe: checks
Zubasa07: bets $6
petethepipe: raises $6 to $12
Pokali joins the table at seat #4
Zubasa07: calls $6
*** SHOW DOWN ***
petethepipe: shows [Ah 7c] (three of a kind, Sevens)
Zubasa07: mucks hand
petethepipe collected $59.50 from pot
*** SUMMARY ***
Total pot $60 | Rake $0.50
Board [7d 2s 5c 7h 3c]
Seat 2: Zubasa07 (button) (small blind) mucked
Seat 3: petethepipe (big blind) showed [Ah 7c] and won ($59.50) with three of a kind, Sevens


PokerStars Hand #148533969191:  Hold'em Limit ($3/$6 USD) - 2016/02/09 18:48:50 ET
Table 'Gismonda II' 10-max Seat #4 is the button
Seat 3: petethepipe ($153.66 in chips)
Seat 4: Pokali ($285.88 in chips)
Pokali: posts small blind $1
GRAILKO: is sitting out
axxitz leaves the table
petethepipe: posts big blind $3
*** HOLE CARDS ***
Pokali: raises $3 to $6
petethepipe: calls $3
*** FLOP *** [5s 7s Jh]
GRAILKO leaves the table
petethepipe: checks
Pokali: bets $3
petethepipe: raises $3 to $6
Pokali: calls $3
*** TURN *** [5s 7s Jh] [8s]
petethepipe: bets $6
Pokali: calls $6
*** RIVER *** [5s 7s Jh 8s] [4s]
petethepipe: bets $6
Pokali: calls $6
*** SHOW DOWN ***
petethepipe: shows [Jd 9s] (a flush, Nine high)
Pokali: mucks hand
petethepipe collected $47.50 from pot
*** SUMMARY ***
Total pot $48 | Rake $0.50
Board [5s 7s Jh 8s 4s]
Seat 3: petethepipe (big blind) showed [Jd 9s] and won ($47.50) with a flush, Nine high
Seat 4: Pokali (button) (small blind) mucked


PokerStars Hand #148534017764:  Hold'em Limit ($3/$6 USD) - 2016/02/09 18:49:52 ET
Table 'Gismonda II' 10-max Seat #3 is the button
Seat 3: petethepipe ($158.92 in chips)
Seat 4: Pokali ($279.02 in chips)
petethepipe: posts small blind $1
Pokali: posts big blind $3
*** HOLE CARDS ***
petethepipe: folds
Uncalled bet ($2) returned to Pokali
Pokali collected $2 from pot
Pokali: doesn't show hand
*** SUMMARY ***
Total pot $2 | Rake $0
Seat 3: petethepipe (button) (small blind) folded before Flop
Seat 4: Pokali (big blind) collected ($2)


PokerStars Hand #148534011177:  Hold'em Limit ($3/$6 USD) - 2016/02/09 18:49:44 ET
Table 'Gismonda II' 10-max Seat #4 is the button
Seat 3: petethepipe ($164.92 in chips)
Seat 4: Pokali ($273.26 in chips)
Pokali: posts small blind $1
petethepipe: posts big blind $3
*** HOLE CARDS ***
Pokali: raises $3 to $6
petethepipe: calls $3
*** FLOP *** [2d 7s Tc]
petethepipe: checks
Pokali: bets $3
petethepipe: folds
Uncalled bet ($3) returned to Pokali
Pokali collected $11.76 from pot
Pokali: doesn't show hand
*** SUMMARY ***
Total pot $12 | Rake $0.24
Board [2d 7s Tc]
Seat 3: petethepipe (big blind) folded on the Flop
Seat 4: Pokali (button) (small blind) collected ($11.76)


PokerStars Hand #148534002805:  Hold'em Limit ($3/$6 USD) - 2016/02/09 18:49:33 ET
Table 'Gismonda II' 10-max Seat #3 is the button
Seat 3: petethepipe ($159.16 in chips)
Seat 4: Pokali ($279.26 in chips)
petethepipe: posts small blind $1
Pokali: posts big blind $3
*** HOLE CARDS ***
petethepipe: raises $3 to $6
Pokali: calls $3
*** FLOP *** [4s Js 2d]
Pokali: checks
petethepipe: bets $3
Pokali: folds
Uncalled bet ($3) returned to petethepipe
petethepipe collected $11.76 from pot
*** SUMMARY ***
Total pot $12 | Rake $0.24
Board [4s Js 2d]
Seat 3: petethepipe (button) (small blind) collected ($11.76)
Seat 4: Pokali (big blind) folded on the Flop


PokerStars Hand #148533990080:  Hold'em Limit ($3/$6 USD) - 2016/02/09 18:49:17 ET
Table 'Gismonda II' 10-max Seat #4 is the button
Seat 3: petethepipe ($174.16 in chips)
Seat 4: Pokali ($264.76 in chips)
Pokali: posts small blind $1
petethepipe: posts big blind $3
*** HOLE CARDS ***
Pokali: raises $3 to $6
petethepipe: calls $3
*** FLOP *** [4d Td Kd]
petethepipe: bets $3
Pokali: calls $3
*** TURN *** [4d Td Kd] [6s]
petethepipe: bets $6
Pokali: calls $6
*** RIVER *** [4d Td Kd 6s] [7h]
petethepipe: checks
Pokali: checks
*** SHOW DOWN ***
petethepipe: shows [3s Jh] (high card King)
Pokali: shows [Qd 9h] (high card King - Queen kicker)
Pokali collected $29.50 from pot
*** SUMMARY ***
Total pot $30 | Rake $0.50
Board [4d Td Kd 6s 7h]
Seat 3: petethepipe (big blind) showed [3s Jh] and lost with high card King
Seat 4: Pokali (button) (small blind) showed [Qd 9h] and won ($29.50) with high card King


PokerStars Hand #148533982821:  Hold'em Limit ($3/$6 USD) - 2016/02/09 18:49:08 ET
Table 'Gismonda II' 10-max Seat #3 is the button
Seat 3: petethepipe ($177.16 in chips)
Seat 4: Pokali ($261.88 in chips)
petethepipe: posts small blind $1
Pokali: posts big blind $3
*** HOLE CARDS ***
petethepipe: calls $2
Pokali: checks
*** FLOP *** [Th Ks 8h]
Pokali: bets $3
petethepipe: folds
Uncalled bet ($3) returned to Pokali
Pokali collected $5.88 from pot
Pokali: doesn't show hand
*** SUMMARY ***
Total pot $6 | Rake $0.12
Board [Th Ks 8h]
Seat 3: petethepipe (button) (small blind) folded on the Flop
Seat 4: Pokali (big blind) collected ($5.88)


PokerStars Hand #148534037391:  Hold'em Limit ($3/$6 USD) - 2016/02/09 18:50:18 ET
Table 'Gismonda II' 10-max Seat #3 is the button
Seat 3: petethepipe ($142.92 in chips)
Seat 4: Pokali ($294.52 in chips)
petethepipe: posts small blind $1
Pokali: posts big blind $3
*** HOLE CARDS ***
petethepipe: folds
Uncalled bet ($2) returned to Pokali
Pokali collected $2 from pot
Pokali: doesn't show hand
*** SUMMARY ***
Total pot $2 | Rake $0
Seat 3: petethepipe (button) (small blind) folded before Flop
Seat 4: Pokali (big blind) collected ($2)


PokerStars Hand #148534021739:  Hold'em Limit ($3/$6 USD) - 2016/02/09 18:49:58 ET
Table 'Gismonda II' 10-max Seat #4 is the button
Seat 3: petethepipe ($157.92 in chips)
Seat 4: Pokali ($280.02 in chips)
Pokali: posts small blind $1
petethepipe: posts big blind $3
*** HOLE CARDS ***
Pokali: raises $3 to $6
petethepipe: calls $3
*** FLOP *** [5h 4c 6s]
petethepipe: checks
Pokali: bets $3
petethepipe: calls $3
*** TURN *** [5h 4c 6s] [4s]
petethepipe: checks
Pokali: bets $6
petethepipe: calls $6
*** RIVER *** [5h 4c 6s 4s] [Qc]
petethepipe: checks
Pokali: checks
*** SHOW DOWN ***
petethepipe: shows [7s Ac] (a pair of Fours)
Pokali: shows [Ks 5c] (two pair, Fives and Fours)
Pokali collected $29.50 from pot
*** SUMMARY ***
Total pot $30 | Rake $0.50
Board [5h 4c 6s 4s Qc]
Seat 3: petethepipe (big blind) showed [7s Ac] and lost with a pair of Fours
Seat 4: Pokali (button) (small blind) showed [Ks 5c] and won ($29.50) with two pair, Fives and Fours


