PokerStars Hand #169498682641:  Hold'em Limit ($3/$6 USD) - 2017/04/24 13:08:16 ET
Table 'Glarona' 6-max Seat #4 is the button
Seat 4: Actionni13 ($150 in chips)
Seat 5: HIGHIQ74 ($120 in chips)
Actionni13: posts small blind $1
HIGHIQ74: posts big blind $3
*** HOLE CARDS ***
Actionni13: raises $3 to $6
Great_Kang joins the table at seat #6
HIGHIQ74: calls $3
*** FLOP *** [2c Jh 7c]
HIGHIQ74: checks
Actionni13: bets $3
HIGHIQ74: folds
Uncalled bet ($3) returned to Actionni13
Actionni13 collected $11.76 from pot
Actionni13: doesn't show hand
*** SUMMARY ***
Total pot $12 | Rake $0.24
Board [2c Jh 7c]
Seat 4: Actionni13 (button) (small blind) collected ($11.76)
Seat 5: HIGHIQ74 (big blind) folded on the Flop


PokerStars Hand #169504719542:  Hold'em Limit ($3/$6 USD) - 2017/04/24 15:12:27 ET
Table 'Glarona' 6-max Seat #1 is the button
Seat 1: feilinho ($96 in chips)
Seat 6: Qvidde ($149.26 in chips)
feilinho: posts small blind $1
krossguard: is sitting out
tilion22: is sitting out
Qvidde: posts big blind $3
*** HOLE CARDS ***
krossguard leaves the table
tilion22 leaves the table
feilinho: raises $3 to $6
Qvidde: calls $3
*** FLOP *** [2c Ah 7h]
Qvidde: checks
feilinho: bets $3
Qvidde: folds
Uncalled bet ($3) returned to feilinho
feilinho collected $11.76 from pot
*** SUMMARY ***
Total pot $12 | Rake $0.24
Board [2c Ah 7h]
Seat 1: feilinho (button) (small blind) collected ($11.76)
Seat 6: Qvidde (big blind) folded on the Flop


