PokerStars Hand #173524857098:  Hold'em Limit ($3/$6 USD) - 2017/07/26 5:50:16 ET
Table 'Glarona' 6-max Seat #1 is the button
Seat 1: aremom4e ($120 in chips)
Seat 4: VolkovDmitri ($120 in chips)
aremom4e: posts small blind $1
scorpio04 joins the table at seat #2
VolkovDmitri: posts big blind $3
*** HOLE CARDS ***
aremom4e: calls $2
VolkovDmitri: raises $3 to $6
aremom4e: calls $3
*** FLOP *** [5c 8c 8d]
VolkovDmitri: bets $3
B_loJkl joins the table at seat #3
aremom4e: raises $3 to $6
VolkovDmitri: raises $3 to $9
aremom4e: calls $3
*** TURN *** [5c 8c 8d] [3c]
VolkovDmitri: bets $6
aremom4e: calls $6
*** RIVER *** [5c 8c 8d 3c] [4s]
VolkovDmitri: bets $6
aremom4e: calls $6
*** SHOW DOWN ***
VolkovDmitri: shows [6c 7s] (a straight, Four to Eight)
aremom4e: mucks hand
VolkovDmitri collected $53.50 from pot
*** SUMMARY ***
Total pot $54 | Rake $0.50
Board [5c 8c 8d 3c 4s]
Seat 1: aremom4e (button) (small blind) mucked
Seat 4: VolkovDmitri (big blind) showed [6c 7s] and won ($53.50) with a straight, Four to Eight


PokerStars Hand #173524870099:  Hold'em Limit ($3/$6 USD) - 2017/07/26 5:50:53 ET
Table 'Glarona' 6-max Seat #4 is the button
Seat 1: aremom4e ($93 in chips)
Seat 4: VolkovDmitri ($146.50 in chips)
VolkovDmitri: posts small blind $1
aremom4e: posts big blind $3
*** HOLE CARDS ***
VolkovDmitri: raises $3 to $6
aremom4e: calls $3
*** FLOP *** [5d 5h 2h]
aremom4e: checks
VolkovDmitri: bets $3
aremom4e: folds
Uncalled bet ($3) returned to VolkovDmitri
VolkovDmitri collected $11.76 from pot
VolkovDmitri: doesn't show hand
*** SUMMARY ***
Total pot $12 | Rake $0.24
Board [5d 5h 2h]
Seat 1: aremom4e (big blind) folded on the Flop
Seat 4: VolkovDmitri (button) (small blind) collected ($11.76)


PokerStars Hand #173525414831:  Hold'em Limit ($3/$6 USD) - 2017/07/26 6:14:30 ET
Table 'Glarona' 6-max Seat #2 is the button
Seat 2: scorpio04 ($213.42 in chips)
Seat 4: nedo1414 ($91.74 in chips)
B_loJkl will be allowed to play after the button
scorpio04: posts small blind $1
nedo1414: posts big blind $3
*** HOLE CARDS ***
scorpio04: raises $3 to $6
nedo1414: folds
Uncalled bet ($3) returned to scorpio04
scorpio04 collected $6 from pot
scorpio04: doesn't show hand
*** SUMMARY ***
Total pot $6 | Rake $0
Seat 2: scorpio04 (button) (small blind) collected ($6)
Seat 4: nedo1414 (big blind) folded before Flop


PokerStars Hand #173528811999:  Hold'em Limit ($3/$6 USD) - 2017/07/26 8:21:41 ET
Table 'Glarona' 6-max Seat #6 is the button
Seat 3: Iseethelight ($218.71 in chips)
Seat 6: Luanto 14 ($360.34 in chips)
Luanto 14: posts small blind $1
scorpio04: is sitting out
Iseethelight: posts big blind $3
*** HOLE CARDS ***
Luanto 14: raises $3 to $6
scorpio04 leaves the table
Iseethelight: calls $3
*** FLOP *** [2h 7c 6s]
Iseethelight: checks
Luanto 14: bets $3
Iseethelight: folds
Uncalled bet ($3) returned to Luanto 14
Luanto 14 collected $11.76 from pot
Luanto 14: doesn't show hand
*** SUMMARY ***
Total pot $12 | Rake $0.24
Board [2h 7c 6s]
Seat 3: Iseethelight (big blind) folded on the Flop
Seat 6: Luanto 14 (button) (small blind) collected ($11.76)


PokerStars Hand #173528842186:  Hold'em Limit ($3/$6 USD) - 2017/07/26 8:22:44 ET
Table 'Glarona' 6-max Seat #3 is the button
Seat 3: Iseethelight ($203.71 in chips)
Seat 6: Luanto 14 ($374.86 in chips)
Iseethelight: posts small blind $1
Luanto 14: posts big blind $3
*** HOLE CARDS ***
Iseethelight: raises $3 to $6
Luanto 14: calls $3
*** FLOP *** [Js Ad 9c]
Luanto 14: checks
Iseethelight: bets $3
Luanto 14: raises $3 to $6
Iseethelight: raises $3 to $9
Luanto 14: raises $3 to $12
Betting is capped
Iseethelight: calls $3
*** TURN *** [Js Ad 9c] [7s]
Luanto 14: bets $6
Iseethelight: calls $6
*** RIVER *** [Js Ad 9c 7s] [9d]
Luanto 14: bets $6
Iseethelight: folds
Uncalled bet ($6) returned to Luanto 14
Luanto 14 collected $47.50 from pot
Luanto 14: doesn't show hand
*** SUMMARY ***
Total pot $48 | Rake $0.50
Board [Js Ad 9c 7s 9d]
Seat 3: Iseethelight (button) (small blind) folded on the River
Seat 6: Luanto 14 (big blind) collected ($47.50)


PokerStars Hand #173528830466:  Hold'em Limit ($3/$6 USD) - 2017/07/26 8:22:19 ET
Table 'Glarona' 6-max Seat #6 is the button
Seat 3: Iseethelight ($206.71 in chips)
Seat 6: Luanto 14 ($371.86 in chips)
Luanto 14: posts small blind $1
Iseethelight: posts big blind $3
*** HOLE CARDS ***
Luanto 14: folds
Uncalled bet ($2) returned to Iseethelight
Iseethelight collected $2 from pot
Iseethelight: doesn't show hand
*** SUMMARY ***
Total pot $2 | Rake $0
Seat 3: Iseethelight (big blind) collected ($2)
Seat 6: Luanto 14 (button) (small blind) folded before Flop


PokerStars Hand #173528820861:  Hold'em Limit ($3/$6 USD) - 2017/07/26 8:21:59 ET
Table 'Glarona' 6-max Seat #3 is the button
Seat 3: Iseethelight ($212.71 in chips)
Seat 6: Luanto 14 ($366.10 in chips)
Iseethelight: posts small blind $1
Luanto 14: posts big blind $3
*** HOLE CARDS ***
Iseethelight: raises $3 to $6
Luanto 14: calls $3
*** FLOP *** [Qc Th Kh]
Luanto 14: checks
Iseethelight: checks
*** TURN *** [Qc Th Kh] [9s]
Luanto 14: checks
Iseethelight: checks
*** RIVER *** [Qc Th Kh 9s] [4d]
Luanto 14: bets $6
Iseethelight: folds
Uncalled bet ($6) returned to Luanto 14
Luanto 14 collected $11.76 from pot
Luanto 14: doesn't show hand
*** SUMMARY ***
Total pot $12 | Rake $0.24
Board [Qc Th Kh 9s 4d]
Seat 3: Iseethelight (button) (small blind) folded on the River
Seat 6: Luanto 14 (big blind) collected ($11.76)


PokerStars Hand #173528833277:  Hold'em Limit ($3/$6 USD) - 2017/07/26 8:22:25 ET
Table 'Glarona' 6-max Seat #3 is the button
Seat 3: Iseethelight ($207.71 in chips)
Seat 6: Luanto 14 ($370.86 in chips)
Iseethelight: posts small blind $1
Luanto 14: posts big blind $3
*** HOLE CARDS ***
Iseethelight: folds
Uncalled bet ($2) returned to Luanto 14
Luanto 14 collected $2 from pot
Luanto 14: doesn't show hand
*** SUMMARY ***
Total pot $2 | Rake $0
Seat 3: Iseethelight (button) (small blind) folded before Flop
Seat 6: Luanto 14 (big blind) collected ($2)


PokerStars Hand #173528836352:  Hold'em Limit ($3/$6 USD) - 2017/07/26 8:22:32 ET
Table 'Glarona' 6-max Seat #6 is the button
Seat 3: Iseethelight ($206.71 in chips)
Seat 6: Luanto 14 ($371.86 in chips)
Luanto 14: posts small blind $1
Iseethelight: posts big blind $3
*** HOLE CARDS ***
Luanto 14: raises $3 to $6
Iseethelight: folds
Uncalled bet ($3) returned to Luanto 14
Luanto 14 collected $6 from pot
Luanto 14: doesn't show hand
*** SUMMARY ***
Total pot $6 | Rake $0
Seat 3: Iseethelight (big blind) folded before Flop
Seat 6: Luanto 14 (button) (small blind) collected ($6)


PokerStars Hand #173528864324:  Hold'em Limit ($3/$6 USD) - 2017/07/26 8:23:30 ET
Table 'Glarona' 6-max Seat #3 is the button
Seat 3: Iseethelight ($194.21 in chips)
Seat 6: Luanto 14 ($383.36 in chips)
Iseethelight: posts small blind $1
Luanto 14: posts big blind $3
*** HOLE CARDS ***
Iseethelight: raises $3 to $6
Luanto 14: calls $3
*** FLOP *** [7d 5c Kc]
Luanto 14: checks
Iseethelight: bets $3
Luanto 14: raises $3 to $6
Iseethelight: folds
Uncalled bet ($3) returned to Luanto 14
Luanto 14 collected $17.64 from pot
Luanto 14: doesn't show hand
*** SUMMARY ***
Total pot $18 | Rake $0.36
Board [7d 5c Kc]
Seat 3: Iseethelight (button) (small blind) folded on the Flop
Seat 6: Luanto 14 (big blind) collected ($17.64)


PokerStars Hand #173528874285:  Hold'em Limit ($3/$6 USD) - 2017/07/26 8:23:51 ET
Table 'Glarona' 6-max Seat #6 is the button
Seat 3: Iseethelight ($185.21 in chips)
Seat 6: Luanto 14 ($392 in chips)
Luanto 14: posts small blind $1
Iseethelight: posts big blind $3
*** HOLE CARDS ***
Luanto 14: raises $3 to $6
Iseethelight: raises $3 to $9
Luanto 14: calls $3
*** FLOP *** [5c As 2h]
Iseethelight: bets $3
Luanto 14: folds
Uncalled bet ($3) returned to Iseethelight
Iseethelight collected $17.64 from pot
Iseethelight: doesn't show hand
*** SUMMARY ***
Total pot $18 | Rake $0.36
Board [5c As 2h]
Seat 3: Iseethelight (big blind) collected ($17.64)
Seat 6: Luanto 14 (button) (small blind) folded on the Flop


PokerStars Hand #173528851984:  Hold'em Limit ($3/$6 USD) - 2017/07/26 8:23:04 ET
Table 'Glarona' 6-max Seat #6 is the button
Seat 3: Iseethelight ($179.71 in chips)
Seat 6: Luanto 14 ($398.36 in chips)
Luanto 14: posts small blind $1
Iseethelight: posts big blind $3
*** HOLE CARDS ***
Luanto 14: raises $3 to $6
Iseethelight: calls $3
*** FLOP *** [As Jd 6d]
Iseethelight: checks
Luanto 14: bets $3
Iseethelight: calls $3
*** TURN *** [As Jd 6d] [6c]
Iseethelight: checks
Luanto 14: checks
*** RIVER *** [As Jd 6d 6c] [6s]
Iseethelight: bets $6
Luanto 14: calls $6
*** SHOW DOWN ***
Iseethelight: shows [Ad 5h] (a full house, Sixes full of Aces)
Luanto 14: mucks hand
Iseethelight collected $29.50 from pot
*** SUMMARY ***
Total pot $30 | Rake $0.50
Board [As Jd 6d 6c 6s]
Seat 3: Iseethelight (big blind) showed [Ad 5h] and won ($29.50) with a full house, Sixes full of Aces
Seat 6: Luanto 14 (button) (small blind) mucked


PokerStars Hand #173528886534:  Hold'em Limit ($3/$6 USD) - 2017/07/26 8:24:17 ET
Table 'Glarona' 6-max Seat #3 is the button
Seat 3: Iseethelight ($189.85 in chips)
Seat 6: Luanto 14 ($387 in chips)
Iseethelight: posts small blind $1
Luanto 14: posts big blind $3
*** HOLE CARDS ***
TinaTurner72 joins the table at seat #4
Iseethelight: raises $3 to $6
Luanto 14: calls $3
*** FLOP *** [6d 7d 4c]
Luanto 14: checks
Iseethelight: bets $3
Luanto 14: calls $3
*** TURN *** [6d 7d 4c] [8c]
Luanto 14: checks
Iseethelight: bets $6
Luanto 14: folds
Uncalled bet ($6) returned to Iseethelight
Iseethelight collected $17.64 from pot
Iseethelight: doesn't show hand
*** SUMMARY ***
Total pot $18 | Rake $0.36
Board [6d 7d 4c 8c]
Seat 3: Iseethelight (button) (small blind) collected ($17.64)
Seat 6: Luanto 14 (big blind) folded on the Turn


PokerStars Hand #173528883476:  Hold'em Limit ($3/$6 USD) - 2017/07/26 8:24:11 ET
Table 'Glarona' 6-max Seat #6 is the button
Seat 3: Iseethelight ($192.85 in chips)
Seat 6: Luanto 14 ($384 in chips)
Luanto 14: posts small blind $1
Iseethelight: posts big blind $3
*** HOLE CARDS ***
Luanto 14: raises $3 to $6
Iseethelight: folds
Uncalled bet ($3) returned to Luanto 14
Luanto 14 collected $6 from pot
Luanto 14: doesn't show hand
*** SUMMARY ***
Total pot $6 | Rake $0
Seat 3: Iseethelight (big blind) folded before Flop
Seat 6: Luanto 14 (button) (small blind) collected ($6)


PokerStars Hand #173528881067:  Hold'em Limit ($3/$6 USD) - 2017/07/26 8:24:05 ET
Table 'Glarona' 6-max Seat #3 is the button
Seat 3: Iseethelight ($193.85 in chips)
Seat 6: Luanto 14 ($383 in chips)
Iseethelight: posts small blind $1
Luanto 14: posts big blind $3
*** HOLE CARDS ***
Iseethelight: folds
Uncalled bet ($2) returned to Luanto 14
Luanto 14 collected $2 from pot
Luanto 14: doesn't show hand
*** SUMMARY ***
Total pot $2 | Rake $0
Seat 3: Iseethelight (button) (small blind) folded before Flop
Seat 6: Luanto 14 (big blind) collected ($2)


PokerStars Hand #173528901792:  Hold'em Limit ($3/$6 USD) - 2017/07/26 8:24:49 ET
Table 'Glarona' 6-max Seat #6 is the button
Seat 3: Iseethelight ($198.49 in chips)
Seat 6: Luanto 14 ($378 in chips)
Luanto 14: posts small blind $1
Iseethelight: posts big blind $3
*** HOLE CARDS ***
Luanto 14: raises $3 to $6
Iseethelight: raises $3 to $9
Luanto 14: calls $3
*** FLOP *** [Kh 5c 8d]
Iseethelight: bets $3
Luanto 14: calls $3
*** TURN *** [Kh 5c 8d] [8h]
Iseethelight: bets $6
Luanto 14: folds
Uncalled bet ($6) returned to Iseethelight
Iseethelight collected $23.52 from pot
Iseethelight: doesn't show hand
*** SUMMARY ***
Total pot $24 | Rake $0.48
Board [Kh 5c 8d 8h]
Seat 3: Iseethelight (big blind) collected ($23.52)
Seat 6: Luanto 14 (button) (small blind) folded on the Turn


PokerStars Hand #173528950014:  Hold'em Limit ($3/$6 USD) - 2017/07/26 8:26:30 ET
Table 'Glarona' 6-max Seat #6 is the button
Seat 4: TinaTurner72 ($81 in chips)
Seat 6: Luanto 14 ($403.63 in chips)
Luanto 14: posts small blind $1
Iseethelight: is sitting out
TinaTurner72: posts big blind $3
*** HOLE CARDS ***
Luanto 14: folds
Uncalled bet ($2) returned to TinaTurner72
TinaTurner72 collected $2 from pot
TinaTurner72: doesn't show hand
*** SUMMARY ***
Total pot $2 | Rake $0
Seat 4: TinaTurner72 (big blind) collected ($2)
Seat 6: Luanto 14 (button) (small blind) folded before Flop


PokerStars Hand #173528952716:  Hold'em Limit ($3/$6 USD) - 2017/07/26 8:26:35 ET
Table 'Glarona' 6-max Seat #4 is the button
Seat 4: TinaTurner72 ($82 in chips)
Seat 6: Luanto 14 ($402.63 in chips)
TinaTurner72: posts small blind $1
Luanto 14: posts big blind $3
*** HOLE CARDS ***
Iseethelight leaves the table
TinaTurner72: raises $3 to $6
Luanto 14: calls $3
*** FLOP *** [9c 3s 4d]
Luanto 14: checks
TinaTurner72: bets $3
Luanto 14: calls $3
*** TURN *** [9c 3s 4d] [Ks]
Luanto 14: checks
TinaTurner72: bets $6
Luanto 14: folds
Uncalled bet ($6) returned to TinaTurner72
TinaTurner72 collected $17.64 from pot
TinaTurner72: doesn't show hand
*** SUMMARY ***
Total pot $18 | Rake $0.36
Board [9c 3s 4d Ks]
Seat 4: TinaTurner72 (button) (small blind) collected ($17.64)
Seat 6: Luanto 14 (big blind) folded on the Turn


