PokerStars Hand #175365675502:  Hold'em Limit ($3/$6 USD) - 2017/09/08 9:11:45 ET
Table 'Glarona II' 6-max Seat #1 is the button
Seat 1: aremom4e ($113 in chips)
Seat 4: Anchig ($126.76 in chips)
aremom4e: posts small blind $1
Anchig: posts big blind $3
*** HOLE CARDS ***
aremom4e: raises $3 to $6
zabimeister joins the table at seat #2
Anchig: raises $3 to $9
csicsi83 leaves the table
aremom4e: calls $3
*** FLOP *** [Qc 6h 7c]
Anchig: bets $3
aremom4e: folds
Uncalled bet ($3) returned to Anchig
Anchig collected $17.64 from pot
Anchig: doesn't show hand
*** SUMMARY ***
Total pot $18 | Rake $0.36
Board [Qc 6h 7c]
Seat 1: aremom4e (button) (small blind) folded on the Flop
Seat 4: Anchig (big blind) collected ($17.64)


PokerStars Hand #175365683800:  Hold'em Limit ($3/$6 USD) - 2017/09/08 9:12:01 ET
Table 'Glarona II' 6-max Seat #4 is the button
Seat 1: aremom4e ($104 in chips)
Seat 4: Anchig ($135.40 in chips)
Anchig: posts small blind $1
aremom4e: posts big blind $3
*** HOLE CARDS ***
Anchig: raises $3 to $6
aremom4e: folds
Uncalled bet ($3) returned to Anchig
Anchig collected $6 from pot
Anchig: doesn't show hand
*** SUMMARY ***
Total pot $6 | Rake $0
Seat 1: aremom4e (big blind) folded before Flop
Seat 4: Anchig (button) (small blind) collected ($6)


PokerStars Hand #175365670923:  Hold'em Limit ($3/$6 USD) - 2017/09/08 9:11:36 ET
Table 'Glarona II' 6-max Seat #4 is the button
Seat 1: aremom4e ($119 in chips)
Seat 4: Anchig ($121 in chips)
Anchig: posts small blind $1
aremom4e: posts big blind $3
*** HOLE CARDS ***
Anchig: raises $3 to $6
aremom4e: calls $3
*** FLOP *** [9s Kh As]
aremom4e: checks
Anchig: bets $3
aremom4e: folds
Uncalled bet ($3) returned to Anchig
Anchig collected $11.76 from pot
Anchig: doesn't show hand
*** SUMMARY ***
Total pot $12 | Rake $0.24
Board [9s Kh As]
Seat 1: aremom4e (big blind) folded on the Flop
Seat 4: Anchig (button) (small blind) collected ($11.76)


PokerStars Hand #175365665005:  Hold'em Limit ($3/$6 USD) - 2017/09/08 9:11:25 ET
Table 'Glarona II' 6-max Seat #1 is the button
Seat 1: aremom4e ($120 in chips)
Seat 4: Anchig ($120 in chips)
aremom4e: posts small blind $1
csicsi83 joins the table at seat #3
Anchig: posts big blind $3
*** HOLE CARDS ***
aremom4e: folds
Uncalled bet ($2) returned to Anchig
Anchig collected $2 from pot
Anchig: doesn't show hand
*** SUMMARY ***
Total pot $2 | Rake $0
Seat 1: aremom4e (button) (small blind) folded before Flop
Seat 4: Anchig (big blind) collected ($2)


