PokerStars Hand #147516557240:  Hold'em Limit ($3/$6 USD) - 2016/01/22 23:04:05 ET
Table 'Glaukos II' 10-max Seat #1 is the button
Seat 1: Masqb ($126 in chips)
Seat 5: livenuncut ($120 in chips)
Masqb: posts small blind $1
livenuncut: posts big blind $3
*** HOLE CARDS ***
Masqb: raises $3 to $6
livenuncut: folds
Uncalled bet ($3) returned to Masqb
Masqb collected $6 from pot
Masqb: doesn't show hand
*** SUMMARY ***
Total pot $6 | Rake $0
Seat 1: Masqb (button) (small blind) collected ($6)
Seat 5: livenuncut (big blind) folded before Flop


PokerStars Hand #147516575577:  Hold'em Limit ($3/$6 USD) - 2016/01/22 23:04:55 ET
Table 'Glaukos II' 10-max Seat #1 is the button
Seat 1: Masqb ($117 in chips)
Seat 5: livenuncut ($128.52 in chips)
Masqb: posts small blind $1
livenuncut: posts big blind $3
*** HOLE CARDS ***
Masqb: raises $3 to $6
livenuncut: calls $3
*** FLOP *** [5c 6d 8s]
livenuncut: checks
Masqb: bets $3
livenuncut: calls $3
*** TURN *** [5c 6d 8s] [2c]
livenuncut: checks
Masqb: bets $6
livenuncut: folds
Uncalled bet ($6) returned to Masqb
Masqb collected $17.64 from pot
Masqb: doesn't show hand
*** SUMMARY ***
Total pot $18 | Rake $0.36
Board [5c 6d 8s 2c]
Seat 1: Masqb (button) (small blind) collected ($17.64)
Seat 5: livenuncut (big blind) folded on the Turn


PokerStars Hand #147516561463:  Hold'em Limit ($3/$6 USD) - 2016/01/22 23:04:16 ET
Table 'Glaukos II' 10-max Seat #5 is the button
Seat 1: Masqb ($129 in chips)
Seat 5: livenuncut ($117 in chips)
livenuncut: posts small blind $1
Masqb: posts big blind $3
*** HOLE CARDS ***
livenuncut: calls $2
Masqb: raises $3 to $6
livenuncut: calls $3
*** FLOP *** [5c 4c 5d]
Masqb: bets $3
livenuncut: raises $3 to $6
Masqb: calls $3
*** TURN *** [5c 4c 5d] [9h]
Masqb: checks
livenuncut: bets $6
Masqb: folds
Uncalled bet ($6) returned to livenuncut
livenuncut collected $23.52 from pot
*** SUMMARY ***
Total pot $24 | Rake $0.48
Board [5c 4c 5d 9h]
Seat 1: Masqb (big blind) folded on the Turn
Seat 5: livenuncut (button) (small blind) collected ($23.52)


PokerStars Hand #147516591590:  Hold'em Limit ($3/$6 USD) - 2016/01/22 23:05:38 ET
Table 'Glaukos II' 10-max Seat #1 is the button
Seat 1: Masqb ($119.64 in chips)
Seat 5: livenuncut ($125.28 in chips)
Masqb: posts small blind $1
livenuncut: posts big blind $3
*** HOLE CARDS ***
Masqb: raises $3 to $6
livenuncut: raises $3 to $9
Masqb: calls $3
*** FLOP *** [7d 8h Qh]
livenuncut: bets $3
Masqb: calls $3
*** TURN *** [7d 8h Qh] [6h]
livenuncut: checks
Masqb: bets $6
livenuncut: raises $6 to $12
Masqb: calls $6
*** RIVER *** [7d 8h Qh 6h] [9h]
livenuncut: bets $6
Masqb: calls $6
*** SHOW DOWN ***
livenuncut: shows [Ah 5h] (a flush, Ace high)
Masqb: mucks hand
livenuncut collected $59.50 from pot
*** SUMMARY ***
Total pot $60 | Rake $0.50
Board [7d 8h Qh 6h 9h]
Seat 1: Masqb (button) (small blind) mucked
Seat 5: livenuncut (big blind) showed [Ah 5h] and won ($59.50) with a flush, Ace high


PokerStars Hand #147516583920:  Hold'em Limit ($3/$6 USD) - 2016/01/22 23:05:17 ET
Table 'Glaukos II' 10-max Seat #5 is the button
Seat 1: Masqb ($125.64 in chips)
Seat 5: livenuncut ($119.52 in chips)
livenuncut: posts small blind $1
Masqb: posts big blind $3
*** HOLE CARDS ***
livenuncut: raises $3 to $6
Masqb: calls $3
*** FLOP *** [Ad 2h Qh]
Masqb: checks
livenuncut: bets $3
Masqb: folds
Uncalled bet ($3) returned to livenuncut
livenuncut collected $11.76 from pot
*** SUMMARY ***
Total pot $12 | Rake $0.24
Board [Ad 2h Qh]
Seat 1: Masqb (big blind) folded on the Flop
Seat 5: livenuncut (button) (small blind) collected ($11.76)


PokerStars Hand #147516608272:  Hold'em Limit ($3/$6 USD) - 2016/01/22 23:06:24 ET
Table 'Glaukos II' 10-max Seat #5 is the button
Seat 1: Masqb ($89.64 in chips)
Seat 5: livenuncut ($154.78 in chips)
livenuncut: posts small blind $1
Masqb: posts big blind $3
*** HOLE CARDS ***
nattstad1 joins the table at seat #3
livenuncut: folds
Uncalled bet ($2) returned to Masqb
Masqb collected $2 from pot
Masqb: doesn't show hand
*** SUMMARY ***
Total pot $2 | Rake $0
Seat 1: Masqb (big blind) collected ($2)
Seat 5: livenuncut (button) (small blind) folded before Flop


PokerStars Hand #147516779143:  Hold'em Limit ($3/$6 USD) - 2016/01/22 23:14:21 ET
Table 'Glaukos II' 10-max Seat #2 is the button
Seat 1: Masqb ($108.20 in chips)
Seat 2: IDMMED ($82.53 in chips)
IDMMED: posts small blind $1
Masqb: posts big blind $3
*** HOLE CARDS ***
IDMMED: calls $2
Masqb: raises $3 to $6
IDMMED: calls $3
*** FLOP *** [2h 5s Td]
Masqb: bets $3
IDMMED: raises $3 to $6
Masqb: calls $3
*** TURN *** [2h 5s Td] [4d]
Masqb: checks
IDMMED: bets $6
Masqb: folds
Uncalled bet ($6) returned to IDMMED
IDMMED collected $23.52 from pot
*** SUMMARY ***
Total pot $24 | Rake $0.48
Board [2h 5s Td 4d]
Seat 1: Masqb (big blind) folded on the Turn
Seat 2: IDMMED (button) (small blind) collected ($23.52)


PokerStars Hand #147518727793:  Hold'em Limit ($3/$6 USD) - 2016/01/23 0:56:33 ET
Table 'Glaukos II' 10-max Seat #1 is the button
Seat 1: Masqb ($168.26 in chips)
Seat 5: parnishka11 ($18 in chips)
Masqb: posts small blind $1
parnishka11: posts big blind $3
*** HOLE CARDS ***
Masqb: raises $3 to $6
parnishka11: raises $3 to $9
Masqb: raises $3 to $12
Betting is capped
parnishka11: calls $3
*** FLOP *** [2d 8c Qc]
parnishka11: bets $3
Masqb: raises $3 to $6
parnishka11: calls $3 and is all-in
*** TURN *** [2d 8c Qc] [7h]
*** RIVER *** [2d 8c Qc 7h] [6d]
*** SHOW DOWN ***
parnishka11: shows [Ah Jd] (high card Ace)
Masqb: shows [Js Qh] (a pair of Queens)
Masqb collected $35.50 from pot
*** SUMMARY ***
Total pot $36 | Rake $0.50
Board [2d 8c Qc 7h 6d]
Seat 1: Masqb (button) (small blind) showed [Js Qh] and won ($35.50) with a pair of Queens
Seat 5: parnishka11 (big blind) showed [Ah Jd] and lost with high card Ace


PokerStars Hand #147518718652:  Hold'em Limit ($3/$6 USD) - 2016/01/23 0:55:58 ET
Table 'Glaukos II' 10-max Seat #5 is the button
Seat 1: Masqb ($144.76 in chips)
Seat 5: parnishka11 ($42 in chips)
parnishka11: posts small blind $1
Masqb: posts big blind $3
*** HOLE CARDS ***
parnishka11: raises $3 to $6
Masqb: calls $3
*** FLOP *** [6d 7c 8s]
Masqb: checks
parnishka11: checks
*** TURN *** [6d 7c 8s] [9s]
Masqb: bets $6
parnishka11: raises $6 to $12
Masqb: calls $6
*** RIVER *** [6d 7c 8s 9s] [3h]
Masqb: checks
parnishka11: bets $6
Masqb: calls $6
*** SHOW DOWN ***
parnishka11: shows [5s 3s] (a straight, Five to Nine)
Masqb: shows [Ts 6h] (a straight, Six to Ten)
Masqb collected $47.50 from pot
*** SUMMARY ***
Total pot $48 | Rake $0.50
Board [6d 7c 8s 9s 3h]
Seat 1: Masqb (big blind) showed [Ts 6h] and won ($47.50) with a straight, Six to Ten
Seat 5: parnishka11 (button) (small blind) showed [5s 3s] and lost with a straight, Five to Nine


PokerStars Hand #147519683734:  Hold'em Limit ($3/$6 USD) - 2016/01/23 1:48:08 ET
Table 'Glaukos II' 10-max Seat #5 is the button
Seat 1: Masqb ($166.76 in chips)
Seat 5: Lil'MsJay ($65.80 in chips)
Lil'MsJay: posts small blind $1
Masqb: posts big blind $3
*** HOLE CARDS ***
Lil'MsJay: folds
Uncalled bet ($2) returned to Masqb
Masqb collected $2 from pot
Masqb: doesn't show hand
*** SUMMARY ***
Total pot $2 | Rake $0
Seat 1: Masqb (big blind) collected ($2)
Seat 5: Lil'MsJay (button) (small blind) folded before Flop


PokerStars Hand #147519681910:  Hold'em Limit ($3/$6 USD) - 2016/01/23 1:48:02 ET
Table 'Glaukos II' 10-max Seat #1 is the button
Seat 1: Masqb ($167.76 in chips)
Seat 5: Lil'MsJay ($64.80 in chips)
Masqb: posts small blind $1
Lil'MsJay: posts big blind $3
*** HOLE CARDS ***
Masqb: folds
Uncalled bet ($2) returned to Lil'MsJay
Lil'MsJay collected $2 from pot
Lil'MsJay: doesn't show hand
*** SUMMARY ***
Total pot $2 | Rake $0
Seat 1: Masqb (button) (small blind) folded before Flop
Seat 5: Lil'MsJay (big blind) collected ($2)


PokerStars Hand #147519666559:  Hold'em Limit ($3/$6 USD) - 2016/01/23 1:47:11 ET
Table 'Glaukos II' 10-max Seat #5 is the button
Seat 1: Masqb ($185.76 in chips)
Seat 5: Lil'MsJay ($47.30 in chips)
Lil'MsJay: posts small blind $1
Masqb: posts big blind $3
*** HOLE CARDS ***
Lil'MsJay: calls $2
Masqb: checks
*** FLOP *** [9c Tc 3c]
Masqb: bets $3
Lil'MsJay: calls $3
*** TURN *** [9c Tc 3c] [Qc]
Masqb: checks
Lil'MsJay: bets $6
Masqb: calls $6
*** RIVER *** [9c Tc 3c Qc] [3s]
Masqb: checks
Lil'MsJay: bets $6
Masqb: calls $6
*** SHOW DOWN ***
Lil'MsJay: shows [5c 6s] (a flush, Queen high)
Masqb: mucks hand
Lil'MsJay collected $35.50 from pot
*** SUMMARY ***
Total pot $36 | Rake $0.50
Board [9c Tc 3c Qc 3s]
Seat 1: Masqb (big blind) mucked
Seat 5: Lil'MsJay (button) (small blind) showed [5c 6s] and won ($35.50) with a flush, Queen high


PokerStars Hand #147519695430:  Hold'em Limit ($3/$6 USD) - 2016/01/23 1:48:47 ET
Table 'Glaukos II' 10-max Seat #5 is the button
Seat 1: Masqb ($173.52 in chips)
Seat 5: Lil'MsJay ($58.80 in chips)
Lil'MsJay: posts small blind $1
Masqb: posts big blind $3
*** HOLE CARDS ***
Lil'MsJay: folds
Uncalled bet ($2) returned to Masqb
Masqb collected $2 from pot
Masqb: doesn't show hand
*** SUMMARY ***
Total pot $2 | Rake $0
Seat 1: Masqb (big blind) collected ($2)
Seat 5: Lil'MsJay (button) (small blind) folded before Flop


PokerStars Hand #147519685977:  Hold'em Limit ($3/$6 USD) - 2016/01/23 1:48:15 ET
Table 'Glaukos II' 10-max Seat #1 is the button
Seat 1: Masqb ($167.76 in chips)
Seat 5: Lil'MsJay ($64.80 in chips)
Masqb: posts small blind $1
Lil'MsJay: posts big blind $3
*** HOLE CARDS ***
Masqb: raises $3 to $6
Lil'MsJay: calls $3
*** FLOP *** [5c 3d Qd]
Lil'MsJay: checks
Masqb: bets $3
Lil'MsJay: folds
Uncalled bet ($3) returned to Masqb
Masqb collected $11.76 from pot
Masqb: doesn't show hand
*** SUMMARY ***
Total pot $12 | Rake $0.24
Board [5c 3d Qd]
Seat 1: Masqb (button) (small blind) collected ($11.76)
Seat 5: Lil'MsJay (big blind) folded on the Flop


PokerStars Hand #147519710164:  Hold'em Limit ($3/$6 USD) - 2016/01/23 1:49:35 ET
Table 'Glaukos II' 10-max Seat #1 is the button
Seat 1: Masqb ($184.16 in chips)
Seat 5: Lil'MsJay ($47.80 in chips)
Masqb: posts small blind $1
Lil'MsJay: posts big blind $3
*** HOLE CARDS ***
Masqb: folds
Uncalled bet ($2) returned to Lil'MsJay
Lil'MsJay collected $2 from pot
Lil'MsJay: doesn't show hand
*** SUMMARY ***
Total pot $2 | Rake $0
Seat 1: Masqb (button) (small blind) folded before Flop
Seat 5: Lil'MsJay (big blind) collected ($2)


PokerStars Hand #147519707883:  Hold'em Limit ($3/$6 USD) - 2016/01/23 1:49:27 ET
Table 'Glaukos II' 10-max Seat #5 is the button
Seat 1: Masqb ($183.16 in chips)
Seat 5: Lil'MsJay ($48.80 in chips)
Lil'MsJay: posts small blind $1
Masqb: posts big blind $3
*** HOLE CARDS ***
Lil'MsJay: folds
Uncalled bet ($2) returned to Masqb
Masqb collected $2 from pot
Masqb: doesn't show hand
*** SUMMARY ***
Total pot $2 | Rake $0
Seat 1: Masqb (big blind) collected ($2)
Seat 5: Lil'MsJay (button) (small blind) folded before Flop


PokerStars Hand #147519697541:  Hold'em Limit ($3/$6 USD) - 2016/01/23 1:48:53 ET
Table 'Glaukos II' 10-max Seat #1 is the button
Seat 1: Masqb ($174.52 in chips)
Seat 5: Lil'MsJay ($57.80 in chips)
Masqb: posts small blind $1
Lil'MsJay: posts big blind $3
*** HOLE CARDS ***
Masqb: raises $3 to $6
Lil'MsJay: calls $3
*** FLOP *** [8d Qd 5s]
Lil'MsJay: checks
Masqb: bets $3
Lil'MsJay: calls $3
*** TURN *** [8d Qd 5s] [8h]
Lil'MsJay: checks
Masqb: checks
*** RIVER *** [8d Qd 5s 8h] [5d]
Lil'MsJay: checks
Masqb: checks
*** SHOW DOWN ***
Lil'MsJay: shows [Jd Ts] (two pair, Eights and Fives)
Masqb: shows [6c Kc] (two pair, Eights and Fives - King kicker)
Masqb collected $17.64 from pot
*** SUMMARY ***
Total pot $18 | Rake $0.36
Board [8d Qd 5s 8h 5d]
Seat 1: Masqb (button) (small blind) showed [6c Kc] and won ($17.64) with two pair, Eights and Fives
Seat 5: Lil'MsJay (big blind) showed [Jd Ts] and lost with two pair, Eights and Fives


PokerStars Hand #147519727375:  Hold'em Limit ($3/$6 USD) - 2016/01/23 1:50:32 ET
Table 'Glaukos II' 10-max Seat #1 is the button
Seat 1: Masqb ($206.66 in chips)
Seat 5: Lil'MsJay ($24.80 in chips)
Masqb: posts small blind $1
Lil'MsJay: posts big blind $3
*** HOLE CARDS ***
Masqb: raises $3 to $6
Lil'MsJay: calls $3
*** FLOP *** [Qh Qc 2c]
Lil'MsJay: bets $3
Masqb: calls $3
*** TURN *** [Qh Qc 2c] [Tc]
Lil'MsJay: bets $6
Masqb: calls $6
*** RIVER *** [Qh Qc 2c Tc] [9h]
Lil'MsJay: bets $6
Masqb: raises $6 to $12
Lil'MsJay: calls $3.80 and is all-in
Uncalled bet ($2.20) returned to Masqb
*** SHOW DOWN ***
Masqb: shows [Jc 8s] (a straight, Eight to Queen)
Lil'MsJay: shows [4c 2h] (two pair, Queens and Deuces)
Masqb collected $49.10 from pot
*** SUMMARY ***
Total pot $49.60 | Rake $0.50
Board [Qh Qc 2c Tc 9h]
Seat 1: Masqb (button) (small blind) showed [Jc 8s] and won ($49.10) with a straight, Eight to Queen
Seat 5: Lil'MsJay (big blind) showed [4c 2h] and lost with two pair, Queens and Deuces


PokerStars Hand #147519713903:  Hold'em Limit ($3/$6 USD) - 2016/01/23 1:49:47 ET
Table 'Glaukos II' 10-max Seat #5 is the button
Seat 1: Masqb ($183.16 in chips)
Seat 5: Lil'MsJay ($48.80 in chips)
Lil'MsJay: posts small blind $1
Masqb: posts big blind $3
*** HOLE CARDS ***
Lil'MsJay: raises $3 to $6
Masqb: raises $3 to $9
Lil'MsJay: calls $3
*** FLOP *** [9s 8h Js]
Masqb: bets $3
Lil'MsJay: calls $3
*** TURN *** [9s 8h Js] [5h]
Masqb: bets $6
Lil'MsJay: calls $6
*** RIVER *** [9s 8h Js 5h] [4d]
Masqb: bets $6
Lil'MsJay: calls $6
*** SHOW DOWN ***
Masqb: shows [Ad Jc] (a pair of Jacks)
Lil'MsJay: mucks hand
Masqb collected $47.50 from pot
*** SUMMARY ***
Total pot $48 | Rake $0.50
Board [9s 8h Js 5h 4d]
Seat 1: Masqb (big blind) showed [Ad Jc] and won ($47.50) with a pair of Jacks
Seat 5: Lil'MsJay (button) (small blind) mucked


