PokerStars Hand #164462616080:  Hold'em Limit ($3/$6 USD) - 2017/01/12 13:50:09 ET
Table 'Glaukos III' 6-max Seat #1 is the button
Seat 1: Chessnok ($120 in chips)
Seat 2: Auge72 ($72 in chips)
Chessnok: posts small blind $1
Auge72: posts big blind $3
*** HOLE CARDS ***
Chessnok: raises $3 to $6
Auge72: raises $3 to $9
Chessnok: calls $3
*** FLOP *** [Qs 6h 4h]
Auge72: bets $3
Chessnok: calls $3
*** TURN *** [Qs 6h 4h] [Kc]
Auge72: bets $6
Chessnok: calls $6
*** RIVER *** [Qs 6h 4h Kc] [4s]
Auge72: checks
Chessnok: bets $6
Auge72: calls $6
*** SHOW DOWN ***
Chessnok: shows [7s 6s] (two pair, Sixes and Fours)
Auge72: shows [7c Qc] (two pair, Queens and Fours)
Auge72 collected $47.50 from pot
*** SUMMARY ***
Total pot $48 | Rake $0.50
Board [Qs 6h 4h Kc 4s]
Seat 1: Chessnok (button) (small blind) showed [7s 6s] and lost with two pair, Sixes and Fours
Seat 2: Auge72 (big blind) showed [7c Qc] and won ($47.50) with two pair, Queens and Fours


PokerStars Hand #164462654628:  Hold'em Limit ($3/$6 USD) - 2017/01/12 13:50:50 ET
Table 'Glaukos III' 6-max Seat #2 is the button
Seat 1: Chessnok ($96 in chips)
Seat 2: Auge72 ($95.50 in chips)
Auge72: posts small blind $1
Chessnok: posts big blind $3
*** HOLE CARDS ***
Auge72: raises $3 to $6
Chessnok: calls $3
*** FLOP *** [8s 7c Jh]
Chessnok: checks
Auge72: checks
*** TURN *** [8s 7c Jh] [5h]
Chessnok: bets $6
Auge72: raises $6 to $12
Chessnok: calls $6
*** RIVER *** [8s 7c Jh 5h] [3c]
Chessnok: checks
Auge72: bets $6
Chessnok: calls $6
*** SHOW DOWN ***
Auge72: shows [Kd Kh] (a pair of Kings)
Chessnok: mucks hand
Auge72 collected $47.50 from pot
*** SUMMARY ***
Total pot $48 | Rake $0.50
Board [8s 7c Jh 5h 3c]
Seat 1: Chessnok (big blind) mucked
Seat 2: Auge72 (button) (small blind) showed [Kd Kh] and won ($47.50) with a pair of Kings


PokerStars Hand #164462675661:  Hold'em Limit ($3/$6 USD) - 2017/01/12 13:51:12 ET
Table 'Glaukos III' 6-max Seat #1 is the button
Seat 1: Chessnok ($72 in chips)
Seat 2: Auge72 ($119 in chips)
Chessnok: posts small blind $1
Auge72: posts big blind $3
*** HOLE CARDS ***
Chessnok: raises $3 to $6
Auge72: raises $3 to $9
Chessnok: calls $3
*** FLOP *** [6s 5s Ac]
Auge72: bets $3
Chessnok: calls $3
*** TURN *** [6s 5s Ac] [8d]
Auge72: bets $6
Chessnok: folds
Uncalled bet ($6) returned to Auge72
Auge72 collected $23.52 from pot
Auge72: doesn't show hand
*** SUMMARY ***
Total pot $24 | Rake $0.48
Board [6s 5s Ac 8d]
Seat 1: Chessnok (button) (small blind) folded on the Turn
Seat 2: Auge72 (big blind) collected ($23.52)


PokerStars Hand #164462726788:  Hold'em Limit ($3/$6 USD) - 2017/01/12 13:52:05 ET
Table 'Glaukos III' 6-max Seat #1 is the button
Seat 1: Chessnok ($60 in chips)
Seat 2: Auge72 ($148.02 in chips)
Chessnok: posts small blind $1
Auge72: posts big blind $3
*** HOLE CARDS ***
Chessnok: raises $3 to $6
Auge72: raises $3 to $9
Chessnok: calls $3
*** FLOP *** [Ks 4d Kd]
Auge72: checks
Chessnok: bets $3
Auge72: raises $3 to $6
Chessnok: folds
Uncalled bet ($3) returned to Auge72
Auge72 collected $23.52 from pot
Auge72: doesn't show hand
*** SUMMARY ***
Total pot $24 | Rake $0.48
Board [Ks 4d Kd]
Seat 1: Chessnok (button) (small blind) folded on the Flop
Seat 2: Auge72 (big blind) collected ($23.52)


PokerStars Hand #164462701427:  Hold'em Limit ($3/$6 USD) - 2017/01/12 13:51:38 ET
Table 'Glaukos III' 6-max Seat #2 is the button
Seat 1: Chessnok ($60 in chips)
Seat 2: Auge72 ($130.52 in chips)
Auge72: posts small blind $1
Chessnok: posts big blind $3
*** HOLE CARDS ***
Auge72: raises $3 to $6
Chessnok: raises $3 to $9
Auge72: calls $3
*** FLOP *** [4h Ac Ks]
Chessnok: bets $3
Auge72: calls $3
*** TURN *** [4h Ac Ks] [8h]
Chessnok: bets $6
Auge72: raises $6 to $12
Chessnok: folds
Uncalled bet ($6) returned to Auge72
Auge72 collected $35.50 from pot
Auge72: doesn't show hand
*** SUMMARY ***
Total pot $36 | Rake $0.50
Board [4h Ac Ks 8h]
Seat 1: Chessnok (big blind) folded on the Turn
Seat 2: Auge72 (button) (small blind) collected ($35.50)


PokerStars Hand #164462747243:  Hold'em Limit ($3/$6 USD) - 2017/01/12 13:52:26 ET
Table 'Glaukos III' 6-max Seat #2 is the button
Seat 1: Chessnok ($60 in chips)
Seat 2: Auge72 ($159.54 in chips)
Auge72: posts small blind $1
Chessnok: posts big blind $3
*** HOLE CARDS ***
Auge72: raises $3 to $6
Chessnok: calls $3
*** FLOP *** [3s Qd 5c]
Chessnok: checks
Auge72: checks
*** TURN *** [3s Qd 5c] [8s]
Chessnok: bets $6
Auge72: calls $6
*** RIVER *** [3s Qd 5c 8s] [Ah]
Chessnok: bets $6
Auge72: calls $6
*** SHOW DOWN ***
Chessnok: shows [6s 5d] (a pair of Fives)
Auge72: mucks hand
Chessnok collected $35.50 from pot
*** SUMMARY ***
Total pot $36 | Rake $0.50
Board [3s Qd 5c 8s Ah]
Seat 1: Chessnok (big blind) showed [6s 5d] and won ($35.50) with a pair of Fives
Seat 2: Auge72 (button) (small blind) mucked


PokerStars Hand #164462765194:  Hold'em Limit ($3/$6 USD) - 2017/01/12 13:52:45 ET
Table 'Glaukos III' 6-max Seat #1 is the button
Seat 1: Chessnok ($77.50 in chips)
Seat 2: Auge72 ($141.54 in chips)
Chessnok: posts small blind $1
Auge72: posts big blind $3
*** HOLE CARDS ***
Chessnok: raises $3 to $6
Auge72: raises $3 to $9
Chessnok: calls $3
*** FLOP *** [6d 7h 7c]
Auge72: bets $3
Chessnok: calls $3
*** TURN *** [6d 7h 7c] [3s]
Auge72: bets $6
Chessnok: folds
Uncalled bet ($6) returned to Auge72
Krazy90 joins the table at seat #3
Auge72 collected $23.52 from pot
Auge72: doesn't show hand
*** SUMMARY ***
Total pot $24 | Rake $0.48
Board [6d 7h 7c 3s]
Seat 1: Chessnok (button) (small blind) folded on the Turn
Seat 2: Auge72 (big blind) collected ($23.52)


