PokerStars Hand #154221999480:  Hold'em Limit ($3/$6 USD) - 2016/06/03 5:49:22 ET
Table 'Glaukos' 6-max Seat #3 is the button
Seat 3: mobo2008 ($30.64 in chips)
Seat 5: Krazy90 ($120 in chips)
mobo2008: posts small blind $1
Krazy90: posts big blind $3
*** HOLE CARDS ***
mobo2008: raises $3 to $6
Krazy90: folds
Uncalled bet ($3) returned to mobo2008
mobo2008 collected $6 from pot
mobo2008: doesn't show hand
*** SUMMARY ***
Total pot $6 | Rake $0
Seat 3: mobo2008 (button) (small blind) collected ($6)
Seat 5: Krazy90 (big blind) folded before Flop


PokerStars Hand #154221984227:  Hold'em Limit ($3/$6 USD) - 2016/06/03 5:48:43 ET
Table 'Glaukos' 6-max Seat #4 is the button
Seat 3: mobo2008 ($22 in chips)
Seat 4: VolkovDmitri ($137.50 in chips)
VolkovDmitri: posts small blind $1
mobo2008: posts big blind $3
*** HOLE CARDS ***
Krazy90 joins the table at seat #5
VolkovDmitri: raises $3 to $6
mobo2008: calls $3
*** FLOP *** [Ks 3h Ac]
mobo2008: checks
VolkovDmitri: bets $3
mobo2008: calls $3
*** TURN *** [Ks 3h Ac] [As]
mobo2008: checks
VolkovDmitri: checks
*** RIVER *** [Ks 3h Ac As] [Qh]
mobo2008: bets $6
VolkovDmitri: folds
Uncalled bet ($6) returned to mobo2008
mobo2008 collected $17.64 from pot
mobo2008: doesn't show hand
*** SUMMARY ***
Total pot $18 | Rake $0.36
Board [Ks 3h Ac As Qh]
Seat 3: mobo2008 (big blind) collected ($17.64)
Seat 4: VolkovDmitri (button) (small blind) folded on the River


PokerStars Hand #154221955214:  Hold'em Limit ($3/$6 USD) - 2016/06/03 5:47:28 ET
Table 'Glaukos' 6-max Seat #3 is the button
Seat 3: mobo2008 ($40 in chips)
Seat 4: VolkovDmitri ($120 in chips)
mobo2008: posts small blind $1
VolkovDmitri: posts big blind $3
*** HOLE CARDS ***
mobo2008: raises $3 to $6
VolkovDmitri: raises $3 to $9
mobo2008: calls $3
*** FLOP *** [9h 3h 5d]
VolkovDmitri: bets $3
mobo2008: calls $3
*** TURN *** [9h 3h 5d] [Ah]
VolkovDmitri: checks
mobo2008: checks
*** RIVER *** [9h 3h 5d Ah] [6c]
VolkovDmitri: checks
mobo2008: bets $6
VolkovDmitri: calls $6
*** SHOW DOWN ***
mobo2008: shows [Qc 2c] (high card Ace)
VolkovDmitri: shows [Th Kd] (high card Ace - King kicker)
VolkovDmitri collected $35.50 from pot
*** SUMMARY ***
Total pot $36 | Rake $0.50
Board [9h 3h 5d Ah 6c]
Seat 3: mobo2008 (button) (small blind) showed [Qc 2c] and lost with high card Ace
Seat 4: VolkovDmitri (big blind) showed [Th Kd] and won ($35.50) with high card Ace


PokerStars Hand #154222020473:  Hold'em Limit ($3/$6 USD) - 2016/06/03 5:50:15 ET
Table 'Glaukos' 6-max Seat #3 is the button
Seat 3: mobo2008 ($27.40 in chips)
Seat 5: Krazy90 ($125.50 in chips)
mobo2008: posts small blind $1
Krazy90: posts big blind $3
*** HOLE CARDS ***
mobo2008: raises $3 to $6
Krazy90: raises $3 to $9
mobo2008: calls $3
*** FLOP *** [Td 3d 2s]
Krazy90: bets $3
mobo2008: raises $3 to $6
Krazy90: calls $3
*** TURN *** [Td 3d 2s] [8c]
Krazy90: checks
mobo2008: checks
*** RIVER *** [Td 3d 2s 8c] [Jc]
Krazy90: checks
mobo2008: bets $6
Krazy90: calls $6
*** SHOW DOWN ***
mobo2008: shows [Jd Qd] (a pair of Jacks)
Krazy90: mucks hand
mobo2008 collected $41.50 from pot
*** SUMMARY ***
Total pot $42 | Rake $0.50
Board [Td 3d 2s 8c Jc]
Seat 3: mobo2008 (button) (small blind) showed [Jd Qd] and won ($41.50) with a pair of Jacks
Seat 5: Krazy90 (big blind) mucked


PokerStars Hand #154222015436:  Hold'em Limit ($3/$6 USD) - 2016/06/03 5:50:02 ET
Table 'Glaukos' 6-max Seat #5 is the button
Seat 3: mobo2008 ($21.64 in chips)
Seat 5: Krazy90 ($131.50 in chips)
Krazy90: posts small blind $1
mobo2008: posts big blind $3
*** HOLE CARDS ***
Krazy90: calls $2
mobo2008: raises $3 to $6
Krazy90: calls $3
*** FLOP *** [Th 6c Qh]
mobo2008: bets $3
Krazy90: folds
Uncalled bet ($3) returned to mobo2008
mobo2008 collected $11.76 from pot
mobo2008: doesn't show hand
*** SUMMARY ***
Total pot $12 | Rake $0.24
Board [Th 6c Qh]
Seat 3: mobo2008 (big blind) collected ($11.76)
Seat 5: Krazy90 (button) (small blind) folded on the Flop


PokerStars Hand #154222013158:  Hold'em Limit ($3/$6 USD) - 2016/06/03 5:49:57 ET
Table 'Glaukos' 6-max Seat #3 is the button
Seat 3: mobo2008 ($18.64 in chips)
Seat 5: Krazy90 ($134.50 in chips)
mobo2008: posts small blind $1
Krazy90: posts big blind $3
*** HOLE CARDS ***
mobo2008: raises $3 to $6
Krazy90: folds
Uncalled bet ($3) returned to mobo2008
mobo2008 collected $6 from pot
mobo2008: doesn't show hand
*** SUMMARY ***
Total pot $6 | Rake $0
Seat 3: mobo2008 (button) (small blind) collected ($6)
Seat 5: Krazy90 (big blind) folded before Flop


PokerStars Hand #154222002244:  Hold'em Limit ($3/$6 USD) - 2016/06/03 5:49:29 ET
Table 'Glaukos' 6-max Seat #5 is the button
Seat 3: mobo2008 ($33.64 in chips)
Seat 5: Krazy90 ($120 in chips)
Krazy90: posts small blind $1
mobo2008: posts big blind $3
*** HOLE CARDS ***
Krazy90: raises $3 to $6
mobo2008: calls $3
*** FLOP *** [Jd 7d Qd]
mobo2008: checks
VolkovDmitri leaves the table
Krazy90: bets $3
mobo2008: calls $3
*** TURN *** [Jd 7d Qd] [6d]
mobo2008: checks
Krazy90: bets $6
mobo2008: calls $6
*** RIVER *** [Jd 7d Qd 6d] [Ah]
mobo2008: checks
Krazy90: checks
*** SHOW DOWN ***
mobo2008: shows [8c Ts] (high card Ace)
Krazy90: shows [As Qh] (two pair, Aces and Queens)
Krazy90 collected $29.50 from pot
*** SUMMARY ***
Total pot $30 | Rake $0.50
Board [Jd 7d Qd 6d Ah]
Seat 3: mobo2008 (big blind) showed [8c Ts] and lost with high card Ace
Seat 5: Krazy90 (button) (small blind) showed [As Qh] and won ($29.50) with two pair, Aces and Queens


PokerStars Hand #154222037329:  Hold'em Limit ($3/$6 USD) - 2016/06/03 5:50:59 ET
Table 'Glaukos' 6-max Seat #3 is the button
Seat 3: mobo2008 ($71.40 in chips)
Seat 5: Krazy90 ($104.05 in chips)
mobo2008: posts small blind $1
Krazy90: posts big blind $3
*** HOLE CARDS ***
mobo2008: raises $3 to $6
Krazy90: calls $3
*** FLOP *** [8h 4s Jc]
Krazy90: checks
mobo2008: checks
*** TURN *** [8h 4s Jc] [Ks]
Krazy90: checks
mobo2008: bets $6
Krazy90: raises $6 to $12
mobo2008: calls $6
*** RIVER *** [8h 4s Jc Ks] [4h]
Krazy90: bets $6
mobo2008: calls $6
*** SHOW DOWN ***
Krazy90: shows [Kh 6d] (two pair, Kings and Fours)
mobo2008: mucks hand
Krazy90 collected $47.50 from pot
*** SUMMARY ***
Total pot $48 | Rake $0.50
Board [8h 4s Jc Ks 4h]
Seat 3: mobo2008 (button) (small blind) mucked
Seat 5: Krazy90 (big blind) showed [Kh 6d] and won ($47.50) with two pair, Kings and Fours


PokerStars Hand #154222027582:  Hold'em Limit ($3/$6 USD) - 2016/06/03 5:50:34 ET
Table 'Glaukos' 6-max Seat #5 is the button
Seat 3: mobo2008 ($47.90 in chips)
Seat 5: Krazy90 ($120 in chips)
Krazy90: posts small blind $1
mobo2008: posts big blind $3
*** HOLE CARDS ***
Krazy90: raises $3 to $6
mobo2008: raises $3 to $9
Krazy90: calls $3
*** FLOP *** [Kc Td 5h]
mobo2008: bets $3
Krazy90: calls $3
*** TURN *** [Kc Td 5h] [7s]
mobo2008: bets $6
Krazy90: calls $6
*** RIVER *** [Kc Td 5h 7s] [As]
mobo2008: bets $6
Krazy90: calls $6
*** SHOW DOWN ***
mobo2008: shows [Ah Th] (two pair, Aces and Tens)
Krazy90: mucks hand
mobo2008 collected $47.50 from pot
*** SUMMARY ***
Total pot $48 | Rake $0.50
Board [Kc Td 5h 7s As]
Seat 3: mobo2008 (big blind) showed [Ah Th] and won ($47.50) with two pair, Aces and Tens
Seat 5: Krazy90 (button) (small blind) mucked


PokerStars Hand #154222065751:  Hold'em Limit ($3/$6 USD) - 2016/06/03 5:52:12 ET
Table 'Glaukos' 6-max Seat #3 is the button
Seat 3: mobo2008 ($67.56 in chips)
Seat 5: Krazy90 ($106.55 in chips)
mobo2008: posts small blind $1
Krazy90: posts big blind $3
*** HOLE CARDS ***
mobo2008: raises $3 to $6
Krazy90: calls $3
*** FLOP *** [Ah 3s 8h]
Krazy90: checks
mobo2008: bets $3
Krazy90: folds
Uncalled bet ($3) returned to mobo2008
mobo2008 collected $11.76 from pot
mobo2008: doesn't show hand
*** SUMMARY ***
Total pot $12 | Rake $0.24
Board [Ah 3s 8h]
Seat 3: mobo2008 (button) (small blind) collected ($11.76)
Seat 5: Krazy90 (big blind) folded on the Flop


PokerStars Hand #154222059495:  Hold'em Limit ($3/$6 USD) - 2016/06/03 5:51:56 ET
Table 'Glaukos' 6-max Seat #5 is the button
Seat 3: mobo2008 ($58.92 in chips)
Seat 5: Krazy90 ($115.55 in chips)
Krazy90: posts small blind $1
mobo2008: posts big blind $3
*** HOLE CARDS ***
Krazy90: raises $3 to $6
mobo2008: raises $3 to $9
Krazy90: calls $3
*** FLOP *** [Ac 4s 9h]
mobo2008: bets $3
Krazy90: folds
Uncalled bet ($3) returned to mobo2008
mobo2008 collected $17.64 from pot
mobo2008: doesn't show hand
*** SUMMARY ***
Total pot $18 | Rake $0.36
Board [Ac 4s 9h]
Seat 3: mobo2008 (big blind) collected ($17.64)
Seat 5: Krazy90 (button) (small blind) folded on the Flop


PokerStars Hand #154222054921:  Hold'em Limit ($3/$6 USD) - 2016/06/03 5:51:44 ET
Table 'Glaukos' 6-max Seat #3 is the button
Seat 3: mobo2008 ($53.16 in chips)
Seat 5: Krazy90 ($121.55 in chips)
mobo2008: posts small blind $1
Krazy90: posts big blind $3
*** HOLE CARDS ***
mobo2008: raises $3 to $6
Krazy90: calls $3
*** FLOP *** [5d 4s Ks]
Krazy90: checks
mobo2008: bets $3
Krazy90: folds
Uncalled bet ($3) returned to mobo2008
mobo2008 collected $11.76 from pot
mobo2008: doesn't show hand
*** SUMMARY ***
Total pot $12 | Rake $0.24
Board [5d 4s Ks]
Seat 3: mobo2008 (button) (small blind) collected ($11.76)
Seat 5: Krazy90 (big blind) folded on the Flop


PokerStars Hand #154222044523:  Hold'em Limit ($3/$6 USD) - 2016/06/03 5:51:17 ET
Table 'Glaukos' 6-max Seat #5 is the button
Seat 3: mobo2008 ($47.40 in chips)
Seat 5: Krazy90 ($127.55 in chips)
Krazy90: posts small blind $1
mobo2008: posts big blind $3
*** HOLE CARDS ***
Krazy90: calls $2
mobo2008: raises $3 to $6
Krazy90: calls $3
*** FLOP *** [Kd Jh 7h]
mobo2008: bets $3
Krazy90: folds
Uncalled bet ($3) returned to mobo2008
mobo2008 collected $11.76 from pot
mobo2008: doesn't show hand
*** SUMMARY ***
Total pot $12 | Rake $0.24
Board [Kd Jh 7h]
Seat 3: mobo2008 (big blind) collected ($11.76)
Seat 5: Krazy90 (button) (small blind) folded on the Flop


PokerStars Hand #154222070706:  Hold'em Limit ($3/$6 USD) - 2016/06/03 5:52:24 ET
Table 'Glaukos' 6-max Seat #5 is the button
Seat 3: mobo2008 ($73.32 in chips)
Seat 5: Krazy90 ($100.55 in chips)
Krazy90: posts small blind $1
mobo2008: posts big blind $3
*** HOLE CARDS ***
Krazy90: raises $3 to $6
mobo2008: calls $3
*** FLOP *** [9s 4s 3d]
mobo2008: checks
Krazy90: bets $3
mobo2008: calls $3
*** TURN *** [9s 4s 3d] [5c]
mobo2008: bets $6
Krazy90: raises $6 to $12
mobo2008: calls $6
*** RIVER *** [9s 4s 3d 5c] [Ad]
mobo2008: checks
TbIP-TbIP 88 joins the table at seat #4
Krazy90: bets $6
mobo2008: calls $6
*** SHOW DOWN ***
Krazy90: shows [2d Ah] (a straight, Ace to Five)
mobo2008: mucks hand
Krazy90 collected $53.50 from pot
*** SUMMARY ***
Total pot $54 | Rake $0.50
Board [9s 4s 3d 5c Ad]
Seat 3: mobo2008 (big blind) mucked
Seat 5: Krazy90 (button) (small blind) showed [2d Ah] and won ($53.50) with a straight, Ace to Five


PokerStars Hand #154222119909:  Hold'em Limit ($3/$6 USD) - 2016/06/03 5:54:31 ET
Table 'Glaukos' 6-max Seat #4 is the button
Seat 4: TbIP-TbIP 88 ($92.71 in chips)
Seat 5: Krazy90 ($117.05 in chips)
DuduTerror will be allowed to play after the button
TbIP-TbIP 88: posts small blind $1
Krazy90: posts big blind $3
*** HOLE CARDS ***
TbIP-TbIP 88: raises $3 to $6
mobo2008 leaves the table
Krazy90: calls $3
*** FLOP *** [Kc Ah 6s]
Krazy90: checks
ChawkDee joins the table at seat #1
TbIP-TbIP 88: bets $3
Krazy90: folds
Uncalled bet ($3) returned to TbIP-TbIP 88
TbIP-TbIP 88 collected $11.76 from pot
TbIP-TbIP 88: doesn't show hand
*** SUMMARY ***
Total pot $12 | Rake $0.24
Board [Kc Ah 6s]
Seat 4: TbIP-TbIP 88 (button) (small blind) collected ($11.76)
Seat 5: Krazy90 (big blind) folded on the Flop


