PokerStars Hand #152652962216:  Hold'em Limit ($3/$6 USD) - 2016/04/30 8:42:35 ET
Table 'Glaukos II' 10-max Seat #6 is the button
Seat 5: 5PRUT5 ($35.76 in chips)
Seat 6: Great_Kang ($121 in chips)
Great_Kang: posts small blind $1
5PRUT5: posts big blind $3
*** HOLE CARDS ***
Great_Kang: raises $3 to $6
5PRUT5: calls $3
*** FLOP *** [Ks 7c Qc]
5PRUT5: checks
Great_Kang: bets $3
5PRUT5: folds
Uncalled bet ($3) returned to Great_Kang
Great_Kang collected $11.76 from pot
Great_Kang: doesn't show hand
*** SUMMARY ***
Total pot $12 | Rake $0.24
Board [Ks 7c Qc]
Seat 5: 5PRUT5 (big blind) folded on the Flop
Seat 6: Great_Kang (button) (small blind) collected ($11.76)


PokerStars Hand #152652959350:  Hold'em Limit ($3/$6 USD) - 2016/04/30 8:42:30 ET
Table 'Glaukos II' 10-max Seat #5 is the button
Seat 5: 5PRUT5 ($36.76 in chips)
Seat 6: Great_Kang ($120 in chips)
5PRUT5: posts small blind $1
Great_Kang: posts big blind $3
*** HOLE CARDS ***
5PRUT5: folds
Uncalled bet ($2) returned to Great_Kang
Great_Kang collected $2 from pot
Great_Kang: doesn't show hand
*** SUMMARY ***
Total pot $2 | Rake $0
Seat 5: 5PRUT5 (button) (small blind) folded before Flop
Seat 6: Great_Kang (big blind) collected ($2)


PokerStars Hand #152652954853:  Hold'em Limit ($3/$6 USD) - 2016/04/30 8:42:22 ET
Table 'Glaukos II' 10-max Seat #6 is the button
Seat 5: 5PRUT5 ($35.76 in chips)
Seat 6: Great_Kang ($120 in chips)
Great_Kang: posts small blind $1
5PRUT5: posts big blind $3
*** HOLE CARDS ***
Great_Kang: folds
Uncalled bet ($2) returned to 5PRUT5
5PRUT5 collected $2 from pot
5PRUT5: doesn't show hand
*** SUMMARY ***
Total pot $2 | Rake $0
Seat 5: 5PRUT5 (big blind) collected ($2)
Seat 6: Great_Kang (button) (small blind) folded before Flop


PokerStars Hand #152652909994:  Hold'em Limit ($3/$6 USD) - 2016/04/30 8:41:03 ET
Table 'Glaukos II' 10-max Seat #5 is the button
Seat 5: 5PRUT5 ($30 in chips)
Seat 6: Great_Kang ($120 in chips)
5PRUT5: posts small blind $1
Great_Kang: posts big blind $3
*** HOLE CARDS ***
5PRUT5: raises $3 to $6
Great_Kang: calls $3
*** FLOP *** [2c 7d 8h]
Great_Kang: checks
5PRUT5: checks
*** TURN *** [2c 7d 8h] [2d]
Great_Kang: checks
5PRUT5: checks
*** RIVER *** [2c 7d 8h 2d] [8s]
Great_Kang: checks
5PRUT5: checks
*** SHOW DOWN ***
Great_Kang: shows [6c Jd] (two pair, Eights and Deuces)
5PRUT5: shows [Qc Ks] (two pair, Eights and Deuces - King kicker)
5PRUT5 collected $11.76 from pot
*** SUMMARY ***
Total pot $12 | Rake $0.24
Board [2c 7d 8h 2d 8s]
Seat 5: 5PRUT5 (button) (small blind) showed [Qc Ks] and won ($11.76) with two pair, Eights and Deuces
Seat 6: Great_Kang (big blind) showed [6c Jd] and lost with two pair, Eights and Deuces


PokerStars Hand #152653001468:  Hold'em Limit ($3/$6 USD) - 2016/04/30 8:43:43 ET
Table 'Glaukos II' 10-max Seat #6 is the button
Seat 5: 5PRUT5 ($23.76 in chips)
Seat 6: Great_Kang ($132.52 in chips)
Great_Kang: posts small blind $1
5PRUT5: posts big blind $3
*** HOLE CARDS ***
Great_Kang: raises $3 to $6
5PRUT5: calls $3
*** FLOP *** [2d 5c 9c]
5PRUT5: checks
Great_Kang: bets $3
5PRUT5: folds
Uncalled bet ($3) returned to Great_Kang
Great_Kang collected $11.76 from pot
Great_Kang: doesn't show hand
*** SUMMARY ***
Total pot $12 | Rake $0.24
Board [2d 5c 9c]
Seat 5: 5PRUT5 (big blind) folded on the Flop
Seat 6: Great_Kang (button) (small blind) collected ($11.76)


PokerStars Hand #152652974419:  Hold'em Limit ($3/$6 USD) - 2016/04/30 8:42:56 ET
Table 'Glaukos II' 10-max Seat #5 is the button
Seat 5: 5PRUT5 ($29.76 in chips)
Seat 6: Great_Kang ($126.76 in chips)
5PRUT5: posts small blind $1
Great_Kang: posts big blind $3
*** HOLE CARDS ***
5PRUT5: calls $2
Great_Kang: checks
*** FLOP *** [2c 7d Qc]
Great_Kang: bets $3
5PRUT5: calls $3
*** TURN *** [2c 7d Qc] [Tc]
Great_Kang: bets $6
5PRUT5: folds
Uncalled bet ($6) returned to Great_Kang
Great_Kang collected $11.76 from pot
Great_Kang: doesn't show hand
*** SUMMARY ***
Total pot $12 | Rake $0.24
Board [2c 7d Qc Tc]
Seat 5: 5PRUT5 (button) (small blind) folded on the Turn
Seat 6: Great_Kang (big blind) collected ($11.76)


PokerStars Hand #152653018974:  Hold'em Limit ($3/$6 USD) - 2016/04/30 8:44:13 ET
Table 'Glaukos II' 10-max Seat #6 is the button
Seat 5: 5PRUT5 ($16.76 in chips)
Seat 6: Great_Kang ($139.28 in chips)
Great_Kang: posts small blind $1
5PRUT5: posts big blind $3
*** HOLE CARDS ***
Great_Kang: folds
Uncalled bet ($2) returned to 5PRUT5
5PRUT5 collected $2 from pot
5PRUT5: doesn't show hand
*** SUMMARY ***
Total pot $2 | Rake $0
Seat 5: 5PRUT5 (big blind) collected ($2)
Seat 6: Great_Kang (button) (small blind) folded before Flop


PokerStars Hand #152653016133:  Hold'em Limit ($3/$6 USD) - 2016/04/30 8:44:08 ET
Table 'Glaukos II' 10-max Seat #5 is the button
Seat 5: 5PRUT5 ($17.76 in chips)
Seat 6: Great_Kang ($138.28 in chips)
5PRUT5: posts small blind $1
Great_Kang: posts big blind $3
*** HOLE CARDS ***
5PRUT5: folds
Uncalled bet ($2) returned to Great_Kang
Great_Kang collected $2 from pot
Great_Kang: doesn't show hand
*** SUMMARY ***
Total pot $2 | Rake $0
Seat 5: 5PRUT5 (button) (small blind) folded before Flop
Seat 6: Great_Kang (big blind) collected ($2)


PokerStars Hand #152653022583:  Hold'em Limit ($3/$6 USD) - 2016/04/30 8:44:19 ET
Table 'Glaukos II' 10-max Seat #5 is the button
Seat 5: 5PRUT5 ($17.76 in chips)
Seat 6: Great_Kang ($138.28 in chips)
5PRUT5: posts small blind $1
Great_Kang: posts big blind $3
*** HOLE CARDS ***
5PRUT5: raises $3 to $6
Great_Kang: calls $3
*** FLOP *** [Td Ad 8c]
Great_Kang: checks
5PRUT5: bets $3
Great_Kang: calls $3
*** TURN *** [Td Ad 8c] [5h]
Great_Kang: checks
perten joins the table at seat #9
5PRUT5: checks
*** RIVER *** [Td Ad 8c 5h] [Qs]
Great_Kang: checks
5PRUT5: checks
*** SHOW DOWN ***
Great_Kang: shows [6h 9d] (high card Ace)
5PRUT5: shows [Ks 8d] (a pair of Eights)
5PRUT5 collected $17.64 from pot
*** SUMMARY ***
Total pot $18 | Rake $0.36
Board [Td Ad 8c 5h Qs]
Seat 5: 5PRUT5 (button) (small blind) showed [Ks 8d] and won ($17.64) with a pair of Eights
Seat 6: Great_Kang (big blind) showed [6h 9d] and lost with high card Ace


PokerStars Hand #152653110806:  Hold'em Limit ($3/$6 USD) - 2016/04/30 8:46:52 ET
Table 'Glaukos II' 10-max Seat #6 is the button
Seat 5: 5PRUT5 ($10.48 in chips)
Seat 6: Great_Kang ($129.49 in chips)
Great_Kang: posts small blind $1
perten: is sitting out
5PRUT5: posts big blind $3
*** HOLE CARDS ***
Great_Kang: folds
Uncalled bet ($2) returned to 5PRUT5
5PRUT5 collected $2 from pot
5PRUT5: doesn't show hand
*** SUMMARY ***
Total pot $2 | Rake $0
Seat 5: 5PRUT5 (big blind) collected ($2)
Seat 6: Great_Kang (button) (small blind) folded before Flop


PokerStars Hand #152653135823:  Hold'em Limit ($3/$6 USD) - 2016/04/30 8:47:35 ET
Table 'Glaukos II' 10-max Seat #5 is the button
Seat 5: 5PRUT5 ($11.24 in chips)
Seat 6: Great_Kang ($128.25 in chips)
5PRUT5: posts small blind $1
Great_Kang: posts big blind $3
*** HOLE CARDS ***
5PRUT5: raises $3 to $6
Great_Kang: raises $3 to $9
5PRUT5: raises $2.24 to $11.24 and is all-in
Betting is capped
Great_Kang: calls $2.24
*** FLOP *** [2h 3d Qh]
*** TURN *** [2h 3d Qh] [2c]
*** RIVER *** [2h 3d Qh 2c] [5c]
*** SHOW DOWN ***
Great_Kang: shows [Ac Td] (a pair of Deuces)
5PRUT5: shows [5s 5d] (a full house, Fives full of Deuces)
5PRUT5 collected $22.03 from pot
*** SUMMARY ***
Total pot $22.48 | Rake $0.45
Board [2h 3d Qh 2c 5c]
Seat 5: 5PRUT5 (button) (small blind) showed [5s 5d] and won ($22.03) with a full house, Fives full of Deuces
Seat 6: Great_Kang (big blind) showed [Ac Td] and lost with a pair of Deuces


PokerStars Hand #152653127897:  Hold'em Limit ($3/$6 USD) - 2016/04/30 8:47:21 ET
Table 'Glaukos II' 10-max Seat #6 is the button
Seat 5: 5PRUT5 ($17.24 in chips)
Seat 6: Great_Kang ($122.49 in chips)
Great_Kang: posts small blind $1
5PRUT5: posts big blind $3
*** HOLE CARDS ***
Great_Kang: raises $3 to $6
5PRUT5: calls $3
*** FLOP *** [3d As 2s]
5PRUT5: checks
Great_Kang: bets $3
5PRUT5: folds
Uncalled bet ($3) returned to Great_Kang
Great_Kang collected $11.76 from pot
Great_Kang: doesn't show hand
*** SUMMARY ***
Total pot $12 | Rake $0.24
Board [3d As 2s]
Seat 5: 5PRUT5 (big blind) folded on the Flop
Seat 6: Great_Kang (button) (small blind) collected ($11.76)


PokerStars Hand #152653114538:  Hold'em Limit ($3/$6 USD) - 2016/04/30 8:46:58 ET
Table 'Glaukos II' 10-max Seat #5 is the button
Seat 5: 5PRUT5 ($11.48 in chips)
Seat 6: Great_Kang ($128.49 in chips)
5PRUT5: posts small blind $1
Great_Kang: posts big blind $3
*** HOLE CARDS ***
5PRUT5: raises $3 to $6
Great_Kang: calls $3
*** FLOP *** [5c Kd Ad]
Great_Kang: checks
5PRUT5: bets $3
Great_Kang: folds
Uncalled bet ($3) returned to 5PRUT5
5PRUT5 collected $11.76 from pot
5PRUT5: doesn't show hand
perten leaves the table
*** SUMMARY ***
Total pot $12 | Rake $0.24
Board [5c Kd Ad]
Seat 5: 5PRUT5 (button) (small blind) collected ($11.76)
Seat 6: Great_Kang (big blind) folded on the Flop


PokerStars Hand #152653154453:  Hold'em Limit ($3/$6 USD) - 2016/04/30 8:48:08 ET
Table 'Glaukos II' 10-max Seat #6 is the button
Seat 5: 5PRUT5 ($22.03 in chips)
Seat 6: Great_Kang ($120 in chips)
Great_Kang: posts small blind $1
5PRUT5: posts big blind $3
*** HOLE CARDS ***
Great_Kang: raises $3 to $6
5PRUT5: raises $3 to $9
Great_Kang: calls $3
*** FLOP *** [3c 2c Tc]
5PRUT5: bets $3
Great_Kang: folds
Uncalled bet ($3) returned to 5PRUT5
5PRUT5 collected $17.64 from pot
5PRUT5: doesn't show hand
*** SUMMARY ***
Total pot $18 | Rake $0.36
Board [3c 2c Tc]
Seat 5: 5PRUT5 (big blind) collected ($17.64)
Seat 6: Great_Kang (button) (small blind) folded on the Flop


PokerStars Hand #152653170537:  Hold'em Limit ($3/$6 USD) - 2016/04/30 8:48:35 ET
Table 'Glaukos II' 10-max Seat #5 is the button
Seat 5: 5PRUT5 ($30.67 in chips)
Seat 6: Great_Kang ($120 in chips)
5PRUT5: posts small blind $1
Great_Kang: posts big blind $3
*** HOLE CARDS ***
5PRUT5: calls $2
Airbag999 joins the table at seat #7
Great_Kang: raises $3 to $6
5PRUT5: calls $3
*** FLOP *** [8h 6d 2d]
Great_Kang: bets $3
5PRUT5: calls $3
*** TURN *** [8h 6d 2d] [7h]
Great_Kang: checks
5PRUT5: bets $6
Great_Kang: calls $6
*** RIVER *** [8h 6d 2d 7h] [Ac]
Great_Kang: bets $6
5PRUT5: raises $6 to $12
Great_Kang: calls $6
*** SHOW DOWN ***
5PRUT5: shows [5c 4s] (a straight, Four to Eight)
Great_Kang: mucks hand
5PRUT5 collected $53.50 from pot
*** SUMMARY ***
Total pot $54 | Rake $0.50
Board [8h 6d 2d 7h Ac]
Seat 5: 5PRUT5 (button) (small blind) showed [5c 4s] and won ($53.50) with a straight, Four to Eight
Seat 6: Great_Kang (big blind) mucked


PokerStars Hand #152653781415:  Hold'em Limit ($3/$6 USD) - 2016/04/30 9:06:45 ET
Table 'Glaukos II' 10-max Seat #6 is the button
Seat 4: CrotchSnifer ($189.60 in chips)
Seat 6: Great_Kang ($120 in chips)
Great_Kang: posts small blind $1
Airbag999: is sitting out
CrotchSnifer: posts big blind $3
*** HOLE CARDS ***
5PRUT5 leaves the table
Great_Kang: raises $3 to $6
Airbag999 leaves the table
CrotchSnifer: calls $3
*** FLOP *** [3s Qh 6s]
CrotchSnifer: bets $3
Great_Kang: calls $3
*** TURN *** [3s Qh 6s] [4c]
CrotchSnifer: bets $6
Great_Kang: folds
Uncalled bet ($6) returned to CrotchSnifer
CrotchSnifer collected $17.64 from pot
*** SUMMARY ***
Total pot $18 | Rake $0.36
Board [3s Qh 6s 4c]
Seat 4: CrotchSnifer (big blind) collected ($17.64)
Seat 6: Great_Kang (button) (small blind) folded on the Turn


PokerStars Hand #152653800000:  Hold'em Limit ($3/$6 USD) - 2016/04/30 9:07:14 ET
Table 'Glaukos II' 10-max Seat #4 is the button
Seat 4: CrotchSnifer ($198.24 in chips)
Seat 6: Great_Kang ($120 in chips)
CrotchSnifer: posts small blind $1
Great_Kang: posts big blind $3
*** HOLE CARDS ***
CrotchSnifer: calls $2
Great_Kang: checks
*** FLOP *** [Ts 9h 4d]
Great_Kang: checks
CrotchSnifer: bets $3
Great_Kang: folds
Uncalled bet ($3) returned to CrotchSnifer
CrotchSnifer collected $5.88 from pot
*** SUMMARY ***
Total pot $6 | Rake $0.12
Board [Ts 9h 4d]
Seat 4: CrotchSnifer (button) (small blind) collected ($5.88)
Seat 6: Great_Kang (big blind) folded on the Flop


PokerStars Hand #152653819184:  Hold'em Limit ($3/$6 USD) - 2016/04/30 9:07:45 ET
Table 'Glaukos II' 10-max Seat #6 is the button
Seat 4: CrotchSnifer ($201.12 in chips)
Seat 6: Great_Kang ($120 in chips)
Great_Kang: posts small blind $1
CrotchSnifer: posts big blind $3
*** HOLE CARDS ***
Great_Kang: folds
Uncalled bet ($2) returned to CrotchSnifer
CrotchSnifer collected $2 from pot
*** SUMMARY ***
Total pot $2 | Rake $0
Seat 4: CrotchSnifer (big blind) collected ($2)
Seat 6: Great_Kang (button) (small blind) folded before Flop


PokerStars Hand #152653823095:  Hold'em Limit ($3/$6 USD) - 2016/04/30 9:07:51 ET
Table 'Glaukos II' 10-max Seat #4 is the button
Seat 4: CrotchSnifer ($202.12 in chips)
Seat 6: Great_Kang ($120 in chips)
CrotchSnifer: posts small blind $1
Great_Kang: posts big blind $3
*** HOLE CARDS ***
CrotchSnifer: folds
Uncalled bet ($2) returned to Great_Kang
Great_Kang collected $2 from pot
Great_Kang: doesn't show hand
*** SUMMARY ***
Total pot $2 | Rake $0
Seat 4: CrotchSnifer (button) (small blind) folded before Flop
Seat 6: Great_Kang (big blind) collected ($2)


PokerStars Hand #152653827581:  Hold'em Limit ($3/$6 USD) - 2016/04/30 9:07:59 ET
Table 'Glaukos II' 10-max Seat #6 is the button
Seat 4: CrotchSnifer ($201.12 in chips)
Seat 6: Great_Kang ($121 in chips)
Great_Kang: posts small blind $1
CrotchSnifer: posts big blind $3
*** HOLE CARDS ***
Great_Kang: raises $3 to $6
CrotchSnifer: folds
Uncalled bet ($3) returned to Great_Kang
Great_Kang collected $6 from pot
Great_Kang: doesn't show hand
*** SUMMARY ***
Total pot $6 | Rake $0
Seat 4: CrotchSnifer (big blind) folded before Flop
Seat 6: Great_Kang (button) (small blind) collected ($6)


PokerStars Hand #152653846337:  Hold'em Limit ($3/$6 USD) - 2016/04/30 9:08:29 ET
Table 'Glaukos II' 10-max Seat #6 is the button
Seat 4: CrotchSnifer ($189.12 in chips)
Seat 6: Great_Kang ($132.64 in chips)
Great_Kang: posts small blind $1
CrotchSnifer: posts big blind $3
*** HOLE CARDS ***
Great_Kang: raises $3 to $6
CrotchSnifer: folds
Uncalled bet ($3) returned to Great_Kang
Great_Kang collected $6 from pot
Great_Kang: doesn't show hand
*** SUMMARY ***
Total pot $6 | Rake $0
Seat 4: CrotchSnifer (big blind) folded before Flop
Seat 6: Great_Kang (button) (small blind) collected ($6)


PokerStars Hand #152653832152:  Hold'em Limit ($3/$6 USD) - 2016/04/30 9:08:06 ET
Table 'Glaukos II' 10-max Seat #4 is the button
Seat 4: CrotchSnifer ($198.12 in chips)
Seat 6: Great_Kang ($124 in chips)
CrotchSnifer: posts small blind $1
Great_Kang: posts big blind $3
*** HOLE CARDS ***
CrotchSnifer: raises $3 to $6
Great_Kang: calls $3
*** FLOP *** [2d 4c Ad]
Great_Kang: checks
CrotchSnifer: bets $3
Great_Kang: raises $3 to $6
CrotchSnifer: folds
Uncalled bet ($3) returned to Great_Kang
Great_Kang collected $17.64 from pot
Great_Kang: doesn't show hand
*** SUMMARY ***
Total pot $18 | Rake $0.36
Board [2d 4c Ad]
Seat 4: CrotchSnifer (button) (small blind) folded on the Flop
Seat 6: Great_Kang (big blind) collected ($17.64)


PokerStars Hand #152653898952:  Hold'em Limit ($3/$6 USD) - 2016/04/30 9:09:53 ET
Table 'Glaukos II' 10-max Seat #6 is the button
Seat 4: CrotchSnifer ($202.62 in chips)
Seat 6: Great_Kang ($124 in chips)
Great_Kang: posts small blind $1
CrotchSnifer: posts big blind $3
*** HOLE CARDS ***
Great_Kang: folds
Uncalled bet ($2) returned to CrotchSnifer
CrotchSnifer collected $2 from pot
*** SUMMARY ***
Total pot $2 | Rake $0
Seat 4: CrotchSnifer (big blind) collected ($2)
Seat 6: Great_Kang (button) (small blind) folded before Flop


PokerStars Hand #152653894914:  Hold'em Limit ($3/$6 USD) - 2016/04/30 9:09:47 ET
Table 'Glaukos II' 10-max Seat #4 is the button
Seat 4: CrotchSnifer ($203.62 in chips)
Seat 6: Great_Kang ($123 in chips)
CrotchSnifer: posts small blind $1
Great_Kang: posts big blind $3
*** HOLE CARDS ***
CrotchSnifer: folds
Uncalled bet ($2) returned to Great_Kang
Great_Kang collected $2 from pot
Great_Kang: doesn't show hand
*** SUMMARY ***
Total pot $2 | Rake $0
Seat 4: CrotchSnifer (button) (small blind) folded before Flop
Seat 6: Great_Kang (big blind) collected ($2)


PokerStars Hand #152653888936:  Hold'em Limit ($3/$6 USD) - 2016/04/30 9:09:37 ET
Table 'Glaukos II' 10-max Seat #6 is the button
Seat 4: CrotchSnifer ($206.62 in chips)
Seat 6: Great_Kang ($120 in chips)
Great_Kang: posts small blind $1
CrotchSnifer: posts big blind $3
*** HOLE CARDS ***
Great_Kang: raises $3 to $6
CrotchSnifer: folds
Uncalled bet ($3) returned to Great_Kang
Great_Kang collected $6 from pot
Great_Kang: doesn't show hand
*** SUMMARY ***
Total pot $6 | Rake $0
Seat 4: CrotchSnifer (big blind) folded before Flop
Seat 6: Great_Kang (button) (small blind) collected ($6)


PokerStars Hand #152653856229:  Hold'em Limit ($3/$6 USD) - 2016/04/30 9:08:45 ET
Table 'Glaukos II' 10-max Seat #4 is the button
Seat 4: CrotchSnifer ($186.12 in chips)
Seat 6: Great_Kang ($135.64 in chips)
CrotchSnifer: posts small blind $1
Great_Kang: posts big blind $3
*** HOLE CARDS ***
CrotchSnifer: calls $2
Great_Kang: raises $3 to $6
CrotchSnifer: calls $3
*** FLOP *** [Qs 8s Td]
Great_Kang: bets $3
CrotchSnifer: raises $3 to $6
Great_Kang: raises $3 to $9
CrotchSnifer: calls $3
*** TURN *** [Qs 8s Td] [3c]
Great_Kang: bets $6
CrotchSnifer: calls $6
*** RIVER *** [Qs 8s Td 3c] [Tc]
Great_Kang: checks
CrotchSnifer: checks
*** SHOW DOWN ***
Great_Kang: shows [Js Ks] (a pair of Tens)
CrotchSnifer: shows [Qd 2s] (two pair, Queens and Tens)
CrotchSnifer collected $41.50 from pot
*** SUMMARY ***
Total pot $42 | Rake $0.50
Board [Qs 8s Td 3c Tc]
Seat 4: CrotchSnifer (button) (small blind) showed [Qd 2s] and won ($41.50) with two pair, Queens and Tens
Seat 6: Great_Kang (big blind) showed [Js Ks] and lost with a pair of Tens


PokerStars Hand #152653907390:  Hold'em Limit ($3/$6 USD) - 2016/04/30 9:10:06 ET
Table 'Glaukos II' 10-max Seat #4 is the button
Seat 4: CrotchSnifer ($203.62 in chips)
Seat 6: Great_Kang ($123 in chips)
CrotchSnifer: posts small blind $1
Great_Kang: posts big blind $3
*** HOLE CARDS ***
CrotchSnifer: raises $3 to $6
Great_Kang: folds
Uncalled bet ($3) returned to CrotchSnifer
CrotchSnifer collected $6 from pot
*** SUMMARY ***
Total pot $6 | Rake $0
Seat 4: CrotchSnifer (button) (small blind) collected ($6)
Seat 6: Great_Kang (big blind) folded before Flop


