PokerStars Hand #161428105804:  Hold'em Limit ($3/$6 USD) - 2016/11/15 3:49:44 ET
Table 'Glauke' 10-max Seat #10 is the button
Seat 6: KIT426 ($37.64 in chips)
Seat 10: MTails ($112 in chips)
MTails: posts small blind $1
KIT426: posts big blind $3
*** HOLE CARDS ***
MTails: raises $3 to $6
KIT426: folds
Uncalled bet ($3) returned to MTails
MTails collected $6 from pot
*** SUMMARY ***
Total pot $6 | Rake $0
Seat 6: KIT426 (big blind) folded before Flop
Seat 10: MTails (button) (small blind) collected ($6)


PokerStars Hand #161428104063:  Hold'em Limit ($3/$6 USD) - 2016/11/15 3:49:39 ET
Table 'Glauke' 10-max Seat #6 is the button
Seat 6: KIT426 ($38.64 in chips)
Seat 10: MTails ($111 in chips)
KIT426: posts small blind $1
MTails: posts big blind $3
*** HOLE CARDS ***
KIT426: folds
Uncalled bet ($2) returned to MTails
MTails collected $2 from pot
*** SUMMARY ***
Total pot $2 | Rake $0
Seat 6: KIT426 (button) (small blind) folded before Flop
Seat 10: MTails (big blind) collected ($2)


PokerStars Hand #161428097776:  Hold'em Limit ($3/$6 USD) - 2016/11/15 3:49:20 ET
Table 'Glauke' 10-max Seat #10 is the button
Seat 6: KIT426 ($30 in chips)
Seat 10: MTails ($120 in chips)
MTails: posts small blind $1
KIT426: posts big blind $3
*** HOLE CARDS ***
MTails: raises $3 to $6
KIT426: calls $3
*** FLOP *** [2d 9s Qh]
KIT426: checks
MTails: bets $3
KIT426: raises $3 to $6
MTails: folds
Uncalled bet ($3) returned to KIT426
KIT426 collected $17.64 from pot
*** SUMMARY ***
Total pot $18 | Rake $0.36
Board [2d 9s Qh]
Seat 6: KIT426 (big blind) collected ($17.64)
Seat 10: MTails (button) (small blind) folded on the Flop


PokerStars Hand #161428123810:  Hold'em Limit ($3/$6 USD) - 2016/11/15 3:50:40 ET
Table 'Glauke' 10-max Seat #6 is the button
Seat 6: KIT426 ($43.34 in chips)
Seat 10: MTails ($113.52 in chips)
KIT426: posts small blind $1
MTails: posts big blind $3
*** HOLE CARDS ***
KIT426: raises $3 to $6
MTails: calls $3
*** FLOP *** [As Kd 3c]
MTails: checks
KIT426: bets $3
MTails: calls $3
*** TURN *** [As Kd 3c] [2s]
MTails: checks
KIT426: bets $6
MTails: calls $6
*** RIVER *** [As Kd 3c 2s] [9h]
MTails: checks
KIT426: checks
*** SHOW DOWN ***
MTails: shows [Js 8d] (high card Ace)
KIT426: shows [Ks Tc] (a pair of Kings)
KIT426 collected $29.50 from pot
*** SUMMARY ***
Total pot $30 | Rake $0.50
Board [As Kd 3c 2s 9h]
Seat 6: KIT426 (button) (small blind) showed [Ks Tc] and won ($29.50) with a pair of Kings
Seat 10: MTails (big blind) showed [Js 8d] and lost with high card Ace


PokerStars Hand #161428121936:  Hold'em Limit ($3/$6 USD) - 2016/11/15 3:50:34 ET
Table 'Glauke' 10-max Seat #10 is the button
Seat 6: KIT426 ($42.34 in chips)
Seat 10: MTails ($114.52 in chips)
MTails: posts small blind $1
KIT426: posts big blind $3
*** HOLE CARDS ***
MTails: folds
Uncalled bet ($2) returned to KIT426
KIT426 collected $2 from pot
*** SUMMARY ***
Total pot $2 | Rake $0
Seat 6: KIT426 (big blind) collected ($2)
Seat 10: MTails (button) (small blind) folded before Flop


PokerStars Hand #161428115211:  Hold'em Limit ($3/$6 USD) - 2016/11/15 3:50:13 ET
Table 'Glauke' 10-max Seat #6 is the button
Seat 6: KIT426 ($27.84 in chips)
Seat 10: MTails ($129.52 in chips)
KIT426: posts small blind $1
MTails: posts big blind $3
*** HOLE CARDS ***
KIT426: raises $3 to $6
MTails: calls $3
*** FLOP *** [5h 7h 7s]
MTails: checks
KIT426: bets $3
MTails: calls $3
*** TURN *** [5h 7h 7s] [3d]
MTails: checks
KIT426: bets $6
MTails: calls $6
*** RIVER *** [5h 7h 7s 3d] [7d]
MTails: checks
KIT426: bets $6
MTails: folds
Uncalled bet ($6) returned to KIT426
KIT426 collected $29.50 from pot
*** SUMMARY ***
Total pot $30 | Rake $0.50
Board [5h 7h 7s 3d 7d]
Seat 6: KIT426 (button) (small blind) collected ($29.50)
Seat 10: MTails (big blind) folded on the River


PokerStars Hand #161428113346:  Hold'em Limit ($3/$6 USD) - 2016/11/15 3:50:07 ET
Table 'Glauke' 10-max Seat #10 is the button
Seat 6: KIT426 ($30 in chips)
Seat 10: MTails ($126.52 in chips)
MTails: posts small blind $1
KIT426: posts big blind $3
*** HOLE CARDS ***
MTails: raises $3 to $6
KIT426: folds
Uncalled bet ($3) returned to MTails
MTails collected $6 from pot
*** SUMMARY ***
Total pot $6 | Rake $0
Seat 6: KIT426 (big blind) folded before Flop
Seat 10: MTails (button) (small blind) collected ($6)


PokerStars Hand #161428108133:  Hold'em Limit ($3/$6 USD) - 2016/11/15 3:49:52 ET
Table 'Glauke' 10-max Seat #6 is the button
Seat 6: KIT426 ($34.64 in chips)
Seat 10: MTails ($115 in chips)
KIT426: posts small blind $1
MTails: posts big blind $3
*** HOLE CARDS ***
KIT426: raises $3 to $6
MTails: calls $3
*** FLOP *** [8s Ad 7h]
MTails: checks
KIT426: bets $3
MTails: raises $3 to $6
KIT426: calls $3
*** TURN *** [8s Ad 7h] [2c]
MTails: bets $6
KIT426: folds
Uncalled bet ($6) returned to MTails
MTails collected $23.52 from pot
MTails: doesn't show hand
*** SUMMARY ***
Total pot $24 | Rake $0.48
Board [8s Ad 7h 2c]
Seat 6: KIT426 (button) (small blind) folded on the Turn
Seat 10: MTails (big blind) collected ($23.52)


PokerStars Hand #161428145848:  Hold'em Limit ($3/$6 USD) - 2016/11/15 3:51:48 ET
Table 'Glauke' 10-max Seat #10 is the button
Seat 6: KIT426 ($57.34 in chips)
Seat 10: MTails ($98.16 in chips)
MTails: posts small blind $1
KIT426: posts big blind $3
*** HOLE CARDS ***
MTails: raises $3 to $6
KIT426: folds
Uncalled bet ($3) returned to MTails
MTails collected $6 from pot
*** SUMMARY ***
Total pot $6 | Rake $0
Seat 6: KIT426 (big blind) folded before Flop
Seat 10: MTails (button) (small blind) collected ($6)


PokerStars Hand #161428141004:  Hold'em Limit ($3/$6 USD) - 2016/11/15 3:51:33 ET
Table 'Glauke' 10-max Seat #6 is the button
Seat 6: KIT426 ($66.34 in chips)
Seat 10: MTails ($89.52 in chips)
KIT426: posts small blind $1
MTails: posts big blind $3
*** HOLE CARDS ***
KIT426: calls $2
MTails: raises $3 to $6
KIT426: calls $3
*** FLOP *** [Jc 5s 4s]
MTails: bets $3
KIT426: calls $3
*** TURN *** [Jc 5s 4s] [Kd]
MTails: bets $6
KIT426: folds
Uncalled bet ($6) returned to MTails
MTails collected $17.64 from pot
*** SUMMARY ***
Total pot $18 | Rake $0.36
Board [Jc 5s 4s Kd]
Seat 6: KIT426 (button) (small blind) folded on the Turn
Seat 10: MTails (big blind) collected ($17.64)


PokerStars Hand #161428138794:  Hold'em Limit ($3/$6 USD) - 2016/11/15 3:51:26 ET
Table 'Glauke' 10-max Seat #10 is the button
Seat 6: KIT426 ($69.34 in chips)
Seat 10: MTails ($86.52 in chips)
MTails: posts small blind $1
KIT426: posts big blind $3
*** HOLE CARDS ***
MTails: raises $3 to $6
KIT426: folds
Uncalled bet ($3) returned to MTails
MTails collected $6 from pot
*** SUMMARY ***
Total pot $6 | Rake $0
Seat 6: KIT426 (big blind) folded before Flop
Seat 10: MTails (button) (small blind) collected ($6)


PokerStars Hand #161428132255:  Hold'em Limit ($3/$6 USD) - 2016/11/15 3:51:06 ET
Table 'Glauke' 10-max Seat #6 is the button
Seat 6: KIT426 ($54.84 in chips)
Seat 10: MTails ($101.52 in chips)
KIT426: posts small blind $1
MTails: posts big blind $3
*** HOLE CARDS ***
KIT426: calls $2
MTails: raises $3 to $6
KIT426: calls $3
*** FLOP *** [7s Ad 4s]
MTails: bets $3
KIT426: calls $3
*** TURN *** [7s Ad 4s] [3d]
MTails: checks
KIT426: bets $6
MTails: calls $6
*** RIVER *** [7s Ad 4s 3d] [2s]
MTails: checks
KIT426: checks
*** SHOW DOWN ***
MTails: shows [6d Tc] (high card Ace)
KIT426: shows [9s 7d] (a pair of Sevens)
KIT426 collected $29.50 from pot
*** SUMMARY ***
Total pot $30 | Rake $0.50
Board [7s Ad 4s 3d 2s]
Seat 6: KIT426 (button) (small blind) showed [9s 7d] and won ($29.50) with a pair of Sevens
Seat 10: MTails (big blind) showed [6d Tc] and lost with high card Ace


PokerStars Hand #161428129920:  Hold'em Limit ($3/$6 USD) - 2016/11/15 3:50:59 ET
Table 'Glauke' 10-max Seat #10 is the button
Seat 6: KIT426 ($57.84 in chips)
Seat 10: MTails ($98.52 in chips)
MTails: posts small blind $1
KIT426: posts big blind $3
*** HOLE CARDS ***
MTails: raises $3 to $6
KIT426: folds
Uncalled bet ($3) returned to MTails
MTails collected $6 from pot
*** SUMMARY ***
Total pot $6 | Rake $0
Seat 6: KIT426 (big blind) folded before Flop
Seat 10: MTails (button) (small blind) collected ($6)


PokerStars Hand #161428167840:  Hold'em Limit ($3/$6 USD) - 2016/11/15 3:52:55 ET
Table 'Glauke' 10-max Seat #6 is the button
Seat 6: KIT426 ($112.34 in chips)
Seat 10: MTails ($102.16 in chips)
KIT426: posts small blind $1
MTails: posts big blind $3
*** HOLE CARDS ***
KIT426: folds
Uncalled bet ($2) returned to MTails
MTails collected $2 from pot
MTails: doesn't show hand
*** SUMMARY ***
Total pot $2 | Rake $0
Seat 6: KIT426 (button) (small blind) folded before Flop
Seat 10: MTails (big blind) collected ($2)


PokerStars Hand #161428165489:  Hold'em Limit ($3/$6 USD) - 2016/11/15 3:52:48 ET
Table 'Glauke' 10-max Seat #10 is the button
Seat 6: KIT426 ($115.34 in chips)
Seat 10: MTails ($99.16 in chips)
MTails: posts small blind $1
KIT426: posts big blind $3
*** HOLE CARDS ***
MTails: raises $3 to $6
KIT426: folds
Uncalled bet ($3) returned to MTails
MTails collected $6 from pot
*** SUMMARY ***
Total pot $6 | Rake $0
Seat 6: KIT426 (big blind) folded before Flop
Seat 10: MTails (button) (small blind) collected ($6)


PokerStars Hand #161428163779:  Hold'em Limit ($3/$6 USD) - 2016/11/15 3:52:42 ET
Table 'Glauke' 10-max Seat #6 is the button
Seat 6: KIT426 ($116.34 in chips)
Seat 10: MTails ($98.16 in chips)
KIT426: posts small blind $1
MTails: posts big blind $3
*** HOLE CARDS ***
KIT426: folds
Uncalled bet ($2) returned to MTails
MTails collected $2 from pot
MTails: doesn't show hand
*** SUMMARY ***
Total pot $2 | Rake $0
Seat 6: KIT426 (button) (small blind) folded before Flop
Seat 10: MTails (big blind) collected ($2)


PokerStars Hand #161428157315:  Hold'em Limit ($3/$6 USD) - 2016/11/15 3:52:23 ET
Table 'Glauke' 10-max Seat #10 is the button
Seat 6: KIT426 ($95.84 in chips)
Seat 10: MTails ($59.16 in chips)
MTails: posts small blind $1
KIT426: posts big blind $3
*** HOLE CARDS ***
MTails: raises $3 to $6
KIT426: calls $3
*** FLOP *** [Ks 2d 7s]
KIT426: checks
MTails: bets $3
KIT426: calls $3
*** TURN *** [Ks 2d 7s] [8d]
KIT426: checks
MTails: bets $6
KIT426: raises $6 to $12
MTails: calls $6
*** RIVER *** [Ks 2d 7s 8d] [Kd]
KIT426: bets $6
MTails: folds
Uncalled bet ($6) returned to KIT426
KIT426 collected $41.50 from pot
*** SUMMARY ***
Total pot $42 | Rake $0.50
Board [Ks 2d 7s 8d Kd]
Seat 6: KIT426 (big blind) collected ($41.50)
Seat 10: MTails (button) (small blind) folded on the River


PokerStars Hand #161428148144:  Hold'em Limit ($3/$6 USD) - 2016/11/15 3:51:55 ET
Table 'Glauke' 10-max Seat #6 is the button
Seat 6: KIT426 ($54.34 in chips)
Seat 10: MTails ($101.16 in chips)
KIT426: posts small blind $1
MTails: posts big blind $3
*** HOLE CARDS ***
KIT426: raises $3 to $6
MTails: calls $3
*** FLOP *** [5h Ac 7c]
MTails: checks
KIT426: bets $3
MTails: raises $3 to $6
KIT426: calls $3
*** TURN *** [5h Ac 7c] [Ks]
MTails: bets $6
KIT426: raises $6 to $12
MTails: raises $6 to $18
KIT426: raises $6 to $24
Betting is capped
MTails: calls $6
*** RIVER *** [5h Ac 7c Ks] [8d]
MTails: checks
KIT426: bets $6
MTails: calls $6
*** SHOW DOWN ***
KIT426: shows [Kd Kc] (three of a kind, Kings)
MTails: mucks hand
KIT426 collected $83.50 from pot
*** SUMMARY ***
Total pot $84 | Rake $0.50
Board [5h Ac 7c Ks 8d]
Seat 6: KIT426 (button) (small blind) showed [Kd Kc] and won ($83.50) with three of a kind, Kings
Seat 10: MTails (big blind) mucked


PokerStars Hand #161428187446:  Hold'em Limit ($3/$6 USD) - 2016/11/15 3:53:54 ET
Table 'Glauke' 10-max Seat #10 is the button
Seat 6: KIT426 ($112.84 in chips)
Seat 10: MTails ($100.80 in chips)
MTails: posts small blind $1
KIT426: posts big blind $3
*** HOLE CARDS ***
MTails: raises $3 to $6
KIT426: folds
Uncalled bet ($3) returned to MTails
MTails collected $6 from pot
*** SUMMARY ***
Total pot $6 | Rake $0
Seat 6: KIT426 (big blind) folded before Flop
Seat 10: MTails (button) (small blind) collected ($6)


PokerStars Hand #161428180220:  Hold'em Limit ($3/$6 USD) - 2016/11/15 3:53:33 ET
Table 'Glauke' 10-max Seat #6 is the button
Seat 6: KIT426 ($98.34 in chips)
Seat 10: MTails ($115.80 in chips)
KIT426: posts small blind $1
MTails: posts big blind $3
*** HOLE CARDS ***
KIT426: calls $2
MTails: raises $3 to $6
KIT426: calls $3
*** FLOP *** [Ah 5h 6h]
MTails: bets $3
KIT426: calls $3
*** TURN *** [Ah 5h 6h] [Js]
MTails: bets $6
KIT426: calls $6
*** RIVER *** [Ah 5h 6h Js] [8s]
MTails: checks
KIT426: checks
*** SHOW DOWN ***
MTails: shows [4c 3c] (high card Ace)
KIT426: shows [9d 8h] (a pair of Eights)
KIT426 collected $29.50 from pot
*** SUMMARY ***
Total pot $30 | Rake $0.50
Board [Ah 5h 6h Js 8s]
Seat 6: KIT426 (button) (small blind) showed [9d 8h] and won ($29.50) with a pair of Eights
Seat 10: MTails (big blind) showed [4c 3c] and lost with high card Ace


PokerStars Hand #161428178065:  Hold'em Limit ($3/$6 USD) - 2016/11/15 3:53:26 ET
Table 'Glauke' 10-max Seat #10 is the button
Seat 6: KIT426 ($101.34 in chips)
Seat 10: MTails ($112.80 in chips)
MTails: posts small blind $1
KIT426: posts big blind $3
*** HOLE CARDS ***
MTails: raises $3 to $6
KIT426: folds
Uncalled bet ($3) returned to MTails
MTails collected $6 from pot
*** SUMMARY ***
Total pot $6 | Rake $0
Seat 6: KIT426 (big blind) folded before Flop
Seat 10: MTails (button) (small blind) collected ($6)


PokerStars Hand #161428175938:  Hold'em Limit ($3/$6 USD) - 2016/11/15 3:53:19 ET
Table 'Glauke' 10-max Seat #6 is the button
Seat 6: KIT426 ($102.34 in chips)
Seat 10: MTails ($111.80 in chips)
KIT426: posts small blind $1
MTails: posts big blind $3
*** HOLE CARDS ***
KIT426: folds
Uncalled bet ($2) returned to MTails
MTails collected $2 from pot
MTails: doesn't show hand
*** SUMMARY ***
Total pot $2 | Rake $0
Seat 6: KIT426 (button) (small blind) folded before Flop
Seat 10: MTails (big blind) collected ($2)


PokerStars Hand #161428169612:  Hold'em Limit ($3/$6 USD) - 2016/11/15 3:53:00 ET
Table 'Glauke' 10-max Seat #10 is the button
Seat 6: KIT426 ($111.34 in chips)
Seat 10: MTails ($103.16 in chips)
MTails: posts small blind $1
KIT426: posts big blind $3
*** HOLE CARDS ***
MTails: raises $3 to $6
KIT426: calls $3
*** FLOP *** [3s 6h Tc]
KIT426: checks
MTails: bets $3
KIT426: calls $3
*** TURN *** [3s 6h Tc] [3d]
KIT426: checks
MTails: bets $6
KIT426: folds
Uncalled bet ($6) returned to MTails
MTails collected $17.64 from pot
*** SUMMARY ***
Total pot $18 | Rake $0.36
Board [3s 6h Tc 3d]
Seat 6: KIT426 (big blind) folded on the Turn
Seat 10: MTails (button) (small blind) collected ($17.64)


PokerStars Hand #161428197830:  Hold'em Limit ($3/$6 USD) - 2016/11/15 3:54:26 ET
Table 'Glauke' 10-max Seat #10 is the button
Seat 6: KIT426 ($88.84 in chips)
Seat 10: MTails ($124.30 in chips)
MTails: posts small blind $1
KIT426: posts big blind $3
*** HOLE CARDS ***
MTails: raises $3 to $6
KIT426: calls $3
*** FLOP *** [Kc Ks 9d]
KIT426: checks
MTails: bets $3
KIT426: calls $3
*** TURN *** [Kc Ks 9d] [8h]
KIT426: checks
MTails: bets $6
KIT426: calls $6
*** RIVER *** [Kc Ks 9d 8h] [Kh]
KIT426: bets $6
MTails: raises $6 to $12
KIT426: calls $6
*** SHOW DOWN ***
MTails: shows [As Ac] (a full house, Kings full of Aces)
KIT426: mucks hand
MTails collected $53.50 from pot
*** SUMMARY ***
Total pot $54 | Rake $0.50
Board [Kc Ks 9d 8h Kh]
Seat 6: KIT426 (big blind) mucked
Seat 10: MTails (button) (small blind) showed [As Ac] and won ($53.50) with a full house, Kings full of Aces


PokerStars Hand #161428190425:  Hold'em Limit ($3/$6 USD) - 2016/11/15 3:54:03 ET
Table 'Glauke' 10-max Seat #6 is the button
Seat 6: KIT426 ($109.84 in chips)
Seat 10: MTails ($103.80 in chips)
KIT426: posts small blind $1
MTails: posts big blind $3
*** HOLE CARDS ***
KIT426: calls $2
MTails: raises $3 to $6
KIT426: calls $3
*** FLOP *** [Jd 9c 6c]
MTails: bets $3
KIT426: calls $3
*** TURN *** [Jd 9c 6c] [4h]
MTails: checks
KIT426: bets $6
MTails: raises $6 to $12
KIT426: calls $6
*** RIVER *** [Jd 9c 6c 4h] [4d]
MTails: bets $6
KIT426: folds
Uncalled bet ($6) returned to MTails
MTails collected $41.50 from pot
*** SUMMARY ***
Total pot $42 | Rake $0.50
Board [Jd 9c 6c 4h 4d]
Seat 6: KIT426 (button) (small blind) folded on the River
Seat 10: MTails (big blind) collected ($41.50)


PokerStars Hand #161428225907:  Hold'em Limit ($3/$6 USD) - 2016/11/15 3:55:57 ET
Table 'Glauke' 10-max Seat #6 is the button
Seat 6: KIT426 ($111.34 in chips)
Seat 10: MTails ($99.80 in chips)
KIT426: posts small blind $1
MTails: posts big blind $3
*** HOLE CARDS ***
KIT426: folds
Uncalled bet ($2) returned to MTails
MTails collected $2 from pot
*** SUMMARY ***
Total pot $2 | Rake $0
Seat 6: KIT426 (button) (small blind) folded before Flop
Seat 10: MTails (big blind) collected ($2)


PokerStars Hand #161428223927:  Hold'em Limit ($3/$6 USD) - 2016/11/15 3:55:50 ET
Table 'Glauke' 10-max Seat #10 is the button
Seat 6: KIT426 ($114.34 in chips)
Seat 10: MTails ($96.80 in chips)
MTails: posts small blind $1
KIT426: posts big blind $3
*** HOLE CARDS ***
MTails: raises $3 to $6
KIT426: folds
Uncalled bet ($3) returned to MTails
MTails collected $6 from pot
*** SUMMARY ***
Total pot $6 | Rake $0
Seat 6: KIT426 (big blind) folded before Flop
Seat 10: MTails (button) (small blind) collected ($6)


PokerStars Hand #161428217662:  Hold'em Limit ($3/$6 USD) - 2016/11/15 3:55:29 ET
Table 'Glauke' 10-max Seat #6 is the button
Seat 6: KIT426 ($99.84 in chips)
Seat 10: MTails ($111.80 in chips)
KIT426: posts small blind $1
MTails: posts big blind $3
*** HOLE CARDS ***
KIT426: calls $2
MTails: raises $3 to $6
KIT426: calls $3
*** FLOP *** [8d 9s Tc]
MTails: bets $3
KIT426: calls $3
*** TURN *** [8d 9s Tc] [9h]
MTails: bets $6
KIT426: calls $6
*** RIVER *** [8d 9s Tc 9h] [Th]
MTails: checks
KIT426: checks
*** SHOW DOWN ***
MTails: shows [8h Jd] (two pair, Tens and Nines)
KIT426: shows [7h Qc] (two pair, Tens and Nines - Queen kicker)
KIT426 collected $29.50 from pot
*** SUMMARY ***
Total pot $30 | Rake $0.50
Board [8d 9s Tc 9h Th]
Seat 6: KIT426 (button) (small blind) showed [7h Qc] and won ($29.50) with two pair, Tens and Nines
Seat 10: MTails (big blind) showed [8h Jd] and lost with two pair, Tens and Nines


PokerStars Hand #161428212214:  Hold'em Limit ($3/$6 USD) - 2016/11/15 3:55:10 ET
Table 'Glauke' 10-max Seat #10 is the button
Seat 6: KIT426 ($82.34 in chips)
Seat 10: MTails ($129.80 in chips)
MTails: posts small blind $1
KIT426: posts big blind $3
*** HOLE CARDS ***
MTails: raises $3 to $6
KIT426: raises $3 to $9
MTails: calls $3
*** FLOP *** [Qh 3d 8h]
KIT426: bets $3
MTails: calls $3
*** TURN *** [Qh 3d 8h] [Jc]
KIT426: bets $6
MTails: calls $6
*** RIVER *** [Qh 3d 8h Jc] [Ks]
KIT426: bets $6
MTails: folds
Uncalled bet ($6) returned to KIT426
KIT426 collected $35.50 from pot
*** SUMMARY ***
Total pot $36 | Rake $0.50
Board [Qh 3d 8h Jc Ks]
Seat 6: KIT426 (big blind) collected ($35.50)
Seat 10: MTails (button) (small blind) folded on the River


PokerStars Hand #161428205552:  Hold'em Limit ($3/$6 USD) - 2016/11/15 3:54:49 ET
Table 'Glauke' 10-max Seat #6 is the button
Seat 6: KIT426 ($61.84 in chips)
Seat 10: MTails ($150.80 in chips)
KIT426: posts small blind $1
MTails: posts big blind $3
*** HOLE CARDS ***
KIT426: raises $3 to $6
MTails: calls $3
*** FLOP *** [5c Qs 3c]
MTails: checks
KIT426: bets $3
MTails: calls $3
*** TURN *** [5c Qs 3c] [2h]
MTails: checks
KIT426: bets $6
MTails: calls $6
*** RIVER *** [5c Qs 3c 2h] [Tc]
MTails: checks
KIT426: bets $6
MTails: calls $6
*** SHOW DOWN ***
KIT426: shows [Js Jh] (a pair of Jacks)
MTails: mucks hand
KIT426 collected $41.50 from pot
*** SUMMARY ***
Total pot $42 | Rake $0.50
Board [5c Qs 3c 2h Tc]
Seat 6: KIT426 (button) (small blind) showed [Js Jh] and won ($41.50) with a pair of Jacks
Seat 10: MTails (big blind) mucked


PokerStars Hand #161428242391:  Hold'em Limit ($3/$6 USD) - 2016/11/15 3:56:53 ET
Table 'Glauke' 10-max Seat #10 is the button
Seat 6: KIT426 ($130.60 in chips)
Seat 10: MTails ($79.56 in chips)
MTails: posts small blind $1
KIT426: posts big blind $3
*** HOLE CARDS ***
MTails: raises $3 to $6
KIT426: folds
Uncalled bet ($3) returned to MTails
MTails collected $6 from pot
*** SUMMARY ***
Total pot $6 | Rake $0
Seat 6: KIT426 (big blind) folded before Flop
Seat 10: MTails (button) (small blind) collected ($6)


PokerStars Hand #161428236154:  Hold'em Limit ($3/$6 USD) - 2016/11/15 3:56:32 ET
Table 'Glauke' 10-max Seat #6 is the button
Seat 6: KIT426 ($107.10 in chips)
Seat 10: MTails ($103.56 in chips)
KIT426: posts small blind $1
MTails: posts big blind $3
*** HOLE CARDS ***
KIT426: raises $3 to $6
MTails: calls $3
*** FLOP *** [Qh 6c 2h]
MTails: checks
KIT426: bets $3
MTails: raises $3 to $6
KIT426: calls $3
*** TURN *** [Qh 6c 2h] [8c]
MTails: bets $6
KIT426: calls $6
*** RIVER *** [Qh 6c 2h 8c] [4h]
MTails: bets $6
KIT426: calls $6
*** SHOW DOWN ***
MTails: shows [Ah 2c] (a pair of Deuces)
KIT426: shows [3h 3d] (a pair of Threes)
KIT426 collected $47.50 from pot
*** SUMMARY ***
Total pot $48 | Rake $0.50
Board [Qh 6c 2h 8c 4h]
Seat 6: KIT426 (button) (small blind) showed [3h 3d] and won ($47.50) with a pair of Threes
Seat 10: MTails (big blind) showed [Ah 2c] and lost with a pair of Deuces


PokerStars Hand #161428234145:  Hold'em Limit ($3/$6 USD) - 2016/11/15 3:56:25 ET
Table 'Glauke' 10-max Seat #10 is the button
Seat 6: KIT426 ($110.10 in chips)
Seat 10: MTails ($100.56 in chips)
MTails: posts small blind $1
KIT426: posts big blind $3
*** HOLE CARDS ***
MTails: raises $3 to $6
KIT426: folds
Uncalled bet ($3) returned to MTails
MTails collected $6 from pot
*** SUMMARY ***
Total pot $6 | Rake $0
Seat 6: KIT426 (big blind) folded before Flop
Seat 10: MTails (button) (small blind) collected ($6)


PokerStars Hand #161428230617:  Hold'em Limit ($3/$6 USD) - 2016/11/15 3:56:13 ET
Table 'Glauke' 10-max Seat #6 is the button
Seat 6: KIT426 ($104.34 in chips)
Seat 10: MTails ($106.56 in chips)
KIT426: posts small blind $1
MTails: posts big blind $3
*** HOLE CARDS ***
KIT426: raises $3 to $6
MTails: calls $3
*** FLOP *** [Jc 2s Qd]
MTails: checks
KIT426: bets $3
MTails: folds
Uncalled bet ($3) returned to KIT426
KIT426 collected $11.76 from pot
*** SUMMARY ***
Total pot $12 | Rake $0.24
Board [Jc 2s Qd]
Seat 6: KIT426 (button) (small blind) collected ($11.76)
Seat 10: MTails (big blind) folded on the Flop


PokerStars Hand #161428227550:  Hold'em Limit ($3/$6 USD) - 2016/11/15 3:56:03 ET
Table 'Glauke' 10-max Seat #10 is the button
Seat 6: KIT426 ($110.34 in chips)
Seat 10: MTails ($100.80 in chips)
MTails: posts small blind $1
KIT426: posts big blind $3
*** HOLE CARDS ***
MTails: raises $3 to $6
KIT426: calls $3
*** FLOP *** [Ad Td 2d]
KIT426: checks
MTails: bets $3
KIT426: folds
Uncalled bet ($3) returned to MTails
MTails collected $11.76 from pot
*** SUMMARY ***
Total pot $12 | Rake $0.24
Board [Ad Td 2d]
Seat 6: KIT426 (big blind) folded on the Flop
Seat 10: MTails (button) (small blind) collected ($11.76)


PokerStars Hand #161428253873:  Hold'em Limit ($3/$6 USD) - 2016/11/15 3:57:31 ET
Table 'Glauke' 10-max Seat #10 is the button
Seat 6: KIT426 ($120.60 in chips)
Seat 10: MTails ($89.20 in chips)
MTails: posts small blind $1
KIT426: posts big blind $3
*** HOLE CARDS ***
MTails: raises $3 to $6
KIT426: calls $3
*** FLOP *** [Tc Ac Jc]
KIT426: checks
MTails: bets $3
KIT426: calls $3
*** TURN *** [Tc Ac Jc] [3d]
KIT426: checks
MTails: bets $6
KIT426: calls $6
*** RIVER *** [Tc Ac Jc 3d] [6d]
KIT426: checks
MTails: bets $6
KIT426: folds
Uncalled bet ($6) returned to MTails
MTails collected $29.50 from pot
*** SUMMARY ***
Total pot $30 | Rake $0.50
Board [Tc Ac Jc 3d 6d]
Seat 6: KIT426 (big blind) folded on the River
Seat 10: MTails (button) (small blind) collected ($29.50)


PokerStars Hand #161428252366:  Hold'em Limit ($3/$6 USD) - 2016/11/15 3:57:26 ET
Table 'Glauke' 10-max Seat #6 is the button
Seat 6: KIT426 ($121.60 in chips)
Seat 10: MTails ($88.20 in chips)
KIT426: posts small blind $1
MTails: posts big blind $3
*** HOLE CARDS ***
KIT426: folds
Uncalled bet ($2) returned to MTails
MTails collected $2 from pot
*** SUMMARY ***
Total pot $2 | Rake $0
Seat 6: KIT426 (button) (small blind) folded before Flop
Seat 10: MTails (big blind) collected ($2)


PokerStars Hand #161428247151:  Hold'em Limit ($3/$6 USD) - 2016/11/15 3:57:08 ET
Table 'Glauke' 10-max Seat #10 is the button
Seat 6: KIT426 ($130.60 in chips)
Seat 10: MTails ($79.56 in chips)
MTails: posts small blind $1
KIT426: posts big blind $3
*** HOLE CARDS ***
MTails: raises $3 to $6
KIT426: calls $3
*** FLOP *** [Js 8h Qs]
KIT426: checks
MTails: bets $3
KIT426: calls $3
*** TURN *** [Js 8h Qs] [8s]
KIT426: checks
MTails: bets $6
KIT426: folds
Uncalled bet ($6) returned to MTails
MTails collected $17.64 from pot
*** SUMMARY ***
Total pot $18 | Rake $0.36
Board [Js 8h Qs 8s]
Seat 6: KIT426 (big blind) folded on the Turn
Seat 10: MTails (button) (small blind) collected ($17.64)


PokerStars Hand #161428244889:  Hold'em Limit ($3/$6 USD) - 2016/11/15 3:57:01 ET
Table 'Glauke' 10-max Seat #6 is the button
Seat 6: KIT426 ($127.60 in chips)
Seat 10: MTails ($82.56 in chips)
KIT426: posts small blind $1
MTails: posts big blind $3
*** HOLE CARDS ***
KIT426: raises $3 to $6
MTails: folds
Uncalled bet ($3) returned to KIT426
KIT426 collected $6 from pot
*** SUMMARY ***
Total pot $6 | Rake $0
Seat 6: KIT426 (button) (small blind) collected ($6)
Seat 10: MTails (big blind) folded before Flop


PokerStars Hand #161428279930:  Hold'em Limit ($3/$6 USD) - 2016/11/15 3:58:55 ET
Table 'Glauke' 10-max Seat #10 is the button
Seat 6: KIT426 ($98.10 in chips)
Seat 10: MTails ($110.20 in chips)
MTails: posts small blind $1
KIT426: posts big blind $3
*** HOLE CARDS ***
MTails: raises $3 to $6
KIT426: folds
Uncalled bet ($3) returned to MTails
MTails collected $6 from pot
MTails: doesn't show hand
*** SUMMARY ***
Total pot $6 | Rake $0
Seat 6: KIT426 (big blind) folded before Flop
Seat 10: MTails (button) (small blind) collected ($6)


PokerStars Hand #161428273972:  Hold'em Limit ($3/$6 USD) - 2016/11/15 3:58:35 ET
Table 'Glauke' 10-max Seat #6 is the button
Seat 6: KIT426 ($119.10 in chips)
Seat 10: MTails ($89.70 in chips)
KIT426: posts small blind $1
MTails: posts big blind $3
*** HOLE CARDS ***
KIT426: raises $3 to $6
MTails: calls $3
*** FLOP *** [5d 8c 5s]
MTails: checks
KIT426: bets $3
MTails: calls $3
*** TURN *** [5d 8c 5s] [Th]
MTails: checks
KIT426: bets $6
MTails: raises $6 to $12
KIT426: calls $6
*** RIVER *** [5d 8c 5s Th] [3c]
MTails: bets $6
KIT426: folds
Uncalled bet ($6) returned to MTails
MTails collected $41.50 from pot
*** SUMMARY ***
Total pot $42 | Rake $0.50
Board [5d 8c 5s Th 3c]
Seat 6: KIT426 (button) (small blind) folded on the River
Seat 10: MTails (big blind) collected ($41.50)


PokerStars Hand #161428271592:  Hold'em Limit ($3/$6 USD) - 2016/11/15 3:58:27 ET
Table 'Glauke' 10-max Seat #10 is the button
Seat 6: KIT426 ($122.10 in chips)
Seat 10: MTails ($86.70 in chips)
MTails: posts small blind $1
KIT426: posts big blind $3
*** HOLE CARDS ***
MTails: raises $3 to $6
KIT426: folds
Uncalled bet ($3) returned to MTails
MTails collected $6 from pot
*** SUMMARY ***
Total pot $6 | Rake $0
Seat 6: KIT426 (big blind) folded before Flop
Seat 10: MTails (button) (small blind) collected ($6)


PokerStars Hand #161428270155:  Hold'em Limit ($3/$6 USD) - 2016/11/15 3:58:23 ET
Table 'Glauke' 10-max Seat #6 is the button
Seat 6: KIT426 ($123.10 in chips)
Seat 10: MTails ($85.70 in chips)
KIT426: posts small blind $1
MTails: posts big blind $3
*** HOLE CARDS ***
KIT426: folds
Uncalled bet ($2) returned to MTails
MTails collected $2 from pot
MTails: doesn't show hand
*** SUMMARY ***
Total pot $2 | Rake $0
Seat 6: KIT426 (button) (small blind) folded before Flop
Seat 10: MTails (big blind) collected ($2)


PokerStars Hand #161428268192:  Hold'em Limit ($3/$6 USD) - 2016/11/15 3:58:16 ET
Table 'Glauke' 10-max Seat #10 is the button
Seat 6: KIT426 ($126.10 in chips)
Seat 10: MTails ($82.70 in chips)
MTails: posts small blind $1
KIT426: posts big blind $3
*** HOLE CARDS ***
MTails: raises $3 to $6
KIT426: folds
Uncalled bet ($3) returned to MTails
MTails collected $6 from pot
*** SUMMARY ***
Total pot $6 | Rake $0
Seat 6: KIT426 (big blind) folded before Flop
Seat 10: MTails (button) (small blind) collected ($6)


PokerStars Hand #161428260662:  Hold'em Limit ($3/$6 USD) - 2016/11/15 3:57:51 ET
Table 'Glauke' 10-max Seat #6 is the button
Seat 6: KIT426 ($105.60 in chips)
Seat 10: MTails ($103.70 in chips)
KIT426: posts small blind $1
MTails: posts big blind $3
*** HOLE CARDS ***
KIT426: raises $3 to $6
MTails: calls $3
*** FLOP *** [2h 6h Tc]
MTails: checks
KIT426: bets $3
MTails: calls $3
*** TURN *** [2h 6h Tc] [3c]
MTails: checks
KIT426: checks
*** RIVER *** [2h 6h Tc 3c] [Ts]
MTails: bets $6
KIT426: raises $6 to $12
MTails: calls $6
*** SHOW DOWN ***
KIT426: shows [Th Td] (four of a kind, Tens)
MTails: mucks hand
KIT426 collected $41.50 from pot
*** SUMMARY ***
Total pot $42 | Rake $0.50
Board [2h 6h Tc 3c Ts]
Seat 6: KIT426 (button) (small blind) showed [Th Td] and won ($41.50) with four of a kind, Tens
Seat 10: MTails (big blind) mucked


PokerStars Hand #161428289303:  Hold'em Limit ($3/$6 USD) - 2016/11/15 3:59:27 ET
Table 'Glauke' 10-max Seat #10 is the button
Seat 6: KIT426 ($86.10 in chips)
Seat 10: MTails ($121.84 in chips)
MTails: posts small blind $1
KIT426: posts big blind $3
*** HOLE CARDS ***
MTails: raises $3 to $6
KIT426: folds
Uncalled bet ($3) returned to MTails
MTails collected $6 from pot
*** SUMMARY ***
Total pot $6 | Rake $0
Seat 6: KIT426 (big blind) folded before Flop
Seat 10: MTails (button) (small blind) collected ($6)


PokerStars Hand #161428285745:  Hold'em Limit ($3/$6 USD) - 2016/11/15 3:59:15 ET
Table 'Glauke' 10-max Seat #6 is the button
Seat 6: KIT426 ($95.10 in chips)
Seat 10: MTails ($113.20 in chips)
KIT426: posts small blind $1
MTails: posts big blind $3
*** HOLE CARDS ***
KIT426: raises $3 to $6
MTails: raises $3 to $9
KIT426: calls $3
*** FLOP *** [Kh 5c 9c]
MTails: bets $3
KIT426: folds
Uncalled bet ($3) returned to MTails
MTails collected $17.64 from pot
*** SUMMARY ***
Total pot $18 | Rake $0.36
Board [Kh 5c 9c]
Seat 6: KIT426 (button) (small blind) folded on the Flop
Seat 10: MTails (big blind) collected ($17.64)


PokerStars Hand #161428284074:  Hold'em Limit ($3/$6 USD) - 2016/11/15 3:59:09 ET
Table 'Glauke' 10-max Seat #10 is the button
Seat 6: KIT426 ($94.10 in chips)
Seat 10: MTails ($114.20 in chips)
MTails: posts small blind $1
KIT426: posts big blind $3
*** HOLE CARDS ***
MTails: folds
Uncalled bet ($2) returned to KIT426
KIT426 collected $2 from pot
*** SUMMARY ***
Total pot $2 | Rake $0
Seat 6: KIT426 (big blind) collected ($2)
Seat 10: MTails (button) (small blind) folded before Flop


PokerStars Hand #161428282322:  Hold'em Limit ($3/$6 USD) - 2016/11/15 3:59:03 ET
Table 'Glauke' 10-max Seat #6 is the button
Seat 6: KIT426 ($95.10 in chips)
Seat 10: MTails ($113.20 in chips)
KIT426: posts small blind $1
MTails: posts big blind $3
*** HOLE CARDS ***
KIT426: folds
Uncalled bet ($2) returned to MTails
MTails collected $2 from pot
*** SUMMARY ***
Total pot $2 | Rake $0
Seat 6: KIT426 (button) (small blind) folded before Flop
Seat 10: MTails (big blind) collected ($2)


PokerStars Hand #161428297942:  Hold'em Limit ($3/$6 USD) - 2016/11/15 3:59:55 ET
Table 'Glauke' 10-max Seat #10 is the button
Seat 6: KIT426 ($65.10 in chips)
Seat 10: MTails ($142.34 in chips)
MTails: posts small blind $1
KIT426: posts big blind $3
*** HOLE CARDS ***
MTails: raises $3 to $6
KIT426: folds
Uncalled bet ($3) returned to MTails
MTails collected $6 from pot
*** SUMMARY ***
Total pot $6 | Rake $0
Seat 6: KIT426 (big blind) folded before Flop
Seat 10: MTails (button) (small blind) collected ($6)


PokerStars Hand #161428291374:  Hold'em Limit ($3/$6 USD) - 2016/11/15 3:59:33 ET
Table 'Glauke' 10-max Seat #6 is the button
Seat 6: KIT426 ($83.10 in chips)
Seat 10: MTails ($124.84 in chips)
KIT426: posts small blind $1
MTails: posts big blind $3
*** HOLE CARDS ***
KIT426: raises $3 to $6
MTails: raises $3 to $9
KIT426: calls $3
*** FLOP *** [8c 9h Qc]
MTails: bets $3
KIT426: calls $3
*** TURN *** [8c 9h Qc] [9c]
MTails: checks
KIT426: bets $6
MTails: calls $6
*** RIVER *** [8c 9h Qc 9c] [4d]
MTails: checks
KIT426: checks
*** SHOW DOWN ***
MTails: shows [8d 6d] (two pair, Nines and Eights)
KIT426: mucks hand
MTails collected $35.50 from pot
*** SUMMARY ***
Total pot $36 | Rake $0.50
Board [8c 9h Qc 9c 4d]
Seat 6: KIT426 (button) (small blind) mucked
Seat 10: MTails (big blind) showed [8d 6d] and won ($35.50) with two pair, Nines and Eights


PokerStars Hand #161428309014:  Hold'em Limit ($3/$6 USD) - 2016/11/15 4:00:31 ET
Table 'Glauke' 10-max Seat #6 is the button
Seat 6: KIT426 ($40.10 in chips)
Seat 10: MTails ($166.84 in chips)
KIT426: posts small blind $1
MTails: posts big blind $3
*** HOLE CARDS ***
KIT426: raises $3 to $6
MTails: folds
Uncalled bet ($3) returned to KIT426
KIT426 collected $6 from pot
*** SUMMARY ***
Total pot $6 | Rake $0
Seat 6: KIT426 (button) (small blind) collected ($6)
Seat 10: MTails (big blind) folded before Flop


PokerStars Hand #161428301975:  Hold'em Limit ($3/$6 USD) - 2016/11/15 4:00:08 ET
Table 'Glauke' 10-max Seat #10 is the button
Seat 6: KIT426 ($61.10 in chips)
Seat 10: MTails ($146.34 in chips)
MTails: posts small blind $1
KIT426: posts big blind $3
*** HOLE CARDS ***
MTails: raises $3 to $6
KIT426: calls $3
*** FLOP *** [4s 9c 6s]
KIT426: checks
MTails: bets $3
KIT426: calls $3
*** TURN *** [4s 9c 6s] [8s]
KIT426: checks
MTails: bets $6
KIT426: calls $6
*** RIVER *** [4s 9c 6s 8s] [5c]
KIT426: checks
MTails: bets $6
KIT426: calls $6
*** SHOW DOWN ***
MTails: shows [9d Js] (a pair of Nines)
KIT426: mucks hand
MTails collected $41.50 from pot
*** SUMMARY ***
Total pot $42 | Rake $0.50
Board [4s 9c 6s 8s 5c]
Seat 6: KIT426 (big blind) mucked
Seat 10: MTails (button) (small blind) showed [9d Js] and won ($41.50) with a pair of Nines


PokerStars Hand #161428300188:  Hold'em Limit ($3/$6 USD) - 2016/11/15 4:00:02 ET
Table 'Glauke' 10-max Seat #6 is the button
Seat 6: KIT426 ($62.10 in chips)
Seat 10: MTails ($145.34 in chips)
KIT426: posts small blind $1
MTails: posts big blind $3
*** HOLE CARDS ***
KIT426: folds
Uncalled bet ($2) returned to MTails
MTails collected $2 from pot
*** SUMMARY ***
Total pot $2 | Rake $0
Seat 6: KIT426 (button) (small blind) folded before Flop
Seat 10: MTails (big blind) collected ($2)


PokerStars Hand #161428316664:  Hold'em Limit ($3/$6 USD) - 2016/11/15 4:00:56 ET
Table 'Glauke' 10-max Seat #6 is the button
Seat 6: KIT426 ($60.60 in chips)
Seat 10: MTails ($145.84 in chips)
KIT426: posts small blind $1
MTails: posts big blind $3
*** HOLE CARDS ***
KIT426: raises $3 to $6
MTails: folds
Uncalled bet ($3) returned to KIT426
KIT426 collected $6 from pot
*** SUMMARY ***
Total pot $6 | Rake $0
Seat 6: KIT426 (button) (small blind) collected ($6)
Seat 10: MTails (big blind) folded before Flop


PokerStars Hand #161428310905:  Hold'em Limit ($3/$6 USD) - 2016/11/15 4:00:37 ET
Table 'Glauke' 10-max Seat #10 is the button
Seat 6: KIT426 ($43.10 in chips)
Seat 10: MTails ($163.84 in chips)
MTails: posts small blind $1
KIT426: posts big blind $3
*** HOLE CARDS ***
MTails: raises $3 to $6
KIT426: raises $3 to $9
MTails: calls $3
*** FLOP *** [9s Td 2c]
KIT426: bets $3
MTails: calls $3
*** TURN *** [9s Td 2c] [2s]
KIT426: bets $6
MTails: calls $6
*** RIVER *** [9s Td 2c 2s] [5s]
KIT426: bets $6
MTails: folds
Uncalled bet ($6) returned to KIT426
KIT426 collected $35.50 from pot
*** SUMMARY ***
Total pot $36 | Rake $0.50
Board [9s Td 2c 2s 5s]
Seat 6: KIT426 (big blind) collected ($35.50)
Seat 10: MTails (button) (small blind) folded on the River


PokerStars Hand #161428323831:  Hold'em Limit ($3/$6 USD) - 2016/11/15 4:01:18 ET
Table 'Glauke' 10-max Seat #6 is the button
Seat 6: KIT426 ($54.60 in chips)
Seat 10: MTails ($151.48 in chips)
KIT426: posts small blind $1
MTails: posts big blind $3
*** HOLE CARDS ***
KIT426: raises $3 to $6
MTails: calls $3
*** FLOP *** [5s 2s 6d]
MTails: checks
KIT426: bets $3
MTails: calls $3
*** TURN *** [5s 2s 6d] [3c]
MTails: checks
KIT426: bets $6
MTails: folds
Uncalled bet ($6) returned to KIT426
KIT426 collected $17.64 from pot
*** SUMMARY ***
Total pot $18 | Rake $0.36
Board [5s 2s 6d 3c]
Seat 6: KIT426 (button) (small blind) collected ($17.64)
Seat 10: MTails (big blind) folded on the Turn


PokerStars Hand #161428318720:  Hold'em Limit ($3/$6 USD) - 2016/11/15 4:01:02 ET
Table 'Glauke' 10-max Seat #10 is the button
Seat 6: KIT426 ($63.60 in chips)
Seat 10: MTails ($142.84 in chips)
MTails: posts small blind $1
KIT426: posts big blind $3
*** HOLE CARDS ***
MTails: raises $3 to $6
KIT426: calls $3
*** FLOP *** [Jc 8s 3h]
KIT426: checks
MTails: bets $3
KIT426: calls $3
*** TURN *** [Jc 8s 3h] [5s]
KIT426: checks
MTails: bets $6
KIT426: folds
Uncalled bet ($6) returned to MTails
MTails collected $17.64 from pot
*** SUMMARY ***
Total pot $18 | Rake $0.36
Board [Jc 8s 3h 5s]
Seat 6: KIT426 (big blind) folded on the Turn
Seat 10: MTails (button) (small blind) collected ($17.64)


PokerStars Hand #161428328926:  Hold'em Limit ($3/$6 USD) - 2016/11/15 4:01:33 ET
Table 'Glauke' 10-max Seat #10 is the button
Seat 6: KIT426 ($63.24 in chips)
Seat 10: MTails ($142.48 in chips)
MTails: posts small blind $1
KIT426: posts big blind $3
*** HOLE CARDS ***
MTails: raises $3 to $6
KIT426: calls $3
*** FLOP *** [5c Qd Ks]
KIT426: checks
MTails: bets $3
KIT426: calls $3
*** TURN *** [5c Qd Ks] [Qs]
KIT426: checks
MTails: bets $6
KIT426: calls $6
*** RIVER *** [5c Qd Ks Qs] [2d]
KIT426: checks
MTails: checks
*** SHOW DOWN ***
KIT426: shows [Kh 8h] (two pair, Kings and Queens)
MTails: mucks hand
KIT426 collected $29.50 from pot
*** SUMMARY ***
Total pot $30 | Rake $0.50
Board [5c Qd Ks Qs 2d]
Seat 6: KIT426 (big blind) showed [Kh 8h] and won ($29.50) with two pair, Kings and Queens
Seat 10: MTails (button) (small blind) mucked


PokerStars Hand #161428349487:  Hold'em Limit ($3/$6 USD) - 2016/11/15 4:02:34 ET
Table 'Glauke' 10-max Seat #10 is the button
Seat 6: KIT426 ($94.24 in chips)
Seat 10: MTails ($110.24 in chips)
MTails: posts small blind $1
KIT426: posts big blind $3
*** HOLE CARDS ***
MTails: raises $3 to $6
KIT426: folds
Uncalled bet ($3) returned to MTails
MTails collected $6 from pot
*** SUMMARY ***
Total pot $6 | Rake $0
Seat 6: KIT426 (big blind) folded before Flop
Seat 10: MTails (button) (small blind) collected ($6)


PokerStars Hand #161428347633:  Hold'em Limit ($3/$6 USD) - 2016/11/15 4:02:29 ET
Table 'Glauke' 10-max Seat #6 is the button
Seat 6: KIT426 ($95.24 in chips)
Seat 10: MTails ($109.24 in chips)
KIT426: posts small blind $1
MTails: posts big blind $3
*** HOLE CARDS ***
KIT426: folds
Uncalled bet ($2) returned to MTails
MTails collected $2 from pot
*** SUMMARY ***
Total pot $2 | Rake $0
Seat 6: KIT426 (button) (small blind) folded before Flop
Seat 10: MTails (big blind) collected ($2)


PokerStars Hand #161428343545:  Hold'em Limit ($3/$6 USD) - 2016/11/15 4:02:17 ET
Table 'Glauke' 10-max Seat #10 is the button
Seat 6: KIT426 ($101.24 in chips)
Seat 10: MTails ($103.48 in chips)
MTails: posts small blind $1
KIT426: posts big blind $3
*** HOLE CARDS ***
MTails: raises $3 to $6
KIT426: calls $3
*** FLOP *** [Kd 9d Jc]
KIT426: checks
MTails: bets $3
KIT426: folds
Uncalled bet ($3) returned to MTails
MTails collected $11.76 from pot
*** SUMMARY ***
Total pot $12 | Rake $0.24
Board [Kd 9d Jc]
Seat 6: KIT426 (big blind) folded on the Flop
Seat 10: MTails (button) (small blind) collected ($11.76)


PokerStars Hand #161428334815:  Hold'em Limit ($3/$6 USD) - 2016/11/15 4:01:51 ET
Table 'Glauke' 10-max Seat #6 is the button
Seat 6: KIT426 ($77.74 in chips)
Seat 10: MTails ($127.48 in chips)
KIT426: posts small blind $1
MTails: posts big blind $3
*** HOLE CARDS ***
KIT426: raises $3 to $6
MTails: raises $3 to $9
KIT426: calls $3
*** FLOP *** [5s 5c 8d]
MTails: bets $3
KIT426: calls $3
*** TURN *** [5s 5c 8d] [Jd]
MTails: bets $6
KIT426: raises $6 to $12
MTails: calls $6
*** RIVER *** [5s 5c 8d Jd] [3s]
MTails: checks
KIT426: bets $6
MTails: folds
Uncalled bet ($6) returned to KIT426
KIT426 collected $47.50 from pot
*** SUMMARY ***
Total pot $48 | Rake $0.50
Board [5s 5c 8d Jd 3s]
Seat 6: KIT426 (button) (small blind) collected ($47.50)
Seat 10: MTails (big blind) folded on the River


PokerStars Hand #161428352304:  Hold'em Limit ($3/$6 USD) - 2016/11/15 4:02:43 ET
Table 'Glauke' 10-max Seat #6 is the button
Seat 6: KIT426 ($91.24 in chips)
Seat 10: MTails ($113.24 in chips)
KIT426: posts small blind $1
MTails: posts big blind $3
*** HOLE CARDS ***
KIT426: raises $3 to $6
MTails: calls $3
*** FLOP *** [7c 2d 2c]
MTails: checks
KIT426: bets $3
MTails: raises $3 to $6
KIT426: calls $3
*** TURN *** [7c 2d 2c] [As]
MTails: bets $6
KIT426: folds
Uncalled bet ($6) returned to MTails
MTails collected $23.52 from pot
*** SUMMARY ***
Total pot $24 | Rake $0.48
Board [7c 2d 2c As]
Seat 6: KIT426 (button) (small blind) folded on the Turn
Seat 10: MTails (big blind) collected ($23.52)


PokerStars Hand #161428358358:  Hold'em Limit ($3/$6 USD) - 2016/11/15 4:03:01 ET
Table 'Glauke' 10-max Seat #10 is the button
Seat 6: KIT426 ($79.24 in chips)
Seat 10: MTails ($124.76 in chips)
MTails: posts small blind $1
KIT426: posts big blind $3
*** HOLE CARDS ***
MTails: raises $3 to $6
KIT426: calls $3
*** FLOP *** [6s Ad 2s]
KIT426: checks
MTails: bets $3
KIT426: calls $3
*** TURN *** [6s Ad 2s] [5h]
KIT426: checks
MTails: checks
*** RIVER *** [6s Ad 2s 5h] [Jh]
KIT426: checks
MTails: checks
*** SHOW DOWN ***
KIT426: shows [6h 9c] (a pair of Sixes)
MTails: mucks hand
KIT426 collected $17.64 from pot
*** SUMMARY ***
Total pot $18 | Rake $0.36
Board [6s Ad 2s 5h Jh]
Seat 6: KIT426 (big blind) showed [6h 9c] and won ($17.64) with a pair of Sixes
Seat 10: MTails (button) (small blind) mucked


PokerStars Hand #161428370799:  Hold'em Limit ($3/$6 USD) - 2016/11/15 4:03:37 ET
Table 'Glauke' 10-max Seat #10 is the button
Seat 6: KIT426 ($63.88 in chips)
Seat 10: MTails ($139.26 in chips)
MTails: posts small blind $1
KIT426: posts big blind $3
*** HOLE CARDS ***
VolkovDmitri joins the table at seat #7
MTails: folds
Uncalled bet ($2) returned to KIT426
KIT426 collected $2 from pot
*** SUMMARY ***
Total pot $2 | Rake $0
Seat 6: KIT426 (big blind) collected ($2)
Seat 10: MTails (button) (small blind) folded before Flop


PokerStars Hand #161428364516:  Hold'em Limit ($3/$6 USD) - 2016/11/15 4:03:19 ET
Table 'Glauke' 10-max Seat #6 is the button
Seat 6: KIT426 ($87.88 in chips)
Seat 10: MTails ($115.76 in chips)
KIT426: posts small blind $1
MTails: posts big blind $3
*** HOLE CARDS ***
KIT426: raises $3 to $6
MTails: calls $3
*** FLOP *** [Qs 7s 3h]
MTails: checks
KIT426: bets $3
MTails: raises $3 to $6
KIT426: calls $3
*** TURN *** [Qs 7s 3h] [4s]
MTails: bets $6
KIT426: calls $6
*** RIVER *** [Qs 7s 3h 4s] [9d]
MTails: bets $6
KIT426: calls $6
*** SHOW DOWN ***
MTails: shows [9h 6s] (a pair of Nines)
KIT426: mucks hand
MTails collected $47.50 from pot
*** SUMMARY ***
Total pot $48 | Rake $0.50
Board [Qs 7s 3h 4s 9d]
Seat 6: KIT426 (button) (small blind) mucked
Seat 10: MTails (big blind) showed [9h 6s] and won ($47.50) with a pair of Nines


