PokerStars Hand #149067825798:  Hold'em Limit ($3/$6 USD) - 2016/02/19 11:49:11 ET
Table 'Glaukos' 6-max Seat #1 is the button
Seat 1: remeks ($178.46 in chips)
Seat 4: Actionni13 ($150 in chips)
remeks: posts small blind $1
Actionni13: posts big blind $3
*** HOLE CARDS ***
remeks: folds
Uncalled bet ($2) returned to Actionni13
Actionni13 collected $2 from pot
Actionni13: doesn't show hand
*** SUMMARY ***
Total pot $2 | Rake $0
Seat 1: remeks (button) (small blind) folded before Flop
Seat 4: Actionni13 (big blind) collected ($2)


PokerStars Hand #149067861530:  Hold'em Limit ($3/$6 USD) - 2016/02/19 11:49:53 ET
Table 'Glaukos' 6-max Seat #1 is the button
Seat 1: remeks ($196.96 in chips)
Seat 4: Actionni13 ($154 in chips)
remeks: posts small blind $1
Actionni13: posts big blind $3
*** HOLE CARDS ***
remeks: raises $3 to $6
Actionni13: calls $3
*** FLOP *** [Ac 8d Td]
Actionni13: checks
remeks: bets $3
Actionni13: raises $3 to $6
remeks: calls $3
*** TURN *** [Ac 8d Td] [Qc]
Actionni13: bets $6
remeks: calls $6
*** RIVER *** [Ac 8d Td Qc] [6c]
Actionni13: bets $6
remeks: calls $6
*** SHOW DOWN ***
Actionni13: shows [Ts Kh] (a pair of Tens)
remeks: shows [Js Qh] (a pair of Queens)
remeks collected $47.50 from pot
*** SUMMARY ***
Total pot $48 | Rake $0.50
Board [Ac 8d Td Qc 6c]
Seat 1: remeks (button) (small blind) showed [Js Qh] and won ($47.50) with a pair of Queens
Seat 4: Actionni13 (big blind) showed [Ts Kh] and lost with a pair of Tens


PokerStars Hand #149067852815:  Hold'em Limit ($3/$6 USD) - 2016/02/19 11:49:43 ET
Table 'Glaukos' 6-max Seat #1 is the button
Seat 1: remeks ($200.96 in chips)
Seat 4: Actionni13 ($150 in chips)
remeks: posts small blind $1
Actionni13: posts big blind $3
*** HOLE CARDS ***
remeks: folds
Uncalled bet ($2) returned to Actionni13
Actionni13 collected $2 from pot
Actionni13: doesn't show hand
*** SUMMARY ***
Total pot $2 | Rake $0
Seat 1: remeks (button) (small blind) folded before Flop
Seat 4: Actionni13 (big blind) collected ($2)


PokerStars Hand #149067829606:  Hold'em Limit ($3/$6 USD) - 2016/02/19 11:49:15 ET
Table 'Glaukos' 6-max Seat #4 is the button
Seat 1: remeks ($177.46 in chips)
Seat 4: Actionni13 ($151 in chips)
Actionni13: posts small blind $1
remeks: posts big blind $3
*** HOLE CARDS ***
Actionni13: raises $3 to $6
remeks: raises $3 to $9
Actionni13: calls $3
*** FLOP *** [9c Kh 8d]
remeks: bets $3
Actionni13: calls $3
*** TURN *** [9c Kh 8d] [Tc]
remeks: checks
Actionni13: bets $6
remeks: raises $6 to $12
Actionni13: calls $6
*** RIVER *** [9c Kh 8d Tc] [Qd]
remeks: bets $6
Actionni13: folds
Uncalled bet ($6) returned to remeks
remeks collected $47.50 from pot
remeks: doesn't show hand
*** SUMMARY ***
Total pot $48 | Rake $0.50
Board [9c Kh 8d Tc Qd]
Seat 1: remeks (big blind) collected ($47.50)
Seat 4: Actionni13 (button) (small blind) folded on the River


PokerStars Hand #149067856735:  Hold'em Limit ($3/$6 USD) - 2016/02/19 11:49:48 ET
Table 'Glaukos' 6-max Seat #4 is the button
Seat 1: remeks ($199.96 in chips)
Seat 4: Actionni13 ($151 in chips)
Actionni13: posts small blind $1
remeks: posts big blind $3
*** HOLE CARDS ***
Actionni13: raises $3 to $6
remeks: folds
Uncalled bet ($3) returned to Actionni13
Actionni13 collected $6 from pot
Actionni13: doesn't show hand
*** SUMMARY ***
Total pot $6 | Rake $0
Seat 1: remeks (big blind) folded before Flop
Seat 4: Actionni13 (button) (small blind) collected ($6)


PokerStars Hand #149067879723:  Hold'em Limit ($3/$6 USD) - 2016/02/19 11:50:15 ET
Table 'Glaukos' 6-max Seat #4 is the button
Seat 1: remeks ($220.46 in chips)
Seat 4: Actionni13 ($150 in chips)
Actionni13: posts small blind $1
remeks: posts big blind $3
*** HOLE CARDS ***
Actionni13: raises $3 to $6
remeks: folds
Uncalled bet ($3) returned to Actionni13
Actionni13 collected $6 from pot
Actionni13: doesn't show hand
*** SUMMARY ***
Total pot $6 | Rake $0
Seat 1: remeks (big blind) folded before Flop
Seat 4: Actionni13 (button) (small blind) collected ($6)


PokerStars Hand #149067915338:  Hold'em Limit ($3/$6 USD) - 2016/02/19 11:50:58 ET
Table 'Glaukos' 6-max Seat #4 is the button
Seat 1: remeks ($220.34 in chips)
Seat 4: Actionni13 ($150 in chips)
Actionni13: posts small blind $1
remeks: posts big blind $3
*** HOLE CARDS ***
Actionni13: raises $3 to $6
remeks: folds
Uncalled bet ($3) returned to Actionni13
Actionni13 collected $6 from pot
Actionni13: doesn't show hand
*** SUMMARY ***
Total pot $6 | Rake $0
Seat 1: remeks (big blind) folded before Flop
Seat 4: Actionni13 (button) (small blind) collected ($6)


PokerStars Hand #149067908779:  Hold'em Limit ($3/$6 USD) - 2016/02/19 11:50:50 ET
Table 'Glaukos' 6-max Seat #1 is the button
Seat 1: remeks ($217.34 in chips)
Seat 4: Actionni13 ($153 in chips)
remeks: posts small blind $1
Actionni13: posts big blind $3
*** HOLE CARDS ***
remeks: raises $3 to $6
Actionni13: folds
Uncalled bet ($3) returned to remeks
remeks collected $6 from pot
remeks: doesn't show hand
*** SUMMARY ***
Total pot $6 | Rake $0
Seat 1: remeks (button) (small blind) collected ($6)
Seat 4: Actionni13 (big blind) folded before Flop


PokerStars Hand #149067903978:  Hold'em Limit ($3/$6 USD) - 2016/02/19 11:50:44 ET
Table 'Glaukos' 6-max Seat #4 is the button
Seat 1: remeks ($220.34 in chips)
Seat 4: Actionni13 ($150 in chips)
Actionni13: posts small blind $1
remeks: posts big blind $3
*** HOLE CARDS ***
Actionni13: raises $3 to $6
remeks: folds
Uncalled bet ($3) returned to Actionni13
Actionni13 collected $6 from pot
Actionni13: doesn't show hand
*** SUMMARY ***
Total pot $6 | Rake $0
Seat 1: remeks (big blind) folded before Flop
Seat 4: Actionni13 (button) (small blind) collected ($6)


PokerStars Hand #149067885930:  Hold'em Limit ($3/$6 USD) - 2016/02/19 11:50:23 ET
Table 'Glaukos' 6-max Seat #1 is the button
Seat 1: remeks ($217.46 in chips)
Seat 4: Actionni13 ($153 in chips)
remeks: posts small blind $1
Actionni13: posts big blind $3
*** HOLE CARDS ***
remeks: calls $2
Actionni13: checks
*** FLOP *** [As Js Ts]
Actionni13: checks
remeks: checks
*** TURN *** [As Js Ts] [Th]
Actionni13: checks
remeks: bets $6
Actionni13: folds
Uncalled bet ($6) returned to remeks
remeks collected $5.88 from pot
remeks: doesn't show hand
*** SUMMARY ***
Total pot $6 | Rake $0.12
Board [As Js Ts Th]
Seat 1: remeks (button) (small blind) collected ($5.88)
Seat 4: Actionni13 (big blind) folded on the Turn


PokerStars Hand #149067929758:  Hold'em Limit ($3/$6 USD) - 2016/02/19 11:51:16 ET
Table 'Glaukos' 6-max Seat #4 is the button
Seat 1: remeks ($223.10 in chips)
Seat 4: Actionni13 ($150 in chips)
Actionni13: posts small blind $1
remeks: posts big blind $3
*** HOLE CARDS ***
Actionni13: raises $3 to $6
remeks: calls $3
*** FLOP *** [Qd 9d 2c]
remeks: checks
Actionni13: bets $3
remeks: folds
Uncalled bet ($3) returned to Actionni13
Actionni13 collected $11.76 from pot
Actionni13: doesn't show hand
*** SUMMARY ***
Total pot $12 | Rake $0.24
Board [Qd 9d 2c]
Seat 1: remeks (big blind) folded on the Flop
Seat 4: Actionni13 (button) (small blind) collected ($11.76)


PokerStars Hand #149067920242:  Hold'em Limit ($3/$6 USD) - 2016/02/19 11:51:04 ET
Table 'Glaukos' 6-max Seat #1 is the button
Seat 1: remeks ($217.34 in chips)
Seat 4: Actionni13 ($153 in chips)
remeks: posts small blind $1
Actionni13: posts big blind $3
*** HOLE CARDS ***
remeks: raises $3 to $6
Actionni13: calls $3
*** FLOP *** [Qc 8h Kd]
Actionni13: checks
remeks: bets $3
Actionni13: folds
Uncalled bet ($3) returned to remeks
remeks collected $11.76 from pot
remeks: doesn't show hand
*** SUMMARY ***
Total pot $12 | Rake $0.24
Board [Qc 8h Kd]
Seat 1: remeks (button) (small blind) collected ($11.76)
Seat 4: Actionni13 (big blind) folded on the Flop


PokerStars Hand #149067969751:  Hold'em Limit ($3/$6 USD) - 2016/02/19 11:52:04 ET
Table 'Glaukos' 6-max Seat #1 is the button
Seat 1: remeks ($202.10 in chips)
Seat 4: Actionni13 ($170.28 in chips)
remeks: posts small blind $1
Actionni13: posts big blind $3
*** HOLE CARDS ***
remeks: raises $3 to $6
Actionni13: folds
Uncalled bet ($3) returned to remeks
remeks collected $6 from pot
remeks: doesn't show hand
*** SUMMARY ***
Total pot $6 | Rake $0
Seat 1: remeks (button) (small blind) collected ($6)
Seat 4: Actionni13 (big blind) folded before Flop


PokerStars Hand #149067974582:  Hold'em Limit ($3/$6 USD) - 2016/02/19 11:52:10 ET
Table 'Glaukos' 6-max Seat #4 is the button
Seat 1: remeks ($205.10 in chips)
Seat 4: Actionni13 ($167.28 in chips)
Actionni13: posts small blind $1
remeks: posts big blind $3
*** HOLE CARDS ***
Actionni13: raises $3 to $6
remeks: calls $3
*** FLOP *** [9h Jd Tc]
remeks: checks
Actionni13: checks
*** TURN *** [9h Jd Tc] [5d]
remeks: bets $6
Actionni13: folds
Uncalled bet ($6) returned to remeks
remeks collected $11.76 from pot
remeks: doesn't show hand
*** SUMMARY ***
Total pot $12 | Rake $0.24
Board [9h Jd Tc 5d]
Seat 1: remeks (big blind) collected ($11.76)
Seat 4: Actionni13 (button) (small blind) folded on the Turn


PokerStars Hand #149067963631:  Hold'em Limit ($3/$6 USD) - 2016/02/19 11:51:56 ET
Table 'Glaukos' 6-max Seat #4 is the button
Seat 1: remeks ($205.10 in chips)
Seat 4: Actionni13 ($167.28 in chips)
Actionni13: posts small blind $1
remeks: posts big blind $3
*** HOLE CARDS ***
Actionni13: raises $3 to $6
remeks: folds
Uncalled bet ($3) returned to Actionni13
Actionni13 collected $6 from pot
Actionni13: doesn't show hand
*** SUMMARY ***
Total pot $6 | Rake $0
Seat 1: remeks (big blind) folded before Flop
Seat 4: Actionni13 (button) (small blind) collected ($6)


PokerStars Hand #149067938561:  Hold'em Limit ($3/$6 USD) - 2016/02/19 11:51:26 ET
Table 'Glaukos' 6-max Seat #1 is the button
Seat 1: remeks ($217.10 in chips)
Seat 4: Actionni13 ($155.76 in chips)
remeks: posts small blind $1
Actionni13: posts big blind $3
*** HOLE CARDS ***
remeks: raises $3 to $6
Actionni13: calls $3
*** FLOP *** [5d Js 7c]
Actionni13: checks
remeks: checks
*** TURN *** [5d Js 7c] [2s]
Actionni13: bets $6
remeks: calls $6
*** RIVER *** [5d Js 7c 2s] [As]
Actionni13: bets $6
remeks: folds
Uncalled bet ($6) returned to Actionni13
Actionni13 collected $23.52 from pot
Actionni13: doesn't show hand
*** SUMMARY ***
Total pot $24 | Rake $0.48
Board [5d Js 7c 2s As]
Seat 1: remeks (button) (small blind) folded on the River
Seat 4: Actionni13 (big blind) collected ($23.52)


PokerStars Hand #149068032275:  Hold'em Limit ($3/$6 USD) - 2016/02/19 11:53:19 ET
Table 'Glaukos' 6-max Seat #1 is the button
Seat 1: remeks ($200.74 in chips)
Seat 4: Actionni13 ($170.92 in chips)
remeks: posts small blind $1
Actionni13: posts big blind $3
*** HOLE CARDS ***
remeks: folds
Uncalled bet ($2) returned to Actionni13
Actionni13 collected $2 from pot
*** SUMMARY ***
Total pot $2 | Rake $0
Seat 1: remeks (button) (small blind) folded before Flop
Seat 4: Actionni13 (big blind) collected ($2)


PokerStars Hand #149068028089:  Hold'em Limit ($3/$6 USD) - 2016/02/19 11:53:14 ET
Table 'Glaukos' 6-max Seat #4 is the button
Seat 1: remeks ($203.74 in chips)
Seat 4: Actionni13 ($167.92 in chips)
Actionni13: posts small blind $1
remeks: posts big blind $3
*** HOLE CARDS ***
Actionni13: raises $3 to $6
remeks: folds
Uncalled bet ($3) returned to Actionni13
Actionni13 collected $6 from pot
Actionni13: doesn't show hand
*** SUMMARY ***
Total pot $6 | Rake $0
Seat 1: remeks (big blind) folded before Flop
Seat 4: Actionni13 (button) (small blind) collected ($6)


PokerStars Hand #149068024580:  Hold'em Limit ($3/$6 USD) - 2016/02/19 11:53:10 ET
Table 'Glaukos' 6-max Seat #1 is the button
Seat 1: remeks ($204.74 in chips)
Seat 4: Actionni13 ($166.92 in chips)
remeks: posts small blind $1
Actionni13: posts big blind $3
*** HOLE CARDS ***
remeks: folds
Uncalled bet ($2) returned to Actionni13
Actionni13 collected $2 from pot
Actionni13: doesn't show hand
*** SUMMARY ***
Total pot $2 | Rake $0
Seat 1: remeks (button) (small blind) folded before Flop
Seat 4: Actionni13 (big blind) collected ($2)


PokerStars Hand #149068007607:  Hold'em Limit ($3/$6 USD) - 2016/02/19 11:52:49 ET
Table 'Glaukos' 6-max Seat #4 is the button
Seat 1: remeks ($213.74 in chips)
Seat 4: Actionni13 ($158.28 in chips)
Actionni13: posts small blind $1
remeks: posts big blind $3
*** HOLE CARDS ***
Actionni13: raises $3 to $6
remeks: calls $3
*** FLOP *** [Jc 5d 7d]
remeks: checks
Actionni13: bets $3
remeks: calls $3
*** TURN *** [Jc 5d 7d] [5h]
remeks: checks
Actionni13: checks
*** RIVER *** [Jc 5d 7d 5h] [Th]
remeks: checks
Actionni13: bets $6
remeks: folds
Uncalled bet ($6) returned to Actionni13
Actionni13 collected $17.64 from pot
Actionni13: doesn't show hand
*** SUMMARY ***
Total pot $18 | Rake $0.36
Board [Jc 5d 7d 5h Th]
Seat 1: remeks (big blind) folded on the River
Seat 4: Actionni13 (button) (small blind) collected ($17.64)


PokerStars Hand #149067990658:  Hold'em Limit ($3/$6 USD) - 2016/02/19 11:52:29 ET
Table 'Glaukos' 6-max Seat #1 is the button
Seat 1: remeks ($210.86 in chips)
Seat 4: Actionni13 ($161.28 in chips)
remeks: posts small blind $1
Actionni13: posts big blind $3
*** HOLE CARDS ***
remeks: calls $2
Actionni13: checks
*** FLOP *** [2d 7s 5s]
Actionni13: checks
remeks: checks
*** TURN *** [2d 7s 5s] [2s]
Actionni13: checks
remeks: bets $6
Actionni13: folds
Uncalled bet ($6) returned to remeks
remeks collected $5.88 from pot
remeks: doesn't show hand
*** SUMMARY ***
Total pot $6 | Rake $0.12
Board [2d 7s 5s 2s]
Seat 1: remeks (button) (small blind) collected ($5.88)
Seat 4: Actionni13 (big blind) folded on the Turn


PokerStars Hand #149070819344:  Hold'em Limit ($3/$6 USD) - 2016/02/19 12:47:22 ET
Table 'Glaukos' 6-max Seat #5 is the button
Seat 4: Actionni13 ($150 in chips)
Seat 5: SashaYuvelir ($161.20 in chips)
SashaYuvelir: posts small blind $1
DismasX: is sitting out
Actionni13: posts big blind $3
*** HOLE CARDS ***
SashaYuvelir: raises $3 to $6
DismasX leaves the table
Actionni13: raises $3 to $9
SashaYuvelir: raises $3 to $12
Betting is capped
Actionni13: calls $3
*** FLOP *** [Kh Ad Jd]
Actionni13: bets $3
SashaYuvelir: raises $3 to $6
Actionni13: calls $3
*** TURN *** [Kh Ad Jd] [4c]
Actionni13: checks
SashaYuvelir: bets $6
Actionni13: calls $6
*** RIVER *** [Kh Ad Jd 4c] [Th]
Actionni13: checks
SashaYuvelir: checks
*** SHOW DOWN ***
Actionni13: shows [Jh Kd] (two pair, Kings and Jacks)
SashaYuvelir: mucks hand
Actionni13 collected $47.50 from pot
*** SUMMARY ***
Total pot $48 | Rake $0.50
Board [Kh Ad Jd 4c Th]
Seat 4: Actionni13 (big blind) showed [Jh Kd] and won ($47.50) with two pair, Kings and Jacks
Seat 5: SashaYuvelir (button) (small blind) mucked


