PokerStars Hand #147651433093:  Hold'em Limit ($3/$6 USD) - 2016/01/25 9:55:32 ET
Table 'Goberta' 2-max Seat #1 is the button
Seat 1: REZOLUTION84 ($80.50 in chips)
Seat 2: ChicagoBull4 ($124.50 in chips)
REZOLUTION84: posts small blind $1
ChicagoBull4: posts big blind $3
*** HOLE CARDS ***
REZOLUTION84: raises $3 to $6
ChicagoBull4: calls $3
*** FLOP *** [6s Js 3c]
ChicagoBull4: checks
REZOLUTION84: bets $3
ChicagoBull4: folds
Uncalled bet ($3) returned to REZOLUTION84
REZOLUTION84 collected $11.76 from pot
REZOLUTION84: doesn't show hand
*** SUMMARY ***
Total pot $12 | Rake $0.24
Board [6s Js 3c]
Seat 1: REZOLUTION84 (button) (small blind) collected ($11.76)
Seat 2: ChicagoBull4 (big blind) folded on the Flop


PokerStars Hand #147651418174:  Hold'em Limit ($3/$6 USD) - 2016/01/25 9:55:08 ET
Table 'Goberta' 2-max Seat #2 is the button
Seat 1: REZOLUTION84 ($60 in chips)
Seat 2: ChicagoBull4 ($145.50 in chips)
ChicagoBull4: posts small blind $1
REZOLUTION84: posts big blind $3
*** HOLE CARDS ***
ChicagoBull4: raises $3 to $6
REZOLUTION84: calls $3
*** FLOP *** [Kc 6h 8c]
REZOLUTION84: checks
ChicagoBull4: bets $3
REZOLUTION84: calls $3
*** TURN *** [Kc 6h 8c] [3d]
REZOLUTION84: checks
ChicagoBull4: bets $6
REZOLUTION84: calls $6
*** RIVER *** [Kc 6h 8c 3d] [3h]
REZOLUTION84: checks
ChicagoBull4: bets $6
REZOLUTION84: calls $6
*** SHOW DOWN ***
ChicagoBull4: shows [5s 4c] (a pair of Threes)
REZOLUTION84: shows [Td 6c] (two pair, Sixes and Threes)
REZOLUTION84 collected $41.50 from pot
*** SUMMARY ***
Total pot $42 | Rake $0.50
Board [Kc 6h 8c 3d 3h]
Seat 1: REZOLUTION84 (big blind) showed [Td 6c] and won ($41.50) with two pair, Sixes and Threes
Seat 2: ChicagoBull4 (button) (small blind) showed [5s 4c] and lost with a pair of Threes


PokerStars Hand #147651460240:  Hold'em Limit ($3/$6 USD) - 2016/01/25 9:56:17 ET
Table 'Goberta' 2-max Seat #2 is the button
Seat 1: REZOLUTION84 ($77.02 in chips)
Seat 2: ChicagoBull4 ($127 in chips)
ChicagoBull4: posts small blind $1
REZOLUTION84: posts big blind $3
*** HOLE CARDS ***
ChicagoBull4: raises $3 to $6
REZOLUTION84: folds
Uncalled bet ($3) returned to ChicagoBull4
ChicagoBull4 collected $6 from pot
ChicagoBull4: doesn't show hand
*** SUMMARY ***
Total pot $6 | Rake $0
Seat 1: REZOLUTION84 (big blind) folded before Flop
Seat 2: ChicagoBull4 (button) (small blind) collected ($6)


PokerStars Hand #147651450425:  Hold'em Limit ($3/$6 USD) - 2016/01/25 9:56:00 ET
Table 'Goberta' 2-max Seat #1 is the button
Seat 1: REZOLUTION84 ($71.26 in chips)
Seat 2: ChicagoBull4 ($133 in chips)
REZOLUTION84: posts small blind $1
ChicagoBull4: posts big blind $3
*** HOLE CARDS ***
REZOLUTION84: raises $3 to $6
ChicagoBull4: calls $3
*** FLOP *** [8h Qd 8s]
ChicagoBull4: checks
REZOLUTION84: bets $3
ChicagoBull4: folds
Uncalled bet ($3) returned to REZOLUTION84
REZOLUTION84 collected $11.76 from pot
REZOLUTION84: doesn't show hand
*** SUMMARY ***
Total pot $12 | Rake $0.24
Board [8h Qd 8s]
Seat 1: REZOLUTION84 (button) (small blind) collected ($11.76)
Seat 2: ChicagoBull4 (big blind) folded on the Flop


PokerStars Hand #147651439193:  Hold'em Limit ($3/$6 USD) - 2016/01/25 9:55:42 ET
Table 'Goberta' 2-max Seat #2 is the button
Seat 1: REZOLUTION84 ($86.26 in chips)
Seat 2: ChicagoBull4 ($118.50 in chips)
ChicagoBull4: posts small blind $1
REZOLUTION84: posts big blind $3
*** HOLE CARDS ***
ChicagoBull4: raises $3 to $6
REZOLUTION84: calls $3
*** FLOP *** [8c 4s 9c]
REZOLUTION84: checks
ChicagoBull4: bets $3
REZOLUTION84: calls $3
*** TURN *** [8c 4s 9c] [As]
REZOLUTION84: checks
ChicagoBull4: bets $6
REZOLUTION84: calls $6
*** RIVER *** [8c 4s 9c As] [Qc]
REZOLUTION84: checks
ChicagoBull4: bets $6
REZOLUTION84: folds
Uncalled bet ($6) returned to ChicagoBull4
ChicagoBull4 collected $29.50 from pot
ChicagoBull4: doesn't show hand
*** SUMMARY ***
Total pot $30 | Rake $0.50
Board [8c 4s 9c As Qc]
Seat 1: REZOLUTION84 (big blind) folded on the River
Seat 2: ChicagoBull4 (button) (small blind) collected ($29.50)


PokerStars Hand #147651504882:  Hold'em Limit ($3/$6 USD) - 2016/01/25 9:57:30 ET
Table 'Goberta' 2-max Seat #2 is the button
Seat 1: REZOLUTION84 ($91.16 in chips)
Seat 2: ChicagoBull4 ($111.40 in chips)
ChicagoBull4: posts small blind $1
REZOLUTION84: posts big blind $3
*** HOLE CARDS ***
ChicagoBull4: raises $3 to $6
REZOLUTION84: folds
Uncalled bet ($3) returned to ChicagoBull4
ChicagoBull4 collected $6 from pot
ChicagoBull4: doesn't show hand
*** SUMMARY ***
Total pot $6 | Rake $0
Seat 1: REZOLUTION84 (big blind) folded before Flop
Seat 2: ChicagoBull4 (button) (small blind) collected ($6)


PokerStars Hand #147651499158:  Hold'em Limit ($3/$6 USD) - 2016/01/25 9:57:20 ET
Table 'Goberta' 2-max Seat #1 is the button
Seat 1: REZOLUTION84 ($100.16 in chips)
Seat 2: ChicagoBull4 ($102.76 in chips)
REZOLUTION84: posts small blind $1
ChicagoBull4: posts big blind $3
*** HOLE CARDS ***
REZOLUTION84: raises $3 to $6
ChicagoBull4: raises $3 to $9
REZOLUTION84: calls $3
*** FLOP *** [Ks 2h 7c]
ChicagoBull4: bets $3
REZOLUTION84: folds
Uncalled bet ($3) returned to ChicagoBull4
ChicagoBull4 collected $17.64 from pot
ChicagoBull4: doesn't show hand
*** SUMMARY ***
Total pot $18 | Rake $0.36
Board [Ks 2h 7c]
Seat 1: REZOLUTION84 (button) (small blind) folded on the Flop
Seat 2: ChicagoBull4 (big blind) collected ($17.64)


PokerStars Hand #147651488367:  Hold'em Limit ($3/$6 USD) - 2016/01/25 9:57:03 ET
Table 'Goberta' 2-max Seat #2 is the button
Seat 1: REZOLUTION84 ($79.66 in chips)
Seat 2: ChicagoBull4 ($123.76 in chips)
ChicagoBull4: posts small blind $1
REZOLUTION84: posts big blind $3
*** HOLE CARDS ***
ChicagoBull4: raises $3 to $6
REZOLUTION84: calls $3
*** FLOP *** [5s Jd 6d]
REZOLUTION84: checks
ChicagoBull4: bets $3
REZOLUTION84: raises $3 to $6
ChicagoBull4: raises $3 to $9
REZOLUTION84: calls $3
*** TURN *** [5s Jd 6d] [3s]
REZOLUTION84: checks
ChicagoBull4: bets $6
REZOLUTION84: calls $6
*** RIVER *** [5s Jd 6d 3s] [Kc]
REZOLUTION84: checks
ChicagoBull4: checks
*** SHOW DOWN ***
REZOLUTION84: shows [7c Jc] (a pair of Jacks)
ChicagoBull4: mucks hand
REZOLUTION84 collected $41.50 from pot
*** SUMMARY ***
Total pot $42 | Rake $0.50
Board [5s Jd 6d 3s Kc]
Seat 1: REZOLUTION84 (big blind) showed [7c Jc] and won ($41.50) with a pair of Jacks
Seat 2: ChicagoBull4 (button) (small blind) mucked


PokerStars Hand #147651484754:  Hold'em Limit ($3/$6 USD) - 2016/01/25 9:56:57 ET
Table 'Goberta' 2-max Seat #1 is the button
Seat 1: REZOLUTION84 ($76.66 in chips)
Seat 2: ChicagoBull4 ($126.76 in chips)
REZOLUTION84: posts small blind $1
ChicagoBull4: posts big blind $3
*** HOLE CARDS ***
REZOLUTION84: raises $3 to $6
ChicagoBull4: folds
Uncalled bet ($3) returned to REZOLUTION84
REZOLUTION84 collected $6 from pot
REZOLUTION84: doesn't show hand
*** SUMMARY ***
Total pot $6 | Rake $0
Seat 1: REZOLUTION84 (button) (small blind) collected ($6)
Seat 2: ChicagoBull4 (big blind) folded before Flop


PokerStars Hand #147651478441:  Hold'em Limit ($3/$6 USD) - 2016/01/25 9:56:47 ET
Table 'Goberta' 2-max Seat #2 is the button
Seat 1: REZOLUTION84 ($82.66 in chips)
Seat 2: ChicagoBull4 ($121 in chips)
ChicagoBull4: posts small blind $1
REZOLUTION84: posts big blind $3
*** HOLE CARDS ***
ChicagoBull4: raises $3 to $6
REZOLUTION84: calls $3
*** FLOP *** [2c Qc Qs]
REZOLUTION84: checks
ChicagoBull4: bets $3
REZOLUTION84: folds
Uncalled bet ($3) returned to ChicagoBull4
ChicagoBull4 collected $11.76 from pot
ChicagoBull4: doesn't show hand
*** SUMMARY ***
Total pot $12 | Rake $0.24
Board [2c Qc Qs]
Seat 1: REZOLUTION84 (big blind) folded on the Flop
Seat 2: ChicagoBull4 (button) (small blind) collected ($11.76)


PokerStars Hand #147651464085:  Hold'em Limit ($3/$6 USD) - 2016/01/25 9:56:23 ET
Table 'Goberta' 2-max Seat #1 is the button
Seat 1: REZOLUTION84 ($74.02 in chips)
Seat 2: ChicagoBull4 ($130 in chips)
REZOLUTION84: posts small blind $1
ChicagoBull4: posts big blind $3
*** HOLE CARDS ***
REZOLUTION84: raises $3 to $6
ChicagoBull4: calls $3
*** FLOP *** [6c Ac Th]
ChicagoBull4: checks
REZOLUTION84: bets $3
ChicagoBull4: calls $3
*** TURN *** [6c Ac Th] [Ts]
ChicagoBull4: checks
REZOLUTION84: bets $6
ChicagoBull4: folds
Uncalled bet ($6) returned to REZOLUTION84
REZOLUTION84 collected $17.64 from pot
REZOLUTION84: doesn't show hand
*** SUMMARY ***
Total pot $18 | Rake $0.36
Board [6c Ac Th Ts]
Seat 1: REZOLUTION84 (button) (small blind) collected ($17.64)
Seat 2: ChicagoBull4 (big blind) folded on the Turn


PokerStars Hand #147651551652:  Hold'em Limit ($3/$6 USD) - 2016/01/25 9:58:32 ET
Table 'Goberta' 2-max Seat #2 is the button
Seat 1: REZOLUTION84 ($99.66 in chips)
Seat 2: ChicagoBull4 ($102.04 in chips)
ChicagoBull4: posts small blind $1
REZOLUTION84: posts big blind $3
*** HOLE CARDS ***
ChicagoBull4: raises $3 to $6
REZOLUTION84: calls $3
*** FLOP *** [Ah 6c 7d]
REZOLUTION84: checks
ChicagoBull4: bets $3
REZOLUTION84: folds
Uncalled bet ($3) returned to ChicagoBull4
ChicagoBull4 collected $11.76 from pot
ChicagoBull4: doesn't show hand
*** SUMMARY ***
Total pot $12 | Rake $0.24
Board [Ah 6c 7d]
Seat 1: REZOLUTION84 (big blind) folded on the Flop
Seat 2: ChicagoBull4 (button) (small blind) collected ($11.76)


PokerStars Hand #147651540868:  Hold'em Limit ($3/$6 USD) - 2016/01/25 9:58:17 ET
Table 'Goberta' 2-max Seat #1 is the button
Seat 1: REZOLUTION84 ($105.66 in chips)
Seat 2: ChicagoBull4 ($96.28 in chips)
REZOLUTION84: posts small blind $1
ChicagoBull4: posts big blind $3
*** HOLE CARDS ***
REZOLUTION84: raises $3 to $6
ChicagoBull4: calls $3
*** FLOP *** [Qs 6s 7d]
ChicagoBull4: bets $3
REZOLUTION84: folds
Uncalled bet ($3) returned to ChicagoBull4
ChicagoBull4 collected $11.76 from pot
ChicagoBull4: doesn't show hand
*** SUMMARY ***
Total pot $12 | Rake $0.24
Board [Qs 6s 7d]
Seat 1: REZOLUTION84 (button) (small blind) folded on the Flop
Seat 2: ChicagoBull4 (big blind) collected ($11.76)


PokerStars Hand #147651529863:  Hold'em Limit ($3/$6 USD) - 2016/01/25 9:58:04 ET
Table 'Goberta' 2-max Seat #2 is the button
Seat 1: REZOLUTION84 ($108.66 in chips)
Seat 2: ChicagoBull4 ($93.40 in chips)
ChicagoBull4: posts small blind $1
REZOLUTION84: posts big blind $3
*** HOLE CARDS ***
ChicagoBull4: calls $2
REZOLUTION84: checks
*** FLOP *** [5d 8c 9c]
REZOLUTION84: checks
ChicagoBull4: bets $3
REZOLUTION84: folds
Uncalled bet ($3) returned to ChicagoBull4
ChicagoBull4 collected $5.88 from pot
ChicagoBull4: doesn't show hand
*** SUMMARY ***
Total pot $6 | Rake $0.12
Board [5d 8c 9c]
Seat 1: REZOLUTION84 (big blind) folded on the Flop
Seat 2: ChicagoBull4 (button) (small blind) collected ($5.88)


PokerStars Hand #147651522220:  Hold'em Limit ($3/$6 USD) - 2016/01/25 9:57:58 ET
Table 'Goberta' 2-max Seat #1 is the button
Seat 1: REZOLUTION84 ($109.66 in chips)
Seat 2: ChicagoBull4 ($92.40 in chips)
REZOLUTION84: posts small blind $1
ChicagoBull4: posts big blind $3
*** HOLE CARDS ***
REZOLUTION84: folds
Uncalled bet ($2) returned to ChicagoBull4
ChicagoBull4 collected $2 from pot
ChicagoBull4: doesn't show hand
*** SUMMARY ***
Total pot $2 | Rake $0
Seat 1: REZOLUTION84 (button) (small blind) folded before Flop
Seat 2: ChicagoBull4 (big blind) collected ($2)


PokerStars Hand #147651519551:  Hold'em Limit ($3/$6 USD) - 2016/01/25 9:57:54 ET
Table 'Goberta' 2-max Seat #2 is the button
Seat 1: REZOLUTION84 ($108.66 in chips)
Seat 2: ChicagoBull4 ($93.40 in chips)
ChicagoBull4: posts small blind $1
REZOLUTION84: posts big blind $3
*** HOLE CARDS ***
ChicagoBull4: folds
Uncalled bet ($2) returned to REZOLUTION84
REZOLUTION84 collected $2 from pot
REZOLUTION84: doesn't show hand
*** SUMMARY ***
Total pot $2 | Rake $0
Seat 1: REZOLUTION84 (big blind) collected ($2)
Seat 2: ChicagoBull4 (button) (small blind) folded before Flop


PokerStars Hand #147651507667:  Hold'em Limit ($3/$6 USD) - 2016/01/25 9:57:35 ET
Table 'Goberta' 2-max Seat #1 is the button
Seat 1: REZOLUTION84 ($88.16 in chips)
Seat 2: ChicagoBull4 ($114.40 in chips)
REZOLUTION84: posts small blind $1
ChicagoBull4: posts big blind $3
*** HOLE CARDS ***
REZOLUTION84: raises $3 to $6
ChicagoBull4: calls $3
*** FLOP *** [Th Qd 8c]
ChicagoBull4: checks
REZOLUTION84: bets $3
ChicagoBull4: calls $3
*** TURN *** [Th Qd 8c] [9s]
ChicagoBull4: checks
REZOLUTION84: bets $6
ChicagoBull4: calls $6
*** RIVER *** [Th Qd 8c 9s] [2c]
ChicagoBull4: checks
REZOLUTION84: bets $6
ChicagoBull4: calls $6
*** SHOW DOWN ***
REZOLUTION84: shows [Jc Ad] (a straight, Eight to Queen)
ChicagoBull4: mucks hand
REZOLUTION84 collected $41.50 from pot
*** SUMMARY ***
Total pot $42 | Rake $0.50
Board [Th Qd 8c 9s 2c]
Seat 1: REZOLUTION84 (button) (small blind) showed [Jc Ad] and won ($41.50) with a straight, Eight to Queen
Seat 2: ChicagoBull4 (big blind) mucked


PokerStars Hand #147651583506:  Hold'em Limit ($3/$6 USD) - 2016/01/25 9:59:22 ET
Table 'Goberta' 2-max Seat #2 is the button
Seat 1: REZOLUTION84 ($122.68 in chips)
Seat 2: ChicagoBull4 ($77.80 in chips)
ChicagoBull4: posts small blind $1
REZOLUTION84: posts big blind $3
*** HOLE CARDS ***
ChicagoBull4: raises $3 to $6
REZOLUTION84: folds
Uncalled bet ($3) returned to ChicagoBull4
ChicagoBull4 collected $6 from pot
ChicagoBull4: doesn't show hand
*** SUMMARY ***
Total pot $6 | Rake $0
Seat 1: REZOLUTION84 (big blind) folded before Flop
Seat 2: ChicagoBull4 (button) (small blind) collected ($6)


PokerStars Hand #147651576591:  Hold'em Limit ($3/$6 USD) - 2016/01/25 9:59:10 ET
Table 'Goberta' 2-max Seat #1 is the button
Seat 1: REZOLUTION84 ($116.92 in chips)
Seat 2: ChicagoBull4 ($83.80 in chips)
REZOLUTION84: posts small blind $1
ChicagoBull4: posts big blind $3
*** HOLE CARDS ***
REZOLUTION84: raises $3 to $6
ChicagoBull4: calls $3
*** FLOP *** [Ks 7h Ts]
ChicagoBull4: checks
REZOLUTION84: bets $3
ChicagoBull4: folds
Uncalled bet ($3) returned to REZOLUTION84
REZOLUTION84 collected $11.76 from pot
REZOLUTION84: doesn't show hand
*** SUMMARY ***
Total pot $12 | Rake $0.24
Board [Ks 7h Ts]
Seat 1: REZOLUTION84 (button) (small blind) collected ($11.76)
Seat 2: ChicagoBull4 (big blind) folded on the Flop


PokerStars Hand #147651589416:  Hold'em Limit ($3/$6 USD) - 2016/01/25 9:59:31 ET
Table 'Goberta' 2-max Seat #2 is the button
Seat 1: REZOLUTION84 ($118.68 in chips)
Seat 2: ChicagoBull4 ($81.80 in chips)
ChicagoBull4: posts small blind $1
REZOLUTION84: posts big blind $3
*** HOLE CARDS ***
ChicagoBull4: raises $3 to $6
REZOLUTION84: calls $3
*** FLOP *** [4s 7c 5c]
REZOLUTION84: checks
ChicagoBull4: checks
*** TURN *** [4s 7c 5c] [Kh]
REZOLUTION84: bets $6
ChicagoBull4: folds
Uncalled bet ($6) returned to REZOLUTION84
REZOLUTION84 collected $11.76 from pot
REZOLUTION84: doesn't show hand
*** SUMMARY ***
Total pot $12 | Rake $0.24
Board [4s 7c 5c Kh]
Seat 1: REZOLUTION84 (big blind) collected ($11.76)
Seat 2: ChicagoBull4 (button) (small blind) folded on the Turn


PokerStars Hand #147651586393:  Hold'em Limit ($3/$6 USD) - 2016/01/25 9:59:26 ET
Table 'Goberta' 2-max Seat #1 is the button
Seat 1: REZOLUTION84 ($119.68 in chips)
Seat 2: ChicagoBull4 ($80.80 in chips)
REZOLUTION84: posts small blind $1
ChicagoBull4: posts big blind $3
*** HOLE CARDS ***
REZOLUTION84: folds
Uncalled bet ($2) returned to ChicagoBull4
ChicagoBull4 collected $2 from pot
ChicagoBull4: doesn't show hand
*** SUMMARY ***
Total pot $2 | Rake $0
Seat 1: REZOLUTION84 (button) (small blind) folded before Flop
Seat 2: ChicagoBull4 (big blind) collected ($2)


PokerStars Hand #147651597678:  Hold'em Limit ($3/$6 USD) - 2016/01/25 9:59:44 ET
Table 'Goberta' 2-max Seat #2 is the button
Seat 1: REZOLUTION84 ($123.44 in chips)
Seat 2: ChicagoBull4 ($76.80 in chips)
ChicagoBull4: posts small blind $1
REZOLUTION84: posts big blind $3
*** HOLE CARDS ***
ChicagoBull4: raises $3 to $6
REZOLUTION84: folds
Uncalled bet ($3) returned to ChicagoBull4
ChicagoBull4 collected $6 from pot
ChicagoBull4: doesn't show hand
*** SUMMARY ***
Total pot $6 | Rake $0
Seat 1: REZOLUTION84 (big blind) folded before Flop
Seat 2: ChicagoBull4 (button) (small blind) collected ($6)


PokerStars Hand #147651594872:  Hold'em Limit ($3/$6 USD) - 2016/01/25 9:59:40 ET
Table 'Goberta' 2-max Seat #1 is the button
Seat 1: REZOLUTION84 ($124.44 in chips)
Seat 2: ChicagoBull4 ($75.80 in chips)
REZOLUTION84: posts small blind $1
ChicagoBull4: posts big blind $3
*** HOLE CARDS ***
REZOLUTION84: folds
Uncalled bet ($2) returned to ChicagoBull4
ChicagoBull4 collected $2 from pot
ChicagoBull4: doesn't show hand
*** SUMMARY ***
Total pot $2 | Rake $0
Seat 1: REZOLUTION84 (button) (small blind) folded before Flop
Seat 2: ChicagoBull4 (big blind) collected ($2)


PokerStars Hand #147651600503:  Hold'em Limit ($3/$6 USD) - 2016/01/25 9:59:49 ET
Table 'Goberta' 2-max Seat #1 is the button
Seat 1: REZOLUTION84 ($120.44 in chips)
Seat 2: ChicagoBull4 ($79.80 in chips)
REZOLUTION84: posts small blind $1
ChicagoBull4: posts big blind $3
*** HOLE CARDS ***
REZOLUTION84: folds
Uncalled bet ($2) returned to ChicagoBull4
ChicagoBull4 collected $2 from pot
ChicagoBull4: doesn't show hand
*** SUMMARY ***
Total pot $2 | Rake $0
Seat 1: REZOLUTION84 (button) (small blind) folded before Flop
Seat 2: ChicagoBull4 (big blind) collected ($2)


PokerStars Hand #147651601456:  Hold'em Limit ($3/$6 USD) - 2016/01/25 9:59:54 ET
Table 'Goberta' 2-max Seat #2 is the button
Seat 1: REZOLUTION84 ($119.44 in chips)
Seat 2: ChicagoBull4 ($80.80 in chips)
ChicagoBull4: posts small blind $1
REZOLUTION84: posts big blind $3
*** HOLE CARDS ***
ChicagoBull4: raises $3 to $6
REZOLUTION84: calls $3
*** FLOP *** [9d 8d 5c]
REZOLUTION84: checks
ChicagoBull4: bets $3
REZOLUTION84: raises $3 to $6
ChicagoBull4: calls $3
*** TURN *** [9d 8d 5c] [Qh]
REZOLUTION84: bets $6
ChicagoBull4: raises $6 to $12
REZOLUTION84: calls $6
*** RIVER *** [9d 8d 5c Qh] [6d]
REZOLUTION84: checks
ChicagoBull4: bets $6
REZOLUTION84: folds
Uncalled bet ($6) returned to ChicagoBull4
ChicagoBull4 collected $47.50 from pot
ChicagoBull4: doesn't show hand
*** SUMMARY ***
Total pot $48 | Rake $0.50
Board [9d 8d 5c Qh 6d]
Seat 1: REZOLUTION84 (big blind) folded on the River
Seat 2: ChicagoBull4 (button) (small blind) collected ($47.50)


PokerStars Hand #147651616627:  Hold'em Limit ($3/$6 USD) - 2016/01/25 10:00:16 ET
Table 'Goberta' 2-max Seat #1 is the button
Seat 1: REZOLUTION84 ($95.44 in chips)
Seat 2: ChicagoBull4 ($104.30 in chips)
REZOLUTION84: posts small blind $1
ChicagoBull4: posts big blind $3
*** HOLE CARDS ***
REZOLUTION84: raises $3 to $6
ChicagoBull4: calls $3
*** FLOP *** [6h 4h 9d]
ChicagoBull4: checks
REZOLUTION84: bets $3
ChicagoBull4: calls $3
*** TURN *** [6h 4h 9d] [Kh]
ChicagoBull4: checks
REZOLUTION84: bets $6
ChicagoBull4: folds
Uncalled bet ($6) returned to REZOLUTION84
REZOLUTION84 collected $17.64 from pot
REZOLUTION84: doesn't show hand
*** SUMMARY ***
Total pot $18 | Rake $0.36
Board [6h 4h 9d Kh]
Seat 1: REZOLUTION84 (button) (small blind) collected ($17.64)
Seat 2: ChicagoBull4 (big blind) folded on the Turn


PokerStars Hand #147651626426:  Hold'em Limit ($3/$6 USD) - 2016/01/25 10:00:32 ET
Table 'Goberta' 2-max Seat #2 is the button
Seat 1: REZOLUTION84 ($104.08 in chips)
Seat 2: ChicagoBull4 ($95.30 in chips)
ChicagoBull4: posts small blind $1
REZOLUTION84: posts big blind $3
*** HOLE CARDS ***
ChicagoBull4: raises $3 to $6
REZOLUTION84: calls $3
*** FLOP *** [3h 8h 2c]
REZOLUTION84: checks
ChicagoBull4: bets $3
REZOLUTION84: raises $3 to $6
ChicagoBull4: calls $3
*** TURN *** [3h 8h 2c] [9d]
REZOLUTION84: bets $6
ChicagoBull4: raises $6 to $12
REZOLUTION84: calls $6
*** RIVER *** [3h 8h 2c 9d] [As]
REZOLUTION84: checks
ChicagoBull4: checks
*** SHOW DOWN ***
REZOLUTION84: shows [Qh 2h] (a pair of Deuces)
ChicagoBull4: mucks hand
REZOLUTION84 collected $47.50 from pot
*** SUMMARY ***
Total pot $48 | Rake $0.50
Board [3h 8h 2c 9d As]
Seat 1: REZOLUTION84 (big blind) showed [Qh 2h] and won ($47.50) with a pair of Deuces
Seat 2: ChicagoBull4 (button) (small blind) mucked


PokerStars Hand #147651641415:  Hold'em Limit ($3/$6 USD) - 2016/01/25 10:00:53 ET
Table 'Goberta' 2-max Seat #2 is the button
Seat 1: REZOLUTION84 ($126.58 in chips)
Seat 2: ChicagoBull4 ($72.30 in chips)
ChicagoBull4: posts small blind $1
REZOLUTION84: posts big blind $3
*** HOLE CARDS ***
ChicagoBull4: folds
Uncalled bet ($2) returned to REZOLUTION84
REZOLUTION84 collected $2 from pot
REZOLUTION84: doesn't show hand
*** SUMMARY ***
Total pot $2 | Rake $0
Seat 1: REZOLUTION84 (big blind) collected ($2)
Seat 2: ChicagoBull4 (button) (small blind) folded before Flop


PokerStars Hand #147651638344:  Hold'em Limit ($3/$6 USD) - 2016/01/25 10:00:49 ET
Table 'Goberta' 2-max Seat #1 is the button
Seat 1: REZOLUTION84 ($127.58 in chips)
Seat 2: ChicagoBull4 ($71.30 in chips)
REZOLUTION84: posts small blind $1
ChicagoBull4: posts big blind $3
*** HOLE CARDS ***
REZOLUTION84: folds
Uncalled bet ($2) returned to ChicagoBull4
ChicagoBull4 collected $2 from pot
ChicagoBull4: doesn't show hand
*** SUMMARY ***
Total pot $2 | Rake $0
Seat 1: REZOLUTION84 (button) (small blind) folded before Flop
Seat 2: ChicagoBull4 (big blind) collected ($2)


PokerStars Hand #147651644966:  Hold'em Limit ($3/$6 USD) - 2016/01/25 10:00:58 ET
Table 'Goberta' 2-max Seat #1 is the button
Seat 1: REZOLUTION84 ($127.58 in chips)
Seat 2: ChicagoBull4 ($71.30 in chips)
REZOLUTION84: posts small blind $1
ChicagoBull4: posts big blind $3
*** HOLE CARDS ***
REZOLUTION84: raises $3 to $6
ChicagoBull4: calls $3
*** FLOP *** [7d 4h 8h]
ChicagoBull4: checks
REZOLUTION84: bets $3
ChicagoBull4: folds
Uncalled bet ($3) returned to REZOLUTION84
REZOLUTION84 collected $11.76 from pot
REZOLUTION84: doesn't show hand
*** SUMMARY ***
Total pot $12 | Rake $0.24
Board [7d 4h 8h]
Seat 1: REZOLUTION84 (button) (small blind) collected ($11.76)
Seat 2: ChicagoBull4 (big blind) folded on the Flop


PokerStars Hand #147651656132:  Hold'em Limit ($3/$6 USD) - 2016/01/25 10:01:13 ET
Table 'Goberta' 2-max Seat #1 is the button
Seat 1: REZOLUTION84 ($134.34 in chips)
Seat 2: ChicagoBull4 ($64.30 in chips)
REZOLUTION84: posts small blind $1
ChicagoBull4: posts big blind $3
*** HOLE CARDS ***
REZOLUTION84: raises $3 to $6
ChicagoBull4: folds
Uncalled bet ($3) returned to REZOLUTION84
REZOLUTION84 collected $6 from pot
REZOLUTION84: doesn't show hand
*** SUMMARY ***
Total pot $6 | Rake $0
Seat 1: REZOLUTION84 (button) (small blind) collected ($6)
Seat 2: ChicagoBull4 (big blind) folded before Flop


PokerStars Hand #147651652685:  Hold'em Limit ($3/$6 USD) - 2016/01/25 10:01:08 ET
Table 'Goberta' 2-max Seat #2 is the button
Seat 1: REZOLUTION84 ($133.34 in chips)
Seat 2: ChicagoBull4 ($65.30 in chips)
ChicagoBull4: posts small blind $1
REZOLUTION84: posts big blind $3
*** HOLE CARDS ***
ChicagoBull4: folds
Uncalled bet ($2) returned to REZOLUTION84
REZOLUTION84 collected $2 from pot
REZOLUTION84: doesn't show hand
*** SUMMARY ***
Total pot $2 | Rake $0
Seat 1: REZOLUTION84 (big blind) collected ($2)
Seat 2: ChicagoBull4 (button) (small blind) folded before Flop


PokerStars Hand #147651559066:  Hold'em Limit ($3/$6 USD) - 2016/01/25 9:58:43 ET
Table 'Goberta' 2-max Seat #1 is the button
Seat 1: REZOLUTION84 ($93.66 in chips)
Seat 2: ChicagoBull4 ($107.80 in chips)
REZOLUTION84: posts small blind $1
ChicagoBull4: posts big blind $3
*** HOLE CARDS ***
REZOLUTION84: raises $3 to $6
ChicagoBull4: calls $3
*** FLOP *** [Qs Ah 9h]
ChicagoBull4: checks
REZOLUTION84: bets $3
ChicagoBull4: folds
Uncalled bet ($3) returned to REZOLUTION84
REZOLUTION84 collected $11.76 from pot
REZOLUTION84: doesn't show hand
*** SUMMARY ***
Total pot $12 | Rake $0.24
Board [Qs Ah 9h]
Seat 1: REZOLUTION84 (button) (small blind) collected ($11.76)
Seat 2: ChicagoBull4 (big blind) folded on the Flop


PokerStars Hand #147651661331:  Hold'em Limit ($3/$6 USD) - 2016/01/25 10:01:20 ET
Table 'Goberta' 2-max Seat #2 is the button
Seat 1: REZOLUTION84 ($137.34 in chips)
Seat 2: ChicagoBull4 ($61.30 in chips)
ChicagoBull4: posts small blind $1
REZOLUTION84: posts big blind $3
*** HOLE CARDS ***
ChicagoBull4: raises $3 to $6
REZOLUTION84: calls $3
*** FLOP *** [4s 3c 9d]
REZOLUTION84: checks
ChicagoBull4: bets $3
REZOLUTION84: calls $3
*** TURN *** [4s 3c 9d] [Qd]
REZOLUTION84: checks
ChicagoBull4: bets $6
REZOLUTION84: calls $6
*** RIVER *** [4s 3c 9d Qd] [Js]
REZOLUTION84: checks
ChicagoBull4: bets $6
REZOLUTION84: calls $6
*** SHOW DOWN ***
ChicagoBull4: shows [9s Th] (a pair of Nines)
REZOLUTION84: mucks hand
ChicagoBull4 collected $41.50 from pot
*** SUMMARY ***
Total pot $42 | Rake $0.50
Board [4s 3c 9d Qd Js]
Seat 1: REZOLUTION84 (big blind) mucked
Seat 2: ChicagoBull4 (button) (small blind) showed [9s Th] and won ($41.50) with a pair of Nines


PokerStars Hand #147651677231:  Hold'em Limit ($3/$6 USD) - 2016/01/25 10:01:41 ET
Table 'Goberta' 2-max Seat #1 is the button
Seat 1: REZOLUTION84 ($116.34 in chips)
Seat 2: ChicagoBull4 ($81.80 in chips)
REZOLUTION84: posts small blind $1
ChicagoBull4: posts big blind $3
*** HOLE CARDS ***
REZOLUTION84: folds
Uncalled bet ($2) returned to ChicagoBull4
ChicagoBull4 collected $2 from pot
ChicagoBull4: doesn't show hand
*** SUMMARY ***
Total pot $2 | Rake $0
Seat 1: REZOLUTION84 (button) (small blind) folded before Flop
Seat 2: ChicagoBull4 (big blind) collected ($2)


PokerStars Hand #147651681012:  Hold'em Limit ($3/$6 USD) - 2016/01/25 10:01:46 ET
Table 'Goberta' 2-max Seat #2 is the button
Seat 1: REZOLUTION84 ($115.34 in chips)
Seat 2: ChicagoBull4 ($82.80 in chips)
ChicagoBull4: posts small blind $1
REZOLUTION84: posts big blind $3
*** HOLE CARDS ***
ChicagoBull4: raises $3 to $6
REZOLUTION84: folds
Uncalled bet ($3) returned to ChicagoBull4
ChicagoBull4 collected $6 from pot
ChicagoBull4: doesn't show hand
*** SUMMARY ***
Total pot $6 | Rake $0
Seat 1: REZOLUTION84 (big blind) folded before Flop
Seat 2: ChicagoBull4 (button) (small blind) collected ($6)


PokerStars Hand #147651694745:  Hold'em Limit ($3/$6 USD) - 2016/01/25 10:02:03 ET
Table 'Goberta' 2-max Seat #2 is the button
Seat 1: REZOLUTION84 ($115.34 in chips)
Seat 2: ChicagoBull4 ($82.80 in chips)
ChicagoBull4: posts small blind $1
REZOLUTION84: posts big blind $3
*** HOLE CARDS ***
ChicagoBull4: folds
Uncalled bet ($2) returned to REZOLUTION84
REZOLUTION84 collected $2 from pot
REZOLUTION84: doesn't show hand
*** SUMMARY ***
Total pot $2 | Rake $0
Seat 1: REZOLUTION84 (big blind) collected ($2)
Seat 2: ChicagoBull4 (button) (small blind) folded before Flop


PokerStars Hand #147651689373:  Hold'em Limit ($3/$6 USD) - 2016/01/25 10:01:57 ET
Table 'Goberta' 2-max Seat #1 is the button
Seat 1: REZOLUTION84 ($112.34 in chips)
Seat 2: ChicagoBull4 ($85.80 in chips)
REZOLUTION84: posts small blind $1
ChicagoBull4: posts big blind $3
*** HOLE CARDS ***
REZOLUTION84: raises $3 to $6
ChicagoBull4: folds
Uncalled bet ($3) returned to REZOLUTION84
REZOLUTION84 collected $6 from pot
REZOLUTION84: doesn't show hand
*** SUMMARY ***
Total pot $6 | Rake $0
Seat 1: REZOLUTION84 (button) (small blind) collected ($6)
Seat 2: ChicagoBull4 (big blind) folded before Flop


PokerStars Hand #147651702108:  Hold'em Limit ($3/$6 USD) - 2016/01/25 10:02:12 ET
Table 'Goberta' 2-max Seat #2 is the button
Seat 1: REZOLUTION84 ($115.34 in chips)
Seat 2: ChicagoBull4 ($82.80 in chips)
ChicagoBull4: posts small blind $1
REZOLUTION84: posts big blind $3
*** HOLE CARDS ***
ChicagoBull4: raises $3 to $6
REZOLUTION84: calls $3
*** FLOP *** [6s 7h 5d]
REZOLUTION84: checks
ChicagoBull4: bets $3
REZOLUTION84: folds
Uncalled bet ($3) returned to ChicagoBull4
ChicagoBull4 collected $11.76 from pot
*** SUMMARY ***
Total pot $12 | Rake $0.24
Board [6s 7h 5d]
Seat 1: REZOLUTION84 (big blind) folded on the Flop
Seat 2: ChicagoBull4 (button) (small blind) collected ($11.76)


PokerStars Hand #147651698379:  Hold'em Limit ($3/$6 USD) - 2016/01/25 10:02:07 ET
Table 'Goberta' 2-max Seat #1 is the button
Seat 1: REZOLUTION84 ($116.34 in chips)
Seat 2: ChicagoBull4 ($81.80 in chips)
REZOLUTION84: posts small blind $1
ChicagoBull4: posts big blind $3
*** HOLE CARDS ***
REZOLUTION84: folds
Uncalled bet ($2) returned to ChicagoBull4
ChicagoBull4 collected $2 from pot
ChicagoBull4: doesn't show hand
*** SUMMARY ***
Total pot $2 | Rake $0
Seat 1: REZOLUTION84 (button) (small blind) folded before Flop
Seat 2: ChicagoBull4 (big blind) collected ($2)


PokerStars Hand #147651709470:  Hold'em Limit ($3/$6 USD) - 2016/01/25 10:02:21 ET
Table 'Goberta' 2-max Seat #1 is the button
Seat 1: REZOLUTION84 ($109.34 in chips)
Seat 2: ChicagoBull4 ($88.56 in chips)
REZOLUTION84: posts small blind $1
ChicagoBull4: posts big blind $3
*** HOLE CARDS ***
REZOLUTION84: folds
Uncalled bet ($2) returned to ChicagoBull4
ChicagoBull4 collected $2 from pot
ChicagoBull4: doesn't show hand
*** SUMMARY ***
Total pot $2 | Rake $0
Seat 1: REZOLUTION84 (button) (small blind) folded before Flop
Seat 2: ChicagoBull4 (big blind) collected ($2)


PokerStars Hand #147651721559:  Hold'em Limit ($3/$6 USD) - 2016/01/25 10:02:36 ET
Table 'Goberta' 2-max Seat #2 is the button
Seat 1: REZOLUTION84 ($108.34 in chips)
Seat 2: ChicagoBull4 ($89.56 in chips)
ChicagoBull4: posts small blind $1
REZOLUTION84: posts big blind $3
*** HOLE CARDS ***
ChicagoBull4: raises $3 to $6
REZOLUTION84: calls $3
*** FLOP *** [Qc 2c Js]
REZOLUTION84: checks
ChicagoBull4: checks
*** TURN *** [Qc 2c Js] [Qh]
REZOLUTION84: checks
ChicagoBull4: bets $6
REZOLUTION84: folds
Uncalled bet ($6) returned to ChicagoBull4
ChicagoBull4 collected $11.76 from pot
ChicagoBull4: doesn't show hand
*** SUMMARY ***
Total pot $12 | Rake $0.24
Board [Qc 2c Js Qh]
Seat 1: REZOLUTION84 (big blind) folded on the Turn
Seat 2: ChicagoBull4 (button) (small blind) collected ($11.76)


PokerStars Hand #147651732618:  Hold'em Limit ($3/$6 USD) - 2016/01/25 10:02:50 ET
Table 'Goberta' 2-max Seat #1 is the button
Seat 1: REZOLUTION84 ($102.34 in chips)
Seat 2: ChicagoBull4 ($95.32 in chips)
REZOLUTION84: posts small blind $1
ChicagoBull4: posts big blind $3
*** HOLE CARDS ***
REZOLUTION84: raises $3 to $6
ChicagoBull4: folds
Uncalled bet ($3) returned to REZOLUTION84
REZOLUTION84 collected $6 from pot
REZOLUTION84: doesn't show hand
*** SUMMARY ***
Total pot $6 | Rake $0
Seat 1: REZOLUTION84 (button) (small blind) collected ($6)
Seat 2: ChicagoBull4 (big blind) folded before Flop


PokerStars Hand #147651737607:  Hold'em Limit ($3/$6 USD) - 2016/01/25 10:02:56 ET
Table 'Goberta' 2-max Seat #2 is the button
Seat 1: REZOLUTION84 ($105.34 in chips)
Seat 2: ChicagoBull4 ($92.32 in chips)
ChicagoBull4: posts small blind $1
REZOLUTION84: posts big blind $3
*** HOLE CARDS ***
ChicagoBull4: raises $3 to $6
REZOLUTION84: calls $3
*** FLOP *** [2h 7d Tc]
REZOLUTION84: checks
ChicagoBull4: checks
*** TURN *** [2h 7d Tc] [6s]
REZOLUTION84: bets $6
ChicagoBull4: calls $6
*** RIVER *** [2h 7d Tc 6s] [4s]
REZOLUTION84: bets $6
ChicagoBull4: calls $6
*** SHOW DOWN ***
REZOLUTION84: shows [6d 5s] (a pair of Sixes)
ChicagoBull4: mucks hand
REZOLUTION84 collected $35.50 from pot
*** SUMMARY ***
Total pot $36 | Rake $0.50
Board [2h 7d Tc 6s 4s]
Seat 1: REZOLUTION84 (big blind) showed [6d 5s] and won ($35.50) with a pair of Sixes
Seat 2: ChicagoBull4 (button) (small blind) mucked


PokerStars Hand #147651753197:  Hold'em Limit ($3/$6 USD) - 2016/01/25 10:03:15 ET
Table 'Goberta' 2-max Seat #1 is the button
Seat 1: REZOLUTION84 ($122.84 in chips)
Seat 2: ChicagoBull4 ($74.32 in chips)
REZOLUTION84: posts small blind $1
ChicagoBull4: posts big blind $3
*** HOLE CARDS ***
REZOLUTION84: raises $3 to $6
ChicagoBull4: calls $3
*** FLOP *** [3s Js Qc]
ChicagoBull4: checks
REZOLUTION84: bets $3
ChicagoBull4: raises $3 to $6
REZOLUTION84: calls $3
*** TURN *** [3s Js Qc] [Td]
ChicagoBull4: bets $6
REZOLUTION84: calls $6
*** RIVER *** [3s Js Qc Td] [5d]
ChicagoBull4: bets $6
REZOLUTION84: calls $6
*** SHOW DOWN ***
ChicagoBull4: shows [8d Qs] (a pair of Queens)
REZOLUTION84: mucks hand
ChicagoBull4 collected $47.50 from pot
*** SUMMARY ***
Total pot $48 | Rake $0.50
Board [3s Js Qc Td 5d]
Seat 1: REZOLUTION84 (button) (small blind) mucked
Seat 2: ChicagoBull4 (big blind) showed [8d Qs] and won ($47.50) with a pair of Queens


PokerStars Hand #147651766332:  Hold'em Limit ($3/$6 USD) - 2016/01/25 10:03:31 ET
Table 'Goberta' 2-max Seat #2 is the button
Seat 1: REZOLUTION84 ($98.84 in chips)
Seat 2: ChicagoBull4 ($97.82 in chips)
ChicagoBull4: posts small blind $1
REZOLUTION84: posts big blind $3
*** HOLE CARDS ***
ChicagoBull4: raises $3 to $6
REZOLUTION84: calls $3
*** FLOP *** [3s Qc Td]
REZOLUTION84: checks
ChicagoBull4: bets $3
REZOLUTION84: raises $3 to $6
ChicagoBull4: calls $3
*** TURN *** [3s Qc Td] [2h]
REZOLUTION84: bets $6
ChicagoBull4: calls $6
*** RIVER *** [3s Qc Td 2h] [8h]
REZOLUTION84: bets $6
ChicagoBull4: calls $6
*** SHOW DOWN ***
REZOLUTION84: shows [Qs Js] (a pair of Queens)
ChicagoBull4: mucks hand
REZOLUTION84 collected $47.50 from pot
*** SUMMARY ***
Total pot $48 | Rake $0.50
Board [3s Qc Td 2h 8h]
Seat 1: REZOLUTION84 (big blind) showed [Qs Js] and won ($47.50) with a pair of Queens
Seat 2: ChicagoBull4 (button) (small blind) mucked


PokerStars Hand #147651783725:  Hold'em Limit ($3/$6 USD) - 2016/01/25 10:03:52 ET
Table 'Goberta' 2-max Seat #1 is the button
Seat 1: REZOLUTION84 ($122.34 in chips)
Seat 2: ChicagoBull4 ($73.82 in chips)
REZOLUTION84: posts small blind $1
ChicagoBull4: posts big blind $3
*** HOLE CARDS ***
REZOLUTION84: raises $3 to $6
ChicagoBull4: folds
Uncalled bet ($3) returned to REZOLUTION84
REZOLUTION84 collected $6 from pot
REZOLUTION84: doesn't show hand
*** SUMMARY ***
Total pot $6 | Rake $0
Seat 1: REZOLUTION84 (button) (small blind) collected ($6)
Seat 2: ChicagoBull4 (big blind) folded before Flop


PokerStars Hand #147651787887:  Hold'em Limit ($3/$6 USD) - 2016/01/25 10:03:58 ET
Table 'Goberta' 2-max Seat #2 is the button
Seat 1: REZOLUTION84 ($125.34 in chips)
Seat 2: ChicagoBull4 ($70.82 in chips)
ChicagoBull4: posts small blind $1
REZOLUTION84: posts big blind $3
*** HOLE CARDS ***
ChicagoBull4: folds
Uncalled bet ($2) returned to REZOLUTION84
REZOLUTION84 collected $2 from pot
REZOLUTION84: doesn't show hand
*** SUMMARY ***
Total pot $2 | Rake $0
Seat 1: REZOLUTION84 (big blind) collected ($2)
Seat 2: ChicagoBull4 (button) (small blind) folded before Flop


PokerStars Hand #147651792225:  Hold'em Limit ($3/$6 USD) - 2016/01/25 10:04:03 ET
Table 'Goberta' 2-max Seat #1 is the button
Seat 1: REZOLUTION84 ($126.34 in chips)
Seat 2: ChicagoBull4 ($69.82 in chips)
REZOLUTION84: posts small blind $1
ChicagoBull4: posts big blind $3
*** HOLE CARDS ***
REZOLUTION84: raises $3 to $6
ChicagoBull4: calls $3
*** FLOP *** [4d 7d Qh]
ChicagoBull4: bets $3
REZOLUTION84: calls $3
*** TURN *** [4d 7d Qh] [5d]
ChicagoBull4: bets $6
REZOLUTION84: raises $6 to $12
ChicagoBull4: calls $6
*** RIVER *** [4d 7d Qh 5d] [Ks]
ChicagoBull4: checks
REZOLUTION84: bets $6
ChicagoBull4: calls $6
*** SHOW DOWN ***
REZOLUTION84: shows [Qc As] (a pair of Queens)
ChicagoBull4: mucks hand
REZOLUTION84 collected $53.50 from pot
*** SUMMARY ***
Total pot $54 | Rake $0.50
Board [4d 7d Qh 5d Ks]
Seat 1: REZOLUTION84 (button) (small blind) showed [Qc As] and won ($53.50) with a pair of Queens
Seat 2: ChicagoBull4 (big blind) mucked


PokerStars Hand #147651809986:  Hold'em Limit ($3/$6 USD) - 2016/01/25 10:04:24 ET
Table 'Goberta' 2-max Seat #2 is the button
Seat 1: REZOLUTION84 ($152.84 in chips)
Seat 2: ChicagoBull4 ($42.82 in chips)
ChicagoBull4: posts small blind $1
REZOLUTION84: posts big blind $3
*** HOLE CARDS ***
ChicagoBull4: raises $3 to $6
REZOLUTION84: calls $3
*** FLOP *** [6h Ac Js]
REZOLUTION84: checks
ChicagoBull4: bets $3
REZOLUTION84: calls $3
*** TURN *** [6h Ac Js] [5c]
REZOLUTION84: checks
ChicagoBull4: checks
*** RIVER *** [6h Ac Js 5c] [6c]
REZOLUTION84: bets $6
ChicagoBull4: folds
Uncalled bet ($6) returned to REZOLUTION84
REZOLUTION84 collected $17.64 from pot
REZOLUTION84: doesn't show hand
*** SUMMARY ***
Total pot $18 | Rake $0.36
Board [6h Ac Js 5c 6c]
Seat 1: REZOLUTION84 (big blind) collected ($17.64)
Seat 2: ChicagoBull4 (button) (small blind) folded on the River


PokerStars Hand #147651820596:  Hold'em Limit ($3/$6 USD) - 2016/01/25 10:04:37 ET
Table 'Goberta' 2-max Seat #1 is the button
Seat 1: REZOLUTION84 ($161.48 in chips)
Seat 2: ChicagoBull4 ($33.82 in chips)
REZOLUTION84: posts small blind $1
ChicagoBull4: posts big blind $3
*** HOLE CARDS ***
REZOLUTION84: raises $3 to $6
ChicagoBull4: calls $3
*** FLOP *** [2c Jh 9d]
ChicagoBull4: checks
REZOLUTION84: bets $3
ChicagoBull4: calls $3
*** TURN *** [2c Jh 9d] [Jc]
ChicagoBull4: bets $6
REZOLUTION84: raises $6 to $12
ChicagoBull4: calls $6
*** RIVER *** [2c Jh 9d Jc] [2d]
ChicagoBull4: checks
REZOLUTION84: bets $6
ChicagoBull4: calls $6
*** SHOW DOWN ***
REZOLUTION84: shows [Js 8d] (a full house, Jacks full of Deuces)
ChicagoBull4: mucks hand
REZOLUTION84 collected $53.50 from pot
*** SUMMARY ***
Total pot $54 | Rake $0.50
Board [2c Jh 9d Jc 2d]
Seat 1: REZOLUTION84 (button) (small blind) showed [Js 8d] and won ($53.50) with a full house, Jacks full of Deuces
Seat 2: ChicagoBull4 (big blind) mucked


PokerStars Hand #147651840169:  Hold'em Limit ($3/$6 USD) - 2016/01/25 10:05:00 ET
Table 'Goberta' 2-max Seat #2 is the button
Seat 1: REZOLUTION84 ($187.98 in chips)
Seat 2: ChicagoBull4 ($6.82 in chips)
ChicagoBull4: posts small blind $1
REZOLUTION84: posts big blind $3
*** HOLE CARDS ***
ChicagoBull4: raises $3 to $6
REZOLUTION84: raises $3 to $9
ChicagoBull4: calls $0.82 and is all-in
Uncalled bet ($2.18) returned to REZOLUTION84
*** FLOP *** [Qh 7s 4d]
*** TURN *** [Qh 7s 4d] [Qc]
*** RIVER *** [Qh 7s 4d Qc] [9c]
*** SHOW DOWN ***
REZOLUTION84: shows [7c 4s] (two pair, Queens and Sevens)
ChicagoBull4: shows [Jh 5s] (a pair of Queens)
REZOLUTION84 collected $13.37 from pot
*** SUMMARY ***
Total pot $13.64 | Rake $0.27
Board [Qh 7s 4d Qc 9c]
Seat 1: REZOLUTION84 (big blind) showed [7c 4s] and won ($13.37) with two pair, Queens and Sevens
Seat 2: ChicagoBull4 (button) (small blind) showed [Jh 5s] and lost with a pair of Queens


