PokerStars Hand #147000038043:  Hold'em Limit ($3/$6 USD) - 2016/01/13 19:47:48 ET
Table 'Goberta II' 6-max Seat #2 is the button
Seat 2: Krazy90 ($120.61 in chips)
Seat 5: HenryIX ($139.08 in chips)
Krazy90: posts small blind $1
SmellyToes4u: is sitting out
HenryIX: posts big blind $3
*** HOLE CARDS ***
Krazy90: folds
Uncalled bet ($2) returned to HenryIX
HenryIX collected $2 from pot
HenryIX: doesn't show hand
*** SUMMARY ***
Total pot $2 | Rake $0
Seat 2: Krazy90 (button) (small blind) folded before Flop
Seat 5: HenryIX (big blind) collected ($2)


PokerStars Hand #147000043250:  Hold'em Limit ($3/$6 USD) - 2016/01/13 19:47:56 ET
Table 'Goberta II' 6-max Seat #5 is the button
Seat 2: Krazy90 ($120 in chips)
Seat 5: HenryIX ($140.08 in chips)
HenryIX: posts small blind $1
Krazy90: posts big blind $3
*** HOLE CARDS ***
HenryIX: folds
Uncalled bet ($2) returned to Krazy90
HenryIX leaves the table
Krazy90 collected $2 from pot
Krazy90: doesn't show hand
*** SUMMARY ***
Total pot $2 | Rake $0
Seat 2: Krazy90 (big blind) collected ($2)
Seat 5: HenryIX (button) (small blind) folded before Flop


