PokerStars Hand #176653690595:  Hold'em Limit ($3/$6 USD) - 2017/10/08 12:16:29 ET
Table 'Goffin II' 6-max Seat #3 is the button
Seat 3: Helseløs ($54.08 in chips)
Seat 5: denn69 ($44 in chips)
Helseløs: posts small blind $1
denn69: posts big blind $3
*** HOLE CARDS ***
Helseløs: folds
Uncalled bet ($2) returned to denn69
denn69 collected $2 from pot
B_loJkl joins the table at seat #6
*** SUMMARY ***
Total pot $2 | Rake $0
Seat 3: Helseløs (button) (small blind) folded before Flop
Seat 5: denn69 (big blind) collected ($2)


PokerStars Hand #176656012826:  Hold'em Limit ($3/$6 USD) - 2017/10/08 13:02:26 ET
Table 'Goffin II' 6-max Seat #4 is the button
Seat 4: amarillo778 ($436.04 in chips)
Seat 5: samurai.ru ($271.59 in chips)
amarillo778: posts small blind $1
samurai.ru: posts big blind $3
*** HOLE CARDS ***
amarillo778: raises $3 to $6
samurai.ru: folds
Uncalled bet ($3) returned to amarillo778
amarillo778 collected $6 from pot
*** SUMMARY ***
Total pot $6 | Rake $0
Seat 4: amarillo778 (button) (small blind) collected ($6)
Seat 5: samurai.ru (big blind) folded before Flop


PokerStars Hand #176656006851:  Hold'em Limit ($3/$6 USD) - 2017/10/08 13:02:20 ET
Table 'Goffin II' 6-max Seat #5 is the button
Seat 4: amarillo778 ($435.04 in chips)
Seat 5: samurai.ru ($272.59 in chips)
samurai.ru: posts small blind $1
amarillo778: posts big blind $3
*** HOLE CARDS ***
samurai.ru: folds
Uncalled bet ($2) returned to amarillo778
amarillo778 collected $2 from pot
*** SUMMARY ***
Total pot $2 | Rake $0
Seat 4: amarillo778 (big blind) collected ($2)
Seat 5: samurai.ru (button) (small blind) folded before Flop


PokerStars Hand #176656018570:  Hold'em Limit ($3/$6 USD) - 2017/10/08 13:02:33 ET
Table 'Goffin II' 6-max Seat #5 is the button
Seat 4: amarillo778 ($439.04 in chips)
Seat 5: samurai.ru ($268.59 in chips)
samurai.ru: posts small blind $1
amarillo778: posts big blind $3
*** HOLE CARDS ***
samurai.ru: folds
Uncalled bet ($2) returned to amarillo778
amarillo778 collected $2 from pot
*** SUMMARY ***
Total pot $2 | Rake $0
Seat 4: amarillo778 (big blind) collected ($2)
Seat 5: samurai.ru (button) (small blind) folded before Flop


PokerStars Hand #176656022628:  Hold'em Limit ($3/$6 USD) - 2017/10/08 13:02:38 ET
Table 'Goffin II' 6-max Seat #4 is the button
Seat 4: amarillo778 ($440.04 in chips)
Seat 5: samurai.ru ($267.59 in chips)
amarillo778: posts small blind $1
samurai.ru: posts big blind $3
*** HOLE CARDS ***
amarillo778: calls $2
samurai.ru: raises $3 to $6
amarillo778: calls $3
*** FLOP *** [6h Qc Jd]
samurai.ru: bets $3
amarillo778: folds
Uncalled bet ($3) returned to samurai.ru
samurai.ru collected $11.76 from pot
samurai.ru: doesn't show hand
*** SUMMARY ***
Total pot $12 | Rake $0.24
Board [6h Qc Jd]
Seat 4: amarillo778 (button) (small blind) folded on the Flop
Seat 5: samurai.ru (big blind) collected ($11.76)


PokerStars Hand #176656033535:  Hold'em Limit ($3/$6 USD) - 2017/10/08 13:02:51 ET
Table 'Goffin II' 6-max Seat #5 is the button
Seat 4: amarillo778 ($434.04 in chips)
Seat 5: samurai.ru ($273.35 in chips)
samurai.ru: posts small blind $1
amarillo778: posts big blind $3
*** HOLE CARDS ***
samurai.ru: folds
Uncalled bet ($2) returned to amarillo778
amarillo778 collected $2 from pot
*** SUMMARY ***
Total pot $2 | Rake $0
Seat 4: amarillo778 (big blind) collected ($2)
Seat 5: samurai.ru (button) (small blind) folded before Flop


PokerStars Hand #176656038179:  Hold'em Limit ($3/$6 USD) - 2017/10/08 13:02:56 ET
Table 'Goffin II' 6-max Seat #4 is the button
Seat 4: amarillo778 ($435.04 in chips)
Seat 5: samurai.ru ($272.35 in chips)
amarillo778: posts small blind $1
samurai.ru: posts big blind $3
*** HOLE CARDS ***
amarillo778: raises $3 to $6
samurai.ru: calls $3
*** FLOP *** [9c 7c Ad]
samurai.ru: checks
amarillo778: checks
*** TURN *** [9c 7c Ad] [9h]
samurai.ru: checks
amarillo778: bets $6
samurai.ru: folds
Uncalled bet ($6) returned to amarillo778
amarillo778 collected $11.76 from pot
*** SUMMARY ***
Total pot $12 | Rake $0.24
Board [9c 7c Ad 9h]
Seat 4: amarillo778 (button) (small blind) collected ($11.76)
Seat 5: samurai.ru (big blind) folded on the Turn


PokerStars Hand #176656050850:  Hold'em Limit ($3/$6 USD) - 2017/10/08 13:03:11 ET
Table 'Goffin II' 6-max Seat #5 is the button
Seat 4: amarillo778 ($440.80 in chips)
Seat 5: samurai.ru ($266.35 in chips)
samurai.ru: posts small blind $1
amarillo778: posts big blind $3
*** HOLE CARDS ***
samurai.ru: folds
Uncalled bet ($2) returned to amarillo778
amarillo778 collected $2 from pot
*** SUMMARY ***
Total pot $2 | Rake $0
Seat 4: amarillo778 (big blind) collected ($2)
Seat 5: samurai.ru (button) (small blind) folded before Flop


PokerStars Hand #176656055445:  Hold'em Limit ($3/$6 USD) - 2017/10/08 13:03:16 ET
Table 'Goffin II' 6-max Seat #4 is the button
Seat 4: amarillo778 ($441.80 in chips)
Seat 5: samurai.ru ($265.35 in chips)
amarillo778: posts small blind $1
samurai.ru: posts big blind $3
*** HOLE CARDS ***
amarillo778: calls $2
samurai.ru: checks
*** FLOP *** [Ts 6c 8s]
samurai.ru: checks
amarillo778: checks
*** TURN *** [Ts 6c 8s] [3s]
samurai.ru: checks
amarillo778: checks
*** RIVER *** [Ts 6c 8s 3s] [8h]
samurai.ru: bets $6
amarillo778: folds
Uncalled bet ($6) returned to samurai.ru
samurai.ru collected $5.88 from pot
samurai.ru: doesn't show hand
*** SUMMARY ***
Total pot $6 | Rake $0.12
Board [Ts 6c 8s 3s 8h]
Seat 4: amarillo778 (button) (small blind) folded on the River
Seat 5: samurai.ru (big blind) collected ($5.88)


PokerStars Hand #176656069658:  Hold'em Limit ($3/$6 USD) - 2017/10/08 13:03:33 ET
Table 'Goffin II' 6-max Seat #5 is the button
Seat 4: amarillo778 ($438.80 in chips)
Seat 5: samurai.ru ($268.23 in chips)
samurai.ru: posts small blind $1
amarillo778: posts big blind $3
*** HOLE CARDS ***
samurai.ru: folds
Uncalled bet ($2) returned to amarillo778
amarillo778 collected $2 from pot
*** SUMMARY ***
Total pot $2 | Rake $0
Seat 4: amarillo778 (big blind) collected ($2)
Seat 5: samurai.ru (button) (small blind) folded before Flop


PokerStars Hand #176656085347:  Hold'em Limit ($3/$6 USD) - 2017/10/08 13:03:51 ET
Table 'Goffin II' 6-max Seat #5 is the button
Seat 4: amarillo778 ($433.80 in chips)
Seat 5: samurai.ru ($272.99 in chips)
samurai.ru: posts small blind $1
amarillo778: posts big blind $3
*** HOLE CARDS ***
samurai.ru: folds
Uncalled bet ($2) returned to amarillo778
amarillo778 collected $2 from pot
*** SUMMARY ***
Total pot $2 | Rake $0
Seat 4: amarillo778 (big blind) collected ($2)
Seat 5: samurai.ru (button) (small blind) folded before Flop


PokerStars Hand #176656089452:  Hold'em Limit ($3/$6 USD) - 2017/10/08 13:03:56 ET
Table 'Goffin II' 6-max Seat #4 is the button
Seat 4: amarillo778 ($434.80 in chips)
Seat 5: samurai.ru ($271.99 in chips)
amarillo778: posts small blind $1
samurai.ru: posts big blind $3
*** HOLE CARDS ***
amarillo778: raises $3 to $6
samurai.ru: calls $3
*** FLOP *** [4c Jc 6s]
samurai.ru: checks
amarillo778: bets $3
samurai.ru: calls $3
*** TURN *** [4c Jc 6s] [9d]
samurai.ru: checks
amarillo778: checks
*** RIVER *** [4c Jc 6s 9d] [4s]
samurai.ru: bets $6
amarillo778: calls $6
*** SHOW DOWN ***
samurai.ru: shows [6d 8s] (two pair, Sixes and Fours)
amarillo778: mucks hand
samurai.ru collected $29.50 from pot
*** SUMMARY ***
Total pot $30 | Rake $0.50
Board [4c Jc 6s 9d 4s]
Seat 4: amarillo778 (button) (small blind) mucked
Seat 5: samurai.ru (big blind) showed [6d 8s] and won ($29.50) with two pair, Sixes and Fours


PokerStars Hand #176656114250:  Hold'em Limit ($3/$6 USD) - 2017/10/08 13:04:25 ET
Table 'Goffin II' 6-max Seat #4 is the button
Seat 4: amarillo778 ($416.80 in chips)
Seat 5: samurai.ru ($289.49 in chips)
amarillo778: posts small blind $1
samurai.ru: posts big blind $3
*** HOLE CARDS ***
amarillo778: raises $3 to $6
samurai.ru: folds
Uncalled bet ($3) returned to amarillo778
amarillo778 collected $6 from pot
*** SUMMARY ***
Total pot $6 | Rake $0
Seat 4: amarillo778 (button) (small blind) collected ($6)
Seat 5: samurai.ru (big blind) folded before Flop


PokerStars Hand #176656109588:  Hold'em Limit ($3/$6 USD) - 2017/10/08 13:04:19 ET
Table 'Goffin II' 6-max Seat #5 is the button
Seat 4: amarillo778 ($419.80 in chips)
Seat 5: samurai.ru ($286.49 in chips)
samurai.ru: posts small blind $1
amarillo778: posts big blind $3
*** HOLE CARDS ***
samurai.ru: raises $3 to $6
amarillo778: folds
Uncalled bet ($3) returned to samurai.ru
samurai.ru collected $6 from pot
samurai.ru: doesn't show hand
*** SUMMARY ***
Total pot $6 | Rake $0
Seat 4: amarillo778 (big blind) folded before Flop
Seat 5: samurai.ru (button) (small blind) collected ($6)


PokerStars Hand #176656074378:  Hold'em Limit ($3/$6 USD) - 2017/10/08 13:03:38 ET
Table 'Goffin II' 6-max Seat #4 is the button
Seat 4: amarillo778 ($439.80 in chips)
Seat 5: samurai.ru ($267.23 in chips)
amarillo778: posts small blind $1
samurai.ru: posts big blind $3
*** HOLE CARDS ***
amarillo778: calls $2
samurai.ru: raises $3 to $6
amarillo778: calls $3
*** FLOP *** [9s 9c Kh]
samurai.ru: bets $3
amarillo778: folds
Uncalled bet ($3) returned to samurai.ru
samurai.ru collected $11.76 from pot
samurai.ru: doesn't show hand
*** SUMMARY ***
Total pot $12 | Rake $0.24
Board [9s 9c Kh]
Seat 4: amarillo778 (button) (small blind) folded on the Flop
Seat 5: samurai.ru (big blind) collected ($11.76)


PokerStars Hand #176656152480:  Hold'em Limit ($3/$6 USD) - 2017/10/08 13:05:08 ET
Table 'Goffin II' 6-max Seat #5 is the button
Seat 4: amarillo778 ($434.30 in chips)
Seat 5: samurai.ru ($271.13 in chips)
samurai.ru: posts small blind $1
amarillo778: posts big blind $3
*** HOLE CARDS ***
samurai.ru: raises $3 to $6
amarillo778: folds
Uncalled bet ($3) returned to samurai.ru
samurai.ru collected $6 from pot
samurai.ru: doesn't show hand
*** SUMMARY ***
Total pot $6 | Rake $0
Seat 4: amarillo778 (big blind) folded before Flop
Seat 5: samurai.ru (button) (small blind) collected ($6)


PokerStars Hand #176656132199:  Hold'em Limit ($3/$6 USD) - 2017/10/08 13:04:46 ET
Table 'Goffin II' 6-max Seat #4 is the button
Seat 4: amarillo778 ($410.80 in chips)
Seat 5: samurai.ru ($295.13 in chips)
amarillo778: posts small blind $1
samurai.ru: posts big blind $3
*** HOLE CARDS ***
amarillo778: calls $2
samurai.ru: raises $3 to $6
amarillo778: calls $3
*** FLOP *** [5h Ac 6h]
samurai.ru: bets $3
amarillo778: raises $3 to $6
samurai.ru: calls $3
*** TURN *** [5h Ac 6h] [9h]
samurai.ru: checks
amarillo778: bets $6
samurai.ru: calls $6
*** RIVER *** [5h Ac 6h 9h] [3s]
samurai.ru: checks
amarillo778: bets $6
samurai.ru: calls $6
*** SHOW DOWN ***
amarillo778: shows [7h Th] (a flush, Ten high)
samurai.ru: mucks hand
amarillo778 collected $47.50 from pot
*** SUMMARY ***
Total pot $48 | Rake $0.50
Board [5h Ac 6h 9h 3s]
Seat 4: amarillo778 (button) (small blind) showed [7h Th] and won ($47.50) with a flush, Ten high
Seat 5: samurai.ru (big blind) mucked


PokerStars Hand #176656158055:  Hold'em Limit ($3/$6 USD) - 2017/10/08 13:05:14 ET
Table 'Goffin II' 6-max Seat #4 is the button
Seat 4: amarillo778 ($431.30 in chips)
Seat 5: samurai.ru ($274.13 in chips)
amarillo778: posts small blind $1
samurai.ru: posts big blind $3
*** HOLE CARDS ***
amarillo778: raises $3 to $6
samurai.ru: folds
Uncalled bet ($3) returned to amarillo778
amarillo778 collected $6 from pot
*** SUMMARY ***
Total pot $6 | Rake $0
Seat 4: amarillo778 (button) (small blind) collected ($6)
Seat 5: samurai.ru (big blind) folded before Flop


PokerStars Hand #176656164682:  Hold'em Limit ($3/$6 USD) - 2017/10/08 13:05:21 ET
Table 'Goffin II' 6-max Seat #5 is the button
Seat 4: amarillo778 ($434.30 in chips)
Seat 5: samurai.ru ($271.13 in chips)
samurai.ru: posts small blind $1
amarillo778: posts big blind $3
*** HOLE CARDS ***
samurai.ru: raises $3 to $6
amarillo778: raises $3 to $9
samurai.ru: calls $3
*** FLOP *** [Kh 4c Kc]
amarillo778: checks
samurai.ru: checks
*** TURN *** [Kh 4c Kc] [Js]
amarillo778: bets $6
samurai.ru: folds
Uncalled bet ($6) returned to amarillo778
amarillo778 collected $17.64 from pot
*** SUMMARY ***
Total pot $18 | Rake $0.36
Board [Kh 4c Kc Js]
Seat 4: amarillo778 (big blind) collected ($17.64)
Seat 5: samurai.ru (button) (small blind) folded on the Turn


PokerStars Hand #176656120146:  Hold'em Limit ($3/$6 USD) - 2017/10/08 13:04:32 ET
Table 'Goffin II' 6-max Seat #5 is the button
Seat 4: amarillo778 ($419.80 in chips)
Seat 5: samurai.ru ($286.49 in chips)
samurai.ru: posts small blind $1
amarillo778: posts big blind $3
*** HOLE CARDS ***
samurai.ru: raises $3 to $6
amarillo778: calls $3
*** FLOP *** [9h 4s 5d]
amarillo778: checks
samurai.ru: bets $3
amarillo778: calls $3
*** TURN *** [9h 4s 5d] [4d]
amarillo778: checks
samurai.ru: bets $6
amarillo778: folds
Uncalled bet ($6) returned to samurai.ru
samurai.ru collected $17.64 from pot
samurai.ru: doesn't show hand
*** SUMMARY ***
Total pot $18 | Rake $0.36
Board [9h 4s 5d 4d]
Seat 4: amarillo778 (big blind) folded on the Turn
Seat 5: samurai.ru (button) (small blind) collected ($17.64)


