PokerStars Hand #171634934758:  Hold'em Limit ($3/$6 USD) - 2017/06/11 10:25:29 ET
Table 'Goffin' 6-max Seat #3 is the button
Seat 3: Kosova1968 ($100 in chips)
Seat 4: TbIP-TbIP 88 ($86.52 in chips)
Kosova1968: posts small blind $1
TbIP-TbIP 88: posts big blind $3
*** HOLE CARDS ***
Kosova1968: raises $3 to $6
Velbor107 joins the table at seat #5
TbIP-TbIP 88: calls $3
*** FLOP *** [3h 2c Qs]
TbIP-TbIP 88: checks
Kosova1968: checks
*** TURN *** [3h 2c Qs] [Th]
TbIP-TbIP 88: bets $6
Kosova1968: calls $6
*** RIVER *** [3h 2c Qs Th] [3d]
TbIP-TbIP 88: bets $6
Kosova1968: calls $6
*** SHOW DOWN ***
TbIP-TbIP 88: shows [6c Tc] (two pair, Tens and Threes)
Kosova1968: mucks hand
TbIP-TbIP 88 collected $35.50 from pot
Chrisgalo33 joins the table at seat #6
*** SUMMARY ***
Total pot $36 | Rake $0.50
Board [3h 2c Qs Th 3d]
Seat 3: Kosova1968 (button) (small blind) mucked
Seat 4: TbIP-TbIP 88 (big blind) showed [6c Tc] and won ($35.50) with two pair, Tens and Threes


PokerStars Hand #171635488661:  Hold'em Limit ($3/$6 USD) - 2017/06/11 10:39:36 ET
Table 'Goffin' 6-max Seat #2 is the button
Seat 1: glina2009 ($30 in chips)
Seat 2: Reyes ($131.20 in chips)
Reyes: posts small blind $1
glina2009: posts big blind $3
*** HOLE CARDS ***
Reyes: calls $2
glina2009: checks
*** FLOP *** [Kh 3h 2d]
glina2009: checks
Reyes: bets $3
glina2009: calls $3
*** TURN *** [Kh 3h 2d] [8h]
glina2009: checks
Reyes: checks
*** RIVER *** [Kh 3h 2d 8h] [Qd]
glina2009: checks
Reyes: checks
*** SHOW DOWN ***
glina2009: shows [9s Td] (high card King)
Reyes: mucks hand
glina2009 collected $11.76 from pot
*** SUMMARY ***
Total pot $12 | Rake $0.24
Board [Kh 3h 2d 8h Qd]
Seat 1: glina2009 (big blind) showed [9s Td] and won ($11.76) with high card King
Seat 2: Reyes (button) (small blind) mucked


PokerStars Hand #171636431450:  Hold'em Limit ($3/$6 USD) - 2017/06/11 11:04:35 ET
Table 'Goffin' 6-max Seat #1 is the button
Seat 1: EVBET ($293 in chips)
Seat 5: rivgold ($90 in chips)
EVBET: posts small blind $1
Reyes: is sitting out
rivgold: posts big blind $3
*** HOLE CARDS ***
Apanage joins the table at seat #6
EVBET: raises $3 to $6
rivgold: folds
Uncalled bet ($3) returned to EVBET
EVBET collected $6 from pot
EVBET: doesn't show hand
*** SUMMARY ***
Total pot $6 | Rake $0
Seat 1: EVBET (button) (small blind) collected ($6)
Seat 5: rivgold (big blind) folded before Flop


PokerStars Hand #171637147097:  Hold'em Limit ($3/$6 USD) - 2017/06/11 11:22:15 ET
Table 'Goffin' 6-max Seat #6 is the button
Seat 5: rivgold ($143.27 in chips)
Seat 6: Apanage ($59.51 in chips)
Apanage: posts small blind $1
parnishka11: is sitting out
rivgold: posts big blind $3
*** HOLE CARDS ***
parnishka11 leaves the table
Apanage: raises $3 to $6
rivgold: calls $3
*** FLOP *** [9s 5h Qc]
rivgold: checks
Apanage: bets $3
MForce007 joins the table at seat #1
rivgold: folds
Uncalled bet ($3) returned to Apanage
Apanage collected $11.76 from pot
Apanage: doesn't show hand
*** SUMMARY ***
Total pot $12 | Rake $0.24
Board [9s 5h Qc]
Seat 5: rivgold (big blind) folded on the Flop
Seat 6: Apanage (button) (small blind) collected ($11.76)


PokerStars Hand #171637191230:  Hold'em Limit ($3/$6 USD) - 2017/06/11 11:23:21 ET
Table 'Goffin' 6-max Seat #1 is the button
Seat 1: MForce007 ($38 in chips)
Seat 3: **Geka**555 ($40.62 in chips)
MForce007: posts small blind $1
**Geka**555: posts big blind $3
*** HOLE CARDS ***
MForce007: calls $2
**Geka**555: checks
*** FLOP *** [Jc 8s 8d]
**Geka**555: checks
MForce007: bets $3
**Geka**555: raises $3 to $6
MForce007: folds
Uncalled bet ($3) returned to **Geka**555
**Geka**555 collected $11.76 from pot
**Geka**555: doesn't show hand
*** SUMMARY ***
Total pot $12 | Rake $0.24
Board [Jc 8s 8d]
Seat 1: MForce007 (button) (small blind) folded on the Flop
Seat 3: **Geka**555 (big blind) collected ($11.76)


PokerStars Hand #171637163846:  Hold'em Limit ($3/$6 USD) - 2017/06/11 11:22:40 ET
Table 'Goffin' 6-max Seat #5 is the button
Seat 1: MForce007 ($50 in chips)
Seat 5: rivgold ($137.27 in chips)
rivgold: posts small blind $1
MForce007: posts big blind $3
*** HOLE CARDS ***
rivgold: raises $3 to $6
MForce007: calls $3
*** FLOP *** [5d 8c 8h]
MForce007: checks
rivgold: checks
*** TURN *** [5d 8c 8h] [2s]
MForce007: bets $6
rivgold: raises $6 to $12
dobber888 leaves the table
MForce007: folds
Uncalled bet ($6) returned to rivgold
rivgold collected $23.52 from pot
*** SUMMARY ***
Total pot $24 | Rake $0.48
Board [5d 8c 8h 2s]
Seat 1: MForce007 (big blind) folded on the Turn
Seat 5: rivgold (button) (small blind) collected ($23.52)


PokerStars Hand #171637205147:  Hold'em Limit ($3/$6 USD) - 2017/06/11 11:23:42 ET
Table 'Goffin' 6-max Seat #3 is the button
Seat 1: MForce007 ($32 in chips)
Seat 3: **Geka**555 ($46.38 in chips)
**Geka**555: posts small blind $1
MForce007: posts big blind $3
*** HOLE CARDS ***
ivooo33 joins the table at seat #4
**Geka**555: calls $2
MForce007: checks
*** FLOP *** [4h 6d Kd]
MForce007: bets $3
muugiii944 joins the table at seat #6
mk882 joins the table at seat #2
**Geka**555: folds
Uncalled bet ($3) returned to MForce007
MForce007 collected $5.88 from pot
MForce007: doesn't show hand
*** SUMMARY ***
Total pot $6 | Rake $0.12
Board [4h 6d Kd]
Seat 1: MForce007 (big blind) collected ($5.88)
Seat 3: **Geka**555 (button) (small blind) folded on the Flop


PokerStars Hand #171638602173:  Hold'em Limit ($3/$6 USD) - 2017/06/11 11:58:46 ET
Table 'Goffin' 6-max Seat #2 is the button
Seat 1: ulrich80 ($31.40 in chips)
Seat 2: EVBET ($342.06 in chips)
EVBET: posts small blind $1
ulrich80: posts big blind $3
*** HOLE CARDS ***
EVBET: raises $3 to $6
ulrich80: calls $3
*** FLOP *** [9s 6c Js]
ulrich80: checks
EVBET: bets $3
ulrich80: calls $3
*** TURN *** [9s 6c Js] [3s]
ulrich80: checks
EVBET: bets $6
ulrich80: calls $6
*** RIVER *** [9s 6c Js 3s] [Qs]
ulrich80: checks
EVBET: bets $6
ulrich80: calls $6
*** SHOW DOWN ***
EVBET: shows [7s 9d] (a flush, Queen high)
ulrich80: shows [Qd 8s] (a flush, Queen high - Eight higher)
ulrich80 collected $41.50 from pot
*** SUMMARY ***
Total pot $42 | Rake $0.50
Board [9s 6c Js 3s Qs]
Seat 1: ulrich80 (big blind) showed [Qd 8s] and won ($41.50) with a flush, Queen high
Seat 2: EVBET (button) (small blind) showed [7s 9d] and lost with a flush, Queen high


PokerStars Hand #171638617734:  Hold'em Limit ($3/$6 USD) - 2017/06/11 11:59:15 ET
Table 'Goffin' 6-max Seat #1 is the button
Seat 1: ulrich80 ($51.90 in chips)
Seat 2: EVBET ($321.06 in chips)
ulrich80: posts small blind $1
EVBET: posts big blind $3
*** HOLE CARDS ***
ulrich80: folds
Uncalled bet ($2) returned to EVBET
EVBET collected $2 from pot
EVBET: doesn't show hand
*** SUMMARY ***
Total pot $2 | Rake $0
Seat 1: ulrich80 (button) (small blind) folded before Flop
Seat 2: EVBET (big blind) collected ($2)


PokerStars Hand #171638620414:  Hold'em Limit ($3/$6 USD) - 2017/06/11 11:59:20 ET
Table 'Goffin' 6-max Seat #2 is the button
Seat 1: ulrich80 ($50.90 in chips)
Seat 2: EVBET ($322.06 in chips)
EVBET: posts small blind $1
TbIP-TbIP 88 was removed from the table for failing to post
ulrich80: posts big blind $3
*** HOLE CARDS ***
EVBET: raises $3 to $6
ulrich80: calls $3
*** FLOP *** [8d Jh 7h]
ulrich80: checks
EVBET: bets $3
ulrich80: calls $3
*** TURN *** [8d Jh 7h] [2c]
ulrich80: checks
EVBET: bets $6
ulrich80: folds
Uncalled bet ($6) returned to EVBET
EVBET collected $17.64 from pot
EVBET: doesn't show hand
*** SUMMARY ***
Total pot $18 | Rake $0.36
Board [8d Jh 7h 2c]
Seat 1: ulrich80 (big blind) folded on the Turn
Seat 2: EVBET (button) (small blind) collected ($17.64)


