PokerStars Hand #151725227518:  Hold'em Limit ($3/$6 USD) - 2016/04/10 14:40:36 ET
Table 'Goffin' 6-max Seat #6 is the button
Seat 1: Velbor107 ($296.76 in chips)
Seat 6: Brama Br ($123.19 in chips)
Brama Br: posts small blind $1
Velbor107: posts big blind $3
*** HOLE CARDS ***
Brama Br: raises $3 to $6
Velbor107: calls $3
*** FLOP *** [3c 2d 6h]
Velbor107: checks
Brama Br: bets $3
Velbor107: raises $3 to $6
Brama Br: calls $3
*** TURN *** [3c 2d 6h] [6c]
Velbor107: bets $6
Brama Br: calls $6
*** RIVER *** [3c 2d 6h 6c] [Kd]
Velbor107: bets $6
Brama Br: calls $6
*** SHOW DOWN ***
Velbor107: shows [4h 5d] (a straight, Deuce to Six)
Brama Br: mucks hand
Velbor107 collected $47.50 from pot
*** SUMMARY ***
Total pot $48 | Rake $0.50
Board [3c 2d 6h 6c Kd]
Seat 1: Velbor107 (big blind) showed [4h 5d] and won ($47.50) with a straight, Deuce to Six
Seat 6: Brama Br (button) (small blind) mucked


PokerStars Hand #151725208926:  Hold'em Limit ($3/$6 USD) - 2016/04/10 14:40:19 ET
Table 'Goffin' 6-max Seat #1 is the button
Seat 1: Velbor107 ($291 in chips)
Seat 6: Brama Br ($129.19 in chips)
Velbor107: posts small blind $1
Brama Br: posts big blind $3
*** HOLE CARDS ***
Velbor107: raises $3 to $6
Brama Br: calls $3
*** FLOP *** [Th 2s Kd]
Brama Br: checks
Velbor107: bets $3
Brama Br: folds
Uncalled bet ($3) returned to Velbor107
Velbor107 collected $11.76 from pot
*** SUMMARY ***
Total pot $12 | Rake $0.24
Board [Th 2s Kd]
Seat 1: Velbor107 (button) (small blind) collected ($11.76)
Seat 6: Brama Br (big blind) folded on the Flop


PokerStars Hand #151725303342:  Hold'em Limit ($3/$6 USD) - 2016/04/10 14:41:48 ET
Table 'Goffin' 6-max Seat #6 is the button
Seat 1: Velbor107 ($346.76 in chips)
Seat 6: Brama Br ($72.19 in chips)
Brama Br: posts small blind $1
Velbor107: posts big blind $3
*** HOLE CARDS ***
Brama Br: raises $3 to $6
Velbor107: calls $3
*** FLOP *** [7s 4c Ks]
Velbor107: checks
Brama Br: bets $3
Velbor107: calls $3
*** TURN *** [7s 4c Ks] [2d]
Velbor107: checks
Brama Br: bets $6
Velbor107: calls $6
*** RIVER *** [7s 4c Ks 2d] [Ts]
Velbor107: checks
Brama Br: checks
*** SHOW DOWN ***
Velbor107: shows [8d Qs] (high card King)
Brama Br: shows [Kd 9s] (a pair of Kings)
Brama Br collected $29.50 from pot
*** SUMMARY ***
Total pot $30 | Rake $0.50
Board [7s 4c Ks 2d Ts]
Seat 1: Velbor107 (big blind) showed [8d Qs] and lost with high card King
Seat 6: Brama Br (button) (small blind) showed [Kd 9s] and won ($29.50) with a pair of Kings


PokerStars Hand #151725257023:  Hold'em Limit ($3/$6 USD) - 2016/04/10 14:41:04 ET
Table 'Goffin' 6-max Seat #1 is the button
Seat 1: Velbor107 ($320.26 in chips)
Seat 6: Brama Br ($99.19 in chips)
Velbor107: posts small blind $1
Brama Br: posts big blind $3
*** HOLE CARDS ***
Velbor107: raises $3 to $6
Brama Br: calls $3
*** FLOP *** [9h Js 7d]
Brama Br: checks
Velbor107: bets $3
Brama Br: calls $3
*** TURN *** [9h Js 7d] [5d]
Brama Br: checks
Velbor107: bets $6
Brama Br: calls $6
*** RIVER *** [9h Js 7d 5d] [6d]
Brama Br: checks
Velbor107: bets $6
Brama Br: raises $6 to $12
Velbor107: calls $6
*** SHOW DOWN ***
Brama Br: shows [7s 4c] (a pair of Sevens)
Velbor107: shows [Ac 9s] (a pair of Nines)
Velbor107 collected $53.50 from pot
*** SUMMARY ***
Total pot $54 | Rake $0.50
Board [9h Js 7d 5d 6d]
Seat 1: Velbor107 (button) (small blind) showed [Ac 9s] and won ($53.50) with a pair of Nines
Seat 6: Brama Br (big blind) showed [7s 4c] and lost with a pair of Sevens


PokerStars Hand #151725370472:  Hold'em Limit ($3/$6 USD) - 2016/04/10 14:42:51 ET
Table 'Goffin' 6-max Seat #6 is the button
Seat 1: Velbor107 ($355.26 in chips)
Seat 6: Brama Br ($62.69 in chips)
Brama Br: posts small blind $1
Velbor107: posts big blind $3
*** HOLE CARDS ***
Brama Br: raises $3 to $6
Velbor107: calls $3
*** FLOP *** [5h Kc Ah]
Velbor107: checks
Brama Br: bets $3
Velbor107: folds
Uncalled bet ($3) returned to Brama Br
Brama Br collected $11.76 from pot
Brama Br: doesn't show hand
*** SUMMARY ***
Total pot $12 | Rake $0.24
Board [5h Kc Ah]
Seat 1: Velbor107 (big blind) folded on the Flop
Seat 6: Brama Br (button) (small blind) collected ($11.76)


PokerStars Hand #151725330806:  Hold'em Limit ($3/$6 USD) - 2016/04/10 14:42:14 ET
Table 'Goffin' 6-max Seat #1 is the button
Seat 1: Velbor107 ($331.76 in chips)
Seat 6: Brama Br ($86.69 in chips)
Velbor107: posts small blind $1
Brama Br: posts big blind $3
*** HOLE CARDS ***
Velbor107: raises $3 to $6
Brama Br: raises $3 to $9
Velbor107: calls $3
*** FLOP *** [6s Ac 3d]
Brama Br: bets $3
Velbor107: calls $3
*** TURN *** [6s Ac 3d] [6h]
Brama Br: checks
Velbor107: bets $6
Brama Br: calls $6
*** RIVER *** [6s Ac 3d 6h] [5s]
Brama Br: checks
Velbor107: bets $6
Brama Br: calls $6
*** SHOW DOWN ***
Velbor107: shows [Kd Kc] (two pair, Kings and Sixes)
Brama Br: mucks hand
Velbor107 collected $47.50 from pot
*** SUMMARY ***
Total pot $48 | Rake $0.50
Board [6s Ac 3d 6h 5s]
Seat 1: Velbor107 (button) (small blind) showed [Kd Kc] and won ($47.50) with two pair, Kings and Sixes
Seat 6: Brama Br (big blind) mucked


PokerStars Hand #151725436250:  Hold'em Limit ($3/$6 USD) - 2016/04/10 14:43:53 ET
Table 'Goffin' 6-max Seat #6 is the button
Seat 1: Velbor107 ($355.02 in chips)
Seat 6: Brama Br ($162.45 in chips)
Brama Br: posts small blind $1
Velbor107: posts big blind $3
*** HOLE CARDS ***
Brama Br: folds
Uncalled bet ($2) returned to Velbor107
Velbor107 collected $2 from pot
*** SUMMARY ***
Total pot $2 | Rake $0
Seat 1: Velbor107 (big blind) collected ($2)
Seat 6: Brama Br (button) (small blind) folded before Flop


PokerStars Hand #151725419190:  Hold'em Limit ($3/$6 USD) - 2016/04/10 14:43:37 ET
Table 'Goffin' 6-max Seat #1 is the button
Seat 1: Velbor107 ($349.26 in chips)
Seat 6: Brama Br ($168.45 in chips)
Velbor107: posts small blind $1
Brama Br: posts big blind $3
*** HOLE CARDS ***
Velbor107: raises $3 to $6
Brama Br: calls $3
*** FLOP *** [9s Kc 4h]
Kajind joins the table at seat #2
Brama Br: checks
Velbor107: bets $3
Brama Br: folds
Uncalled bet ($3) returned to Velbor107
Velbor107 collected $11.76 from pot
*** SUMMARY ***
Total pot $12 | Rake $0.24
Board [9s Kc 4h]
Seat 1: Velbor107 (button) (small blind) collected ($11.76)
Seat 6: Brama Br (big blind) folded on the Flop


PokerStars Hand #151725410351:  Hold'em Limit ($3/$6 USD) - 2016/04/10 14:43:29 ET
Table 'Goffin' 6-max Seat #6 is the button
Seat 1: Velbor107 ($352.26 in chips)
Seat 6: Brama Br ($165.45 in chips)
Brama Br: posts small blind $1
Velbor107: posts big blind $3
*** HOLE CARDS ***
Brama Br: raises $3 to $6
Velbor107: folds
Uncalled bet ($3) returned to Brama Br
Brama Br collected $6 from pot
Brama Br: doesn't show hand
*** SUMMARY ***
Total pot $6 | Rake $0
Seat 1: Velbor107 (big blind) folded before Flop
Seat 6: Brama Br (button) (small blind) collected ($6)


PokerStars Hand #151725388683:  Hold'em Limit ($3/$6 USD) - 2016/04/10 14:43:08 ET
Table 'Goffin' 6-max Seat #1 is the button
Seat 1: Velbor107 ($349.26 in chips)
Seat 6: Brama Br ($68.45 in chips)
Velbor107: posts small blind $1
Brama Br: posts big blind $3
*** HOLE CARDS ***
Velbor107: raises $3 to $6
Brama Br: folds
Uncalled bet ($3) returned to Velbor107
Velbor107 collected $6 from pot
*** SUMMARY ***
Total pot $6 | Rake $0
Seat 1: Velbor107 (button) (small blind) collected ($6)
Seat 6: Brama Br (big blind) folded before Flop


PokerStars Hand #151726270246:  Hold'em Limit ($3/$6 USD) - 2016/04/10 14:57:34 ET
Table 'Goffin' 6-max Seat #5 is the button
Seat 3: lukeella ($183 in chips)
Seat 5: liolilove ($72 in chips)
liolilove: posts small blind $1
Velbor107: is sitting out
Zubasa07: is sitting out
lukeella: posts big blind $3
*** HOLE CARDS ***
Zubasa07 leaves the table
Velbor107 leaves the table
liolilove: raises $3 to $6
lukeella: folds
Uncalled bet ($3) returned to liolilove
liolilove collected $6 from pot
liolilove: doesn't show hand
Zubasa07 joins the table at seat #4
*** SUMMARY ***
Total pot $6 | Rake $0
Seat 3: lukeella (big blind) folded before Flop
Seat 5: liolilove (button) (small blind) collected ($6)


PokerStars Hand #151726285656:  Hold'em Limit ($3/$6 USD) - 2016/04/10 14:57:55 ET
Table 'Goffin' 6-max Seat #4 is the button
Seat 3: lukeella ($179 in chips)
Seat 4: Zubasa07 ($501 in chips)
Zubasa07: posts small blind $1
liolilove: is sitting out
lukeella: posts big blind $3
*** HOLE CARDS ***
Zubasa07: raises $3 to $6
lukeella: calls $3
*** FLOP *** [7h 9d Tc]
lukeella: checks
Zubasa07: bets $3
lukeella: calls $3
*** TURN *** [7h 9d Tc] [7d]
lukeella: checks
Zubasa07: checks
*** RIVER *** [7h 9d Tc 7d] [8c]
lukeella: bets $6
Zubasa07: raises $6 to $12
lukeella: raises $6 to $18
Zubasa07: calls $6
*** SHOW DOWN ***
lukeella: shows [6s Jd] (a straight, Seven to Jack)
Zubasa07: shows [Jc 3d] (a straight, Seven to Jack)
lukeella collected $26.75 from pot
Zubasa07 collected $26.75 from pot
*** SUMMARY ***
Total pot $54 | Rake $0.50
Board [7h 9d Tc 7d 8c]
Seat 3: lukeella (big blind) showed [6s Jd] and won ($26.75) with a straight, Seven to Jack
Seat 4: Zubasa07 (button) (small blind) showed [Jc 3d] and won ($26.75) with a straight, Seven to Jack


PokerStars Hand #151726310994:  Hold'em Limit ($3/$6 USD) - 2016/04/10 14:58:29 ET
Table 'Goffin' 6-max Seat #3 is the button
Seat 3: lukeella ($178.75 in chips)
Seat 4: Zubasa07 ($500.75 in chips)
lukeella: posts small blind $1
Zubasa07: posts big blind $3
*** HOLE CARDS ***
lukeella: raises $3 to $6
Zubasa07: calls $3
*** FLOP *** [2d 6h 3d]
Zubasa07: checks
lukeella: checks
*** TURN *** [2d 6h 3d] [Ah]
Zubasa07: bets $6
lukeella: raises $6 to $12
Zubasa07: raises $6 to $18
lukeella: folds
Uncalled bet ($6) returned to Zubasa07
Zubasa07 collected $35.50 from pot
Zubasa07: doesn't show hand
*** SUMMARY ***
Total pot $36 | Rake $0.50
Board [2d 6h 3d Ah]
Seat 3: lukeella (button) (small blind) folded on the Turn
Seat 4: Zubasa07 (big blind) collected ($35.50)


PokerStars Hand #151726331813:  Hold'em Limit ($3/$6 USD) - 2016/04/10 14:58:58 ET
Table 'Goffin' 6-max Seat #4 is the button
Seat 3: lukeella ($160.75 in chips)
Seat 4: Zubasa07 ($518.25 in chips)
Zubasa07: posts small blind $1
lukeella: posts big blind $3
*** HOLE CARDS ***
Zubasa07: raises $3 to $6
lukeella: raises $3 to $9
Zubasa07: calls $3
*** FLOP *** [2c 3s 6d]
lukeella: bets $3
Zubasa07: calls $3
*** TURN *** [2c 3s 6d] [4d]
lukeella: checks
Zubasa07: checks
*** RIVER *** [2c 3s 6d 4d] [Qc]
lukeella: checks
Zubasa07: bets $6
lukeella: calls $6
*** SHOW DOWN ***
Zubasa07: shows [7h 9d] (high card Queen)
lukeella: shows [Tc Kd] (high card King)
lukeella collected $35.50 from pot
*** SUMMARY ***
Total pot $36 | Rake $0.50
Board [2c 3s 6d 4d Qc]
Seat 3: lukeella (big blind) showed [Tc Kd] and won ($35.50) with high card King
Seat 4: Zubasa07 (button) (small blind) showed [7h 9d] and lost with high card Queen


PokerStars Hand #151726364519:  Hold'em Limit ($3/$6 USD) - 2016/04/10 14:59:42 ET
Table 'Goffin' 6-max Seat #3 is the button
Seat 3: lukeella ($178.25 in chips)
Seat 4: Zubasa07 ($500.25 in chips)
lukeella: posts small blind $1
Zubasa07: posts big blind $3
*** HOLE CARDS ***
lukeella: raises $3 to $6
Zubasa07: calls $3
*** FLOP *** [3s 8d 9c]
Zubasa07: checks
lukeella: checks
*** TURN *** [3s 8d 9c] [5d]
Zubasa07: bets $6
lukeella: calls $6
*** RIVER *** [3s 8d 9c 5d] [5s]
Zubasa07: bets $6
belik555 joins the table at seat #6
lukeella: calls $6
*** SHOW DOWN ***
Zubasa07: shows [Qh 8s] (two pair, Eights and Fives)
lukeella: mucks hand
Zubasa07 collected $35.50 from pot
*** SUMMARY ***
Total pot $36 | Rake $0.50
Board [3s 8d 9c 5d 5s]
Seat 3: lukeella (button) (small blind) mucked
Seat 4: Zubasa07 (big blind) showed [Qh 8s] and won ($35.50) with two pair, Eights and Fives


PokerStars Hand #151734213516:  Hold'em Limit ($3/$6 USD) - 2016/04/10 17:05:15 ET
Table 'Goffin' 6-max Seat #5 is the button
Seat 3: lukeella ($446.69 in chips)
Seat 5: GRAILKO ($949.41 in chips)
GRAILKO: posts small blind $1
krytalex: is sitting out
lukeella: posts big blind $3
*** HOLE CARDS ***
GRAILKO: raises $3 to $6
lukeella: calls $3
*** FLOP *** [7s Kc 4h]
krytalex leaves the table
BikDonki leaves the table
lukeella: checks
GRAILKO: bets $3
lukeella: folds
Uncalled bet ($3) returned to GRAILKO
GRAILKO collected $11.76 from pot
GRAILKO: doesn't show hand
*** SUMMARY ***
Total pot $12 | Rake $0.24
Board [7s Kc 4h]
Seat 3: lukeella (big blind) folded on the Flop
Seat 5: GRAILKO (button) (small blind) collected ($11.76)


PokerStars Hand #151734599500:  Hold'em Limit ($3/$6 USD) - 2016/04/10 17:11:40 ET
Table 'Goffin' 6-max Seat #3 is the button
Seat 3: Szimaszko ($63.75 in chips)
Seat 5: GRAILKO ($955.17 in chips)
Szimaszko: posts small blind $1
GRAILKO: posts big blind $3
*** HOLE CARDS ***
Szimaszko: calls $2
GRAILKO: raises $3 to $6
Szimaszko: calls $3
*** FLOP *** [8h 4c Ts]
GRAILKO: bets $3
Szimaszko is connected
Szimaszko: folds
Uncalled bet ($3) returned to GRAILKO
GRAILKO collected $11.76 from pot
GRAILKO: doesn't show hand
*** SUMMARY ***
Total pot $12 | Rake $0.24
Board [8h 4c Ts]
Seat 3: Szimaszko (button) (small blind) folded on the Flop
Seat 5: GRAILKO (big blind) collected ($11.76)


PokerStars Hand #151734631562:  Hold'em Limit ($3/$6 USD) - 2016/04/10 17:12:13 ET
Table 'Goffin' 6-max Seat #5 is the button
Seat 3: Szimaszko ($57.75 in chips)
Seat 5: GRAILKO ($960.93 in chips)
GRAILKO: posts small blind $1
Szimaszko: posts big blind $3
*** HOLE CARDS ***
GRAILKO: raises $3 to $6
Szimaszko: calls $3
*** FLOP *** [Jc Ts Jd]
Szimaszko: checks
Zubasa07 joins the table at seat #4
GRAILKO: bets $3
Szimaszko: calls $3
*** TURN *** [Jc Ts Jd] [4d]
Szimaszko: checks
GRAILKO: checks
*** RIVER *** [Jc Ts Jd 4d] [3s]
Szimaszko: checks
GRAILKO: checks
*** SHOW DOWN ***
Szimaszko: shows [Td Js] (a full house, Jacks full of Tens)
GRAILKO: mucks hand
Szimaszko collected $17.64 from pot
*** SUMMARY ***
Total pot $18 | Rake $0.36
Board [Jc Ts Jd 4d 3s]
Seat 3: Szimaszko (big blind) showed [Td Js] and won ($17.64) with a full house, Jacks full of Tens
Seat 5: GRAILKO (button) (small blind) mucked


