PokerStars Hand #151527089804:  Hold'em Limit ($3/$6 USD) - 2016/04/06 14:26:12 ET
Table 'Golia' 6-max Seat #1 is the button
Seat 1: Zubasa07 ($500 in chips)
Seat 3: Grod-Toddan ($120 in chips)
Zubasa07: posts small blind $1
Grod-Toddan: posts big blind $3
*** HOLE CARDS ***
Zubasa07: raises $3 to $6
Grod-Toddan: folds
Uncalled bet ($3) returned to Zubasa07
Zubasa07 collected $6 from pot
Zubasa07: doesn't show hand
*** SUMMARY ***
Total pot $6 | Rake $0
Seat 1: Zubasa07 (button) (small blind) collected ($6)
Seat 3: Grod-Toddan (big blind) folded before Flop


PokerStars Hand #151527113162:  Hold'em Limit ($3/$6 USD) - 2016/04/06 14:26:38 ET
Table 'Golia' 6-max Seat #3 is the button
Seat 1: Zubasa07 ($503 in chips)
Seat 3: Grod-Toddan ($117 in chips)
Grod-Toddan: posts small blind $1
Zubasa07: posts big blind $3
*** HOLE CARDS ***
Grod-Toddan: raises $3 to $6
Zubasa07: calls $3
*** FLOP *** [Tc Td Th]
Zubasa07: checks
Grod-Toddan: bets $3
Zubasa07: calls $3
*** TURN *** [Tc Td Th] [7c]
Zubasa07: checks
Grod-Toddan: bets $6
Zubasa07: calls $6
*** RIVER *** [Tc Td Th 7c] [3d]
Zubasa07: checks
Grod-Toddan: checks
*** SHOW DOWN ***
Zubasa07: shows [2s Ac] (three of a kind, Tens)
Grod-Toddan: mucks hand
Zubasa07 collected $29.50 from pot
*** SUMMARY ***
Total pot $30 | Rake $0.50
Board [Tc Td Th 7c 3d]
Seat 1: Zubasa07 (big blind) showed [2s Ac] and won ($29.50) with three of a kind, Tens
Seat 3: Grod-Toddan (button) (small blind) mucked


PokerStars Hand #151527181521:  Hold'em Limit ($3/$6 USD) - 2016/04/06 14:27:54 ET
Table 'Golia' 6-max Seat #3 is the button
Seat 1: Zubasa07 ($520.50 in chips)
Seat 3: Grod-Toddan ($99 in chips)
Grod-Toddan: posts small blind $1
Zubasa07: posts big blind $3
*** HOLE CARDS ***
Grod-Toddan: raises $3 to $6
Zubasa07: calls $3
*** FLOP *** [Tc Kd 2d]
Zubasa07: checks
Grod-Toddan: bets $3
Zubasa07: calls $3
*** TURN *** [Tc Kd 2d] [Qd]
Zubasa07: checks
Grod-Toddan: checks
*** RIVER *** [Tc Kd 2d Qd] [5c]
Zubasa07: checks
Grod-Toddan: checks
*** SHOW DOWN ***
Zubasa07: shows [Jh 8s] (high card King)
Grod-Toddan: shows [4s Ah] (high card Ace)
Grod-Toddan collected $17.64 from pot
*** SUMMARY ***
Total pot $18 | Rake $0.36
Board [Tc Kd 2d Qd 5c]
Seat 1: Zubasa07 (big blind) showed [Jh 8s] and lost with high card King
Seat 3: Grod-Toddan (button) (small blind) showed [4s Ah] and won ($17.64) with high card Ace


PokerStars Hand #151527176155:  Hold'em Limit ($3/$6 USD) - 2016/04/06 14:27:48 ET
Table 'Golia' 6-max Seat #1 is the button
Seat 1: Zubasa07 ($517.50 in chips)
Seat 3: Grod-Toddan ($102 in chips)
Zubasa07: posts small blind $1
Grod-Toddan: posts big blind $3
*** HOLE CARDS ***
Zubasa07: raises $3 to $6
Grod-Toddan: folds
Uncalled bet ($3) returned to Zubasa07
Zubasa07 collected $6 from pot
Zubasa07: doesn't show hand
*** SUMMARY ***
Total pot $6 | Rake $0
Seat 1: Zubasa07 (button) (small blind) collected ($6)
Seat 3: Grod-Toddan (big blind) folded before Flop


PokerStars Hand #151527226854:  Hold'em Limit ($3/$6 USD) - 2016/04/06 14:28:45 ET
Table 'Golia' 6-max Seat #1 is the button
Seat 1: Zubasa07 ($511.50 in chips)
Seat 3: Grod-Toddan ($107.64 in chips)
Zubasa07: posts small blind $1
Grod-Toddan: posts big blind $3
*** HOLE CARDS ***
Zubasa07: raises $3 to $6
Grod-Toddan: raises $3 to $9
Zubasa07: calls $3
*** FLOP *** [3s 3d 7s]
Grod-Toddan: bets $3
Zubasa07: calls $3
*** TURN *** [3s 3d 7s] [8s]
Grod-Toddan: bets $6
Zubasa07: calls $6
*** RIVER *** [3s 3d 7s 8s] [6d]
Grod-Toddan: checks
TbIP-TbIP 88 joins the table at seat #4
Zubasa07: bets $6
Grod-Toddan: calls $6
*** SHOW DOWN ***
Zubasa07: shows [Jh 6s] (two pair, Sixes and Threes)
Grod-Toddan: mucks hand
Zubasa07 collected $47.50 from pot
*** SUMMARY ***
Total pot $48 | Rake $0.50
Board [3s 3d 7s 8s 6d]
Seat 1: Zubasa07 (button) (small blind) showed [Jh 6s] and won ($47.50) with two pair, Sixes and Threes
Seat 3: Grod-Toddan (big blind) mucked


PokerStars Hand #151527601055:  Hold'em Limit ($3/$6 USD) - 2016/04/06 14:35:37 ET
Table 'Golia' 6-max Seat #3 is the button
Seat 3: Grod-Toddan ($120.51 in chips)
Seat 5: stasschi ($116 in chips)
Grod-Toddan: posts small blind $1
stasschi: posts big blind $3
*** HOLE CARDS ***
Grod-Toddan: folds
Uncalled bet ($2) returned to stasschi
stasschi collected $2 from pot
borokay joins the table at seat #6
stasschi: doesn't show hand
*** SUMMARY ***
Total pot $2 | Rake $0
Seat 3: Grod-Toddan (button) (small blind) folded before Flop
Seat 5: stasschi (big blind) collected ($2)


PokerStars Hand #151527595034:  Hold'em Limit ($3/$6 USD) - 2016/04/06 14:35:30 ET
Table 'Golia' 6-max Seat #5 is the button
Seat 3: Grod-Toddan ($119.51 in chips)
Seat 5: stasschi ($117 in chips)
stasschi: posts small blind $1
Zubasa07: is sitting out
Grod-Toddan: posts big blind $3
*** HOLE CARDS ***
Zubasa07 leaves the table
stasschi: folds
Uncalled bet ($2) returned to Grod-Toddan
robertass84 joins the table at seat #2
Grod-Toddan collected $2 from pot
Grod-Toddan: doesn't show hand
*** SUMMARY ***
Total pot $2 | Rake $0
Seat 3: Grod-Toddan (big blind) collected ($2)
Seat 5: stasschi (button) (small blind) folded before Flop


PokerStars Hand #151527579372:  Hold'em Limit ($3/$6 USD) - 2016/04/06 14:35:13 ET
Table 'Golia' 6-max Seat #1 is the button
Seat 1: Zubasa07 ($576.44 in chips)
Seat 3: Grod-Toddan ($123.51 in chips)
Zubasa07: posts small blind $1
Grod-Toddan: posts big blind $3
*** HOLE CARDS ***
Zubasa07: raises $3 to $6
Grod-Toddan: folds
Uncalled bet ($3) returned to Zubasa07
Zubasa07 collected $6 from pot
Zubasa07: doesn't show hand
*** SUMMARY ***
Total pot $6 | Rake $0
Seat 1: Zubasa07 (button) (small blind) collected ($6)
Seat 3: Grod-Toddan (big blind) folded before Flop


PokerStars Hand #151527548497:  Hold'em Limit ($3/$6 USD) - 2016/04/06 14:34:39 ET
Table 'Golia' 6-max Seat #3 is the button
Seat 1: Zubasa07 ($582.44 in chips)
Seat 3: Grod-Toddan ($117.75 in chips)
Grod-Toddan: posts small blind $1
TbIP-TbIP 88: is sitting out
Zubasa07: posts big blind $3
*** HOLE CARDS ***
Grod-Toddan: raises $3 to $6
Zubasa07: calls $3
*** FLOP *** [7s 2s Jc]
stasschi joins the table at seat #5
Zubasa07: checks
Grod-Toddan: bets $3
Zubasa07: folds
Uncalled bet ($3) returned to Grod-Toddan
Grod-Toddan collected $11.76 from pot
Grod-Toddan: doesn't show hand
*** SUMMARY ***
Total pot $12 | Rake $0.24
Board [7s 2s Jc]
Seat 1: Zubasa07 (big blind) folded on the Flop
Seat 3: Grod-Toddan (button) (small blind) collected ($11.76)


PokerStars Hand #151536330260:  Hold'em Limit ($3/$6 USD) - 2016/04/06 17:17:49 ET
Table 'Golia' 6-max Seat #1 is the button
Seat 1: vladal 888 ($374.17 in chips)
Seat 5: pompier40 ($265.59 in chips)
vladal 888: posts small blind $1
bentinck113: is sitting out
pompier40: posts big blind $3
*** HOLE CARDS ***
vladal 888: folds
Uncalled bet ($2) returned to pompier40
pompier40 collected $2 from pot
*** SUMMARY ***
Total pot $2 | Rake $0
Seat 1: vladal 888 (button) (small blind) folded before Flop
Seat 5: pompier40 (big blind) collected ($2)


PokerStars Hand #151536335819:  Hold'em Limit ($3/$6 USD) - 2016/04/06 17:17:56 ET
Table 'Golia' 6-max Seat #5 is the button
Seat 1: vladal 888 ($373.17 in chips)
Seat 5: pompier40 ($266.59 in chips)
pompier40: posts small blind $1
vladal 888: posts big blind $3
*** HOLE CARDS ***
bentinck113 leaves the table
pompier40: folds
Uncalled bet ($2) returned to vladal 888
vladal 888 collected $2 from pot
*** SUMMARY ***
Total pot $2 | Rake $0
Seat 1: vladal 888 (big blind) collected ($2)
Seat 5: pompier40 (button) (small blind) folded before Flop


PokerStars Hand #151536358928:  Hold'em Limit ($3/$6 USD) - 2016/04/06 17:18:21 ET
Table 'Golia' 6-max Seat #1 is the button
Seat 1: vladal 888 ($383.81 in chips)
Seat 5: pompier40 ($255.59 in chips)
vladal 888: posts small blind $1
pompier40: posts big blind $3
*** HOLE CARDS ***
vladal 888: folds
Uncalled bet ($2) returned to pompier40
pompier40 collected $2 from pot
*** SUMMARY ***
Total pot $2 | Rake $0
Seat 1: vladal 888 (button) (small blind) folded before Flop
Seat 5: pompier40 (big blind) collected ($2)


PokerStars Hand #151536354539:  Hold'em Limit ($3/$6 USD) - 2016/04/06 17:18:17 ET
Table 'Golia' 6-max Seat #5 is the button
Seat 1: vladal 888 ($382.81 in chips)
Seat 5: pompier40 ($256.59 in chips)
pompier40: posts small blind $1
vladal 888: posts big blind $3
*** HOLE CARDS ***
pompier40: folds
Uncalled bet ($2) returned to vladal 888
vladal 888 collected $2 from pot
*** SUMMARY ***
Total pot $2 | Rake $0
Seat 1: vladal 888 (big blind) collected ($2)
Seat 5: pompier40 (button) (small blind) folded before Flop


PokerStars Hand #151536365148:  Hold'em Limit ($3/$6 USD) - 2016/04/06 17:18:29 ET
Table 'Golia' 6-max Seat #5 is the button
Seat 1: vladal 888 ($382.81 in chips)
Seat 5: pompier40 ($256.59 in chips)
pompier40: posts small blind $1
vladal 888: posts big blind $3
*** HOLE CARDS ***
pompier40: raises $3 to $6
vladal 888: raises $3 to $9
pompier40: calls $3
*** FLOP *** [6h Qh 6s]
vladal 888: bets $3
pompier40: calls $3
*** TURN *** [6h Qh 6s] [4h]
vladal 888: bets $6
pompier40: raises $6 to $12
vladal 888: calls $6
*** RIVER *** [6h Qh 6s 4h] [3h]
vladal 888: bets $6
pompier40: folds
Uncalled bet ($6) returned to vladal 888
vladal 888 collected $47.50 from pot
*** SUMMARY ***
Total pot $48 | Rake $0.50
Board [6h Qh 6s 4h 3h]
Seat 1: vladal 888 (big blind) collected ($47.50)
Seat 5: pompier40 (button) (small blind) folded on the River


PokerStars Hand #151536389297:  Hold'em Limit ($3/$6 USD) - 2016/04/06 17:18:55 ET
Table 'Golia' 6-max Seat #1 is the button
Seat 1: vladal 888 ($406.31 in chips)
Seat 5: pompier40 ($232.59 in chips)
vladal 888: posts small blind $1
pompier40: posts big blind $3
*** HOLE CARDS ***
vladal 888: folds
Uncalled bet ($2) returned to pompier40
pompier40 collected $2 from pot
*** SUMMARY ***
Total pot $2 | Rake $0
Seat 1: vladal 888 (button) (small blind) folded before Flop
Seat 5: pompier40 (big blind) collected ($2)


PokerStars Hand #151536340844:  Hold'em Limit ($3/$6 USD) - 2016/04/06 17:18:01 ET
Table 'Golia' 6-max Seat #1 is the button
Seat 1: vladal 888 ($374.17 in chips)
Seat 5: pompier40 ($265.59 in chips)
vladal 888: posts small blind $1
pompier40: posts big blind $3
*** HOLE CARDS ***
vladal 888: raises $3 to $6
pompier40: calls $3
*** FLOP *** [3d 2c 6s]
pompier40: checks
vladal 888: bets $3
pompier40: calls $3
*** TURN *** [3d 2c 6s] [Js]
pompier40: checks
vladal 888: bets $6
pompier40: folds
Uncalled bet ($6) returned to vladal 888
vladal 888 collected $17.64 from pot
*** SUMMARY ***
Total pot $18 | Rake $0.36
Board [3d 2c 6s Js]
Seat 1: vladal 888 (button) (small blind) collected ($17.64)
Seat 5: pompier40 (big blind) folded on the Turn


PokerStars Hand #151536396587:  Hold'em Limit ($3/$6 USD) - 2016/04/06 17:19:03 ET
Table 'Golia' 6-max Seat #5 is the button
Seat 1: vladal 888 ($405.31 in chips)
Seat 5: pompier40 ($233.59 in chips)
pompier40: posts small blind $1
vladal 888: posts big blind $3
*** HOLE CARDS ***
pompier40: raises $3 to $6
vladal 888: folds
Uncalled bet ($3) returned to pompier40
pompier40 collected $6 from pot
*** SUMMARY ***
Total pot $6 | Rake $0
Seat 1: vladal 888 (big blind) folded before Flop
Seat 5: pompier40 (button) (small blind) collected ($6)


