PokerStars Hand #147668588162:  Hold'em Limit ($3/$6 USD) - 2016/01/25 15:01:46 ET
Table 'Golson' 2-max Seat #1 is the button
Seat 1: elifnur2008 ($140.50 in chips)
Seat 2: toeroe123 ($11.25 in chips)
elifnur2008: posts small blind $1
toeroe123: posts big blind $3
*** HOLE CARDS ***
elifnur2008: folds
Uncalled bet ($2) returned to toeroe123
toeroe123 collected $2 from pot
toeroe123: doesn't show hand
*** SUMMARY ***
Total pot $2 | Rake $0
Seat 1: elifnur2008 (button) (small blind) folded before Flop
Seat 2: toeroe123 (big blind) collected ($2)


PokerStars Hand #147668534354:  Hold'em Limit ($3/$6 USD) - 2016/01/25 15:00:54 ET
Table 'Golson' 2-max Seat #2 is the button
Seat 1: elifnur2008 ($120 in chips)
Seat 2: toeroe123 ($32.25 in chips)
toeroe123: posts small blind $1
elifnur2008: posts big blind $3
*** HOLE CARDS ***
toeroe123: raises $3 to $6
elifnur2008: raises $3 to $9
toeroe123: calls $3
*** FLOP *** [8h Js Kd]
elifnur2008: checks
toeroe123: checks
*** TURN *** [8h Js Kd] [5c]
elifnur2008: checks
toeroe123: bets $6
elifnur2008: calls $6
*** RIVER *** [8h Js Kd 5c] [2d]
elifnur2008: checks
toeroe123: bets $6
elifnur2008: raises $6 to $12
toeroe123: folds
Uncalled bet ($6) returned to elifnur2008
elifnur2008 collected $41.50 from pot
elifnur2008: doesn't show hand
*** SUMMARY ***
Total pot $42 | Rake $0.50
Board [8h Js Kd 5c 2d]
Seat 1: elifnur2008 (big blind) collected ($41.50)
Seat 2: toeroe123 (button) (small blind) folded on the River


PokerStars Hand #147668644114:  Hold'em Limit ($3/$6 USD) - 2016/01/25 15:02:37 ET
Table 'Golson' 2-max Seat #2 is the button
Seat 1: elifnur2008 ($129.25 in chips)
Seat 2: toeroe123 ($22.05 in chips)
toeroe123: posts small blind $1
elifnur2008: posts big blind $3
*** HOLE CARDS ***
toeroe123: raises $3 to $6
elifnur2008: calls $3
*** FLOP *** [7s 4c 9c]
elifnur2008: checks
toeroe123: bets $3
elifnur2008: calls $3
*** TURN *** [7s 4c 9c] [Qs]
elifnur2008: checks
toeroe123: bets $6
elifnur2008: calls $6
*** RIVER *** [7s 4c 9c Qs] [2s]
elifnur2008: checks
toeroe123: bets $6
elifnur2008: raises $6 to $12
toeroe123: calls $1.05 and is all-in
Uncalled bet ($4.95) returned to elifnur2008
*** SHOW DOWN ***
elifnur2008: shows [Tc 9h] (a pair of Nines)
toeroe123: shows [Kd 7c] (a pair of Sevens)
elifnur2008 collected $43.60 from pot
*** SUMMARY ***
Total pot $44.10 | Rake $0.50
Board [7s 4c 9c Qs 2s]
Seat 1: elifnur2008 (big blind) showed [Tc 9h] and won ($43.60) with a pair of Nines
Seat 2: toeroe123 (button) (small blind) showed [Kd 7c] and lost with a pair of Sevens


PokerStars Hand #147668608303:  Hold'em Limit ($3/$6 USD) - 2016/01/25 15:02:04 ET
Table 'Golson' 2-max Seat #1 is the button
Seat 1: elifnur2008 ($140.50 in chips)
Seat 2: toeroe123 ($11.25 in chips)
elifnur2008: posts small blind $1
toeroe123: posts big blind $3
*** HOLE CARDS ***
elifnur2008: raises $3 to $6
toeroe123: raises $3 to $9
elifnur2008: calls $3
*** FLOP *** [Ts 4h As]
toeroe123: bets $2.25 and is all-in
elifnur2008: calls $2.25
*** TURN *** [Ts 4h As] [7d]
*** RIVER *** [Ts 4h As 7d] [2s]
*** SHOW DOWN ***
toeroe123: shows [Ad Ah] (three of a kind, Aces)
elifnur2008: shows [7h Js] (a pair of Sevens)
toeroe123 collected $22.05 from pot
*** SUMMARY ***
Total pot $22.50 | Rake $0.45
Board [Ts 4h As 7d 2s]
Seat 1: elifnur2008 (button) (small blind) showed [7h Js] and lost with a pair of Sevens
Seat 2: toeroe123 (big blind) showed [Ad Ah] and won ($22.05) with three of a kind, Aces


PokerStars Hand #147668594764:  Hold'em Limit ($3/$6 USD) - 2016/01/25 15:01:52 ET
Table 'Golson' 2-max Seat #2 is the button
Seat 1: elifnur2008 ($139.50 in chips)
Seat 2: toeroe123 ($12.25 in chips)
toeroe123: posts small blind $1
elifnur2008: posts big blind $3
*** HOLE CARDS ***
toeroe123: folds
Uncalled bet ($2) returned to elifnur2008
elifnur2008 collected $2 from pot
elifnur2008: doesn't show hand
*** SUMMARY ***
Total pot $2 | Rake $0
Seat 1: elifnur2008 (big blind) collected ($2)
Seat 2: toeroe123 (button) (small blind) folded before Flop


PokerStars Hand #147669013947:  Hold'em Limit ($3/$6 USD) - 2016/01/25 15:08:07 ET
Table 'Golson' 2-max Seat #1 is the button
Seat 1: elifnur2008 ($174.30 in chips)
Seat 2: yayaya231 ($25.14 in chips)
elifnur2008: posts small blind $1
yayaya231: posts big blind $3
*** HOLE CARDS ***
elifnur2008: raises $3 to $6
yayaya231: raises $3 to $9
elifnur2008: raises $3 to $12
Betting is capped
yayaya231: calls $3
*** FLOP *** [Qh 6d Jd]
yayaya231: bets $3
elifnur2008: calls $3
*** TURN *** [Qh 6d Jd] [3d]
yayaya231: bets $6
elifnur2008: raises $6 to $12
yayaya231: calls $4.14 and is all-in
Uncalled bet ($1.86) returned to elifnur2008
*** RIVER *** [Qh 6d Jd 3d] [6c]
*** SHOW DOWN ***
yayaya231: shows [4c 2h] (a pair of Sixes)
elifnur2008: shows [Kd Ks] (two pair, Kings and Sixes)
elifnur2008 collected $49.78 from pot
*** SUMMARY ***
Total pot $50.28 | Rake $0.50
Board [Qh 6d Jd 3d 6c]
Seat 1: elifnur2008 (button) (small blind) showed [Kd Ks] and won ($49.78) with two pair, Kings and Sixes
Seat 2: yayaya231 (big blind) showed [4c 2h] and lost with a pair of Sixes


