PokerStars Hand #162025892465:  Hold'em Limit ($3/$6 USD) - 2016/11/27 2:51:42 ET
Table 'Golson' 10-max Seat #1 is the button
Seat 1: Agrotait ($72 in chips)
Seat 2: StrayMoth72 ($54.32 in chips)
Agrotait: posts small blind $1
StrayMoth72: posts big blind $3
*** HOLE CARDS ***
Agrotait: raises $3 to $6
StrayMoth72: calls $3
*** FLOP *** [8d Qd 5h]
StrayMoth72: checks
Agrotait: bets $3
StrayMoth72: raises $3 to $6
Agrotait: calls $3
*** TURN *** [8d Qd 5h] [3d]
StrayMoth72: bets $6
Agrotait: calls $6
*** RIVER *** [8d Qd 5h 3d] [2h]
StrayMoth72: bets $6
Agrotait: calls $6
*** SHOW DOWN ***
StrayMoth72: shows [7h 5d] (a pair of Fives)
Agrotait: mucks hand
StrayMoth72 collected $47.50 from pot
*** SUMMARY ***
Total pot $48 | Rake $0.50
Board [8d Qd 5h 3d 2h]
Seat 1: Agrotait (button) (small blind) mucked
Seat 2: StrayMoth72 (big blind) showed [7h 5d] and won ($47.50) with a pair of Fives


PokerStars Hand #162025907313:  Hold'em Limit ($3/$6 USD) - 2016/11/27 2:52:29 ET
Table 'Golson' 10-max Seat #1 is the button
Seat 1: Agrotait ($73 in chips)
Seat 2: StrayMoth72 ($76.82 in chips)
Agrotait: posts small blind $1
StrayMoth72: posts big blind $3
*** HOLE CARDS ***
Agrotait: folds
Uncalled bet ($2) returned to StrayMoth72
StrayMoth72 collected $2 from pot
StrayMoth72: doesn't show hand
*** SUMMARY ***
Total pot $2 | Rake $0
Seat 1: Agrotait (button) (small blind) folded before Flop
Seat 2: StrayMoth72 (big blind) collected ($2)


PokerStars Hand #162025903228:  Hold'em Limit ($3/$6 USD) - 2016/11/27 2:52:16 ET
Table 'Golson' 10-max Seat #2 is the button
Seat 1: Agrotait ($72 in chips)
Seat 2: StrayMoth72 ($77.82 in chips)
StrayMoth72: posts small blind $1
Agrotait: posts big blind $3
*** HOLE CARDS ***
StrayMoth72: folds
Uncalled bet ($2) returned to Agrotait
Agrotait collected $2 from pot
Agrotait: doesn't show hand
*** SUMMARY ***
Total pot $2 | Rake $0
Seat 1: Agrotait (big blind) collected ($2)
Seat 2: StrayMoth72 (button) (small blind) folded before Flop


PokerStars Hand #162025909058:  Hold'em Limit ($3/$6 USD) - 2016/11/27 2:52:35 ET
Table 'Golson' 10-max Seat #2 is the button
Seat 1: Agrotait ($72 in chips)
Seat 2: StrayMoth72 ($77.82 in chips)
StrayMoth72: posts small blind $1
Agrotait: posts big blind $3
*** HOLE CARDS ***
StrayMoth72: folds
Uncalled bet ($2) returned to Agrotait
Agrotait collected $2 from pot
Agrotait: doesn't show hand
*** SUMMARY ***
Total pot $2 | Rake $0
Seat 1: Agrotait (big blind) collected ($2)
Seat 2: StrayMoth72 (button) (small blind) folded before Flop


PokerStars Hand #162025911282:  Hold'em Limit ($3/$6 USD) - 2016/11/27 2:52:42 ET
Table 'Golson' 10-max Seat #1 is the button
Seat 1: Agrotait ($73 in chips)
Seat 2: StrayMoth72 ($76.82 in chips)
Agrotait: posts small blind $1
StrayMoth72: posts big blind $3
*** HOLE CARDS ***
Agrotait: raises $3 to $6
StrayMoth72: folds
Uncalled bet ($3) returned to Agrotait
Agrotait collected $6 from pot
Agrotait: doesn't show hand
*** SUMMARY ***
Total pot $6 | Rake $0
Seat 1: Agrotait (button) (small blind) collected ($6)
Seat 2: StrayMoth72 (big blind) folded before Flop


PokerStars Hand #162025914384:  Hold'em Limit ($3/$6 USD) - 2016/11/27 2:52:52 ET
Table 'Golson' 10-max Seat #2 is the button
Seat 1: Agrotait ($76 in chips)
Seat 2: StrayMoth72 ($73.82 in chips)
StrayMoth72: posts small blind $1
Agrotait: posts big blind $3
*** HOLE CARDS ***
StrayMoth72: raises $3 to $6
Agrotait: folds
Uncalled bet ($3) returned to StrayMoth72
StrayMoth72 collected $6 from pot
StrayMoth72: doesn't show hand
*** SUMMARY ***
Total pot $6 | Rake $0
Seat 1: Agrotait (big blind) folded before Flop
Seat 2: StrayMoth72 (button) (small blind) collected ($6)


PokerStars Hand #162025920427:  Hold'em Limit ($3/$6 USD) - 2016/11/27 2:53:11 ET
Table 'Golson' 10-max Seat #1 is the button
Seat 1: Agrotait ($73 in chips)
Seat 2: StrayMoth72 ($76.82 in chips)
Agrotait: posts small blind $1
StrayMoth72: posts big blind $3
*** HOLE CARDS ***
Agrotait: raises $3 to $6
StrayMoth72: raises $3 to $9
Agrotait: calls $3
*** FLOP *** [Qd Kc 6c]
StrayMoth72: bets $3
Agrotait: calls $3
*** TURN *** [Qd Kc 6c] [9s]
StrayMoth72: bets $6
Agrotait: calls $6
*** RIVER *** [Qd Kc 6c 9s] [6h]
StrayMoth72: bets $6
Agrotait: calls $6
*** SHOW DOWN ***
StrayMoth72: shows [8h 8d] (two pair, Eights and Sixes)
Agrotait: shows [3d Qh] (two pair, Queens and Sixes)
Agrotait collected $47.50 from pot
*** SUMMARY ***
Total pot $48 | Rake $0.50
Board [Qd Kc 6c 9s 6h]
Seat 1: Agrotait (button) (small blind) showed [3d Qh] and won ($47.50) with two pair, Queens and Sixes
Seat 2: StrayMoth72 (big blind) showed [8h 8d] and lost with two pair, Eights and Sixes


PokerStars Hand #162025936266:  Hold'em Limit ($3/$6 USD) - 2016/11/27 2:54:01 ET
Table 'Golson' 10-max Seat #1 is the button
Seat 1: Agrotait ($97.50 in chips)
Seat 2: StrayMoth72 ($51.82 in chips)
Agrotait: posts small blind $1
StrayMoth72: posts big blind $3
*** HOLE CARDS ***
Agrotait: raises $3 to $6
StrayMoth72: folds
Uncalled bet ($3) returned to Agrotait
Agrotait collected $6 from pot
Agrotait: doesn't show hand
*** SUMMARY ***
Total pot $6 | Rake $0
Seat 1: Agrotait (button) (small blind) collected ($6)
Seat 2: StrayMoth72 (big blind) folded before Flop


PokerStars Hand #162025938921:  Hold'em Limit ($3/$6 USD) - 2016/11/27 2:54:10 ET
Table 'Golson' 10-max Seat #2 is the button
Seat 1: Agrotait ($100.50 in chips)
Seat 2: StrayMoth72 ($48.82 in chips)
StrayMoth72: posts small blind $1
Agrotait: posts big blind $3
*** HOLE CARDS ***
StrayMoth72: raises $3 to $6
Agrotait: calls $3
*** FLOP *** [2s Ah 2c]
Agrotait: checks
StrayMoth72: bets $3
Agrotait: folds
Uncalled bet ($3) returned to StrayMoth72
StrayMoth72 collected $11.76 from pot
StrayMoth72: doesn't show hand
*** SUMMARY ***
Total pot $12 | Rake $0.24
Board [2s Ah 2c]
Seat 1: Agrotait (big blind) folded on the Flop
Seat 2: StrayMoth72 (button) (small blind) collected ($11.76)


PokerStars Hand #162025934330:  Hold'em Limit ($3/$6 USD) - 2016/11/27 2:53:55 ET
Table 'Golson' 10-max Seat #2 is the button
Seat 1: Agrotait ($96.50 in chips)
Seat 2: StrayMoth72 ($52.82 in chips)
StrayMoth72: posts small blind $1
Agrotait: posts big blind $3
*** HOLE CARDS ***
StrayMoth72: folds
Uncalled bet ($2) returned to Agrotait
Agrotait collected $2 from pot
Agrotait: doesn't show hand
*** SUMMARY ***
Total pot $2 | Rake $0
Seat 1: Agrotait (big blind) collected ($2)
Seat 2: StrayMoth72 (button) (small blind) folded before Flop


PokerStars Hand #162025946100:  Hold'em Limit ($3/$6 USD) - 2016/11/27 2:54:33 ET
Table 'Golson' 10-max Seat #1 is the button
Seat 1: Agrotait ($94.50 in chips)
Seat 2: StrayMoth72 ($54.58 in chips)
Agrotait: posts small blind $1
StrayMoth72: posts big blind $3
*** HOLE CARDS ***
Agrotait: raises $3 to $6
StrayMoth72: calls $3
*** FLOP *** [5c 9c 3d]
StrayMoth72: checks
Agrotait: checks
*** TURN *** [5c 9c 3d] [Ac]
StrayMoth72: checks
Agrotait: bets $6
StrayMoth72: folds
Uncalled bet ($6) returned to Agrotait
Agrotait collected $11.76 from pot
Agrotait: doesn't show hand
*** SUMMARY ***
Total pot $12 | Rake $0.24
Board [5c 9c 3d Ac]
Seat 1: Agrotait (button) (small blind) collected ($11.76)
Seat 2: StrayMoth72 (big blind) folded on the Turn


PokerStars Hand #162025955385:  Hold'em Limit ($3/$6 USD) - 2016/11/27 2:55:03 ET
Table 'Golson' 10-max Seat #2 is the button
Seat 1: Agrotait ($100.26 in chips)
Seat 2: StrayMoth72 ($48.58 in chips)
StrayMoth72: posts small blind $1
Agrotait: posts big blind $3
*** HOLE CARDS ***
StrayMoth72: folds
Uncalled bet ($2) returned to Agrotait
Agrotait collected $2 from pot
Agrotait: doesn't show hand
*** SUMMARY ***
Total pot $2 | Rake $0
Seat 1: Agrotait (big blind) collected ($2)
Seat 2: StrayMoth72 (button) (small blind) folded before Flop


PokerStars Hand #162025957211:  Hold'em Limit ($3/$6 USD) - 2016/11/27 2:55:09 ET
Table 'Golson' 10-max Seat #1 is the button
Seat 1: Agrotait ($101.26 in chips)
Seat 2: StrayMoth72 ($47.58 in chips)
Agrotait: posts small blind $1
StrayMoth72: posts big blind $3
*** HOLE CARDS ***
Agrotait: raises $3 to $6
StrayMoth72: calls $3
*** FLOP *** [Ks 8h 6s]
StrayMoth72: checks
Agrotait: bets $3
StrayMoth72: raises $3 to $6
Agrotait: calls $3
*** TURN *** [Ks 8h 6s] [Qd]
StrayMoth72: bets $6
Agrotait: raises $6 to $12
StrayMoth72: calls $6
*** RIVER *** [Ks 8h 6s Qd] [Jh]
StrayMoth72: checks
Agrotait: bets $6
StrayMoth72: calls $6
*** SHOW DOWN ***
Agrotait: shows [Qs 2h] (a pair of Queens)
StrayMoth72: mucks hand
Agrotait collected $59.50 from pot
*** SUMMARY ***
Total pot $60 | Rake $0.50
Board [Ks 8h 6s Qd Jh]
Seat 1: Agrotait (button) (small blind) showed [Qs 2h] and won ($59.50) with a pair of Queens
Seat 2: StrayMoth72 (big blind) mucked


PokerStars Hand #162025969447:  Hold'em Limit ($3/$6 USD) - 2016/11/27 2:55:52 ET
Table 'Golson' 10-max Seat #2 is the button
Seat 1: Agrotait ($130.76 in chips)
Seat 2: StrayMoth72 ($17.58 in chips)
StrayMoth72: posts small blind $1
Agrotait: posts big blind $3
*** HOLE CARDS ***
StrayMoth72: folds
Uncalled bet ($2) returned to Agrotait
Agrotait collected $2 from pot
Agrotait: doesn't show hand
*** SUMMARY ***
Total pot $2 | Rake $0
Seat 1: Agrotait (big blind) collected ($2)
Seat 2: StrayMoth72 (button) (small blind) folded before Flop


