PokerStars Hand #145445069923:  Hold'em Limit ($3/$6 USD) - 2015/12/16 14:32:09 ET
Table 'Gondola IV' 2-max Seat #2 is the button
Seat 1: nrJitsu ($183 in chips)
Seat 2: Arsenal5015 ($136.50 in chips)
Arsenal5015: posts small blind $1
nrJitsu: posts big blind $3
*** HOLE CARDS ***
Arsenal5015: raises $3 to $6
nrJitsu: calls $3
*** FLOP *** [5s Jd 4s]
nrJitsu: checks
Arsenal5015: checks
*** TURN *** [5s Jd 4s] [6s]
nrJitsu: checks
Arsenal5015: checks
*** RIVER *** [5s Jd 4s 6s] [4d]
nrJitsu: checks
Arsenal5015: bets $6
nrJitsu: calls $6
*** SHOW DOWN ***
Arsenal5015: shows [Td 3d] (a pair of Fours)
nrJitsu: shows [9c Kd] (a pair of Fours - King kicker)
nrJitsu collected $23.52 from pot
*** SUMMARY ***
Total pot $24 | Rake $0.48
Board [5s Jd 4s 6s 4d]
Seat 1: nrJitsu (big blind) showed [9c Kd] and won ($23.52) with a pair of Fours
Seat 2: Arsenal5015 (button) (small blind) showed [Td 3d] and lost with a pair of Fours


PokerStars Hand #145445092122:  Hold'em Limit ($3/$6 USD) - 2015/12/16 14:32:33 ET
Table 'Gondola IV' 2-max Seat #1 is the button
Seat 1: nrJitsu ($194.52 in chips)
Seat 2: Arsenal5015 ($124.50 in chips)
nrJitsu: posts small blind $1
Arsenal5015: posts big blind $3
*** HOLE CARDS ***
nrJitsu: folds
Uncalled bet ($2) returned to Arsenal5015
Arsenal5015 collected $2 from pot
Arsenal5015: doesn't show hand
*** SUMMARY ***
Total pot $2 | Rake $0
Seat 1: nrJitsu (button) (small blind) folded before Flop
Seat 2: Arsenal5015 (big blind) collected ($2)


PokerStars Hand #145445105997:  Hold'em Limit ($3/$6 USD) - 2015/12/16 14:32:47 ET
Table 'Gondola IV' 2-max Seat #1 is the button
Seat 1: nrJitsu ($190.52 in chips)
Seat 2: Arsenal5015 ($128.50 in chips)
nrJitsu: posts small blind $1
Arsenal5015: posts big blind $3
*** HOLE CARDS ***
nrJitsu: raises $3 to $6
Arsenal5015: calls $3
*** FLOP *** [6s 6c 2h]
Arsenal5015: checks
nrJitsu: bets $3
Arsenal5015: folds
Uncalled bet ($3) returned to nrJitsu
nrJitsu collected $11.76 from pot
nrJitsu: doesn't show hand
*** SUMMARY ***
Total pot $12 | Rake $0.24
Board [6s 6c 2h]
Seat 1: nrJitsu (button) (small blind) collected ($11.76)
Seat 2: Arsenal5015 (big blind) folded on the Flop


PokerStars Hand #145445099547:  Hold'em Limit ($3/$6 USD) - 2015/12/16 14:32:40 ET
Table 'Gondola IV' 2-max Seat #2 is the button
Seat 1: nrJitsu ($193.52 in chips)
Seat 2: Arsenal5015 ($125.50 in chips)
Arsenal5015: posts small blind $1
nrJitsu: posts big blind $3
*** HOLE CARDS ***
Arsenal5015: raises $3 to $6
nrJitsu: folds
Uncalled bet ($3) returned to Arsenal5015
Arsenal5015 collected $6 from pot
Arsenal5015: doesn't show hand
*** SUMMARY ***
Total pot $6 | Rake $0
Seat 1: nrJitsu (big blind) folded before Flop
Seat 2: Arsenal5015 (button) (small blind) collected ($6)


PokerStars Hand #145445115627:  Hold'em Limit ($3/$6 USD) - 2015/12/16 14:32:57 ET
Table 'Gondola IV' 2-max Seat #2 is the button
Seat 1: nrJitsu ($196.28 in chips)
Seat 2: Arsenal5015 ($122.50 in chips)
Arsenal5015: posts small blind $1
nrJitsu: posts big blind $3
*** HOLE CARDS ***
Arsenal5015: raises $3 to $6
nrJitsu: calls $3
*** FLOP *** [7s Kh 4d]
nrJitsu: checks
Arsenal5015: bets $3
nrJitsu: calls $3
*** TURN *** [7s Kh 4d] [7d]
nrJitsu: checks
Arsenal5015: checks
*** RIVER *** [7s Kh 4d 7d] [Qh]
nrJitsu: checks
Arsenal5015: checks
*** SHOW DOWN ***
nrJitsu: shows [6c 4s] (two pair, Sevens and Fours)
Arsenal5015: mucks hand
nrJitsu collected $17.64 from pot
*** SUMMARY ***
Total pot $18 | Rake $0.36
Board [7s Kh 4d 7d Qh]
Seat 1: nrJitsu (big blind) showed [6c 4s] and won ($17.64) with two pair, Sevens and Fours
Seat 2: Arsenal5015 (button) (small blind) mucked


PokerStars Hand #145445138196:  Hold'em Limit ($3/$6 USD) - 2015/12/16 14:33:21 ET
Table 'Gondola IV' 2-max Seat #1 is the button
Seat 1: nrJitsu ($204.92 in chips)
Seat 2: Arsenal5015 ($113.50 in chips)
nrJitsu: posts small blind $1
Arsenal5015: posts big blind $3
*** HOLE CARDS ***
nrJitsu: raises $3 to $6
Arsenal5015: calls $3
*** FLOP *** [Td 3d Kh]
Arsenal5015: checks
nrJitsu: bets $3
Arsenal5015: calls $3
*** TURN *** [Td 3d Kh] [Qs]
Arsenal5015: checks
nrJitsu: bets $6
Arsenal5015: folds
Uncalled bet ($6) returned to nrJitsu
nrJitsu collected $17.64 from pot
nrJitsu: doesn't show hand
*** SUMMARY ***
Total pot $18 | Rake $0.36
Board [Td 3d Kh Qs]
Seat 1: nrJitsu (button) (small blind) collected ($17.64)
Seat 2: Arsenal5015 (big blind) folded on the Turn


PokerStars Hand #145445154860:  Hold'em Limit ($3/$6 USD) - 2015/12/16 14:33:38 ET
Table 'Gondola IV' 2-max Seat #2 is the button
Seat 1: nrJitsu ($213.56 in chips)
Seat 2: Arsenal5015 ($104.50 in chips)
Arsenal5015: posts small blind $1
nrJitsu: posts big blind $3
*** HOLE CARDS ***
Arsenal5015: folds
Uncalled bet ($2) returned to nrJitsu
nrJitsu collected $2 from pot
nrJitsu: doesn't show hand
*** SUMMARY ***
Total pot $2 | Rake $0
Seat 1: nrJitsu (big blind) collected ($2)
Seat 2: Arsenal5015 (button) (small blind) folded before Flop


PokerStars Hand #145445159491:  Hold'em Limit ($3/$6 USD) - 2015/12/16 14:33:43 ET
Table 'Gondola IV' 2-max Seat #1 is the button
Seat 1: nrJitsu ($214.56 in chips)
Seat 2: Arsenal5015 ($103.50 in chips)
nrJitsu: posts small blind $1
Arsenal5015: posts big blind $3
*** HOLE CARDS ***
nrJitsu: folds
Uncalled bet ($2) returned to Arsenal5015
Arsenal5015 collected $2 from pot
Arsenal5015: doesn't show hand
*** SUMMARY ***
Total pot $2 | Rake $0
Seat 1: nrJitsu (button) (small blind) folded before Flop
Seat 2: Arsenal5015 (big blind) collected ($2)


PokerStars Hand #145445165095:  Hold'em Limit ($3/$6 USD) - 2015/12/16 14:33:49 ET
Table 'Gondola IV' 2-max Seat #2 is the button
Seat 1: nrJitsu ($213.56 in chips)
Seat 2: Arsenal5015 ($104.50 in chips)
Arsenal5015: posts small blind $1
nrJitsu: posts big blind $3
*** HOLE CARDS ***
Arsenal5015: raises $3 to $6
nrJitsu: calls $3
*** FLOP *** [2s 8h Ac]
nrJitsu: checks
Arsenal5015: bets $3
nrJitsu: raises $3 to $6
Arsenal5015: folds
Uncalled bet ($3) returned to nrJitsu
nrJitsu collected $17.64 from pot
nrJitsu: doesn't show hand
*** SUMMARY ***
Total pot $18 | Rake $0.36
Board [2s 8h Ac]
Seat 1: nrJitsu (big blind) collected ($17.64)
Seat 2: Arsenal5015 (button) (small blind) folded on the Flop


PokerStars Hand #145445201561:  Hold'em Limit ($3/$6 USD) - 2015/12/16 14:34:27 ET
Table 'Gondola IV' 2-max Seat #2 is the button
Seat 1: nrJitsu ($239.70 in chips)
Seat 2: Arsenal5015 ($77.50 in chips)
Arsenal5015: posts small blind $1
nrJitsu: posts big blind $3
*** HOLE CARDS ***
Arsenal5015: folds
Uncalled bet ($2) returned to nrJitsu
Arsenal5015 leaves the table
nrJitsu collected $2 from pot
nrJitsu: doesn't show hand
*** SUMMARY ***
Total pot $2 | Rake $0
Seat 1: nrJitsu (big blind) collected ($2)
Seat 2: Arsenal5015 (button) (small blind) folded before Flop


PokerStars Hand #145445185496:  Hold'em Limit ($3/$6 USD) - 2015/12/16 14:34:10 ET
Table 'Gondola IV' 2-max Seat #1 is the button
Seat 1: nrJitsu ($222.20 in chips)
Seat 2: Arsenal5015 ($95.50 in chips)
nrJitsu: posts small blind $1
Arsenal5015: posts big blind $3
*** HOLE CARDS ***
nrJitsu: raises $3 to $6
Arsenal5015: raises $3 to $9
nrJitsu: calls $3
*** FLOP *** [3c 7s Js]
Arsenal5015: bets $3
nrJitsu: calls $3
*** TURN *** [3c 7s Js] [9d]
Arsenal5015: bets $6
nrJitsu: raises $6 to $12
Arsenal5015: folds
Uncalled bet ($6) returned to nrJitsu
nrJitsu collected $35.50 from pot
nrJitsu: doesn't show hand
*** SUMMARY ***
Total pot $36 | Rake $0.50
Board [3c 7s Js 9d]
Seat 1: nrJitsu (button) (small blind) collected ($35.50)
Seat 2: Arsenal5015 (big blind) folded on the Turn


PokerStars Hand #145446347120:  Hold'em Limit ($3/$6 USD) - 2015/12/16 14:54:26 ET
Table 'Gondola IV' 2-max Seat #1 is the button
Seat 1: nrJitsu ($284.22 in chips)
Seat 2: Kosova1968 ($35.76 in chips)
nrJitsu: posts small blind $1
Kosova1968: posts big blind $3
*** HOLE CARDS ***
nrJitsu: raises $3 to $6
Kosova1968: folds
Uncalled bet ($3) returned to nrJitsu
nrJitsu collected $6 from pot
nrJitsu: doesn't show hand
*** SUMMARY ***
Total pot $6 | Rake $0
Seat 1: nrJitsu (button) (small blind) collected ($6)
Seat 2: Kosova1968 (big blind) folded before Flop


PokerStars Hand #145446338419:  Hold'em Limit ($3/$6 USD) - 2015/12/16 14:54:16 ET
Table 'Gondola IV' 2-max Seat #2 is the button
Seat 1: nrJitsu ($290.22 in chips)
Seat 2: Kosova1968 ($30 in chips)
Kosova1968: posts small blind $1
nrJitsu: posts big blind $3
*** HOLE CARDS ***
Kosova1968: raises $3 to $6
nrJitsu: calls $3
*** FLOP *** [9d Qd As]
nrJitsu: checks
Kosova1968: bets $3
nrJitsu: folds
Uncalled bet ($3) returned to Kosova1968
Kosova1968 collected $11.76 from pot
*** SUMMARY ***
Total pot $12 | Rake $0.24
Board [9d Qd As]
Seat 1: nrJitsu (big blind) folded on the Flop
Seat 2: Kosova1968 (button) (small blind) collected ($11.76)


PokerStars Hand #145446322152:  Hold'em Limit ($3/$6 USD) - 2015/12/16 14:53:59 ET
Table 'Gondola IV' 2-max Seat #1 is the button
Seat 1: nrJitsu ($269.72 in chips)
Seat 2: Kosova1968 ($42 in chips)
nrJitsu: posts small blind $1
Kosova1968: posts big blind $3
*** HOLE CARDS ***
nrJitsu: raises $3 to $6
Kosova1968: calls $3
*** FLOP *** [8d 9s 2d]
Kosova1968: bets $3
nrJitsu: calls $3
*** TURN *** [8d 9s 2d] [9c]
Kosova1968: bets $6
nrJitsu: calls $6
*** RIVER *** [8d 9s 2d 9c] [4c]
Kosova1968: bets $6
nrJitsu: calls $6
*** SHOW DOWN ***
Kosova1968: shows [Ad 6s] (a pair of Nines)
nrJitsu: shows [4s Ks] (two pair, Nines and Fours)
nrJitsu collected $41.50 from pot
*** SUMMARY ***
Total pot $42 | Rake $0.50
Board [8d 9s 2d 9c 4c]
Seat 1: nrJitsu (button) (small blind) showed [4s Ks] and won ($41.50) with two pair, Nines and Fours
Seat 2: Kosova1968 (big blind) showed [Ad 6s] and lost with a pair of Nines


PokerStars Hand #145446405422:  Hold'em Limit ($3/$6 USD) - 2015/12/16 14:55:32 ET
Table 'Gondola IV' 2-max Seat #2 is the button
Seat 1: nrJitsu ($254.21 in chips)
Seat 2: Kosova1968 ($64.77 in chips)
Kosova1968: posts small blind $1
nrJitsu: posts big blind $3
*** HOLE CARDS ***
Kosova1968: raises $3 to $6
nrJitsu: calls $3
*** FLOP *** [Js Jh 6h]
nrJitsu: checks
Kosova1968: bets $3
nrJitsu: raises $3 to $6
Kosova1968: calls $3
*** TURN *** [Js Jh 6h] [5d]
nrJitsu: bets $6
Kosova1968: calls $6
*** RIVER *** [Js Jh 6h 5d] [8d]
nrJitsu: bets $6
Kosova1968: calls $6
*** SHOW DOWN ***
nrJitsu: shows [2c 2s] (two pair, Jacks and Deuces)
Kosova1968: shows [4s 4h] (two pair, Jacks and Fours)
Kosova1968 collected $47.50 from pot
*** SUMMARY ***
Total pot $48 | Rake $0.50
Board [Js Jh 6h 5d 8d]
Seat 1: nrJitsu (big blind) showed [2c 2s] and lost with two pair, Jacks and Deuces
Seat 2: Kosova1968 (button) (small blind) showed [4s 4h] and won ($47.50) with two pair, Jacks and Fours


PokerStars Hand #145446379034:  Hold'em Limit ($3/$6 USD) - 2015/12/16 14:54:59 ET
Table 'Gondola IV' 2-max Seat #1 is the button
Seat 1: nrJitsu ($254.46 in chips)
Seat 2: Kosova1968 ($65.02 in chips)
nrJitsu: posts small blind $1
Kosova1968: posts big blind $3
*** HOLE CARDS ***
nrJitsu: raises $3 to $6
Kosova1968: calls $3
*** FLOP *** [Jc Tc 4d]
Kosova1968: checks
nrJitsu: bets $3
Kosova1968: raises $3 to $6
nrJitsu: calls $3
*** TURN *** [Jc Tc 4d] [Jh]
Kosova1968: checks
nrJitsu: checks
*** RIVER *** [Jc Tc 4d Jh] [Ts]
Kosova1968: bets $6
nrJitsu: calls $6
*** SHOW DOWN ***
Kosova1968: shows [9h 7h] (two pair, Jacks and Tens)
nrJitsu: shows [9s 4s] (two pair, Jacks and Tens)
Kosova1968 collected $17.75 from pot
nrJitsu collected $17.75 from pot
*** SUMMARY ***
Total pot $36 | Rake $0.50
Board [Jc Tc 4d Jh Ts]
Seat 1: nrJitsu (button) (small blind) showed [9s 4s] and won ($17.75) with two pair, Jacks and Tens
Seat 2: Kosova1968 (big blind) showed [9h 7h] and won ($17.75) with two pair, Jacks and Tens


PokerStars Hand #145446352789:  Hold'em Limit ($3/$6 USD) - 2015/12/16 14:54:32 ET
Table 'Gondola IV' 2-max Seat #2 is the button
Seat 1: nrJitsu ($287.22 in chips)
Seat 2: Kosova1968 ($32.76 in chips)
Kosova1968: posts small blind $1
nrJitsu: posts big blind $3
*** HOLE CARDS ***
Kosova1968: raises $3 to $6
nrJitsu: calls $3
*** FLOP *** [5c 6s Kc]
nrJitsu: checks
Kosova1968: bets $3
nrJitsu: calls $3
*** TURN *** [5c 6s Kc] [4h]
nrJitsu: checks
Kosova1968: bets $6
nrJitsu: raises $6 to $12
Kosova1968: raises $6 to $18
nrJitsu: calls $6
*** RIVER *** [5c 6s Kc 4h] [8c]
nrJitsu: bets $6
Kosova1968: calls $5.76 and is all-in
Uncalled bet ($0.24) returned to nrJitsu
*** SHOW DOWN ***
nrJitsu: shows [8s Kh] (two pair, Kings and Eights)
Kosova1968: shows [5s 5d] (three of a kind, Fives)
Kosova1968 collected $65.02 from pot
*** SUMMARY ***
Total pot $65.52 | Rake $0.50
Board [5c 6s Kc 4h 8c]
Seat 1: nrJitsu (big blind) showed [8s Kh] and lost with two pair, Kings and Eights
Seat 2: Kosova1968 (button) (small blind) showed [5s 5d] and won ($65.02) with three of a kind, Fives


PokerStars Hand #145446435643:  Hold'em Limit ($3/$6 USD) - 2015/12/16 14:56:13 ET
Table 'Gondola IV' 2-max Seat #2 is the button
Seat 1: nrJitsu ($215.21 in chips)
Seat 2: Kosova1968 ($102.77 in chips)
Kosova1968: posts small blind $1
nrJitsu: posts big blind $3
*** HOLE CARDS ***
Kosova1968: raises $3 to $6
nrJitsu: raises $3 to $9
Kosova1968: calls $3
*** FLOP *** [8s 5c Ks]
nrJitsu: bets $3
Kosova1968: calls $3
*** TURN *** [8s 5c Ks] [Ts]
nrJitsu: bets $6
Kosova1968: calls $6
*** RIVER *** [8s 5c Ks Ts] [6h]
nrJitsu: checks
Kosova1968: checks
*** SHOW DOWN ***
nrJitsu: shows [7d 7h] (a pair of Sevens)
Kosova1968: shows [8d Jd] (a pair of Eights)
Kosova1968 collected $35.50 from pot
*** SUMMARY ***
Total pot $36 | Rake $0.50
Board [8s 5c Ks Ts 6h]
Seat 1: nrJitsu (big blind) showed [7d 7h] and lost with a pair of Sevens
Seat 2: Kosova1968 (button) (small blind) showed [8d Jd] and won ($35.50) with a pair of Eights


PokerStars Hand #145446419015:  Hold'em Limit ($3/$6 USD) - 2015/12/16 14:55:51 ET
Table 'Gondola IV' 2-max Seat #1 is the button
Seat 1: nrJitsu ($230.21 in chips)
Seat 2: Kosova1968 ($88.27 in chips)
nrJitsu: posts small blind $1
Kosova1968: posts big blind $3
*** HOLE CARDS ***
nrJitsu: raises $3 to $6
Kosova1968: calls $3
*** FLOP *** [2d Td Ad]
Kosova1968: checks
nrJitsu: bets $3
Kosova1968: calls $3
*** TURN *** [2d Td Ad] [7d]
Kosova1968: checks
nrJitsu: bets $6
Kosova1968: calls $6
*** RIVER *** [2d Td Ad 7d] [6h]
Kosova1968: checks
nrJitsu: checks
*** SHOW DOWN ***
Kosova1968: shows [Th 8s] (a pair of Tens)
nrJitsu: mucks hand
Kosova1968 collected $29.50 from pot
*** SUMMARY ***
Total pot $30 | Rake $0.50
Board [2d Td Ad 7d 6h]
Seat 1: nrJitsu (button) (small blind) mucked
Seat 2: Kosova1968 (big blind) showed [Th 8s] and won ($29.50) with a pair of Tens


PokerStars Hand #145458813220:  Hold'em Limit ($3/$6 USD) - 2015/12/16 18:50:06 ET
Table 'Gondola IV' 2-max Seat #1 is the button
Seat 1: nrJitsu ($199.97 in chips)
Seat 2: Jeelsy ($40.82 in chips)
nrJitsu: posts small blind $1
Jeelsy: posts big blind $3
*** HOLE CARDS ***
nrJitsu: raises $3 to $6
Jeelsy: calls $3
*** FLOP *** [3h Jc Th]
Jeelsy: bets $3
nrJitsu: folds
Uncalled bet ($3) returned to Jeelsy
Jeelsy collected $11.76 from pot
Jeelsy: doesn't show hand
*** SUMMARY ***
Total pot $12 | Rake $0.24
Board [3h Jc Th]
Seat 1: nrJitsu (button) (small blind) folded on the Flop
Seat 2: Jeelsy (big blind) collected ($11.76)


PokerStars Hand #145458831363:  Hold'em Limit ($3/$6 USD) - 2015/12/16 18:50:33 ET
Table 'Gondola IV' 2-max Seat #1 is the button
Seat 1: nrJitsu ($199.73 in chips)
Seat 2: Jeelsy ($40.58 in chips)
nrJitsu: posts small blind $1
Jeelsy: posts big blind $3
*** HOLE CARDS ***
nrJitsu: raises $3 to $6
Jeelsy: calls $3
*** FLOP *** [6s 8d Jc]
Jeelsy: checks
nrJitsu: bets $3
Jeelsy: calls $3
*** TURN *** [6s 8d Jc] [Tc]
Jeelsy: bets $6
nrJitsu: calls $6
*** RIVER *** [6s 8d Jc Tc] [5c]
Jeelsy: checks
nrJitsu: bets $6
Jeelsy: folds
Uncalled bet ($6) returned to nrJitsu
nrJitsu collected $29.50 from pot
nrJitsu: doesn't show hand
*** SUMMARY ***
Total pot $30 | Rake $0.50
Board [6s 8d Jc Tc 5c]
Seat 1: nrJitsu (button) (small blind) collected ($29.50)
Seat 2: Jeelsy (big blind) folded on the River


PokerStars Hand #145458855398:  Hold'em Limit ($3/$6 USD) - 2015/12/16 18:51:08 ET
Table 'Gondola IV' 2-max Seat #2 is the button
Seat 1: nrJitsu ($214.23 in chips)
Seat 2: Jeelsy ($25.58 in chips)
Jeelsy: posts small blind $1
nrJitsu: posts big blind $3
*** HOLE CARDS ***
Jeelsy: raises $3 to $6
nrJitsu: folds
Uncalled bet ($3) returned to Jeelsy
Jeelsy collected $6 from pot
Jeelsy: doesn't show hand
*** SUMMARY ***
Total pot $6 | Rake $0
Seat 1: nrJitsu (big blind) folded before Flop
Seat 2: Jeelsy (button) (small blind) collected ($6)


PokerStars Hand #145458821662:  Hold'em Limit ($3/$6 USD) - 2015/12/16 18:50:19 ET
Table 'Gondola IV' 2-max Seat #2 is the button
Seat 1: nrJitsu ($193.97 in chips)
Seat 2: Jeelsy ($46.58 in chips)
Jeelsy: posts small blind $1
nrJitsu: posts big blind $3
*** HOLE CARDS ***
Jeelsy: raises $3 to $6
nrJitsu: calls $3
*** FLOP *** [7s 3h 3s]
nrJitsu: checks
Jeelsy: checks
*** TURN *** [7s 3h 3s] [Kh]
nrJitsu: checks
Jeelsy: checks
*** RIVER *** [7s 3h 3s Kh] [Th]
nrJitsu: checks
Jeelsy: checks
*** SHOW DOWN ***
nrJitsu: shows [7d 9d] (two pair, Sevens and Threes)
Jeelsy: mucks hand
nrJitsu collected $11.76 from pot
*** SUMMARY ***
Total pot $12 | Rake $0.24
Board [7s 3h 3s Kh Th]
Seat 1: nrJitsu (big blind) showed [7d 9d] and won ($11.76) with two pair, Sevens and Threes
Seat 2: Jeelsy (button) (small blind) mucked


PokerStars Hand #145458861069:  Hold'em Limit ($3/$6 USD) - 2015/12/16 18:51:17 ET
Table 'Gondola IV' 2-max Seat #1 is the button
Seat 1: nrJitsu ($211.23 in chips)
Seat 2: Jeelsy ($28.58 in chips)
nrJitsu: posts small blind $1
Jeelsy: posts big blind $3
*** HOLE CARDS ***
nrJitsu: raises $3 to $6
Jeelsy: calls $3
*** FLOP *** [Td 5s 7h]
Jeelsy: checks
nrJitsu: bets $3
Jeelsy: folds
Uncalled bet ($3) returned to nrJitsu
nrJitsu collected $11.76 from pot
nrJitsu: doesn't show hand
*** SUMMARY ***
Total pot $12 | Rake $0.24
Board [Td 5s 7h]
Seat 1: nrJitsu (button) (small blind) collected ($11.76)
Seat 2: Jeelsy (big blind) folded on the Flop


PokerStars Hand #145458868299:  Hold'em Limit ($3/$6 USD) - 2015/12/16 18:51:27 ET
Table 'Gondola IV' 2-max Seat #2 is the button
Seat 1: nrJitsu ($216.99 in chips)
Seat 2: Jeelsy ($22.58 in chips)
Jeelsy: posts small blind $1
nrJitsu: posts big blind $3
*** HOLE CARDS ***
Jeelsy: raises $3 to $6
nrJitsu: calls $3
*** FLOP *** [8s Qd 2c]
nrJitsu: checks
Jeelsy: bets $3
nrJitsu: calls $3
*** TURN *** [8s Qd 2c] [5d]
nrJitsu: checks
Jeelsy: bets $6
nrJitsu: calls $6
*** RIVER *** [8s Qd 2c 5d] [7d]
nrJitsu: checks
Jeelsy: bets $6
nrJitsu: folds
Uncalled bet ($6) returned to Jeelsy
Jeelsy collected $29.50 from pot
Jeelsy: doesn't show hand
*** SUMMARY ***
Total pot $30 | Rake $0.50
Board [8s Qd 2c 5d 7d]
Seat 1: nrJitsu (big blind) folded on the River
Seat 2: Jeelsy (button) (small blind) collected ($29.50)


PokerStars Hand #145458888540:  Hold'em Limit ($3/$6 USD) - 2015/12/16 18:51:57 ET
Table 'Gondola IV' 2-max Seat #1 is the button
Seat 1: nrJitsu ($201.99 in chips)
Seat 2: Jeelsy ($37.08 in chips)
nrJitsu: posts small blind $1
Jeelsy: posts big blind $3
*** HOLE CARDS ***
nrJitsu: raises $3 to $6
Jeelsy: calls $3
*** FLOP *** [5h 3h Ad]
Jeelsy: checks
nrJitsu: bets $3
Jeelsy: folds
Uncalled bet ($3) returned to nrJitsu
nrJitsu collected $11.76 from pot
nrJitsu: doesn't show hand
*** SUMMARY ***
Total pot $12 | Rake $0.24
Board [5h 3h Ad]
Seat 1: nrJitsu (button) (small blind) collected ($11.76)
Seat 2: Jeelsy (big blind) folded on the Flop


PokerStars Hand #145458902760:  Hold'em Limit ($3/$6 USD) - 2015/12/16 18:52:18 ET
Table 'Gondola IV' 2-max Seat #1 is the button
Seat 1: nrJitsu ($204.75 in chips)
Seat 2: Jeelsy ($34.08 in chips)
nrJitsu: posts small blind $1
Jeelsy: posts big blind $3
*** HOLE CARDS ***
nrJitsu: folds
Uncalled bet ($2) returned to Jeelsy
Jeelsy collected $2 from pot
Jeelsy: doesn't show hand
*** SUMMARY ***
Total pot $2 | Rake $0
Seat 1: nrJitsu (button) (small blind) folded before Flop
Seat 2: Jeelsy (big blind) collected ($2)


PokerStars Hand #145458896653:  Hold'em Limit ($3/$6 USD) - 2015/12/16 18:52:09 ET
Table 'Gondola IV' 2-max Seat #2 is the button
Seat 1: nrJitsu ($207.75 in chips)
Seat 2: Jeelsy ($31.08 in chips)
Jeelsy: posts small blind $1
nrJitsu: posts big blind $3
*** HOLE CARDS ***
Jeelsy: raises $3 to $6
nrJitsu: folds
Uncalled bet ($3) returned to Jeelsy
Jeelsy collected $6 from pot
Jeelsy: doesn't show hand
*** SUMMARY ***
Total pot $6 | Rake $0
Seat 1: nrJitsu (big blind) folded before Flop
Seat 2: Jeelsy (button) (small blind) collected ($6)


PokerStars Hand #145458905590:  Hold'em Limit ($3/$6 USD) - 2015/12/16 18:52:22 ET
Table 'Gondola IV' 2-max Seat #2 is the button
Seat 1: nrJitsu ($203.75 in chips)
Seat 2: Jeelsy ($35.08 in chips)
Jeelsy: posts small blind $1
nrJitsu: posts big blind $3
*** HOLE CARDS ***
Jeelsy: raises $3 to $6
nrJitsu: calls $3
*** FLOP *** [5c Jd 6s]
nrJitsu: checks
Jeelsy: checks
*** TURN *** [5c Jd 6s] [9h]
nrJitsu: checks
Jeelsy: checks
*** RIVER *** [5c Jd 6s 9h] [Jc]
nrJitsu: checks
Jeelsy: bets $6
nrJitsu: folds
Uncalled bet ($6) returned to Jeelsy
Jeelsy collected $11.76 from pot
Jeelsy: doesn't show hand
*** SUMMARY ***
Total pot $12 | Rake $0.24
Board [5c Jd 6s 9h Jc]
Seat 1: nrJitsu (big blind) folded on the River
Seat 2: Jeelsy (button) (small blind) collected ($11.76)


PokerStars Hand #145458924601:  Hold'em Limit ($3/$6 USD) - 2015/12/16 18:52:50 ET
Table 'Gondola IV' 2-max Seat #1 is the button
Seat 1: nrJitsu ($197.75 in chips)
Seat 2: Jeelsy ($40.84 in chips)
nrJitsu: posts small blind $1
Jeelsy: posts big blind $3
*** HOLE CARDS ***
nrJitsu: raises $3 to $6
Jeelsy: calls $3
*** FLOP *** [6s 8c 7d]
Jeelsy: checks
nrJitsu: bets $3
Jeelsy: calls $3
*** TURN *** [6s 8c 7d] [Qd]
Jeelsy: checks
nrJitsu: bets $6
Jeelsy: calls $6
*** RIVER *** [6s 8c 7d Qd] [3d]
Jeelsy: checks
nrJitsu: bets $6
Jeelsy: calls $6
*** SHOW DOWN ***
nrJitsu: shows [8d Ah] (a pair of Eights)
Jeelsy: shows [4d Qc] (a pair of Queens)
Jeelsy collected $41.50 from pot
*** SUMMARY ***
Total pot $42 | Rake $0.50
Board [6s 8c 7d Qd 3d]
Seat 1: nrJitsu (button) (small blind) showed [8d Ah] and lost with a pair of Eights
Seat 2: Jeelsy (big blind) showed [4d Qc] and won ($41.50) with a pair of Queens


PokerStars Hand #145458941537:  Hold'em Limit ($3/$6 USD) - 2015/12/16 18:53:15 ET
Table 'Gondola IV' 2-max Seat #2 is the button
Seat 1: nrJitsu ($176.75 in chips)
Seat 2: Jeelsy ($61.34 in chips)
Jeelsy: posts small blind $1
nrJitsu: posts big blind $3
*** HOLE CARDS ***
Jeelsy: folds
Uncalled bet ($2) returned to nrJitsu
nrJitsu collected $2 from pot
nrJitsu: doesn't show hand
*** SUMMARY ***
Total pot $2 | Rake $0
Seat 1: nrJitsu (big blind) collected ($2)
Seat 2: Jeelsy (button) (small blind) folded before Flop


PokerStars Hand #145458971636:  Hold'em Limit ($3/$6 USD) - 2015/12/16 18:53:59 ET
Table 'Gondola IV' 2-max Seat #1 is the button
Seat 1: nrJitsu ($166.75 in chips)
Seat 2: Jeelsy ($70.86 in chips)
nrJitsu: posts small blind $1
Jeelsy: posts big blind $3
*** HOLE CARDS ***
nrJitsu: raises $3 to $6
Jeelsy: calls $3
*** FLOP *** [5s 5d Kd]
Jeelsy: checks
nrJitsu: bets $3
Jeelsy: calls $3
*** TURN *** [5s 5d Kd] [7d]
Jeelsy: checks
nrJitsu: bets $6
Jeelsy: raises $6 to $12
nrJitsu: folds
Uncalled bet ($6) returned to Jeelsy
Jeelsy collected $29.50 from pot
Jeelsy: doesn't show hand
*** SUMMARY ***
Total pot $30 | Rake $0.50
Board [5s 5d Kd 7d]
Seat 1: nrJitsu (button) (small blind) folded on the Turn
Seat 2: Jeelsy (big blind) collected ($29.50)


PokerStars Hand #145458949663:  Hold'em Limit ($3/$6 USD) - 2015/12/16 18:53:27 ET
Table 'Gondola IV' 2-max Seat #2 is the button
Seat 1: nrJitsu ($180.75 in chips)
Seat 2: Jeelsy ($57.34 in chips)
Jeelsy: posts small blind $1
nrJitsu: posts big blind $3
*** HOLE CARDS ***
Jeelsy: folds
Uncalled bet ($2) returned to nrJitsu
nrJitsu collected $2 from pot
nrJitsu: doesn't show hand
*** SUMMARY ***
Total pot $2 | Rake $0
Seat 1: nrJitsu (big blind) collected ($2)
Seat 2: Jeelsy (button) (small blind) folded before Flop


PokerStars Hand #145458944847:  Hold'em Limit ($3/$6 USD) - 2015/12/16 18:53:20 ET
Table 'Gondola IV' 2-max Seat #1 is the button
Seat 1: nrJitsu ($177.75 in chips)
Seat 2: Jeelsy ($60.34 in chips)
nrJitsu: posts small blind $1
Jeelsy: posts big blind $3
*** HOLE CARDS ***
nrJitsu: raises $3 to $6
Jeelsy: folds
Uncalled bet ($3) returned to nrJitsu
nrJitsu collected $6 from pot
nrJitsu: doesn't show hand
*** SUMMARY ***
Total pot $6 | Rake $0
Seat 1: nrJitsu (button) (small blind) collected ($6)
Seat 2: Jeelsy (big blind) folded before Flop


PokerStars Hand #145458952986:  Hold'em Limit ($3/$6 USD) - 2015/12/16 18:53:32 ET
Table 'Gondola IV' 2-max Seat #1 is the button
Seat 1: nrJitsu ($181.75 in chips)
Seat 2: Jeelsy ($56.34 in chips)
nrJitsu: posts small blind $1
Jeelsy: posts big blind $3
*** HOLE CARDS ***
nrJitsu: raises $3 to $6
Jeelsy: raises $3 to $9
nrJitsu: calls $3
*** FLOP *** [4h 6h Kc]
Jeelsy: bets $3
nrJitsu: calls $3
*** TURN *** [4h 6h Kc] [9c]
Jeelsy: bets $6
nrJitsu: folds
Uncalled bet ($6) returned to Jeelsy
Jeelsy collected $23.52 from pot
Jeelsy: doesn't show hand
*** SUMMARY ***
Total pot $24 | Rake $0.48
Board [4h 6h Kc 9c]
Seat 1: nrJitsu (button) (small blind) folded on the Turn
Seat 2: Jeelsy (big blind) collected ($23.52)


PokerStars Hand #145458967281:  Hold'em Limit ($3/$6 USD) - 2015/12/16 18:53:53 ET
Table 'Gondola IV' 2-max Seat #2 is the button
Seat 1: nrJitsu ($169.75 in chips)
Seat 2: Jeelsy ($67.86 in chips)
Jeelsy: posts small blind $1
nrJitsu: posts big blind $3
*** HOLE CARDS ***
Jeelsy: raises $3 to $6
nrJitsu: folds
Uncalled bet ($3) returned to Jeelsy
Jeelsy collected $6 from pot
Jeelsy: doesn't show hand
*** SUMMARY ***
Total pot $6 | Rake $0
Seat 1: nrJitsu (big blind) folded before Flop
Seat 2: Jeelsy (button) (small blind) collected ($6)


PokerStars Hand #145458983430:  Hold'em Limit ($3/$6 USD) - 2015/12/16 18:54:16 ET
Table 'Gondola IV' 2-max Seat #2 is the button
Seat 1: nrJitsu ($151.75 in chips)
Seat 2: Jeelsy ($85.36 in chips)
Jeelsy: posts small blind $1
nrJitsu: posts big blind $3
*** HOLE CARDS ***
Jeelsy: raises $3 to $6
nrJitsu: calls $3
*** FLOP *** [9h 2h 5s]
nrJitsu: checks
Jeelsy: bets $3
nrJitsu: calls $3
*** TURN *** [9h 2h 5s] [7c]
nrJitsu: checks
Jeelsy: bets $6
nrJitsu: calls $6
*** RIVER *** [9h 2h 5s 7c] [6c]
nrJitsu: checks
Jeelsy: bets $6
nrJitsu: raises $6 to $12
Jeelsy: calls $6
*** SHOW DOWN ***
nrJitsu: shows [8h Ts] (a straight, Six to Ten)
Jeelsy: mucks hand
nrJitsu collected $53.50 from pot
*** SUMMARY ***
Total pot $54 | Rake $0.50
Board [9h 2h 5s 7c 6c]
Seat 1: nrJitsu (big blind) showed [8h Ts] and won ($53.50) with a straight, Six to Ten
Seat 2: Jeelsy (button) (small blind) mucked


PokerStars Hand #145458995373:  Hold'em Limit ($3/$6 USD) - 2015/12/16 18:54:34 ET
Table 'Gondola IV' 2-max Seat #1 is the button
Seat 1: nrJitsu ($178.25 in chips)
Seat 2: Jeelsy ($58.36 in chips)
nrJitsu: posts small blind $1
Jeelsy: posts big blind $3
*** HOLE CARDS ***
nrJitsu: raises $3 to $6
Jeelsy: calls $3
*** FLOP *** [3h Js 2d]
Jeelsy: checks
nrJitsu: bets $3
Jeelsy: folds
Uncalled bet ($3) returned to nrJitsu
nrJitsu collected $11.76 from pot
nrJitsu: doesn't show hand
*** SUMMARY ***
Total pot $12 | Rake $0.24
Board [3h Js 2d]
Seat 1: nrJitsu (button) (small blind) collected ($11.76)
Seat 2: Jeelsy (big blind) folded on the Flop


PokerStars Hand #145459003164:  Hold'em Limit ($3/$6 USD) - 2015/12/16 18:54:46 ET
Table 'Gondola IV' 2-max Seat #2 is the button
Seat 1: nrJitsu ($184.01 in chips)
Seat 2: Jeelsy ($52.36 in chips)
Jeelsy: posts small blind $1
nrJitsu: posts big blind $3
*** HOLE CARDS ***
Jeelsy: raises $3 to $6
nrJitsu: calls $3
*** FLOP *** [3d Ts 4d]
nrJitsu: checks
Jeelsy: checks
*** TURN *** [3d Ts 4d] [6c]
nrJitsu: bets $6
Jeelsy: folds
Uncalled bet ($6) returned to nrJitsu
nrJitsu collected $11.76 from pot
nrJitsu: doesn't show hand
*** SUMMARY ***
Total pot $12 | Rake $0.24
Board [3d Ts 4d 6c]
Seat 1: nrJitsu (big blind) collected ($11.76)
Seat 2: Jeelsy (button) (small blind) folded on the Turn


PokerStars Hand #145459011559:  Hold'em Limit ($3/$6 USD) - 2015/12/16 18:54:58 ET
Table 'Gondola IV' 2-max Seat #1 is the button
Seat 1: nrJitsu ($189.77 in chips)
Seat 2: Jeelsy ($46.36 in chips)
nrJitsu: posts small blind $1
Jeelsy: posts big blind $3
*** HOLE CARDS ***
nrJitsu: raises $3 to $6
Jeelsy: calls $3
*** FLOP *** [Ad 6s Js]
Jeelsy: checks
nrJitsu: bets $3
Jeelsy: calls $3
*** TURN *** [Ad 6s Js] [Ah]
Jeelsy: bets $6
nrJitsu: folds
Uncalled bet ($6) returned to Jeelsy
Jeelsy collected $17.64 from pot
Jeelsy: doesn't show hand
*** SUMMARY ***
Total pot $18 | Rake $0.36
Board [Ad 6s Js Ah]
Seat 1: nrJitsu (button) (small blind) folded on the Turn
Seat 2: Jeelsy (big blind) collected ($17.64)


PokerStars Hand #145459032189:  Hold'em Limit ($3/$6 USD) - 2015/12/16 18:55:33 ET
Table 'Gondola IV' 2-max Seat #1 is the button
Seat 1: nrJitsu ($198.27 in chips)
Seat 2: Jeelsy ($37 in chips)
nrJitsu: posts small blind $1
Jeelsy: posts big blind $3
*** HOLE CARDS ***
nrJitsu: raises $3 to $6
Jeelsy: calls $3
*** FLOP *** [Ah 9s Td]
Jeelsy: bets $3
nrJitsu: folds
Uncalled bet ($3) returned to Jeelsy
Jeelsy collected $11.76 from pot
Jeelsy: doesn't show hand
*** SUMMARY ***
Total pot $12 | Rake $0.24
Board [Ah 9s Td]
Seat 1: nrJitsu (button) (small blind) folded on the Flop
Seat 2: Jeelsy (big blind) collected ($11.76)


PokerStars Hand #145459039070:  Hold'em Limit ($3/$6 USD) - 2015/12/16 18:55:45 ET
Table 'Gondola IV' 2-max Seat #2 is the button
Seat 1: nrJitsu ($192.27 in chips)
Seat 2: Jeelsy ($42.76 in chips)
Jeelsy: posts small blind $1
nrJitsu: posts big blind $3
*** HOLE CARDS ***
Jeelsy: raises $3 to $6
nrJitsu: folds
Uncalled bet ($3) returned to Jeelsy
Jeelsy collected $6 from pot
Jeelsy: doesn't show hand
*** SUMMARY ***
Total pot $6 | Rake $0
Seat 1: nrJitsu (big blind) folded before Flop
Seat 2: Jeelsy (button) (small blind) collected ($6)


PokerStars Hand #145459042312:  Hold'em Limit ($3/$6 USD) - 2015/12/16 18:55:51 ET
Table 'Gondola IV' 2-max Seat #1 is the button
Seat 1: nrJitsu ($189.27 in chips)
Seat 2: Jeelsy ($45.76 in chips)
nrJitsu: posts small blind $1
Jeelsy: posts big blind $3
*** HOLE CARDS ***
nrJitsu: raises $3 to $6
Jeelsy: calls $3
*** FLOP *** [4d Ah 4s]
Jeelsy: bets $3
nrJitsu: calls $3
*** TURN *** [4d Ah 4s] [8s]
Jeelsy: bets $6
nrJitsu: calls $6
*** RIVER *** [4d Ah 4s 8s] [Qh]
Jeelsy: bets $6
nrJitsu: folds
Uncalled bet ($6) returned to Jeelsy
Jeelsy collected $29.50 from pot
Jeelsy: doesn't show hand
*** SUMMARY ***
Total pot $30 | Rake $0.50
Board [4d Ah 4s 8s Qh]
Seat 1: nrJitsu (button) (small blind) folded on the River
Seat 2: Jeelsy (big blind) collected ($29.50)


PokerStars Hand #145459054936:  Hold'em Limit ($3/$6 USD) - 2015/12/16 18:56:14 ET
Table 'Gondola IV' 2-max Seat #2 is the button
Seat 1: nrJitsu ($174.27 in chips)
Seat 2: Jeelsy ($60.26 in chips)
Jeelsy: posts small blind $1
nrJitsu: posts big blind $3
*** HOLE CARDS ***
Jeelsy: raises $3 to $6
nrJitsu: folds
Uncalled bet ($3) returned to Jeelsy
Jeelsy collected $6 from pot
Jeelsy: doesn't show hand
*** SUMMARY ***
Total pot $6 | Rake $0
Seat 1: nrJitsu (big blind) folded before Flop
Seat 2: Jeelsy (button) (small blind) collected ($6)


PokerStars Hand #145459020680:  Hold'em Limit ($3/$6 USD) - 2015/12/16 18:55:12 ET
Table 'Gondola IV' 2-max Seat #2 is the button
Seat 1: nrJitsu ($180.77 in chips)
Seat 2: Jeelsy ($55 in chips)
Jeelsy: posts small blind $1
nrJitsu: posts big blind $3
*** HOLE CARDS ***
Jeelsy: raises $3 to $6
nrJitsu: raises $3 to $9
Jeelsy: calls $3
*** FLOP *** [4c 2h 5d]
nrJitsu: bets $3
Jeelsy: calls $3
*** TURN *** [4c 2h 5d] [Js]
nrJitsu: bets $6
Jeelsy: calls $6
*** RIVER *** [4c 2h 5d Js] [6c]
nrJitsu: bets $6
Jeelsy: folds
Uncalled bet ($6) returned to nrJitsu
nrJitsu collected $35.50 from pot
nrJitsu: doesn't show hand
*** SUMMARY ***
Total pot $36 | Rake $0.50
Board [4c 2h 5d Js 6c]
Seat 1: nrJitsu (big blind) collected ($35.50)
Seat 2: Jeelsy (button) (small blind) folded on the River


PokerStars Hand #145459063994:  Hold'em Limit ($3/$6 USD) - 2015/12/16 18:56:31 ET
Table 'Gondola IV' 2-max Seat #2 is the button
Seat 1: nrJitsu ($177.03 in chips)
Seat 2: Jeelsy ($57.26 in chips)
Jeelsy: posts small blind $1
nrJitsu: posts big blind $3
*** HOLE CARDS ***
Jeelsy: raises $3 to $6
nrJitsu: calls $3
*** FLOP *** [2c 5s Kh]
nrJitsu: checks
Jeelsy: checks
*** TURN *** [2c 5s Kh] [Kc]
nrJitsu: checks
Jeelsy: checks
*** RIVER *** [2c 5s Kh Kc] [Tc]
nrJitsu: bets $6
Jeelsy: calls $6
*** SHOW DOWN ***
nrJitsu: shows [7s 8h] (a pair of Kings)
Jeelsy: shows [Th Qd] (two pair, Kings and Tens)
Jeelsy collected $23.52 from pot
*** SUMMARY ***
Total pot $24 | Rake $0.48
Board [2c 5s Kh Kc Tc]
Seat 1: nrJitsu (big blind) showed [7s 8h] and lost with a pair of Kings
Seat 2: Jeelsy (button) (small blind) showed [Th Qd] and won ($23.52) with two pair, Kings and Tens


PokerStars Hand #145459071221:  Hold'em Limit ($3/$6 USD) - 2015/12/16 18:56:44 ET
Table 'Gondola IV' 2-max Seat #1 is the button
Seat 1: nrJitsu ($165.03 in chips)
Seat 2: Jeelsy ($68.78 in chips)
nrJitsu: posts small blind $1
Jeelsy: posts big blind $3
*** HOLE CARDS ***
nrJitsu: raises $3 to $6
Jeelsy: calls $3
*** FLOP *** [3d 5c Kd]
Jeelsy: checks
nrJitsu: bets $3
Jeelsy: calls $3
*** TURN *** [3d 5c Kd] [2d]
Jeelsy: checks
nrJitsu: bets $6
Jeelsy: calls $6
*** RIVER *** [3d 5c Kd 2d] [Kh]
Jeelsy: bets $6
nrJitsu: calls $6
*** SHOW DOWN ***
Jeelsy: shows [9h 9d] (two pair, Kings and Nines)
nrJitsu: mucks hand
Jeelsy collected $41.50 from pot
*** SUMMARY ***
Total pot $42 | Rake $0.50
Board [3d 5c Kd 2d Kh]
Seat 1: nrJitsu (button) (small blind) mucked
Seat 2: Jeelsy (big blind) showed [9h 9d] and won ($41.50) with two pair, Kings and Nines


PokerStars Hand #145459080075:  Hold'em Limit ($3/$6 USD) - 2015/12/16 18:57:00 ET
Table 'Gondola IV' 2-max Seat #2 is the button
Seat 1: nrJitsu ($144.03 in chips)
Seat 2: Jeelsy ($89.28 in chips)
Jeelsy: posts small blind $1
nrJitsu: posts big blind $3
*** HOLE CARDS ***
Jeelsy: raises $3 to $6
nrJitsu: calls $3
*** FLOP *** [2c 6c 6d]
nrJitsu: checks
Jeelsy: checks
*** TURN *** [2c 6c 6d] [Kh]
nrJitsu: bets $6
Jeelsy: folds
Uncalled bet ($6) returned to nrJitsu
nrJitsu collected $11.76 from pot
nrJitsu: doesn't show hand
*** SUMMARY ***
Total pot $12 | Rake $0.24
Board [2c 6c 6d Kh]
Seat 1: nrJitsu (big blind) collected ($11.76)
Seat 2: Jeelsy (button) (small blind) folded on the Turn


PokerStars Hand #145459086432:  Hold'em Limit ($3/$6 USD) - 2015/12/16 18:57:11 ET
Table 'Gondola IV' 2-max Seat #1 is the button
Seat 1: nrJitsu ($149.79 in chips)
Seat 2: Jeelsy ($83.28 in chips)
nrJitsu: posts small blind $1
Jeelsy: posts big blind $3
*** HOLE CARDS ***
nrJitsu: raises $3 to $6
Jeelsy: calls $3
*** FLOP *** [Js 6h Ac]
Jeelsy: checks
nrJitsu: bets $3
Jeelsy: calls $3
*** TURN *** [Js 6h Ac] [2d]
Jeelsy: checks
nrJitsu: checks
*** RIVER *** [Js 6h Ac 2d] [5c]
Jeelsy: bets $6
nrJitsu: calls $6
*** SHOW DOWN ***
Jeelsy: shows [Tc Jc] (a pair of Jacks)
nrJitsu: mucks hand
Jeelsy collected $29.50 from pot
*** SUMMARY ***
Total pot $30 | Rake $0.50
Board [Js 6h Ac 2d 5c]
Seat 1: nrJitsu (button) (small blind) mucked
Seat 2: Jeelsy (big blind) showed [Tc Jc] and won ($29.50) with a pair of Jacks


PokerStars Hand #145459058662:  Hold'em Limit ($3/$6 USD) - 2015/12/16 18:56:21 ET
Table 'Gondola IV' 2-max Seat #1 is the button
Seat 1: nrJitsu ($171.27 in chips)
Seat 2: Jeelsy ($63.26 in chips)
nrJitsu: posts small blind $1
Jeelsy: posts big blind $3
*** HOLE CARDS ***
nrJitsu: raises $3 to $6
Jeelsy: calls $3
*** FLOP *** [Ah 4c Jd]
Jeelsy: checks
nrJitsu: bets $3
Jeelsy: folds
Uncalled bet ($3) returned to nrJitsu
nrJitsu collected $11.76 from pot
nrJitsu: doesn't show hand
*** SUMMARY ***
Total pot $12 | Rake $0.24
Board [Ah 4c Jd]
Seat 1: nrJitsu (button) (small blind) collected ($11.76)
Seat 2: Jeelsy (big blind) folded on the Flop


PokerStars Hand #145459119224:  Hold'em Limit ($3/$6 USD) - 2015/12/16 18:58:10 ET
Table 'Gondola IV' 2-max Seat #2 is the button
Seat 1: nrJitsu ($154.81 in chips)
Seat 2: Jeelsy ($76.54 in chips)
Jeelsy: posts small blind $1
nrJitsu: posts big blind $3
*** HOLE CARDS ***
Jeelsy: raises $3 to $6
nrJitsu: calls $3
*** FLOP *** [6c 4c Ah]
nrJitsu: checks
Jeelsy: checks
*** TURN *** [6c 4c Ah] [3d]
nrJitsu: bets $6
Jeelsy: folds
Uncalled bet ($6) returned to nrJitsu
nrJitsu collected $11.76 from pot
nrJitsu: doesn't show hand
*** SUMMARY ***
Total pot $12 | Rake $0.24
Board [6c 4c Ah 3d]
Seat 1: nrJitsu (big blind) collected ($11.76)
Seat 2: Jeelsy (button) (small blind) folded on the Turn


PokerStars Hand #145459093634:  Hold'em Limit ($3/$6 USD) - 2015/12/16 18:57:24 ET
Table 'Gondola IV' 2-max Seat #2 is the button
Seat 1: nrJitsu ($134.79 in chips)
Seat 2: Jeelsy ($97.78 in chips)
Jeelsy: posts small blind $1
nrJitsu: posts big blind $3
*** HOLE CARDS ***
Jeelsy: raises $3 to $6
nrJitsu: calls $3
*** FLOP *** [Kd 4h Jc]
nrJitsu: checks
Jeelsy: checks
*** TURN *** [Kd 4h Jc] [9s]
nrJitsu: bets $6
Jeelsy: folds
Uncalled bet ($6) returned to nrJitsu
nrJitsu collected $11.76 from pot
nrJitsu: doesn't show hand
*** SUMMARY ***
Total pot $12 | Rake $0.24
Board [Kd 4h Jc 9s]
Seat 1: nrJitsu (big blind) collected ($11.76)
Seat 2: Jeelsy (button) (small blind) folded on the Turn


PokerStars Hand #145459098895:  Hold'em Limit ($3/$6 USD) - 2015/12/16 18:57:33 ET
Table 'Gondola IV' 2-max Seat #1 is the button
Seat 1: nrJitsu ($140.55 in chips)
Seat 2: Jeelsy ($91.78 in chips)
nrJitsu: posts small blind $1
Jeelsy: posts big blind $3
*** HOLE CARDS ***
nrJitsu: raises $3 to $6
Jeelsy: calls $3
*** FLOP *** [Td 6h Th]
Jeelsy: checks
nrJitsu: bets $3
Jeelsy: folds
Uncalled bet ($3) returned to nrJitsu
nrJitsu collected $11.76 from pot
nrJitsu: doesn't show hand
*** SUMMARY ***
Total pot $12 | Rake $0.24
Board [Td 6h Th]
Seat 1: nrJitsu (button) (small blind) collected ($11.76)
Seat 2: Jeelsy (big blind) folded on the Flop


PokerStars Hand #145459104434:  Hold'em Limit ($3/$6 USD) - 2015/12/16 18:57:43 ET
Table 'Gondola IV' 2-max Seat #2 is the button
Seat 1: nrJitsu ($146.31 in chips)
Seat 2: Jeelsy ($85.78 in chips)
Jeelsy: posts small blind $1
nrJitsu: posts big blind $3
*** HOLE CARDS ***
Jeelsy: raises $3 to $6
nrJitsu: calls $3
*** FLOP *** [Ac 4h 9d]
nrJitsu: checks
Jeelsy: bets $3
nrJitsu: folds
Uncalled bet ($3) returned to Jeelsy
Jeelsy collected $11.76 from pot
Jeelsy: doesn't show hand
*** SUMMARY ***
Total pot $12 | Rake $0.24
Board [Ac 4h 9d]
Seat 1: nrJitsu (big blind) folded on the Flop
Seat 2: Jeelsy (button) (small blind) collected ($11.76)


PokerStars Hand #145459109228:  Hold'em Limit ($3/$6 USD) - 2015/12/16 18:57:52 ET
Table 'Gondola IV' 2-max Seat #1 is the button
Seat 1: nrJitsu ($140.31 in chips)
Seat 2: Jeelsy ($91.54 in chips)
nrJitsu: posts small blind $1
Jeelsy: posts big blind $3
*** HOLE CARDS ***
nrJitsu: raises $3 to $6
Jeelsy: calls $3
*** FLOP *** [7d 4s 4h]
Jeelsy: checks
nrJitsu: bets $3
Jeelsy: calls $3
*** TURN *** [7d 4s 4h] [5s]
Jeelsy: checks
nrJitsu: bets $6
Jeelsy: calls $6
*** RIVER *** [7d 4s 4h 5s] [Ks]
Jeelsy: checks
nrJitsu: checks
*** SHOW DOWN ***
Jeelsy: shows [6s Qh] (a pair of Fours)
nrJitsu: shows [Ad Tc] (a pair of Fours - Ace kicker)
nrJitsu collected $29.50 from pot
*** SUMMARY ***
Total pot $30 | Rake $0.50
Board [7d 4s 4h 5s Ks]
Seat 1: nrJitsu (button) (small blind) showed [Ad Tc] and won ($29.50) with a pair of Fours
Seat 2: Jeelsy (big blind) showed [6s Qh] and lost with a pair of Fours


PokerStars Hand #145459124025:  Hold'em Limit ($3/$6 USD) - 2015/12/16 18:58:19 ET
Table 'Gondola IV' 2-max Seat #1 is the button
Seat 1: nrJitsu ($160.57 in chips)
Seat 2: Jeelsy ($70.54 in chips)
nrJitsu: posts small blind $1
Jeelsy: posts big blind $3
*** HOLE CARDS ***
nrJitsu: raises $3 to $6
Jeelsy: calls $3
*** FLOP *** [4c 6c 9h]
Jeelsy: bets $3
nrJitsu: calls $3
*** TURN *** [4c 6c 9h] [7h]
Jeelsy: bets $6
nrJitsu: calls $6
*** RIVER *** [4c 6c 9h 7h] [9c]
Jeelsy: bets $6
nrJitsu: calls $6
*** SHOW DOWN ***
Jeelsy: shows [Js 9d] (three of a kind, Nines)
nrJitsu: mucks hand
Jeelsy collected $41.50 from pot
*** SUMMARY ***
Total pot $42 | Rake $0.50
Board [4c 6c 9h 7h 9c]
Seat 1: nrJitsu (button) (small blind) mucked
Seat 2: Jeelsy (big blind) showed [Js 9d] and won ($41.50) with three of a kind, Nines


PokerStars Hand #145459133060:  Hold'em Limit ($3/$6 USD) - 2015/12/16 18:58:35 ET
Table 'Gondola IV' 2-max Seat #2 is the button
Seat 1: nrJitsu ($139.57 in chips)
Seat 2: Jeelsy ($91.04 in chips)
Jeelsy: posts small blind $1
nrJitsu: posts big blind $3
*** HOLE CARDS ***
Jeelsy: folds
Uncalled bet ($2) returned to nrJitsu
nrJitsu collected $2 from pot
nrJitsu: doesn't show hand
*** SUMMARY ***
Total pot $2 | Rake $0
Seat 1: nrJitsu (big blind) collected ($2)
Seat 2: Jeelsy (button) (small blind) folded before Flop


PokerStars Hand #145459135552:  Hold'em Limit ($3/$6 USD) - 2015/12/16 18:58:39 ET
Table 'Gondola IV' 2-max Seat #1 is the button
Seat 1: nrJitsu ($140.57 in chips)
Seat 2: Jeelsy ($90.04 in chips)
nrJitsu: posts small blind $1
Jeelsy: posts big blind $3
*** HOLE CARDS ***
nrJitsu: raises $3 to $6
Jeelsy: calls $3
*** FLOP *** [Qs Jh Td]
Jeelsy: bets $3
nrJitsu: raises $3 to $6
Jeelsy: calls $3
*** TURN *** [Qs Jh Td] [Kh]
Jeelsy: checks
nrJitsu: checks
*** RIVER *** [Qs Jh Td Kh] [Qc]
Jeelsy: checks
nrJitsu: checks
*** SHOW DOWN ***
Jeelsy: shows [Ks 6c] (two pair, Kings and Queens)
nrJitsu: mucks hand
Jeelsy collected $23.52 from pot
*** SUMMARY ***
Total pot $24 | Rake $0.48
Board [Qs Jh Td Kh Qc]
Seat 1: nrJitsu (button) (small blind) mucked
Seat 2: Jeelsy (big blind) showed [Ks 6c] and won ($23.52) with two pair, Kings and Queens


PokerStars Hand #145459145080:  Hold'em Limit ($3/$6 USD) - 2015/12/16 18:58:57 ET
Table 'Gondola IV' 2-max Seat #2 is the button
Seat 1: nrJitsu ($128.57 in chips)
Seat 2: Jeelsy ($101.56 in chips)
Jeelsy: posts small blind $1
nrJitsu: posts big blind $3
*** HOLE CARDS ***
Jeelsy: folds
Uncalled bet ($2) returned to nrJitsu
nrJitsu collected $2 from pot
nrJitsu: doesn't show hand
*** SUMMARY ***
Total pot $2 | Rake $0
Seat 1: nrJitsu (big blind) collected ($2)
Seat 2: Jeelsy (button) (small blind) folded before Flop


PokerStars Hand #145459147814:  Hold'em Limit ($3/$6 USD) - 2015/12/16 18:59:01 ET
Table 'Gondola IV' 2-max Seat #1 is the button
Seat 1: nrJitsu ($129.57 in chips)
Seat 2: Jeelsy ($100.56 in chips)
nrJitsu: posts small blind $1
Jeelsy: posts big blind $3
*** HOLE CARDS ***
nrJitsu: raises $3 to $6
Jeelsy: calls $3
*** FLOP *** [Qs Ad 5h]
Jeelsy: checks
nrJitsu: bets $3
Jeelsy: folds
Uncalled bet ($3) returned to nrJitsu
nrJitsu collected $11.76 from pot
nrJitsu: doesn't show hand
*** SUMMARY ***
Total pot $12 | Rake $0.24
Board [Qs Ad 5h]
Seat 1: nrJitsu (button) (small blind) collected ($11.76)
Seat 2: Jeelsy (big blind) folded on the Flop


PokerStars Hand #145459152492:  Hold'em Limit ($3/$6 USD) - 2015/12/16 18:59:10 ET
Table 'Gondola IV' 2-max Seat #2 is the button
Seat 1: nrJitsu ($135.33 in chips)
Seat 2: Jeelsy ($94.56 in chips)
Jeelsy: posts small blind $1
nrJitsu: posts big blind $3
*** HOLE CARDS ***
Jeelsy: raises $3 to $6
nrJitsu: calls $3
*** FLOP *** [8s 6d Qh]
nrJitsu: checks
Jeelsy: bets $3
nrJitsu: folds
Uncalled bet ($3) returned to Jeelsy
Jeelsy collected $11.76 from pot
Jeelsy: doesn't show hand
*** SUMMARY ***
Total pot $12 | Rake $0.24
Board [8s 6d Qh]
Seat 1: nrJitsu (big blind) folded on the Flop
Seat 2: Jeelsy (button) (small blind) collected ($11.76)


