PokerStars Hand #174271367765:  Hold'em Limit ($3/$6 USD) - 2017/08/13 5:20:30 ET
Table 'Gondola' 6-max Seat #4 is the button
Seat 1: NAUTJE1337 ($30 in chips)
Seat 4: VolkovDmitri ($137.50 in chips)
VolkovDmitri: posts small blind $1
NAUTJE1337: posts big blind $3
*** HOLE CARDS ***
VolkovDmitri: raises $3 to $6
NAUTJE1337: folds
Uncalled bet ($3) returned to VolkovDmitri
VolkovDmitri collected $6 from pot
VolkovDmitri: doesn't show hand
*** SUMMARY ***
Total pot $6 | Rake $0
Seat 1: NAUTJE1337 (big blind) folded before Flop
Seat 4: VolkovDmitri (button) (small blind) collected ($6)


PokerStars Hand #174271371266:  Hold'em Limit ($3/$6 USD) - 2017/08/13 5:20:39 ET
Table 'Gondola' 6-max Seat #1 is the button
Seat 1: NAUTJE1337 ($27 in chips)
Seat 4: VolkovDmitri ($140.50 in chips)
NAUTJE1337: posts small blind $1
VolkovDmitri: posts big blind $3
*** HOLE CARDS ***
NAUTJE1337: raises $3 to $6
VolkovDmitri: calls $3
*** FLOP *** [Ad Qs Qc]
VolkovDmitri: checks
NAUTJE1337: bets $3
VolkovDmitri: calls $3
*** TURN *** [Ad Qs Qc] [Jc]
VolkovDmitri: checks
NAUTJE1337: checks
*** RIVER *** [Ad Qs Qc Jc] [7c]
VolkovDmitri: bets $6
NAUTJE1337: folds
Uncalled bet ($6) returned to VolkovDmitri
VolkovDmitri collected $17.64 from pot
VolkovDmitri: doesn't show hand
*** SUMMARY ***
Total pot $18 | Rake $0.36
Board [Ad Qs Qc Jc 7c]
Seat 1: NAUTJE1337 (button) (small blind) folded on the River
Seat 4: VolkovDmitri (big blind) collected ($17.64)


PokerStars Hand #174271347982:  Hold'em Limit ($3/$6 USD) - 2017/08/13 5:19:37 ET
Table 'Gondola' 6-max Seat #1 is the button
Seat 1: NAUTJE1337 ($48 in chips)
Seat 4: VolkovDmitri ($120 in chips)
NAUTJE1337: posts small blind $1
VolkovDmitri: posts big blind $3
*** HOLE CARDS ***
NAUTJE1337: raises $3 to $6
VolkovDmitri: calls $3
*** FLOP *** [5d 7h Th]
VolkovDmitri: checks
NAUTJE1337: bets $3
VolkovDmitri: raises $3 to $6
NAUTJE1337: calls $3
*** TURN *** [5d 7h Th] [Jd]
VolkovDmitri: bets $6
NAUTJE1337: calls $6
*** RIVER *** [5d 7h Th Jd] [4h]
VolkovDmitri: bets $6
NAUTJE1337: folds
Uncalled bet ($6) returned to VolkovDmitri
VolkovDmitri collected $35.50 from pot
VolkovDmitri: doesn't show hand
*** SUMMARY ***
Total pot $36 | Rake $0.50
Board [5d 7h Th Jd 4h]
Seat 1: NAUTJE1337 (button) (small blind) folded on the River
Seat 4: VolkovDmitri (big blind) collected ($35.50)


PokerStars Hand #174271377500:  Hold'em Limit ($3/$6 USD) - 2017/08/13 5:20:56 ET
Table 'Gondola' 6-max Seat #4 is the button
Seat 1: NAUTJE1337 ($18 in chips)
Seat 4: VolkovDmitri ($149.14 in chips)
VolkovDmitri: posts small blind $1
NAUTJE1337: posts big blind $3
*** HOLE CARDS ***
VolkovDmitri: raises $3 to $6
NAUTJE1337: calls $3
*** FLOP *** [Qd 7s 4c]
NAUTJE1337: checks
VolkovDmitri: bets $3
NAUTJE1337: raises $3 to $6
VolkovDmitri: calls $3
*** TURN *** [Qd 7s 4c] [Ks]
NAUTJE1337: bets $6 and is all-in
VolkovDmitri: calls $6
*** RIVER *** [Qd 7s 4c Ks] [Qc]
*** SHOW DOWN ***
NAUTJE1337: shows [Qs 3c] (three of a kind, Queens)
VolkovDmitri: shows [3s 6h] (a pair of Queens)
NAUTJE1337 collected $35.50 from pot
*** SUMMARY ***
Total pot $36 | Rake $0.50
Board [Qd 7s 4c Ks Qc]
Seat 1: NAUTJE1337 (big blind) showed [Qs 3c] and won ($35.50) with three of a kind, Queens
Seat 4: VolkovDmitri (button) (small blind) showed [3s 6h] and lost with a pair of Queens


PokerStars Hand #174271389986:  Hold'em Limit ($3/$6 USD) - 2017/08/13 5:21:28 ET
Table 'Gondola' 6-max Seat #4 is the button
Seat 1: NAUTJE1337 ($34.50 in chips)
Seat 4: VolkovDmitri ($132.14 in chips)
VolkovDmitri: posts small blind $1
NAUTJE1337: posts big blind $3
*** HOLE CARDS ***
VolkovDmitri: raises $3 to $6
NAUTJE1337: folds
Uncalled bet ($3) returned to VolkovDmitri
VolkovDmitri collected $6 from pot
VolkovDmitri: doesn't show hand
*** SUMMARY ***
Total pot $6 | Rake $0
Seat 1: NAUTJE1337 (big blind) folded before Flop
Seat 4: VolkovDmitri (button) (small blind) collected ($6)


PokerStars Hand #174271384359:  Hold'em Limit ($3/$6 USD) - 2017/08/13 5:21:14 ET
Table 'Gondola' 6-max Seat #1 is the button
Seat 1: NAUTJE1337 ($35.50 in chips)
Seat 4: VolkovDmitri ($131.14 in chips)
NAUTJE1337: posts small blind $1
VolkovDmitri: posts big blind $3
*** HOLE CARDS ***
NAUTJE1337: folds
Uncalled bet ($2) returned to VolkovDmitri
VolkovDmitri collected $2 from pot
VolkovDmitri: doesn't show hand
*** SUMMARY ***
Total pot $2 | Rake $0
Seat 1: NAUTJE1337 (button) (small blind) folded before Flop
Seat 4: VolkovDmitri (big blind) collected ($2)


PokerStars Hand #174271392400:  Hold'em Limit ($3/$6 USD) - 2017/08/13 5:21:35 ET
Table 'Gondola' 6-max Seat #1 is the button
Seat 1: NAUTJE1337 ($31.50 in chips)
Seat 4: VolkovDmitri ($135.14 in chips)
NAUTJE1337: posts small blind $1
VolkovDmitri: posts big blind $3
*** HOLE CARDS ***
NAUTJE1337: raises $3 to $6
VolkovDmitri: calls $3
*** FLOP *** [7c 8d 9d]
VolkovDmitri: checks
NAUTJE1337: bets $3
VolkovDmitri: calls $3
*** TURN *** [7c 8d 9d] [Qc]
VolkovDmitri: checks
NAUTJE1337: bets $6
VolkovDmitri: calls $6
*** RIVER *** [7c 8d 9d Qc] [Qd]
VolkovDmitri: checks
NAUTJE1337: bets $6
VolkovDmitri: folds
Uncalled bet ($6) returned to NAUTJE1337
NAUTJE1337 collected $29.50 from pot
NAUTJE1337: doesn't show hand
*** SUMMARY ***
Total pot $30 | Rake $0.50
Board [7c 8d 9d Qc Qd]
Seat 1: NAUTJE1337 (button) (small blind) collected ($29.50)
Seat 4: VolkovDmitri (big blind) folded on the River


PokerStars Hand #174271421364:  Hold'em Limit ($3/$6 USD) - 2017/08/13 5:22:51 ET
Table 'Gondola' 6-max Seat #4 is the button
Seat 1: NAUTJE1337 ($18 in chips)
Seat 4: VolkovDmitri ($147.64 in chips)
VolkovDmitri: posts small blind $1
NAUTJE1337: posts big blind $3
*** HOLE CARDS ***
VolkovDmitri: raises $3 to $6
NAUTJE1337: calls $3
*** FLOP *** [Qh 5c 8h]
NAUTJE1337: checks
VolkovDmitri: bets $3
NAUTJE1337: calls $3
*** TURN *** [Qh 5c 8h] [Qd]
NAUTJE1337: bets $6
VolkovDmitri: raises $6 to $12
NAUTJE1337: calls $3 and is all-in
Uncalled bet ($3) returned to VolkovDmitri
*** RIVER *** [Qh 5c 8h Qd] [5s]
*** SHOW DOWN ***
NAUTJE1337: shows [Ks 7h] (two pair, Queens and Fives)
VolkovDmitri: shows [8s Ad] (two pair, Queens and Eights)
VolkovDmitri collected $35.50 from pot
*** SUMMARY ***
Total pot $36 | Rake $0.50
Board [Qh 5c 8h Qd 5s]
Seat 1: NAUTJE1337 (big blind) showed [Ks 7h] and lost with two pair, Queens and Fives
Seat 4: VolkovDmitri (button) (small blind) showed [8s Ad] and won ($35.50) with two pair, Queens and Eights


PokerStars Hand #174271419549:  Hold'em Limit ($3/$6 USD) - 2017/08/13 5:22:46 ET
Table 'Gondola' 6-max Seat #1 is the button
Seat 1: NAUTJE1337 ($19 in chips)
Seat 4: VolkovDmitri ($146.64 in chips)
NAUTJE1337: posts small blind $1
VolkovDmitri: posts big blind $3
*** HOLE CARDS ***
NAUTJE1337: folds
Uncalled bet ($2) returned to VolkovDmitri
VolkovDmitri collected $2 from pot
VolkovDmitri: doesn't show hand
*** SUMMARY ***
Total pot $2 | Rake $0
Seat 1: NAUTJE1337 (button) (small blind) folded before Flop
Seat 4: VolkovDmitri (big blind) collected ($2)


PokerStars Hand #174271401352:  Hold'em Limit ($3/$6 USD) - 2017/08/13 5:21:58 ET
Table 'Gondola' 6-max Seat #4 is the button
Seat 1: NAUTJE1337 ($46 in chips)
Seat 4: VolkovDmitri ($120.14 in chips)
VolkovDmitri: posts small blind $1
NAUTJE1337: posts big blind $3
*** HOLE CARDS ***
VolkovDmitri: raises $3 to $6
NAUTJE1337: calls $3
*** FLOP *** [4c 3c 3h]
NAUTJE1337: checks
VolkovDmitri: bets $3
NAUTJE1337: calls $3
*** TURN *** [4c 3c 3h] [Qc]
NAUTJE1337: checks
VolkovDmitri: bets $6
NAUTJE1337: raises $6 to $12
VolkovDmitri: calls $6
*** RIVER *** [4c 3c 3h Qc] [Ad]
NAUTJE1337: bets $6
VolkovDmitri: calls $6
*** SHOW DOWN ***
NAUTJE1337: shows [Qd 5d] (two pair, Queens and Threes)
VolkovDmitri: shows [Jd Ac] (two pair, Aces and Threes)
VolkovDmitri collected $53.50 from pot
*** SUMMARY ***
Total pot $54 | Rake $0.50
Board [4c 3c 3h Qc Ad]
Seat 1: NAUTJE1337 (big blind) showed [Qd 5d] and lost with two pair, Queens and Threes
Seat 4: VolkovDmitri (button) (small blind) showed [Jd Ac] and won ($53.50) with two pair, Aces and Threes


PokerStars Hand #174271433386:  Hold'em Limit ($3/$6 USD) - 2017/08/13 5:23:22 ET
Table 'Gondola' 6-max Seat #1 is the button
Seat 1: NAUTJE1337 ($48 in chips)
Seat 4: VolkovDmitri ($165.14 in chips)
NAUTJE1337: posts small blind $1
VolkovDmitri: posts big blind $3
*** HOLE CARDS ***
NAUTJE1337: calls $2
VolkovDmitri: raises $3 to $6
NAUTJE1337: calls $3
*** FLOP *** [9d 8d 4c]
VolkovDmitri: bets $3
NAUTJE1337: calls $3
*** TURN *** [9d 8d 4c] [Qs]
VolkovDmitri: checks
NAUTJE1337: bets $6
VolkovDmitri: calls $6
*** RIVER *** [9d 8d 4c Qs] [Jd]
VolkovDmitri: checks
NAUTJE1337: bets $6
VolkovDmitri: folds
Uncalled bet ($6) returned to NAUTJE1337
NAUTJE1337 collected $29.50 from pot
NAUTJE1337: doesn't show hand
*** SUMMARY ***
Total pot $30 | Rake $0.50
Board [9d 8d 4c Qs Jd]
Seat 1: NAUTJE1337 (button) (small blind) collected ($29.50)
Seat 4: VolkovDmitri (big blind) folded on the River


PokerStars Hand #174271452000:  Hold'em Limit ($3/$6 USD) - 2017/08/13 5:24:11 ET
Table 'Gondola' 6-max Seat #4 is the button
Seat 1: NAUTJE1337 ($62.50 in chips)
Seat 4: VolkovDmitri ($150.14 in chips)
VolkovDmitri: posts small blind $1
NAUTJE1337: posts big blind $3
*** HOLE CARDS ***
VolkovDmitri: raises $3 to $6
NAUTJE1337: calls $3
*** FLOP *** [3s 4d 2d]
NAUTJE1337: checks
VolkovDmitri: bets $3
NAUTJE1337: raises $3 to $6
VolkovDmitri: calls $3
*** TURN *** [3s 4d 2d] [Td]
NAUTJE1337: bets $6
VolkovDmitri: calls $6
*** RIVER *** [3s 4d 2d Td] [9d]
NAUTJE1337: bets $6
VolkovDmitri: calls $6
*** SHOW DOWN ***
NAUTJE1337: shows [7d 4s] (a flush, Ten high)
VolkovDmitri: mucks hand
NAUTJE1337 collected $47.50 from pot
*** SUMMARY ***
Total pot $48 | Rake $0.50
Board [3s 4d 2d Td 9d]
Seat 1: NAUTJE1337 (big blind) showed [7d 4s] and won ($47.50) with a flush, Ten high
Seat 4: VolkovDmitri (button) (small blind) mucked


PokerStars Hand #174271465758:  Hold'em Limit ($3/$6 USD) - 2017/08/13 5:24:47 ET
Table 'Gondola' 6-max Seat #1 is the button
Seat 1: NAUTJE1337 ($86 in chips)
Seat 4: VolkovDmitri ($126.14 in chips)
NAUTJE1337: posts small blind $1
VolkovDmitri: posts big blind $3
*** HOLE CARDS ***
NAUTJE1337: raises $3 to $6
VolkovDmitri: calls $3
*** FLOP *** [9c Tc Ad]
VolkovDmitri: checks
NAUTJE1337: bets $3
VolkovDmitri: calls $3
*** TURN *** [9c Tc Ad] [As]
VolkovDmitri: checks
NAUTJE1337: bets $6
VolkovDmitri: calls $6
*** RIVER *** [9c Tc Ad As] [4d]
VolkovDmitri: checks
NAUTJE1337: bets $6
VolkovDmitri: calls $6
*** SHOW DOWN ***
NAUTJE1337: shows [Kd Td] (two pair, Aces and Tens)
VolkovDmitri: mucks hand
NAUTJE1337 collected $41.50 from pot
*** SUMMARY ***
Total pot $42 | Rake $0.50
Board [9c Tc Ad As 4d]
Seat 1: NAUTJE1337 (button) (small blind) showed [Kd Td] and won ($41.50) with two pair, Aces and Tens
Seat 4: VolkovDmitri (big blind) mucked


