PokerStars Hand #148710669469:  Hold'em Limit ($3/$6 USD) - 2016/02/12 23:47:06 ET
Table 'Gonnessia' 6-max Seat #6 is the button
Seat 3: old_col ($231.50 in chips)
Seat 6: kr.poker8029 ($302.04 in chips)
kr.poker8029: posts small blind $1
old_col: posts big blind $3
*** HOLE CARDS ***
kr.poker8029: raises $3 to $6
old_col: calls $3
*** FLOP *** [8s 5d 9h]
old_col: checks
kr.poker8029: checks
*** TURN *** [8s 5d 9h] [Ts]
old_col: checks
kr.poker8029: bets $6
old_col: calls $6
*** RIVER *** [8s 5d 9h Ts] [5h]
old_col: checks
kr.poker8029: checks
*** SHOW DOWN ***
old_col: shows [3c 7h] (a pair of Fives)
kr.poker8029: shows [2c Ad] (a pair of Fives - Ace kicker)
kr.poker8029 collected $23.52 from pot
*** SUMMARY ***
Total pot $24 | Rake $0.48
Board [8s 5d 9h Ts 5h]
Seat 3: old_col (big blind) showed [3c 7h] and lost with a pair of Fives
Seat 6: kr.poker8029 (button) (small blind) showed [2c Ad] and won ($23.52) with a pair of Fives


PokerStars Hand #148710690128:  Hold'em Limit ($3/$6 USD) - 2016/02/12 23:48:08 ET
Table 'Gonnessia' 6-max Seat #3 is the button
Seat 3: old_col ($235 in chips)
Seat 6: kr.poker8029 ($297.56 in chips)
old_col: posts small blind $1
kr.poker8029: posts big blind $3
*** HOLE CARDS ***
old_col: calls $2
kr.poker8029: checks
*** FLOP *** [6h 5s Kc]
kr.poker8029: bets $3
old_col: folds
Uncalled bet ($3) returned to kr.poker8029
kr.poker8029 collected $5.88 from pot
*** SUMMARY ***
Total pot $6 | Rake $0.12
Board [6h 5s Kc]
Seat 3: old_col (button) (small blind) folded on the Flop
Seat 6: kr.poker8029 (big blind) collected ($5.88)


PokerStars Hand #148710688284:  Hold'em Limit ($3/$6 USD) - 2016/02/12 23:48:03 ET
Table 'Gonnessia' 6-max Seat #6 is the button
Seat 3: old_col ($234 in chips)
Seat 6: kr.poker8029 ($298.56 in chips)
kr.poker8029: posts small blind $1
old_col: posts big blind $3
*** HOLE CARDS ***
kr.poker8029: folds
Uncalled bet ($2) returned to old_col
old_col collected $2 from pot
old_col: doesn't show hand
*** SUMMARY ***
Total pot $2 | Rake $0
Seat 3: old_col (big blind) collected ($2)
Seat 6: kr.poker8029 (button) (small blind) folded before Flop


PokerStars Hand #148710680540:  Hold'em Limit ($3/$6 USD) - 2016/02/12 23:47:39 ET
Table 'Gonnessia' 6-max Seat #3 is the button
Seat 3: old_col ($219.50 in chips)
Seat 6: kr.poker8029 ($313.56 in chips)
old_col: posts small blind $1
kr.poker8029: posts big blind $3
*** HOLE CARDS ***
old_col: calls $2
kr.poker8029: raises $3 to $6
old_col: calls $3
*** FLOP *** [6d Td 2c]
kr.poker8029: bets $3
old_col: calls $3
*** TURN *** [6d Td 2c] [5s]
kr.poker8029: checks
old_col: bets $6
kr.poker8029: calls $6
*** RIVER *** [6d Td 2c 5s] [Kd]
kr.poker8029: checks
old_col: checks
*** SHOW DOWN ***
kr.poker8029: shows [Qs As] (high card Ace)
old_col: shows [4d 6h] (a pair of Sixes)
old_col collected $29.50 from pot
*** SUMMARY ***
Total pot $30 | Rake $0.50
Board [6d Td 2c 5s Kd]
Seat 3: old_col (button) (small blind) showed [4d 6h] and won ($29.50) with a pair of Sixes
Seat 6: kr.poker8029 (big blind) showed [Qs As] and lost with high card Ace


PokerStars Hand #148710696144:  Hold'em Limit ($3/$6 USD) - 2016/02/12 23:48:26 ET
Table 'Gonnessia' 6-max Seat #3 is the button
Seat 3: old_col ($233 in chips)
Seat 6: kr.poker8029 ($299.44 in chips)
old_col: posts small blind $1
kr.poker8029: posts big blind $3
*** HOLE CARDS ***
old_col: folds
Uncalled bet ($2) returned to kr.poker8029
kr.poker8029 collected $2 from pot
*** SUMMARY ***
Total pot $2 | Rake $0
Seat 3: old_col (button) (small blind) folded before Flop
Seat 6: kr.poker8029 (big blind) collected ($2)


PokerStars Hand #148710694256:  Hold'em Limit ($3/$6 USD) - 2016/02/12 23:48:21 ET
Table 'Gonnessia' 6-max Seat #6 is the button
Seat 3: old_col ($232 in chips)
Seat 6: kr.poker8029 ($300.44 in chips)
kr.poker8029: posts small blind $1
old_col: posts big blind $3
*** HOLE CARDS ***
kr.poker8029: folds
Uncalled bet ($2) returned to old_col
old_col collected $2 from pot
old_col: doesn't show hand
*** SUMMARY ***
Total pot $2 | Rake $0
Seat 3: old_col (big blind) collected ($2)
Seat 6: kr.poker8029 (button) (small blind) folded before Flop


PokerStars Hand #148710708098:  Hold'em Limit ($3/$6 USD) - 2016/02/12 23:49:03 ET
Table 'Gonnessia' 6-max Seat #6 is the button
Seat 3: old_col ($229 in chips)
Seat 6: kr.poker8029 ($303.20 in chips)
kr.poker8029: posts small blind $1
old_col: posts big blind $3
*** HOLE CARDS ***
kr.poker8029: raises $3 to $6
old_col: calls $3
*** FLOP *** [3s 3h 7c]
old_col: checks
kr.poker8029: checks
*** TURN *** [3s 3h 7c] [9c]
old_col: checks
kr.poker8029: checks
*** RIVER *** [3s 3h 7c 9c] [Jd]
old_col: checks
kr.poker8029: bets $6
old_col: calls $6
*** SHOW DOWN ***
kr.poker8029: shows [Js Th] (two pair, Jacks and Threes)
old_col: mucks hand
kr.poker8029 collected $23.52 from pot
*** SUMMARY ***
Total pot $24 | Rake $0.48
Board [3s 3h 7c 9c Jd]
Seat 3: old_col (big blind) mucked
Seat 6: kr.poker8029 (button) (small blind) showed [Js Th] and won ($23.52) with two pair, Jacks and Threes


PokerStars Hand #148710705125:  Hold'em Limit ($3/$6 USD) - 2016/02/12 23:48:54 ET
Table 'Gonnessia' 6-max Seat #3 is the button
Seat 3: old_col ($226 in chips)
Seat 6: kr.poker8029 ($306.20 in chips)
old_col: posts small blind $1
kr.poker8029: posts big blind $3
*** HOLE CARDS ***
old_col: raises $3 to $6
kr.poker8029: folds
Uncalled bet ($3) returned to old_col
old_col collected $6 from pot
old_col: doesn't show hand
*** SUMMARY ***
Total pot $6 | Rake $0
Seat 3: old_col (button) (small blind) collected ($6)
Seat 6: kr.poker8029 (big blind) folded before Flop


PokerStars Hand #148710698363:  Hold'em Limit ($3/$6 USD) - 2016/02/12 23:48:33 ET
Table 'Gonnessia' 6-max Seat #6 is the button
Seat 3: old_col ($232 in chips)
Seat 6: kr.poker8029 ($300.44 in chips)
kr.poker8029: posts small blind $1
old_col: posts big blind $3
*** HOLE CARDS ***
kr.poker8029: raises $3 to $6
old_col: calls $3
*** FLOP *** [Qs 2h 6c]
old_col: checks
kr.poker8029: bets $3
old_col: folds
Uncalled bet ($3) returned to kr.poker8029
kr.poker8029 collected $11.76 from pot
*** SUMMARY ***
Total pot $12 | Rake $0.24
Board [Qs 2h 6c]
Seat 3: old_col (big blind) folded on the Flop
Seat 6: kr.poker8029 (button) (small blind) collected ($11.76)


PokerStars Hand #148710716856:  Hold'em Limit ($3/$6 USD) - 2016/02/12 23:49:29 ET
Table 'Gonnessia' 6-max Seat #3 is the button
Seat 3: old_col ($217 in chips)
Seat 6: kr.poker8029 ($314.72 in chips)
old_col: posts small blind $1
kr.poker8029: posts big blind $3
*** HOLE CARDS ***
old_col: raises $3 to $6
kr.poker8029: calls $3
*** FLOP *** [Qs Ks Th]
kr.poker8029: checks
old_col: bets $3
kr.poker8029: calls $3
*** TURN *** [Qs Ks Th] [5d]
kr.poker8029: checks
old_col: checks
*** RIVER *** [Qs Ks Th 5d] [3s]
kr.poker8029: bets $6
old_col: folds
Uncalled bet ($6) returned to kr.poker8029
kr.poker8029 collected $17.64 from pot
*** SUMMARY ***
Total pot $18 | Rake $0.36
Board [Qs Ks Th 5d 3s]
Seat 3: old_col (button) (small blind) folded on the River
Seat 6: kr.poker8029 (big blind) collected ($17.64)


PokerStars Hand #148710723083:  Hold'em Limit ($3/$6 USD) - 2016/02/12 23:49:48 ET
Table 'Gonnessia' 6-max Seat #6 is the button
Seat 3: old_col ($208 in chips)
Seat 6: kr.poker8029 ($323.36 in chips)
kr.poker8029: posts small blind $1
old_col: posts big blind $3
*** HOLE CARDS ***
kr.poker8029: raises $3 to $6
old_col: raises $3 to $9
kr.poker8029: calls $3
*** FLOP *** [6d 9d 4d]
old_col: bets $3
kr.poker8029: calls $3
*** TURN *** [6d 9d 4d] [4s]
old_col: bets $6
kr.poker8029: calls $6
*** RIVER *** [6d 9d 4d 4s] [Qh]
old_col: bets $6
kr.poker8029: calls $6
*** SHOW DOWN ***
old_col: shows [Qc Qs] (a full house, Queens full of Fours)
kr.poker8029: mucks hand
old_col collected $47.50 from pot
*** SUMMARY ***
Total pot $48 | Rake $0.50
Board [6d 9d 4d 4s Qh]
Seat 3: old_col (big blind) showed [Qc Qs] and won ($47.50) with a full house, Queens full of Fours
Seat 6: kr.poker8029 (button) (small blind) mucked


PokerStars Hand #148710746125:  Hold'em Limit ($3/$6 USD) - 2016/02/12 23:50:59 ET
Table 'Gonnessia' 6-max Seat #3 is the button
Seat 3: old_col ($228.14 in chips)
Seat 6: kr.poker8029 ($301.88 in chips)
old_col: posts small blind $1
kr.poker8029: posts big blind $3
*** HOLE CARDS ***
old_col: raises $3 to $6
kr.poker8029: calls $3
*** FLOP *** [Ac Ks 9h]
kr.poker8029: checks
old_col: bets $3
kr.poker8029: calls $3
*** TURN *** [Ac Ks 9h] [Kh]
kr.poker8029: checks
old_col: bets $6
kr.poker8029: raises $6 to $12
old_col: calls $6
*** RIVER *** [Ac Ks 9h Kh] [7c]
kr.poker8029: checks
old_col: bets $6
kr.poker8029: folds
Uncalled bet ($6) returned to old_col
old_col collected $41.50 from pot
old_col: doesn't show hand
*** SUMMARY ***
Total pot $42 | Rake $0.50
Board [Ac Ks 9h Kh 7c]
Seat 3: old_col (button) (small blind) collected ($41.50)
Seat 6: kr.poker8029 (big blind) folded on the River


PokerStars Hand #148710737740:  Hold'em Limit ($3/$6 USD) - 2016/02/12 23:50:33 ET
Table 'Gonnessia' 6-max Seat #6 is the button
Seat 3: old_col ($219.50 in chips)
Seat 6: kr.poker8029 ($310.88 in chips)
kr.poker8029: posts small blind $1
old_col: posts big blind $3
*** HOLE CARDS ***
playergains joins the table at seat #1
kr.poker8029: raises $3 to $6
old_col: raises $3 to $9
kr.poker8029: calls $3
*** FLOP *** [As Qc 9s]
old_col: bets $3
kr.poker8029: folds
Uncalled bet ($3) returned to old_col
old_col collected $17.64 from pot
old_col: doesn't show hand
*** SUMMARY ***
Total pot $18 | Rake $0.36
Board [As Qc 9s]
Seat 3: old_col (big blind) collected ($17.64)
Seat 6: kr.poker8029 (button) (small blind) folded on the Flop


PokerStars Hand #148710812037:  Hold'em Limit ($3/$6 USD) - 2016/02/12 23:54:23 ET
Table 'Gonnessia' 6-max Seat #3 is the button
Seat 3: old_col ($281.52 in chips)
Seat 6: kr.poker8029 ($295.36 in chips)
old_col: posts small blind $1
kr.poker8029: posts big blind $3
*** HOLE CARDS ***
old_col: raises $3 to $6
kr.poker8029: calls $3
*** FLOP *** [9s Qh 7c]
kr.poker8029: checks
old_col: bets $3
kr.poker8029: calls $3
*** TURN *** [9s Qh 7c] [6h]
kr.poker8029: checks
old_col: checks
*** RIVER *** [9s Qh 7c 6h] [8d]
kr.poker8029: bets $6
old_col: calls $6
*** SHOW DOWN ***
kr.poker8029: shows [Kd 7s] (a pair of Sevens)
old_col: mucks hand
kr.poker8029 collected $29.50 from pot
*** SUMMARY ***
Total pot $30 | Rake $0.50
Board [9s Qh 7c 6h 8d]
Seat 3: old_col (button) (small blind) mucked
Seat 6: kr.poker8029 (big blind) showed [Kd 7s] and won ($29.50) with a pair of Sevens


PokerStars Hand #148710819353:  Hold'em Limit ($3/$6 USD) - 2016/02/12 23:54:45 ET
Table 'Gonnessia' 6-max Seat #6 is the button
Seat 3: old_col ($266.52 in chips)
Seat 6: kr.poker8029 ($309.86 in chips)
kr.poker8029: posts small blind $1
old_col: posts big blind $3
*** HOLE CARDS ***
kr.poker8029: raises $3 to $6
old_col: calls $3
*** FLOP *** [2s Jc 9c]
old_col: checks
kr.poker8029: bets $3
old_col: calls $3
*** TURN *** [2s Jc 9c] [Js]
old_col: checks
kr.poker8029: checks
*** RIVER *** [2s Jc 9c Js] [Jh]
old_col: bets $6
kr.poker8029: folds
Uncalled bet ($6) returned to old_col
old_col collected $17.64 from pot
old_col: doesn't show hand
*** SUMMARY ***
Total pot $18 | Rake $0.36
Board [2s Jc 9c Js Jh]
Seat 3: old_col (big blind) collected ($17.64)
Seat 6: kr.poker8029 (button) (small blind) folded on the River


PokerStars Hand #148710835149:  Hold'em Limit ($3/$6 USD) - 2016/02/12 23:55:38 ET
Table 'Gonnessia' 6-max Seat #6 is the button
Seat 3: old_col ($251.16 in chips)
Seat 6: kr.poker8029 ($324.36 in chips)
kr.poker8029: posts small blind $1
old_col: posts big blind $3
*** HOLE CARDS ***
kr.poker8029: folds
Uncalled bet ($2) returned to old_col
old_col collected $2 from pot
old_col: doesn't show hand
*** SUMMARY ***
Total pot $2 | Rake $0
Seat 3: old_col (big blind) collected ($2)
Seat 6: kr.poker8029 (button) (small blind) folded before Flop


PokerStars Hand #148710826925:  Hold'em Limit ($3/$6 USD) - 2016/02/12 23:55:09 ET
Table 'Gonnessia' 6-max Seat #3 is the button
Seat 3: old_col ($275.16 in chips)
Seat 6: kr.poker8029 ($300.86 in chips)
old_col: posts small blind $1
kr.poker8029: posts big blind $3
*** HOLE CARDS ***
old_col: raises $3 to $6
kr.poker8029: calls $3
*** FLOP *** [3c Td Jc]
kr.poker8029: checks
old_col: bets $3
kr.poker8029: raises $3 to $6
old_col: calls $3
*** TURN *** [3c Td Jc] [7d]
kr.poker8029: bets $6
old_col: calls $6
*** RIVER *** [3c Td Jc 7d] [6s]
kr.poker8029: bets $6
old_col: calls $6
*** SHOW DOWN ***
kr.poker8029: shows [Jd Ks] (a pair of Jacks)
old_col: mucks hand
kr.poker8029 collected $47.50 from pot
*** SUMMARY ***
Total pot $48 | Rake $0.50
Board [3c Td Jc 7d 6s]
Seat 3: old_col (button) (small blind) mucked
Seat 6: kr.poker8029 (big blind) showed [Jd Ks] and won ($47.50) with a pair of Jacks


PokerStars Hand #148710836560:  Hold'em Limit ($3/$6 USD) - 2016/02/12 23:55:43 ET
Table 'Gonnessia' 6-max Seat #3 is the button
Seat 3: old_col ($252.16 in chips)
Seat 6: kr.poker8029 ($323.36 in chips)
old_col: posts small blind $1
kr.poker8029: posts big blind $3
*** HOLE CARDS ***
old_col: raises $3 to $6
kr.poker8029: calls $3
*** FLOP *** [4c 7h 4d]
kr.poker8029: checks
old_col: bets $3
kr.poker8029: raises $3 to $6
old_col: calls $3
*** TURN *** [4c 7h 4d] [2d]
kr.poker8029: bets $6
old_col: calls $6
*** RIVER *** [4c 7h 4d 2d] [5h]
kr.poker8029: bets $6
old_col: raises $6 to $12
kr.poker8029: calls $6
*** SHOW DOWN ***
old_col: shows [Ad 3d] (a straight, Ace to Five)
kr.poker8029: mucks hand
old_col collected $59.50 from pot
*** SUMMARY ***
Total pot $60 | Rake $0.50
Board [4c 7h 4d 2d 5h]
Seat 3: old_col (button) (small blind) showed [Ad 3d] and won ($59.50) with a straight, Ace to Five
Seat 6: kr.poker8029 (big blind) mucked


PokerStars Hand #148710842721:  Hold'em Limit ($3/$6 USD) - 2016/02/12 23:56:05 ET
Table 'Gonnessia' 6-max Seat #6 is the button
Seat 3: old_col ($281.66 in chips)
Seat 6: kr.poker8029 ($293.36 in chips)
kr.poker8029: posts small blind $1
old_col: posts big blind $3
*** HOLE CARDS ***
kr.poker8029: raises $3 to $6
old_col: calls $3
*** FLOP *** [Ts 6h 9d]
old_col: checks
kr.poker8029: checks
*** TURN *** [Ts 6h 9d] [7c]
old_col: bets $6
kr.poker8029: raises $6 to $12
old_col: calls $6
*** RIVER *** [Ts 6h 9d 7c] [Jc]
old_col: checks
kr.poker8029: bets $6
old_col: calls $6
*** SHOW DOWN ***
kr.poker8029: shows [8h Kd] (a straight, Seven to Jack)
old_col: mucks hand
kr.poker8029 collected $47.50 from pot
*** SUMMARY ***
Total pot $48 | Rake $0.50
Board [Ts 6h 9d 7c Jc]
Seat 3: old_col (big blind) mucked
Seat 6: kr.poker8029 (button) (small blind) showed [8h Kd] and won ($47.50) with a straight, Seven to Jack


PokerStars Hand #148710849349:  Hold'em Limit ($3/$6 USD) - 2016/02/12 23:56:29 ET
Table 'Gonnessia' 6-max Seat #3 is the button
Seat 3: old_col ($257.66 in chips)
Seat 6: kr.poker8029 ($316.86 in chips)
old_col: posts small blind $1
kr.poker8029: posts big blind $3
*** HOLE CARDS ***
old_col: calls $2
kr.poker8029: checks
*** FLOP *** [3h Qc Jd]
kr.poker8029: checks
old_col: bets $3
kr.poker8029: folds
Uncalled bet ($3) returned to old_col
old_col collected $5.88 from pot
old_col: doesn't show hand
*** SUMMARY ***
Total pot $6 | Rake $0.12
Board [3h Qc Jd]
Seat 3: old_col (button) (small blind) collected ($5.88)
Seat 6: kr.poker8029 (big blind) folded on the Flop


PokerStars Hand #148710852742:  Hold'em Limit ($3/$6 USD) - 2016/02/12 23:56:41 ET
Table 'Gonnessia' 6-max Seat #6 is the button
Seat 3: old_col ($260.54 in chips)
Seat 6: kr.poker8029 ($313.86 in chips)
kr.poker8029: posts small blind $1
old_col: posts big blind $3
*** HOLE CARDS ***
kr.poker8029: folds
Uncalled bet ($2) returned to old_col
old_col collected $2 from pot
old_col: doesn't show hand
*** SUMMARY ***
Total pot $2 | Rake $0
Seat 3: old_col (big blind) collected ($2)
Seat 6: kr.poker8029 (button) (small blind) folded before Flop


PokerStars Hand #148710858618:  Hold'em Limit ($3/$6 USD) - 2016/02/12 23:57:02 ET
Table 'Gonnessia' 6-max Seat #6 is the button
Seat 3: old_col ($258.54 in chips)
Seat 6: kr.poker8029 ($315.74 in chips)
kr.poker8029: posts small blind $1
old_col: posts big blind $3
*** HOLE CARDS ***
kr.poker8029: calls $2
old_col: checks
*** FLOP *** [Tc Jh 6s]
old_col: checks
kr.poker8029: bets $3
old_col: folds
Uncalled bet ($3) returned to kr.poker8029
kr.poker8029 collected $5.88 from pot
*** SUMMARY ***
Total pot $6 | Rake $0.12
Board [Tc Jh 6s]
Seat 3: old_col (big blind) folded on the Flop
Seat 6: kr.poker8029 (button) (small blind) collected ($5.88)


PokerStars Hand #148710862829:  Hold'em Limit ($3/$6 USD) - 2016/02/12 23:57:17 ET
Table 'Gonnessia' 6-max Seat #3 is the button
Seat 3: old_col ($255.54 in chips)
Seat 6: kr.poker8029 ($318.62 in chips)
old_col: posts small blind $1
kr.poker8029: posts big blind $3
*** HOLE CARDS ***
old_col: raises $3 to $6
kr.poker8029: calls $3
*** FLOP *** [Tc 2d 7d]
kr.poker8029: checks
old_col: bets $3
kr.poker8029: calls $3
*** TURN *** [Tc 2d 7d] [8h]
kr.poker8029: checks
old_col: bets $6
kr.poker8029: calls $6
*** RIVER *** [Tc 2d 7d 8h] [Jh]
kr.poker8029: checks
old_col: checks
*** SHOW DOWN ***
kr.poker8029: shows [Kc 2s] (a pair of Deuces)
old_col: mucks hand
kr.poker8029 collected $29.50 from pot
*** SUMMARY ***
Total pot $30 | Rake $0.50
Board [Tc 2d 7d 8h Jh]
Seat 3: old_col (button) (small blind) mucked
Seat 6: kr.poker8029 (big blind) showed [Kc 2s] and won ($29.50) with a pair of Deuces


PokerStars Hand #148710854110:  Hold'em Limit ($3/$6 USD) - 2016/02/12 23:56:46 ET
Table 'Gonnessia' 6-max Seat #3 is the button
Seat 3: old_col ($261.54 in chips)
Seat 6: kr.poker8029 ($312.86 in chips)
old_col: posts small blind $1
kr.poker8029: posts big blind $3
*** HOLE CARDS ***
old_col: calls $2
kr.poker8029: checks
*** FLOP *** [Ks 7s Kc]
kr.poker8029: bets $3
old_col: folds
Uncalled bet ($3) returned to kr.poker8029
kr.poker8029 collected $5.88 from pot
*** SUMMARY ***
Total pot $6 | Rake $0.12
Board [Ks 7s Kc]
Seat 3: old_col (button) (small blind) folded on the Flop
Seat 6: kr.poker8029 (big blind) collected ($5.88)


PokerStars Hand #148710870658:  Hold'em Limit ($3/$6 USD) - 2016/02/12 23:57:45 ET
Table 'Gonnessia' 6-max Seat #6 is the button
Seat 3: old_col ($240.54 in chips)
Seat 6: kr.poker8029 ($333.12 in chips)
kr.poker8029: posts small blind $1
old_col: posts big blind $3
*** HOLE CARDS ***
kr.poker8029: raises $3 to $6
old_col: calls $3
*** FLOP *** [8c 7s Th]
old_col: checks
kr.poker8029: bets $3
old_col: calls $3
*** TURN *** [8c 7s Th] [2s]
old_col: checks
kr.poker8029: bets $6
old_col: raises $6 to $12
kr.poker8029: calls $6
*** RIVER *** [8c 7s Th 2s] [4s]
old_col: bets $6
kr.poker8029: calls $6
*** SHOW DOWN ***
old_col: shows [Jd 9h] (a straight, Seven to Jack)
kr.poker8029: mucks hand
old_col collected $53.50 from pot
*** SUMMARY ***
Total pot $54 | Rake $0.50
Board [8c 7s Th 2s 4s]
Seat 3: old_col (big blind) showed [Jd 9h] and won ($53.50) with a straight, Seven to Jack
Seat 6: kr.poker8029 (button) (small blind) mucked


PokerStars Hand #148710880419:  Hold'em Limit ($3/$6 USD) - 2016/02/12 23:58:10 ET
Table 'Gonnessia' 6-max Seat #3 is the button
Seat 3: old_col ($267.04 in chips)
Seat 6: kr.poker8029 ($306.12 in chips)
old_col: posts small blind $1
kr.poker8029: posts big blind $3
*** HOLE CARDS ***
old_col: raises $3 to $6
kr.poker8029: calls $3
*** FLOP *** [4s 9s Ks]
kr.poker8029: checks
old_col: checks
*** TURN *** [4s 9s Ks] [8d]
kr.poker8029: bets $6
old_col: folds
Uncalled bet ($6) returned to kr.poker8029
kr.poker8029 collected $11.76 from pot
*** SUMMARY ***
Total pot $12 | Rake $0.24
Board [4s 9s Ks 8d]
Seat 3: old_col (button) (small blind) folded on the Turn
Seat 6: kr.poker8029 (big blind) collected ($11.76)


PokerStars Hand #148710886553:  Hold'em Limit ($3/$6 USD) - 2016/02/12 23:58:24 ET
Table 'Gonnessia' 6-max Seat #6 is the button
Seat 3: old_col ($261.04 in chips)
Seat 6: kr.poker8029 ($311.88 in chips)
kr.poker8029: posts small blind $1
old_col: posts big blind $3
*** HOLE CARDS ***
kr.poker8029: raises $3 to $6
old_col: calls $3
*** FLOP *** [6d 7d 8s]
old_col: checks
kr.poker8029: bets $3
old_col: calls $3
*** TURN *** [6d 7d 8s] [7s]
old_col: checks
kr.poker8029: bets $6
old_col: folds
Uncalled bet ($6) returned to kr.poker8029
kr.poker8029 collected $17.64 from pot
*** SUMMARY ***
Total pot $18 | Rake $0.36
Board [6d 7d 8s 7s]
Seat 3: old_col (big blind) folded on the Turn
Seat 6: kr.poker8029 (button) (small blind) collected ($17.64)


PokerStars Hand #148710903095:  Hold'em Limit ($3/$6 USD) - 2016/02/12 23:59:20 ET
Table 'Gonnessia' 6-max Seat #3 is the button
Seat 3: old_col ($275.18 in chips)
Seat 6: kr.poker8029 ($296.52 in chips)
old_col: posts small blind $1
kr.poker8029: posts big blind $3
*** HOLE CARDS ***
old_col: raises $3 to $6
kr.poker8029: calls $3
*** FLOP *** [8d Js 4h]
kr.poker8029: checks
old_col: bets $3
kr.poker8029: raises $3 to $6
old_col: calls $3
*** TURN *** [8d Js 4h] [Kd]
kr.poker8029: bets $6
old_col: raises $6 to $12
kr.poker8029: calls $6
*** RIVER *** [8d Js 4h Kd] [Kh]
kr.poker8029: checks
old_col: bets $6
kr.poker8029: calls $6
*** SHOW DOWN ***
old_col: shows [Ks Ac] (three of a kind, Kings)
kr.poker8029: mucks hand
old_col collected $59.50 from pot
*** SUMMARY ***
Total pot $60 | Rake $0.50
Board [8d Js 4h Kd Kh]
Seat 3: old_col (button) (small blind) showed [Ks Ac] and won ($59.50) with three of a kind, Kings
Seat 6: kr.poker8029 (big blind) mucked


PokerStars Hand #148710909789:  Hold'em Limit ($3/$6 USD) - 2016/02/12 23:59:44 ET
Table 'Gonnessia' 6-max Seat #6 is the button
Seat 3: old_col ($304.68 in chips)
Seat 6: kr.poker8029 ($266.52 in chips)
kr.poker8029: posts small blind $1
old_col: posts big blind $3
*** HOLE CARDS ***
kr.poker8029: folds
Uncalled bet ($2) returned to old_col
old_col collected $2 from pot
old_col: doesn't show hand
*** SUMMARY ***
Total pot $2 | Rake $0
Seat 3: old_col (big blind) collected ($2)
Seat 6: kr.poker8029 (button) (small blind) folded before Flop


PokerStars Hand #148710891679:  Hold'em Limit ($3/$6 USD) - 2016/02/12 23:58:41 ET
Table 'Gonnessia' 6-max Seat #3 is the button
Seat 3: old_col ($252.04 in chips)
Seat 6: kr.poker8029 ($320.52 in chips)
old_col: posts small blind $1
kr.poker8029: posts big blind $3
*** HOLE CARDS ***
old_col: raises $3 to $6
kr.poker8029: calls $3
*** FLOP *** [Qc 6h 5h]
kr.poker8029: checks
old_col: bets $3
kr.poker8029: calls $3
*** TURN *** [Qc 6h 5h] [Ad]
kr.poker8029: checks
old_col: bets $6
kr.poker8029: calls $6
*** RIVER *** [Qc 6h 5h Ad] [9h]
kr.poker8029: checks
old_col: bets $6
kr.poker8029: folds
Uncalled bet ($6) returned to old_col
old_col collected $29.50 from pot
old_col: doesn't show hand
*** SUMMARY ***
Total pot $30 | Rake $0.50
Board [Qc 6h 5h Ad 9h]
Seat 3: old_col (button) (small blind) collected ($29.50)
Seat 6: kr.poker8029 (big blind) folded on the River


PokerStars Hand #148710914367:  Hold'em Limit ($3/$6 USD) - 2016/02/13 0:00:00 ET
Table 'Gonnessia' 6-max Seat #6 is the button
Seat 3: old_col ($302.68 in chips)
Seat 6: kr.poker8029 ($268.40 in chips)
kr.poker8029: posts small blind $1
old_col: posts big blind $3
*** HOLE CARDS ***
kr.poker8029: raises $3 to $6
old_col: raises $3 to $9
kr.poker8029: calls $3
*** FLOP *** [2d 9s 9c]
old_col: bets $3
kr.poker8029: calls $3
*** TURN *** [2d 9s 9c] [7h]
old_col: bets $6
kr.poker8029: calls $6
*** RIVER *** [2d 9s 9c 7h] [5s]
old_col: bets $6
kr.poker8029: folds
Uncalled bet ($6) returned to old_col
old_col collected $35.50 from pot
old_col: doesn't show hand
*** SUMMARY ***
Total pot $36 | Rake $0.50
Board [2d 9s 9c 7h 5s]
Seat 3: old_col (big blind) collected ($35.50)
Seat 6: kr.poker8029 (button) (small blind) folded on the River


PokerStars Hand #148710920146:  Hold'em Limit ($3/$6 USD) - 2016/02/13 0:00:20 ET
Table 'Gonnessia' 6-max Seat #3 is the button
Seat 3: old_col ($320.18 in chips)
Seat 6: kr.poker8029 ($250.40 in chips)
old_col: posts small blind $1
kr.poker8029: posts big blind $3
*** HOLE CARDS ***
old_col: calls $2
kr.poker8029: raises $3 to $6
old_col: calls $3
*** FLOP *** [6c 7s Qh]
kr.poker8029: bets $3
old_col: calls $3
*** TURN *** [6c 7s Qh] [Jh]
kr.poker8029: checks
old_col: bets $6
kr.poker8029: folds
Uncalled bet ($6) returned to old_col
old_col collected $17.64 from pot
old_col: doesn't show hand
*** SUMMARY ***
Total pot $18 | Rake $0.36
Board [6c 7s Qh Jh]
Seat 3: old_col (button) (small blind) collected ($17.64)
Seat 6: kr.poker8029 (big blind) folded on the Turn


PokerStars Hand #148710911367:  Hold'em Limit ($3/$6 USD) - 2016/02/12 23:59:49 ET
Table 'Gonnessia' 6-max Seat #3 is the button
Seat 3: old_col ($305.68 in chips)
Seat 6: kr.poker8029 ($265.52 in chips)
old_col: posts small blind $1
kr.poker8029: posts big blind $3
*** HOLE CARDS ***
old_col: calls $2
kr.poker8029: checks
*** FLOP *** [Ah 6h 8h]
kr.poker8029: bets $3
old_col: folds
Uncalled bet ($3) returned to kr.poker8029
kr.poker8029 collected $5.88 from pot
*** SUMMARY ***
Total pot $6 | Rake $0.12
Board [Ah 6h 8h]
Seat 3: old_col (button) (small blind) folded on the Flop
Seat 6: kr.poker8029 (big blind) collected ($5.88)


PokerStars Hand #148710925955:  Hold'em Limit ($3/$6 USD) - 2016/02/13 0:00:40 ET
Table 'Gonnessia' 6-max Seat #6 is the button
Seat 3: old_col ($328.82 in chips)
Seat 6: kr.poker8029 ($241.40 in chips)
kr.poker8029: posts small blind $1
old_col: posts big blind $3
*** HOLE CARDS ***
kr.poker8029: raises $3 to $6
old_col: calls $3
*** FLOP *** [4s 3c Qs]
old_col: checks
kr.poker8029: bets $3
old_col: folds
Uncalled bet ($3) returned to kr.poker8029
kr.poker8029 collected $11.76 from pot
*** SUMMARY ***
Total pot $12 | Rake $0.24
Board [4s 3c Qs]
Seat 3: old_col (big blind) folded on the Flop
Seat 6: kr.poker8029 (button) (small blind) collected ($11.76)


PokerStars Hand #148710940083:  Hold'em Limit ($3/$6 USD) - 2016/02/13 0:01:26 ET
Table 'Gonnessia' 6-max Seat #6 is the button
Seat 3: old_col ($328.58 in chips)
Seat 6: kr.poker8029 ($241.16 in chips)
kr.poker8029: posts small blind $1
old_col: posts big blind $3
*** HOLE CARDS ***
kr.poker8029: folds
Uncalled bet ($2) returned to old_col
old_col collected $2 from pot
old_col: doesn't show hand
*** SUMMARY ***
Total pot $2 | Rake $0
Seat 3: old_col (big blind) collected ($2)
Seat 6: kr.poker8029 (button) (small blind) folded before Flop


PokerStars Hand #148710932371:  Hold'em Limit ($3/$6 USD) - 2016/02/13 0:01:02 ET
Table 'Gonnessia' 6-max Seat #3 is the button
Seat 3: old_col ($322.82 in chips)
Seat 6: kr.poker8029 ($247.16 in chips)
old_col: posts small blind $1
kr.poker8029: posts big blind $3
*** HOLE CARDS ***
old_col: calls $2
kr.poker8029: checks
*** FLOP *** [2s 6d 5c]
kr.poker8029: bets $3
old_col: calls $3
*** TURN *** [2s 6d 5c] [9c]
kr.poker8029: checks
old_col: bets $6
kr.poker8029: folds
Uncalled bet ($6) returned to old_col
old_col collected $11.76 from pot
old_col: doesn't show hand
*** SUMMARY ***
Total pot $12 | Rake $0.24
Board [2s 6d 5c 9c]
Seat 3: old_col (button) (small blind) collected ($11.76)
Seat 6: kr.poker8029 (big blind) folded on the Turn


PokerStars Hand #148710941829:  Hold'em Limit ($3/$6 USD) - 2016/02/13 0:01:32 ET
Table 'Gonnessia' 6-max Seat #3 is the button
Seat 3: old_col ($329.58 in chips)
Seat 6: kr.poker8029 ($240.16 in chips)
old_col: posts small blind $1
kr.poker8029: posts big blind $3
*** HOLE CARDS ***
old_col: raises $3 to $6
kr.poker8029: raises $3 to $9
old_col: calls $3
*** FLOP *** [9c 9h Kd]
kr.poker8029: bets $3
old_col: calls $3
*** TURN *** [9c 9h Kd] [Tc]
kr.poker8029: bets $6
old_col: calls $6
*** RIVER *** [9c 9h Kd Tc] [Ks]
kr.poker8029: bets $6
old_col: calls $6
*** SHOW DOWN ***
kr.poker8029: shows [Qh Jh] (a straight, Nine to King)
old_col: mucks hand
kr.poker8029 collected $47.50 from pot
*** SUMMARY ***
Total pot $48 | Rake $0.50
Board [9c 9h Kd Tc Ks]
Seat 3: old_col (button) (small blind) mucked
Seat 6: kr.poker8029 (big blind) showed [Qh Jh] and won ($47.50) with a straight, Nine to King


PokerStars Hand #148710949520:  Hold'em Limit ($3/$6 USD) - 2016/02/13 0:01:56 ET
Table 'Gonnessia' 6-max Seat #6 is the button
Seat 3: old_col ($305.58 in chips)
Seat 6: kr.poker8029 ($263.66 in chips)
kr.poker8029: posts small blind $1
old_col: posts big blind $3
*** HOLE CARDS ***
kr.poker8029: calls $2
worenter joins the table at seat #5
old_col: raises $3 to $6
kr.poker8029: calls $3
*** FLOP *** [3d 9h 2d]
old_col: bets $3
kr.poker8029: folds
Uncalled bet ($3) returned to old_col
old_col collected $11.76 from pot
old_col: doesn't show hand
*** SUMMARY ***
Total pot $12 | Rake $0.24
Board [3d 9h 2d]
Seat 3: old_col (big blind) collected ($11.76)
Seat 6: kr.poker8029 (button) (small blind) folded on the Flop


PokerStars Hand #148711801083:  Hold'em Limit ($3/$6 USD) - 2016/02/13 0:47:49 ET
Table 'Gonnessia' 6-max Seat #3 is the button
Seat 1: hairy1961 ($115.84 in chips)
Seat 3: Agrotait ($75.37 in chips)
Agrotait: posts small blind $1
Prince_Aria: is sitting out
hairy1961: posts big blind $3
*** HOLE CARDS ***
Prince_Aria leaves the table
Agrotait: raises $3 to $6
hairy1961: folds
Uncalled bet ($3) returned to Agrotait
Agrotait collected $6 from pot
Agrotait: doesn't show hand
*** SUMMARY ***
Total pot $6 | Rake $0
Seat 1: hairy1961 (big blind) folded before Flop
Seat 3: Agrotait (button) (small blind) collected ($6)


PokerStars Hand #148711804002:  Hold'em Limit ($3/$6 USD) - 2016/02/13 0:47:58 ET
Table 'Gonnessia' 6-max Seat #1 is the button
Seat 1: hairy1961 ($112.84 in chips)
Seat 3: Agrotait ($78.37 in chips)
hairy1961: posts small blind $1
Agrotait: posts big blind $3
*** HOLE CARDS ***
hairy1961: raises $3 to $6
Agrotait: calls $3
*** FLOP *** [6s 7s 2c]
Agrotait: checks
hairy1961: checks
*** TURN *** [6s 7s 2c] [6h]
Agrotait: checks
hairy1961: checks
*** RIVER *** [6s 7s 2c 6h] [Kc]
Agrotait: checks
hairy1961: bets $6
Agrotait: folds
Uncalled bet ($6) returned to hairy1961
hairy1961 collected $11.76 from pot
*** SUMMARY ***
Total pot $12 | Rake $0.24
Board [6s 7s 2c 6h Kc]
Seat 1: hairy1961 (button) (small blind) collected ($11.76)
Seat 3: Agrotait (big blind) folded on the River


