PokerStars Hand #144710269315:  Hold'em Limit ($3/$6 USD) - 2015/12/02 10:23:56 ET
Table 'Gonnessia II' 2-max Seat #2 is the button
Seat 1: BigYelloFish ($132.50 in chips)
Seat 2: Ultrafranke ($106.76 in chips)
Ultrafranke: posts small blind $1
BigYelloFish: posts big blind $3
*** HOLE CARDS ***
Ultrafranke: folds
Uncalled bet ($2) returned to BigYelloFish
BigYelloFish collected $2 from pot
BigYelloFish: doesn't show hand
*** SUMMARY ***
Total pot $2 | Rake $0
Seat 1: BigYelloFish (big blind) collected ($2)
Seat 2: Ultrafranke (button) (small blind) folded before Flop


PokerStars Hand #144710281307:  Hold'em Limit ($3/$6 USD) - 2015/12/02 10:24:14 ET
Table 'Gonnessia II' 2-max Seat #2 is the button
Seat 1: BigYelloFish ($118.50 in chips)
Seat 2: Ultrafranke ($120.26 in chips)
Ultrafranke: posts small blind $1
BigYelloFish: posts big blind $3
*** HOLE CARDS ***
Ultrafranke: folds
Uncalled bet ($2) returned to BigYelloFish
BigYelloFish collected $2 from pot
BigYelloFish: doesn't show hand
*** SUMMARY ***
Total pot $2 | Rake $0
Seat 1: BigYelloFish (big blind) collected ($2)
Seat 2: Ultrafranke (button) (small blind) folded before Flop


PokerStars Hand #144710284545:  Hold'em Limit ($3/$6 USD) - 2015/12/02 10:24:18 ET
Table 'Gonnessia II' 2-max Seat #1 is the button
Seat 1: BigYelloFish ($119.50 in chips)
Seat 2: Ultrafranke ($119.26 in chips)
BigYelloFish: posts small blind $1
Ultrafranke: posts big blind $3
*** HOLE CARDS ***
BigYelloFish: raises $3 to $6
Ultrafranke: calls $3
*** FLOP *** [4h 7s Ts]
Ultrafranke: checks
BigYelloFish: bets $3
Ultrafranke: calls $3
*** TURN *** [4h 7s Ts] [Ks]
Ultrafranke: checks
BigYelloFish: bets $6
Ultrafranke: raises $6 to $12
BigYelloFish: calls $6
*** RIVER *** [4h 7s Ts Ks] [8s]
Ultrafranke: bets $6
BigYelloFish: calls $6
*** SHOW DOWN ***
Ultrafranke: shows [7h Kd] (two pair, Kings and Sevens)
BigYelloFish: shows [6s Td] (a flush, King high)
BigYelloFish collected $53.50 from pot
*** SUMMARY ***
Total pot $54 | Rake $0.50
Board [4h 7s Ts Ks 8s]
Seat 1: BigYelloFish (button) (small blind) showed [6s Td] and won ($53.50) with a flush, King high
Seat 2: Ultrafranke (big blind) showed [7h Kd] and lost with two pair, Kings and Sevens


PokerStars Hand #144710294626:  Hold'em Limit ($3/$6 USD) - 2015/12/02 10:24:33 ET
Table 'Gonnessia II' 2-max Seat #2 is the button
Seat 1: BigYelloFish ($146 in chips)
Seat 2: Ultrafranke ($92.26 in chips)
Ultrafranke: posts small blind $1
BigYelloFish: posts big blind $3
*** HOLE CARDS ***
Ultrafranke: raises $3 to $6
BigYelloFish: raises $3 to $9
Ultrafranke: calls $3
*** FLOP *** [Js 7c Qd]
BigYelloFish: bets $3
Ultrafranke: raises $3 to $6
BigYelloFish: calls $3
*** TURN *** [Js 7c Qd] [3c]
BigYelloFish: checks
Ultrafranke: bets $6
BigYelloFish: calls $6
*** RIVER *** [Js 7c Qd 3c] [3d]
BigYelloFish: checks
Ultrafranke: bets $6
BigYelloFish: folds
Uncalled bet ($6) returned to Ultrafranke
Ultrafranke collected $41.50 from pot
*** SUMMARY ***
Total pot $42 | Rake $0.50
Board [Js 7c Qd 3c 3d]
Seat 1: BigYelloFish (big blind) folded on the River
Seat 2: Ultrafranke (button) (small blind) collected ($41.50)


PokerStars Hand #144710308918:  Hold'em Limit ($3/$6 USD) - 2015/12/02 10:24:54 ET
Table 'Gonnessia II' 2-max Seat #1 is the button
Seat 1: BigYelloFish ($125 in chips)
Seat 2: Ultrafranke ($112.76 in chips)
BigYelloFish: posts small blind $1
Ultrafranke: posts big blind $3
*** HOLE CARDS ***
BigYelloFish: raises $3 to $6
Ultrafranke: calls $3
*** FLOP *** [Kd 7d 2h]
Ultrafranke: checks
BigYelloFish: bets $3
Ultrafranke: folds
Uncalled bet ($3) returned to BigYelloFish
BigYelloFish collected $11.76 from pot
BigYelloFish: doesn't show hand
*** SUMMARY ***
Total pot $12 | Rake $0.24
Board [Kd 7d 2h]
Seat 1: BigYelloFish (button) (small blind) collected ($11.76)
Seat 2: Ultrafranke (big blind) folded on the Flop


PokerStars Hand #144710318804:  Hold'em Limit ($3/$6 USD) - 2015/12/02 10:25:08 ET
Table 'Gonnessia II' 2-max Seat #1 is the button
Seat 1: BigYelloFish ($131.76 in chips)
Seat 2: Ultrafranke ($105.76 in chips)
BigYelloFish: posts small blind $1
Ultrafranke: posts big blind $3
*** HOLE CARDS ***
BigYelloFish: raises $3 to $6
Ultrafranke: calls $3
*** FLOP *** [Jd 5d Js]
Ultrafranke: checks
BigYelloFish: bets $3
Ultrafranke: calls $3
*** TURN *** [Jd 5d Js] [7h]
Ultrafranke: checks
BigYelloFish: bets $6
Ultrafranke: calls $6
*** RIVER *** [Jd 5d Js 7h] [7c]
Ultrafranke: checks
BigYelloFish: bets $6
Ultrafranke: calls $6
*** SHOW DOWN ***
BigYelloFish: shows [7s 2s] (a full house, Sevens full of Jacks)
Ultrafranke: mucks hand
BigYelloFish collected $41.50 from pot
*** SUMMARY ***
Total pot $42 | Rake $0.50
Board [Jd 5d Js 7h 7c]
Seat 1: BigYelloFish (button) (small blind) showed [7s 2s] and won ($41.50) with a full house, Sevens full of Jacks
Seat 2: Ultrafranke (big blind) mucked


PokerStars Hand #144710350431:  Hold'em Limit ($3/$6 USD) - 2015/12/02 10:25:54 ET
Table 'Gonnessia II' 2-max Seat #1 is the button
Seat 1: BigYelloFish ($135.26 in chips)
Seat 2: Ultrafranke ($101.04 in chips)
BigYelloFish: posts small blind $1
Ultrafranke: posts big blind $3
*** HOLE CARDS ***
BigYelloFish: raises $3 to $6
Ultrafranke: raises $3 to $9
BigYelloFish: calls $3
*** FLOP *** [Ts 3c 6c]
Ultrafranke: bets $3
BigYelloFish: raises $3 to $6
Ultrafranke: calls $3
*** TURN *** [Ts 3c 6c] [9h]
Ultrafranke: checks
BigYelloFish: bets $6
Ultrafranke: calls $6
*** RIVER *** [Ts 3c 6c 9h] [2c]
Ultrafranke: checks
BigYelloFish: bets $6
Ultrafranke: folds
Uncalled bet ($6) returned to BigYelloFish
BigYelloFish collected $41.50 from pot
BigYelloFish: doesn't show hand
*** SUMMARY ***
Total pot $42 | Rake $0.50
Board [Ts 3c 6c 9h 2c]
Seat 1: BigYelloFish (button) (small blind) collected ($41.50)
Seat 2: Ultrafranke (big blind) folded on the River


PokerStars Hand #144710360132:  Hold'em Limit ($3/$6 USD) - 2015/12/02 10:26:08 ET
Table 'Gonnessia II' 2-max Seat #2 is the button
Seat 1: BigYelloFish ($155.76 in chips)
Seat 2: Ultrafranke ($80.04 in chips)
Ultrafranke: posts small blind $1
BigYelloFish: posts big blind $3
*** HOLE CARDS ***
Ultrafranke: raises $3 to $6
BigYelloFish: calls $3
*** FLOP *** [Th 4d Kc]
BigYelloFish: checks
Ultrafranke: checks
*** TURN *** [Th 4d Kc] [7c]
BigYelloFish: bets $6
Ultrafranke: folds
Uncalled bet ($6) returned to BigYelloFish
BigYelloFish collected $11.76 from pot
BigYelloFish: doesn't show hand
*** SUMMARY ***
Total pot $12 | Rake $0.24
Board [Th 4d Kc 7c]
Seat 1: BigYelloFish (big blind) collected ($11.76)
Seat 2: Ultrafranke (button) (small blind) folded on the Turn


PokerStars Hand #144710367149:  Hold'em Limit ($3/$6 USD) - 2015/12/02 10:26:18 ET
Table 'Gonnessia II' 2-max Seat #1 is the button
Seat 1: BigYelloFish ($161.52 in chips)
Seat 2: Ultrafranke ($74.04 in chips)
BigYelloFish: posts small blind $1
Ultrafranke: posts big blind $3
*** HOLE CARDS ***
BigYelloFish: raises $3 to $6
Ultrafranke: calls $3
*** FLOP *** [9d 8s Jh]
Ultrafranke: checks
BigYelloFish: checks
*** TURN *** [9d 8s Jh] [5c]
Ultrafranke: checks
BigYelloFish: checks
*** RIVER *** [9d 8s Jh 5c] [Tc]
Ultrafranke: bets $6
BigYelloFish: folds
Uncalled bet ($6) returned to Ultrafranke
Ultrafranke collected $11.76 from pot
*** SUMMARY ***
Total pot $12 | Rake $0.24
Board [9d 8s Jh 5c Tc]
Seat 1: BigYelloFish (button) (small blind) folded on the River
Seat 2: Ultrafranke (big blind) collected ($11.76)


PokerStars Hand #144710329837:  Hold'em Limit ($3/$6 USD) - 2015/12/02 10:25:24 ET
Table 'Gonnessia II' 2-max Seat #2 is the button
Seat 1: BigYelloFish ($152.26 in chips)
Seat 2: Ultrafranke ($84.76 in chips)
Ultrafranke: posts small blind $1
BigYelloFish: posts big blind $3
*** HOLE CARDS ***
Ultrafranke: raises $3 to $6
BigYelloFish: calls $3
*** FLOP *** [9h Js Jh]
BigYelloFish: checks
Ultrafranke: bets $3
BigYelloFish: folds
Uncalled bet ($3) returned to Ultrafranke
Ultrafranke collected $11.76 from pot
*** SUMMARY ***
Total pot $12 | Rake $0.24
Board [9h Js Jh]
Seat 1: BigYelloFish (big blind) folded on the Flop
Seat 2: Ultrafranke (button) (small blind) collected ($11.76)


PokerStars Hand #144710391687:  Hold'em Limit ($3/$6 USD) - 2015/12/02 10:26:54 ET
Table 'Gonnessia II' 2-max Seat #2 is the button
Seat 1: BigYelloFish ($125.52 in chips)
Seat 2: Ultrafranke ($128.79 in chips)
Ultrafranke: posts small blind $1
BigYelloFish: posts big blind $3
*** HOLE CARDS ***
Ultrafranke: raises $3 to $6
BigYelloFish: raises $3 to $9
Ultrafranke: calls $3
*** FLOP *** [7d Kd Ts]
BigYelloFish: bets $3
Ultrafranke: calls $3
*** TURN *** [7d Kd Ts] [6h]
BigYelloFish: checks
Ultrafranke: checks
*** RIVER *** [7d Kd Ts 6h] [6c]
BigYelloFish: bets $6
Ultrafranke: calls $6
*** SHOW DOWN ***
BigYelloFish: shows [3h 4h] (a pair of Sixes)
Ultrafranke: shows [7c Jc] (two pair, Sevens and Sixes)
Ultrafranke collected $35.50 from pot
*** SUMMARY ***
Total pot $36 | Rake $0.50
Board [7d Kd Ts 6h 6c]
Seat 1: BigYelloFish (big blind) showed [3h 4h] and lost with a pair of Sixes
Seat 2: Ultrafranke (button) (small blind) showed [7c Jc] and won ($35.50) with two pair, Sevens and Sixes


PokerStars Hand #144710400814:  Hold'em Limit ($3/$6 USD) - 2015/12/02 10:27:07 ET
Table 'Gonnessia II' 2-max Seat #1 is the button
Seat 1: BigYelloFish ($107.52 in chips)
Seat 2: Ultrafranke ($146.29 in chips)
BigYelloFish: posts small blind $1
Ultrafranke: posts big blind $3
*** HOLE CARDS ***
BigYelloFish: raises $3 to $6
Ultrafranke: calls $3
*** FLOP *** [Th Kd Jc]
Ultrafranke: checks
BigYelloFish: bets $3
Ultrafranke: calls $3
*** TURN *** [Th Kd Jc] [Tc]
Ultrafranke: checks
BigYelloFish: bets $6
Ultrafranke: folds
Uncalled bet ($6) returned to BigYelloFish
BigYelloFish collected $17.64 from pot
BigYelloFish: doesn't show hand
*** SUMMARY ***
Total pot $18 | Rake $0.36
Board [Th Kd Jc Tc]
Seat 1: BigYelloFish (button) (small blind) collected ($17.64)
Seat 2: Ultrafranke (big blind) folded on the Turn


PokerStars Hand #144710408256:  Hold'em Limit ($3/$6 USD) - 2015/12/02 10:27:18 ET
Table 'Gonnessia II' 2-max Seat #2 is the button
Seat 1: BigYelloFish ($116.16 in chips)
Seat 2: Ultrafranke ($137.29 in chips)
Ultrafranke: posts small blind $1
BigYelloFish: posts big blind $3
*** HOLE CARDS ***
Ultrafranke: raises $3 to $6
BigYelloFish: raises $3 to $9
Ultrafranke: calls $3
*** FLOP *** [6d Ah 6s]
BigYelloFish: bets $3
Ultrafranke: calls $3
*** TURN *** [6d Ah 6s] [Ad]
BigYelloFish: bets $6
Ultrafranke: folds
Uncalled bet ($6) returned to BigYelloFish
BigYelloFish collected $23.52 from pot
BigYelloFish: doesn't show hand
*** SUMMARY ***
Total pot $24 | Rake $0.48
Board [6d Ah 6s Ad]
Seat 1: BigYelloFish (big blind) collected ($23.52)
Seat 2: Ultrafranke (button) (small blind) folded on the Turn


PokerStars Hand #144710376233:  Hold'em Limit ($3/$6 USD) - 2015/12/02 10:26:31 ET
Table 'Gonnessia II' 2-max Seat #2 is the button
Seat 1: BigYelloFish ($155.52 in chips)
Seat 2: Ultrafranke ($99.29 in chips)
Ultrafranke: posts small blind $1
BigYelloFish: posts big blind $3
*** HOLE CARDS ***
Ultrafranke: raises $3 to $6
BigYelloFish: folds
Uncalled bet ($3) returned to Ultrafranke
Ultrafranke collected $6 from pot
*** SUMMARY ***
Total pot $6 | Rake $0
Seat 1: BigYelloFish (big blind) folded before Flop
Seat 2: Ultrafranke (button) (small blind) collected ($6)


PokerStars Hand #144710380793:  Hold'em Limit ($3/$6 USD) - 2015/12/02 10:26:38 ET
Table 'Gonnessia II' 2-max Seat #1 is the button
Seat 1: BigYelloFish ($152.52 in chips)
Seat 2: Ultrafranke ($102.29 in chips)
BigYelloFish: posts small blind $1
Ultrafranke: posts big blind $3
*** HOLE CARDS ***
BigYelloFish: raises $3 to $6
Ultrafranke: raises $3 to $9
BigYelloFish: raises $3 to $12
Betting is capped
Ultrafranke: calls $3
*** FLOP *** [3d Kc 6s]
Ultrafranke: checks
BigYelloFish: bets $3
Ultrafranke: calls $3
*** TURN *** [3d Kc 6s] [6h]
Ultrafranke: checks
BigYelloFish: bets $6
Ultrafranke: calls $6
*** RIVER *** [3d Kc 6s 6h] [7s]
Ultrafranke: checks
BigYelloFish: bets $6
Ultrafranke: calls $6
*** SHOW DOWN ***
BigYelloFish: shows [9d 9s] (two pair, Nines and Sixes)
Ultrafranke: shows [Th Tc] (two pair, Tens and Sixes)
Ultrafranke collected $53.50 from pot
*** SUMMARY ***
Total pot $54 | Rake $0.50
Board [3d Kc 6s 6h 7s]
Seat 1: BigYelloFish (button) (small blind) showed [9d 9s] and lost with two pair, Nines and Sixes
Seat 2: Ultrafranke (big blind) showed [Th Tc] and won ($53.50) with two pair, Tens and Sixes


PokerStars Hand #144710440393:  Hold'em Limit ($3/$6 USD) - 2015/12/02 10:28:04 ET
Table 'Gonnessia II' 2-max Seat #2 is the button
Seat 1: BigYelloFish ($103.18 in chips)
Seat 2: Ultrafranke ($148.31 in chips)
Ultrafranke: posts small blind $1
BigYelloFish: posts big blind $3
*** HOLE CARDS ***
Ultrafranke: folds
Uncalled bet ($2) returned to BigYelloFish
BigYelloFish collected $2 from pot
BigYelloFish: doesn't show hand
*** SUMMARY ***
Total pot $2 | Rake $0
Seat 1: BigYelloFish (big blind) collected ($2)
Seat 2: Ultrafranke (button) (small blind) folded before Flop


PokerStars Hand #144710433058:  Hold'em Limit ($3/$6 USD) - 2015/12/02 10:27:54 ET
Table 'Gonnessia II' 2-max Seat #1 is the button
Seat 1: BigYelloFish ($115.18 in chips)
Seat 2: Ultrafranke ($136.79 in chips)
BigYelloFish: posts small blind $1
Ultrafranke: posts big blind $3
*** HOLE CARDS ***
BigYelloFish: raises $3 to $6
Ultrafranke: raises $3 to $9
BigYelloFish: calls $3
*** FLOP *** [2s Qd 8d]
Ultrafranke: bets $3
BigYelloFish: calls $3
*** TURN *** [2s Qd 8d] [4c]
Ultrafranke: bets $6
BigYelloFish: folds
Uncalled bet ($6) returned to Ultrafranke
Ultrafranke collected $23.52 from pot
*** SUMMARY ***
Total pot $24 | Rake $0.48
Board [2s Qd 8d 4c]
Seat 1: BigYelloFish (button) (small blind) folded on the Turn
Seat 2: Ultrafranke (big blind) collected ($23.52)


PokerStars Hand #144710443995:  Hold'em Limit ($3/$6 USD) - 2015/12/02 10:28:09 ET
Table 'Gonnessia II' 2-max Seat #1 is the button
Seat 1: BigYelloFish ($104.18 in chips)
Seat 2: Ultrafranke ($147.31 in chips)
BigYelloFish: posts small blind $1
Ultrafranke: posts big blind $3
*** HOLE CARDS ***
BigYelloFish: raises $3 to $6
Ultrafranke: calls $3
*** FLOP *** [Ah 4d 5d]
Ultrafranke: checks
BigYelloFish: bets $3
Ultrafranke: calls $3
*** TURN *** [Ah 4d 5d] [Qc]
Ultrafranke: checks
BigYelloFish: bets $6
Ultrafranke: calls $6
*** RIVER *** [Ah 4d 5d Qc] [9h]
Ultrafranke: checks
BigYelloFish: bets $6
Ultrafranke: calls $6
*** SHOW DOWN ***
BigYelloFish: shows [6h Qh] (a pair of Queens)
Ultrafranke: mucks hand
BigYelloFish collected $41.50 from pot
*** SUMMARY ***
Total pot $42 | Rake $0.50
Board [Ah 4d 5d Qc 9h]
Seat 1: BigYelloFish (button) (small blind) showed [6h Qh] and won ($41.50) with a pair of Queens
Seat 2: Ultrafranke (big blind) mucked


PokerStars Hand #144710488846:  Hold'em Limit ($3/$6 USD) - 2015/12/02 10:29:14 ET
Table 'Gonnessia II' 2-max Seat #2 is the button
Seat 1: BigYelloFish ($103.18 in chips)
Seat 2: Ultrafranke ($146.09 in chips)
Ultrafranke: posts small blind $1
BigYelloFish: posts big blind $3
*** HOLE CARDS ***
Ultrafranke: folds
Uncalled bet ($2) returned to BigYelloFish
BigYelloFish collected $2 from pot
BigYelloFish: doesn't show hand
*** SUMMARY ***
Total pot $2 | Rake $0
Seat 1: BigYelloFish (big blind) collected ($2)
Seat 2: Ultrafranke (button) (small blind) folded before Flop


PokerStars Hand #144710478399:  Hold'em Limit ($3/$6 USD) - 2015/12/02 10:28:59 ET
Table 'Gonnessia II' 2-max Seat #1 is the button
Seat 1: BigYelloFish ($124.18 in chips)
Seat 2: Ultrafranke ($125.59 in chips)
BigYelloFish: posts small blind $1
Ultrafranke: posts big blind $3
*** HOLE CARDS ***
BigYelloFish: raises $3 to $6
Ultrafranke: calls $3
*** FLOP *** [3h 3s 6h]
Ultrafranke: checks
BigYelloFish: bets $3
Ultrafranke: calls $3
*** TURN *** [3h 3s 6h] [Qs]
Ultrafranke: checks
BigYelloFish: bets $6
Ultrafranke: raises $6 to $12
BigYelloFish: calls $6
*** RIVER *** [3h 3s 6h Qs] [Kd]
Ultrafranke: bets $6
BigYelloFish: folds
Uncalled bet ($6) returned to Ultrafranke
Ultrafranke collected $41.50 from pot
*** SUMMARY ***
Total pot $42 | Rake $0.50
Board [3h 3s 6h Qs Kd]
Seat 1: BigYelloFish (button) (small blind) folded on the River
Seat 2: Ultrafranke (big blind) collected ($41.50)


PokerStars Hand #144710495347:  Hold'em Limit ($3/$6 USD) - 2015/12/02 10:29:23 ET
Table 'Gonnessia II' 2-max Seat #2 is the button
Seat 1: BigYelloFish ($107.18 in chips)
Seat 2: Ultrafranke ($142.09 in chips)
Ultrafranke: posts small blind $1
BigYelloFish: posts big blind $3
*** HOLE CARDS ***
Ultrafranke: raises $3 to $6
BigYelloFish: folds
Uncalled bet ($3) returned to Ultrafranke
Ultrafranke collected $6 from pot
*** SUMMARY ***
Total pot $6 | Rake $0
Seat 1: BigYelloFish (big blind) folded before Flop
Seat 2: Ultrafranke (button) (small blind) collected ($6)


PokerStars Hand #144710492075:  Hold'em Limit ($3/$6 USD) - 2015/12/02 10:29:18 ET
Table 'Gonnessia II' 2-max Seat #1 is the button
Seat 1: BigYelloFish ($104.18 in chips)
Seat 2: Ultrafranke ($145.09 in chips)
BigYelloFish: posts small blind $1
Ultrafranke: posts big blind $3
*** HOLE CARDS ***
BigYelloFish: raises $3 to $6
Ultrafranke: folds
Uncalled bet ($3) returned to BigYelloFish
BigYelloFish collected $6 from pot
BigYelloFish: doesn't show hand
*** SUMMARY ***
Total pot $6 | Rake $0
Seat 1: BigYelloFish (button) (small blind) collected ($6)
Seat 2: Ultrafranke (big blind) folded before Flop


PokerStars Hand #144710462788:  Hold'em Limit ($3/$6 USD) - 2015/12/02 10:28:36 ET
Table 'Gonnessia II' 2-max Seat #1 is the button
Seat 1: BigYelloFish ($142.18 in chips)
Seat 2: Ultrafranke ($108.31 in chips)
BigYelloFish: posts small blind $1
Ultrafranke: posts big blind $3
*** HOLE CARDS ***
BigYelloFish: raises $3 to $6
Ultrafranke: calls $3
*** FLOP *** [7h 8h Js]
Ultrafranke: checks
BigYelloFish: checks
*** TURN *** [7h 8h Js] [Tc]
Ultrafranke: bets $6
BigYelloFish: folds
Uncalled bet ($6) returned to Ultrafranke
Ultrafranke collected $11.76 from pot
*** SUMMARY ***
Total pot $12 | Rake $0.24
Board [7h 8h Js Tc]
Seat 1: BigYelloFish (button) (small blind) folded on the Turn
Seat 2: Ultrafranke (big blind) collected ($11.76)


PokerStars Hand #144710454281:  Hold'em Limit ($3/$6 USD) - 2015/12/02 10:28:24 ET
Table 'Gonnessia II' 2-max Seat #2 is the button
Seat 1: BigYelloFish ($124.68 in chips)
Seat 2: Ultrafranke ($126.31 in chips)
Ultrafranke: posts small blind $1
BigYelloFish: posts big blind $3
*** HOLE CARDS ***
Ultrafranke: raises $3 to $6
BigYelloFish: raises $3 to $9
Ultrafranke: calls $3
*** FLOP *** [7h 3c Jc]
BigYelloFish: bets $3
Ultrafranke: calls $3
*** TURN *** [7h 3c Jc] [Qc]
BigYelloFish: bets $6
Ultrafranke: calls $6
*** RIVER *** [7h 3c Jc Qc] [7c]
BigYelloFish: bets $6
Ultrafranke: folds
Uncalled bet ($6) returned to BigYelloFish
BigYelloFish collected $35.50 from pot
BigYelloFish: doesn't show hand
*** SUMMARY ***
Total pot $36 | Rake $0.50
Board [7h 3c Jc Qc 7c]
Seat 1: BigYelloFish (big blind) collected ($35.50)
Seat 2: Ultrafranke (button) (small blind) folded on the River


PokerStars Hand #144710509871:  Hold'em Limit ($3/$6 USD) - 2015/12/02 10:29:44 ET
Table 'Gonnessia II' 2-max Seat #2 is the button
Seat 1: BigYelloFish ($118.68 in chips)
Seat 2: Ultrafranke ($130.09 in chips)
Ultrafranke: posts small blind $1
BigYelloFish: posts big blind $3
*** HOLE CARDS ***
Ultrafranke: raises $3 to $6
BigYelloFish: calls $3
*** FLOP *** [2d 4s 7h]
BigYelloFish: checks
Ultrafranke: checks
*** TURN *** [2d 4s 7h] [2s]
BigYelloFish: bets $6
Ultrafranke: raises $6 to $12
BigYelloFish: calls $6
*** RIVER *** [2d 4s 7h 2s] [Kd]
BigYelloFish: checks
Ultrafranke: checks
*** SHOW DOWN ***
BigYelloFish: shows [Td Kc] (two pair, Kings and Deuces)
Ultrafranke: mucks hand
BigYelloFish collected $35.50 from pot
*** SUMMARY ***
Total pot $36 | Rake $0.50
Board [2d 4s 7h 2s Kd]
Seat 1: BigYelloFish (big blind) showed [Td Kc] and won ($35.50) with two pair, Kings and Deuces
Seat 2: Ultrafranke (button) (small blind) mucked


PokerStars Hand #144710519369:  Hold'em Limit ($3/$6 USD) - 2015/12/02 10:29:58 ET
Table 'Gonnessia II' 2-max Seat #1 is the button
Seat 1: BigYelloFish ($136.18 in chips)
Seat 2: Ultrafranke ($112.09 in chips)
BigYelloFish: posts small blind $1
Ultrafranke: posts big blind $3
*** HOLE CARDS ***
BigYelloFish: raises $3 to $6
Ultrafranke: calls $3
*** FLOP *** [5h Js 6c]
Ultrafranke: checks
BigYelloFish: bets $3
Ultrafranke: folds
Uncalled bet ($3) returned to BigYelloFish
BigYelloFish collected $11.76 from pot
BigYelloFish: doesn't show hand
*** SUMMARY ***
Total pot $12 | Rake $0.24
Board [5h Js 6c]
Seat 1: BigYelloFish (button) (small blind) collected ($11.76)
Seat 2: Ultrafranke (big blind) folded on the Flop


PokerStars Hand #144710499499:  Hold'em Limit ($3/$6 USD) - 2015/12/02 10:29:29 ET
Table 'Gonnessia II' 2-max Seat #1 is the button
Seat 1: BigYelloFish ($104.18 in chips)
Seat 2: Ultrafranke ($145.09 in chips)
BigYelloFish: posts small blind $1
Ultrafranke: posts big blind $3
*** HOLE CARDS ***
BigYelloFish: raises $3 to $6
Ultrafranke: calls $3
*** FLOP *** [7c 2h 8c]
Ultrafranke: checks
BigYelloFish: bets $3
Ultrafranke: calls $3
*** TURN *** [7c 2h 8c] [9h]
Ultrafranke: checks
BigYelloFish: bets $6
Ultrafranke: calls $6
*** RIVER *** [7c 2h 8c 9h] [8d]
Ultrafranke: checks
BigYelloFish: bets $6
Ultrafranke: folds
Uncalled bet ($6) returned to BigYelloFish
BigYelloFish collected $29.50 from pot
BigYelloFish: doesn't show hand
*** SUMMARY ***
Total pot $30 | Rake $0.50
Board [7c 2h 8c 9h 8d]
Seat 1: BigYelloFish (button) (small blind) collected ($29.50)
Seat 2: Ultrafranke (big blind) folded on the River


PokerStars Hand #144710542352:  Hold'em Limit ($3/$6 USD) - 2015/12/02 10:30:30 ET
Table 'Gonnessia II' 2-max Seat #2 is the button
Seat 1: BigYelloFish ($141.94 in chips)
Seat 2: Ultrafranke ($106.09 in chips)
Ultrafranke: posts small blind $1
BigYelloFish: posts big blind $3
*** HOLE CARDS ***
Ultrafranke: raises $3 to $6
BigYelloFish: calls $3
*** FLOP *** [4h 9h 8d]
BigYelloFish: checks
Ultrafranke: bets $3
BigYelloFish: folds
Uncalled bet ($3) returned to Ultrafranke
Ultrafranke collected $11.76 from pot
*** SUMMARY ***
Total pot $12 | Rake $0.24
Board [4h 9h 8d]
Seat 1: BigYelloFish (big blind) folded on the Flop
Seat 2: Ultrafranke (button) (small blind) collected ($11.76)


PokerStars Hand #144710573869:  Hold'em Limit ($3/$6 USD) - 2015/12/02 10:31:15 ET
Table 'Gonnessia II' 2-max Seat #1 is the button
Seat 1: BigYelloFish ($149.44 in chips)
Seat 2: Ultrafranke ($97.49 in chips)
BigYelloFish: posts small blind $1
Ultrafranke: posts big blind $3
*** HOLE CARDS ***
BigYelloFish: raises $3 to $6
Ultrafranke: raises $3 to $9
BigYelloFish: calls $3
*** FLOP *** [Ah 7d 5h]
Ultrafranke: bets $3
BigYelloFish: calls $3
*** TURN *** [Ah 7d 5h] [8d]
Ultrafranke: checks
BigYelloFish: bets $6
Ultrafranke: folds
Uncalled bet ($6) returned to BigYelloFish
BigYelloFish collected $23.52 from pot
BigYelloFish: doesn't show hand
*** SUMMARY ***
Total pot $24 | Rake $0.48
Board [Ah 7d 5h 8d]
Seat 1: BigYelloFish (button) (small blind) collected ($23.52)
Seat 2: Ultrafranke (big blind) folded on the Turn


PokerStars Hand #144710570572:  Hold'em Limit ($3/$6 USD) - 2015/12/02 10:31:10 ET
Table 'Gonnessia II' 2-max Seat #2 is the button
Seat 1: BigYelloFish ($148.44 in chips)
Seat 2: Ultrafranke ($98.49 in chips)
Ultrafranke: posts small blind $1
BigYelloFish: posts big blind $3
*** HOLE CARDS ***
Ultrafranke: folds
Uncalled bet ($2) returned to BigYelloFish
BigYelloFish collected $2 from pot
BigYelloFish: doesn't show hand
*** SUMMARY ***
Total pot $2 | Rake $0
Seat 1: BigYelloFish (big blind) collected ($2)
Seat 2: Ultrafranke (button) (small blind) folded before Flop


PokerStars Hand #144710557513:  Hold'em Limit ($3/$6 USD) - 2015/12/02 10:30:52 ET
Table 'Gonnessia II' 2-max Seat #2 is the button
Seat 1: BigYelloFish ($126.94 in chips)
Seat 2: Ultrafranke ($120.49 in chips)
Ultrafranke: posts small blind $1
BigYelloFish: posts big blind $3
*** HOLE CARDS ***
Ultrafranke: folds
Uncalled bet ($2) returned to BigYelloFish
BigYelloFish collected $2 from pot
BigYelloFish: doesn't show hand
*** SUMMARY ***
Total pot $2 | Rake $0
Seat 1: BigYelloFish (big blind) collected ($2)
Seat 2: Ultrafranke (button) (small blind) folded before Flop


PokerStars Hand #144710560658:  Hold'em Limit ($3/$6 USD) - 2015/12/02 10:30:56 ET
Table 'Gonnessia II' 2-max Seat #1 is the button
Seat 1: BigYelloFish ($127.94 in chips)
Seat 2: Ultrafranke ($119.49 in chips)
BigYelloFish: posts small blind $1
Ultrafranke: posts big blind $3
*** HOLE CARDS ***
BigYelloFish: raises $3 to $6
Ultrafranke: calls $3
*** FLOP *** [Tc 7h 5d]
Ultrafranke: checks
BigYelloFish: bets $3
Ultrafranke: calls $3
*** TURN *** [Tc 7h 5d] [3h]
Ultrafranke: checks
BigYelloFish: bets $6
Ultrafranke: calls $6
*** RIVER *** [Tc 7h 5d 3h] [4h]
Ultrafranke: checks
BigYelloFish: bets $6
Ultrafranke: calls $6
*** SHOW DOWN ***
BigYelloFish: shows [5s 6h] (a straight, Three to Seven)
Ultrafranke: mucks hand
BigYelloFish collected $41.50 from pot
*** SUMMARY ***
Total pot $42 | Rake $0.50
Board [Tc 7h 5d 3h 4h]
Seat 1: BigYelloFish (button) (small blind) showed [5s 6h] and won ($41.50) with a straight, Three to Seven
Seat 2: Ultrafranke (big blind) mucked


PokerStars Hand #144710549015:  Hold'em Limit ($3/$6 USD) - 2015/12/02 10:30:39 ET
Table 'Gonnessia II' 2-max Seat #1 is the button
Seat 1: BigYelloFish ($135.94 in chips)
Seat 2: Ultrafranke ($111.85 in chips)
BigYelloFish: posts small blind $1
Ultrafranke: posts big blind $3
*** HOLE CARDS ***
BigYelloFish: raises $3 to $6
Ultrafranke: calls $3
*** FLOP *** [4h Ac 3h]
Ultrafranke: checks
BigYelloFish: bets $3
Ultrafranke: calls $3
*** TURN *** [4h Ac 3h] [7s]
Ultrafranke: checks
BigYelloFish: checks
*** RIVER *** [4h Ac 3h 7s] [Ah]
Ultrafranke: bets $6
BigYelloFish: folds
Uncalled bet ($6) returned to Ultrafranke
Ultrafranke collected $17.64 from pot
*** SUMMARY ***
Total pot $18 | Rake $0.36
Board [4h Ac 3h 7s Ah]
Seat 1: BigYelloFish (button) (small blind) folded on the River
Seat 2: Ultrafranke (big blind) collected ($17.64)


PokerStars Hand #144710591725:  Hold'em Limit ($3/$6 USD) - 2015/12/02 10:31:40 ET
Table 'Gonnessia II' 2-max Seat #1 is the button
Seat 1: BigYelloFish ($172.48 in chips)
Seat 2: Ultrafranke ($73.49 in chips)
BigYelloFish: posts small blind $1
Ultrafranke: posts big blind $3
*** HOLE CARDS ***
BigYelloFish: raises $3 to $6
Ultrafranke: calls $3
*** FLOP *** [3h Js 2s]
Ultrafranke: checks
BigYelloFish: bets $3
Ultrafranke: calls $3
*** TURN *** [3h Js 2s] [Qd]
Ultrafranke: checks
BigYelloFish: checks
*** RIVER *** [3h Js 2s Qd] [8c]
Ultrafranke: bets $6
BigYelloFish: folds
Uncalled bet ($6) returned to Ultrafranke
Ultrafranke collected $17.64 from pot
*** SUMMARY ***
Total pot $18 | Rake $0.36
Board [3h Js 2s Qd 8c]
Seat 1: BigYelloFish (button) (small blind) folded on the River
Seat 2: Ultrafranke (big blind) collected ($17.64)


PokerStars Hand #144710603182:  Hold'em Limit ($3/$6 USD) - 2015/12/02 10:31:56 ET
Table 'Gonnessia II' 2-max Seat #1 is the button
Seat 1: BigYelloFish ($160.48 in chips)
Seat 2: Ultrafranke ($85.13 in chips)
BigYelloFish: posts small blind $1
Ultrafranke: posts big blind $3
*** HOLE CARDS ***
BigYelloFish: raises $3 to $6
Ultrafranke: folds
Uncalled bet ($3) returned to BigYelloFish
BigYelloFish collected $6 from pot
BigYelloFish: doesn't show hand
*** SUMMARY ***
Total pot $6 | Rake $0
Seat 1: BigYelloFish (button) (small blind) collected ($6)
Seat 2: Ultrafranke (big blind) folded before Flop


PokerStars Hand #144710607339:  Hold'em Limit ($3/$6 USD) - 2015/12/02 10:32:02 ET
Table 'Gonnessia II' 2-max Seat #2 is the button
Seat 1: BigYelloFish ($163.48 in chips)
Seat 2: Ultrafranke ($82.13 in chips)
Ultrafranke: posts small blind $1
BigYelloFish: posts big blind $3
*** HOLE CARDS ***
Ultrafranke: raises $3 to $6
BigYelloFish: raises $3 to $9
Ultrafranke: calls $3
*** FLOP *** [4d 6d 3s]
BigYelloFish: bets $3
Ultrafranke: calls $3
*** TURN *** [4d 6d 3s] [5s]
BigYelloFish: checks
Ultrafranke: checks
*** RIVER *** [4d 6d 3s 5s] [Qh]
BigYelloFish: checks
Ultrafranke: bets $6
BigYelloFish: folds
Uncalled bet ($6) returned to Ultrafranke
Ultrafranke collected $23.52 from pot
*** SUMMARY ***
Total pot $24 | Rake $0.48
Board [4d 6d 3s 5s Qh]
Seat 1: BigYelloFish (big blind) folded on the River
Seat 2: Ultrafranke (button) (small blind) collected ($23.52)


PokerStars Hand #144710582824:  Hold'em Limit ($3/$6 USD) - 2015/12/02 10:31:28 ET
Table 'Gonnessia II' 2-max Seat #2 is the button
Seat 1: BigYelloFish ($160.96 in chips)
Seat 2: Ultrafranke ($85.49 in chips)
Ultrafranke: posts small blind $1
BigYelloFish: posts big blind $3
*** HOLE CARDS ***
Ultrafranke: raises $3 to $6
BigYelloFish: calls $3
*** FLOP *** [7d Ts Jd]
BigYelloFish: checks
Ultrafranke: checks
*** TURN *** [7d Ts Jd] [Ks]
BigYelloFish: bets $6
Ultrafranke: calls $6
*** RIVER *** [7d Ts Jd Ks] [4d]
BigYelloFish: checks
Ultrafranke: checks
*** SHOW DOWN ***
BigYelloFish: shows [7s Qc] (a pair of Sevens)
Ultrafranke: mucks hand
BigYelloFish collected $23.52 from pot
*** SUMMARY ***
Total pot $24 | Rake $0.48
Board [7d Ts Jd Ks 4d]
Seat 1: BigYelloFish (big blind) showed [7s Qc] and won ($23.52) with a pair of Sevens
Seat 2: Ultrafranke (button) (small blind) mucked


PokerStars Hand #144710624678:  Hold'em Limit ($3/$6 USD) - 2015/12/02 10:32:26 ET
Table 'Gonnessia II' 2-max Seat #2 is the button
Seat 1: BigYelloFish ($136.48 in chips)
Seat 2: Ultrafranke ($108.15 in chips)
Ultrafranke: posts small blind $1
BigYelloFish: posts big blind $3
*** HOLE CARDS ***
Ultrafranke: raises $3 to $6
BigYelloFish: calls $3
*** FLOP *** [7s 5c 3c]
BigYelloFish: checks
Ultrafranke: checks
*** TURN *** [7s 5c 3c] [8c]
BigYelloFish: checks
Ultrafranke: checks
*** RIVER *** [7s 5c 3c 8c] [8h]
BigYelloFish: checks
Ultrafranke: checks
*** SHOW DOWN ***
BigYelloFish: shows [2h Kd] (a pair of Eights)
Ultrafranke: mucks hand
BigYelloFish collected $11.76 from pot
*** SUMMARY ***
Total pot $12 | Rake $0.24
Board [7s 5c 3c 8c 8h]
Seat 1: BigYelloFish (big blind) showed [2h Kd] and won ($11.76) with a pair of Eights
Seat 2: Ultrafranke (button) (small blind) mucked


PokerStars Hand #144710637411:  Hold'em Limit ($3/$6 USD) - 2015/12/02 10:32:44 ET
Table 'Gonnessia II' 2-max Seat #1 is the button
Seat 1: BigYelloFish ($142.24 in chips)
Seat 2: Ultrafranke ($102.15 in chips)
BigYelloFish: posts small blind $1
Ultrafranke: posts big blind $3
*** HOLE CARDS ***
BigYelloFish: raises $3 to $6
Ultrafranke: folds
Uncalled bet ($3) returned to BigYelloFish
BigYelloFish collected $6 from pot
BigYelloFish: doesn't show hand
*** SUMMARY ***
Total pot $6 | Rake $0
Seat 1: BigYelloFish (button) (small blind) collected ($6)
Seat 2: Ultrafranke (big blind) folded before Flop


PokerStars Hand #144710667780:  Hold'em Limit ($3/$6 USD) - 2015/12/02 10:33:26 ET
Table 'Gonnessia II' 2-max Seat #1 is the button
Seat 1: BigYelloFish ($152.88 in chips)
Seat 2: Ultrafranke ($90.91 in chips)
BigYelloFish: posts small blind $1
Ultrafranke: posts big blind $3
*** HOLE CARDS ***
BigYelloFish: folds
Uncalled bet ($2) returned to Ultrafranke
Ultrafranke collected $2 from pot
*** SUMMARY ***
Total pot $2 | Rake $0
Seat 1: BigYelloFish (button) (small blind) folded before Flop
Seat 2: Ultrafranke (big blind) collected ($2)


PokerStars Hand #144710664114:  Hold'em Limit ($3/$6 USD) - 2015/12/02 10:33:21 ET
Table 'Gonnessia II' 2-max Seat #2 is the button
Seat 1: BigYelloFish ($151.88 in chips)
Seat 2: Ultrafranke ($91.91 in chips)
Ultrafranke: posts small blind $1
BigYelloFish: posts big blind $3
*** HOLE CARDS ***
Ultrafranke: folds
Uncalled bet ($2) returned to BigYelloFish
BigYelloFish collected $2 from pot
BigYelloFish: doesn't show hand
*** SUMMARY ***
Total pot $2 | Rake $0
Seat 1: BigYelloFish (big blind) collected ($2)
Seat 2: Ultrafranke (button) (small blind) folded before Flop


PokerStars Hand #144710640882:  Hold'em Limit ($3/$6 USD) - 2015/12/02 10:32:49 ET
Table 'Gonnessia II' 2-max Seat #2 is the button
Seat 1: BigYelloFish ($145.24 in chips)
Seat 2: Ultrafranke ($99.15 in chips)
Ultrafranke: posts small blind $1
BigYelloFish: posts big blind $3
*** HOLE CARDS ***
Ultrafranke: raises $3 to $6
BigYelloFish: calls $3
*** FLOP *** [2h 3h 3c]
BigYelloFish: checks
Ultrafranke: checks
*** TURN *** [2h 3h 3c] [9d]
BigYelloFish: checks
Ultrafranke: bets $6
BigYelloFish: folds
Uncalled bet ($6) returned to Ultrafranke
Ultrafranke collected $11.76 from pot
*** SUMMARY ***
Total pot $12 | Rake $0.24
Board [2h 3h 3c 9d]
Seat 1: BigYelloFish (big blind) folded on the Turn
Seat 2: Ultrafranke (button) (small blind) collected ($11.76)


PokerStars Hand #144710648773:  Hold'em Limit ($3/$6 USD) - 2015/12/02 10:33:00 ET
Table 'Gonnessia II' 2-max Seat #1 is the button
Seat 1: BigYelloFish ($139.24 in chips)
Seat 2: Ultrafranke ($104.91 in chips)
BigYelloFish: posts small blind $1
Ultrafranke: posts big blind $3
*** HOLE CARDS ***
BigYelloFish: raises $3 to $6
Ultrafranke: calls $3
*** FLOP *** [2s Jh 5d]
Ultrafranke: checks
BigYelloFish: bets $3
Ultrafranke: calls $3
*** TURN *** [2s Jh 5d] [Th]
Ultrafranke: checks
BigYelloFish: bets $6
Ultrafranke: folds
Uncalled bet ($6) returned to BigYelloFish
BigYelloFish collected $17.64 from pot
BigYelloFish: doesn't show hand
*** SUMMARY ***
Total pot $18 | Rake $0.36
Board [2s Jh 5d Th]
Seat 1: BigYelloFish (button) (small blind) collected ($17.64)
Seat 2: Ultrafranke (big blind) folded on the Turn


PokerStars Hand #144710659753:  Hold'em Limit ($3/$6 USD) - 2015/12/02 10:33:15 ET
Table 'Gonnessia II' 2-max Seat #1 is the button
Seat 1: BigYelloFish ($148.88 in chips)
Seat 2: Ultrafranke ($94.91 in chips)
BigYelloFish: posts small blind $1
Ultrafranke: posts big blind $3
*** HOLE CARDS ***
BigYelloFish: raises $3 to $6
Ultrafranke: folds
Uncalled bet ($3) returned to BigYelloFish
BigYelloFish collected $6 from pot
BigYelloFish: doesn't show hand
*** SUMMARY ***
Total pot $6 | Rake $0
Seat 1: BigYelloFish (button) (small blind) collected ($6)
Seat 2: Ultrafranke (big blind) folded before Flop


PokerStars Hand #144710656472:  Hold'em Limit ($3/$6 USD) - 2015/12/02 10:33:10 ET
Table 'Gonnessia II' 2-max Seat #2 is the button
Seat 1: BigYelloFish ($147.88 in chips)
Seat 2: Ultrafranke ($95.91 in chips)
Ultrafranke: posts small blind $1
BigYelloFish: posts big blind $3
*** HOLE CARDS ***
Ultrafranke: folds
Uncalled bet ($2) returned to BigYelloFish
BigYelloFish collected $2 from pot
BigYelloFish: doesn't show hand
*** SUMMARY ***
Total pot $2 | Rake $0
Seat 1: BigYelloFish (big blind) collected ($2)
Seat 2: Ultrafranke (button) (small blind) folded before Flop


PokerStars Hand #144710671060:  Hold'em Limit ($3/$6 USD) - 2015/12/02 10:33:31 ET
Table 'Gonnessia II' 2-max Seat #2 is the button
Seat 1: BigYelloFish ($151.88 in chips)
Seat 2: Ultrafranke ($91.91 in chips)
Ultrafranke: posts small blind $1
BigYelloFish: posts big blind $3
*** HOLE CARDS ***
Ultrafranke: folds
Uncalled bet ($2) returned to BigYelloFish
BigYelloFish collected $2 from pot
BigYelloFish: doesn't show hand
*** SUMMARY ***
Total pot $2 | Rake $0
Seat 1: BigYelloFish (big blind) collected ($2)
Seat 2: Ultrafranke (button) (small blind) folded before Flop


PokerStars Hand #144710685969:  Hold'em Limit ($3/$6 USD) - 2015/12/02 10:33:51 ET
Table 'Gonnessia II' 2-max Seat #2 is the button
Seat 1: BigYelloFish ($176.38 in chips)
Seat 2: Ultrafranke ($66.91 in chips)
Ultrafranke: posts small blind $1
BigYelloFish: posts big blind $3
*** HOLE CARDS ***
Ultrafranke: raises $3 to $6
BigYelloFish: calls $3
*** FLOP *** [7s Jd Td]
BigYelloFish: checks
Ultrafranke: checks
*** TURN *** [7s Jd Td] [9h]
BigYelloFish: bets $6
Ultrafranke: folds
Uncalled bet ($6) returned to BigYelloFish
BigYelloFish collected $11.76 from pot
BigYelloFish: doesn't show hand
*** SUMMARY ***
Total pot $12 | Rake $0.24
Board [7s Jd Td 9h]
Seat 1: BigYelloFish (big blind) collected ($11.76)
Seat 2: Ultrafranke (button) (small blind) folded on the Turn


PokerStars Hand #144710674449:  Hold'em Limit ($3/$6 USD) - 2015/12/02 10:33:35 ET
Table 'Gonnessia II' 2-max Seat #1 is the button
Seat 1: BigYelloFish ($152.88 in chips)
Seat 2: Ultrafranke ($90.91 in chips)
BigYelloFish: posts small blind $1
Ultrafranke: posts big blind $3
*** HOLE CARDS ***
BigYelloFish: raises $3 to $6
Ultrafranke: raises $3 to $9
BigYelloFish: calls $3
*** FLOP *** [Ks Ts Kh]
Ultrafranke: bets $3
BigYelloFish: calls $3
*** TURN *** [Ks Ts Kh] [9s]
Ultrafranke: checks
BigYelloFish: checks
*** RIVER *** [Ks Ts Kh 9s] [Qd]
Ultrafranke: bets $6
BigYelloFish: raises $6 to $12
Ultrafranke: calls $6
*** SHOW DOWN ***
BigYelloFish: shows [8h Jd] (a straight, Nine to King)
Ultrafranke: mucks hand
BigYelloFish collected $47.50 from pot
*** SUMMARY ***
Total pot $48 | Rake $0.50
Board [Ks Ts Kh 9s Qd]
Seat 1: BigYelloFish (button) (small blind) showed [8h Jd] and won ($47.50) with a straight, Nine to King
Seat 2: Ultrafranke (big blind) mucked


PokerStars Hand #144710717600:  Hold'em Limit ($3/$6 USD) - 2015/12/02 10:34:35 ET
Table 'Gonnessia II' 2-max Seat #1 is the button
Seat 1: BigYelloFish ($196.64 in chips)
Seat 2: Ultrafranke ($45.79 in chips)
BigYelloFish: posts small blind $1
Ultrafranke: posts big blind $3
*** HOLE CARDS ***
BigYelloFish: raises $3 to $6
Ultrafranke: calls $3
*** FLOP *** [Qd Th 8h]
Ultrafranke: checks
BigYelloFish: bets $3
Ultrafranke: folds
Uncalled bet ($3) returned to BigYelloFish
BigYelloFish collected $11.76 from pot
BigYelloFish: doesn't show hand
*** SUMMARY ***
Total pot $12 | Rake $0.24
Board [Qd Th 8h]
Seat 1: BigYelloFish (button) (small blind) collected ($11.76)
Seat 2: Ultrafranke (big blind) folded on the Flop


PokerStars Hand #144710708134:  Hold'em Limit ($3/$6 USD) - 2015/12/02 10:34:22 ET
Table 'Gonnessia II' 2-max Seat #2 is the button
Seat 1: BigYelloFish ($179.14 in chips)
Seat 2: Ultrafranke ($63.79 in chips)
Ultrafranke: posts small blind $1
BigYelloFish: posts big blind $3
*** HOLE CARDS ***
Ultrafranke: raises $3 to $6
BigYelloFish: calls $3
*** FLOP *** [Qh 9d 3s]
BigYelloFish: checks
Ultrafranke: checks
*** TURN *** [Qh 9d 3s] [Jd]
BigYelloFish: bets $6
Ultrafranke: calls $6
*** RIVER *** [Qh 9d 3s Jd] [5c]
BigYelloFish: bets $6
Ultrafranke: calls $6
*** SHOW DOWN ***
BigYelloFish: shows [3h Qs] (two pair, Queens and Threes)
Ultrafranke: mucks hand
BigYelloFish collected $35.50 from pot
*** SUMMARY ***
Total pot $36 | Rake $0.50
Board [Qh 9d 3s Jd 5c]
Seat 1: BigYelloFish (big blind) showed [3h Qs] and won ($35.50) with two pair, Queens and Threes
Seat 2: Ultrafranke (button) (small blind) mucked


PokerStars Hand #144710745158:  Hold'em Limit ($3/$6 USD) - 2015/12/02 10:35:14 ET
Table 'Gonnessia II' 2-max Seat #1 is the button
Seat 1: BigYelloFish ($182.40 in chips)
Seat 2: Ultrafranke ($58.95 in chips)
BigYelloFish: posts small blind $1
Ultrafranke: posts big blind $3
*** HOLE CARDS ***
BigYelloFish: raises $3 to $6
Ultrafranke: calls $3
*** FLOP *** [Qc 5s 5c]
Ultrafranke: checks
BigYelloFish: bets $3
Ultrafranke: calls $3
*** TURN *** [Qc 5s 5c] [Th]
Ultrafranke: checks
BigYelloFish: bets $6
Ultrafranke: calls $6
*** RIVER *** [Qc 5s 5c Th] [7h]
Ultrafranke: checks
BigYelloFish: bets $6
Ultrafranke: folds
Uncalled bet ($6) returned to BigYelloFish
BigYelloFish collected $29.50 from pot
BigYelloFish: doesn't show hand
*** SUMMARY ***
Total pot $30 | Rake $0.50
Board [Qc 5s 5c Th 7h]
Seat 1: BigYelloFish (button) (small blind) collected ($29.50)
Seat 2: Ultrafranke (big blind) folded on the River


PokerStars Hand #144710741812:  Hold'em Limit ($3/$6 USD) - 2015/12/02 10:35:09 ET
Table 'Gonnessia II' 2-max Seat #2 is the button
Seat 1: BigYelloFish ($181.40 in chips)
Seat 2: Ultrafranke ($59.95 in chips)
Ultrafranke: posts small blind $1
BigYelloFish: posts big blind $3
*** HOLE CARDS ***
Ultrafranke: folds
Uncalled bet ($2) returned to BigYelloFish
BigYelloFish collected $2 from pot
BigYelloFish: doesn't show hand
*** SUMMARY ***
Total pot $2 | Rake $0
Seat 1: BigYelloFish (big blind) collected ($2)
Seat 2: Ultrafranke (button) (small blind) folded before Flop


PokerStars Hand #144710731845:  Hold'em Limit ($3/$6 USD) - 2015/12/02 10:34:55 ET
Table 'Gonnessia II' 2-max Seat #1 is the button
Seat 1: BigYelloFish ($193.40 in chips)
Seat 2: Ultrafranke ($48.43 in chips)
BigYelloFish: posts small blind $1
Ultrafranke: posts big blind $3
*** HOLE CARDS ***
BigYelloFish: calls $2
Ultrafranke: checks
*** FLOP *** [4c 2c Qs]
Ultrafranke: checks
BigYelloFish: bets $3
Ultrafranke: calls $3
*** TURN *** [4c 2c Qs] [7d]
Ultrafranke: checks
BigYelloFish: checks
*** RIVER *** [4c 2c Qs 7d] [Ts]
Ultrafranke: bets $6
BigYelloFish: calls $6
*** SHOW DOWN ***
Ultrafranke: shows [Jd 4d] (a pair of Fours)
BigYelloFish: mucks hand
Ultrafranke collected $23.52 from pot
*** SUMMARY ***
Total pot $24 | Rake $0.48
Board [4c 2c Qs 7d Ts]
Seat 1: BigYelloFish (button) (small blind) mucked
Seat 2: Ultrafranke (big blind) showed [Jd 4d] and won ($23.52) with a pair of Fours


PokerStars Hand #144710723904:  Hold'em Limit ($3/$6 USD) - 2015/12/02 10:34:44 ET
Table 'Gonnessia II' 2-max Seat #2 is the button
Seat 1: BigYelloFish ($202.40 in chips)
Seat 2: Ultrafranke ($39.79 in chips)
Ultrafranke: posts small blind $1
BigYelloFish: posts big blind $3
*** HOLE CARDS ***
Ultrafranke: raises $3 to $6
BigYelloFish: calls $3
*** FLOP *** [3d 8d 5c]
BigYelloFish: checks
Ultrafranke: bets $3
BigYelloFish: calls $3
*** TURN *** [3d 8d 5c] [Qd]
BigYelloFish: checks
Ultrafranke: bets $6
BigYelloFish: folds
Uncalled bet ($6) returned to Ultrafranke
Ultrafranke collected $17.64 from pot
*** SUMMARY ***
Total pot $18 | Rake $0.36
Board [3d 8d 5c Qd]
Seat 1: BigYelloFish (big blind) folded on the Turn
Seat 2: Ultrafranke (button) (small blind) collected ($17.64)


PokerStars Hand #144710775658:  Hold'em Limit ($3/$6 USD) - 2015/12/02 10:35:56 ET
Table 'Gonnessia II' 2-max Seat #2 is the button
Seat 1: BigYelloFish ($199.40 in chips)
Seat 2: Ultrafranke ($40.45 in chips)
Ultrafranke: posts small blind $1
BigYelloFish: posts big blind $3
*** HOLE CARDS ***
Ultrafranke: raises $3 to $6
BigYelloFish: calls $3
*** FLOP *** [8h Jd 3s]
BigYelloFish: checks
Ultrafranke: bets $3
BigYelloFish: folds
Uncalled bet ($3) returned to Ultrafranke
Ultrafranke collected $11.76 from pot
*** SUMMARY ***
Total pot $12 | Rake $0.24
Board [8h Jd 3s]
Seat 1: BigYelloFish (big blind) folded on the Flop
Seat 2: Ultrafranke (button) (small blind) collected ($11.76)


PokerStars Hand #144710762441:  Hold'em Limit ($3/$6 USD) - 2015/12/02 10:35:38 ET
Table 'Gonnessia II' 2-max Seat #1 is the button
Seat 1: BigYelloFish ($178.90 in chips)
Seat 2: Ultrafranke ($61.45 in chips)
BigYelloFish: posts small blind $1
Ultrafranke: posts big blind $3
*** HOLE CARDS ***
BigYelloFish: raises $3 to $6
Ultrafranke: calls $3
*** FLOP *** [Ts 2d 8c]
Ultrafranke: checks
BigYelloFish: bets $3
Ultrafranke: calls $3
*** TURN *** [Ts 2d 8c] [Qh]
Ultrafranke: checks
BigYelloFish: bets $6
Ultrafranke: calls $6
*** RIVER *** [Ts 2d 8c Qh] [6c]
Ultrafranke: checks
BigYelloFish: bets $6
Ultrafranke: calls $6
*** SHOW DOWN ***
BigYelloFish: shows [Qs Js] (a pair of Queens)
Ultrafranke: mucks hand
BigYelloFish collected $41.50 from pot
*** SUMMARY ***
Total pot $42 | Rake $0.50
Board [Ts 2d 8c Qh 6c]
Seat 1: BigYelloFish (button) (small blind) showed [Qs Js] and won ($41.50) with a pair of Queens
Seat 2: Ultrafranke (big blind) mucked


PokerStars Hand #144710781340:  Hold'em Limit ($3/$6 USD) - 2015/12/02 10:36:04 ET
Table 'Gonnessia II' 2-max Seat #1 is the button
Seat 1: BigYelloFish ($193.40 in chips)
Seat 2: Ultrafranke ($46.21 in chips)
BigYelloFish: posts small blind $1
Ultrafranke: posts big blind $3
*** HOLE CARDS ***
BigYelloFish: raises $3 to $6
Ultrafranke: folds
Uncalled bet ($3) returned to BigYelloFish
BigYelloFish collected $6 from pot
BigYelloFish: doesn't show hand
*** SUMMARY ***
Total pot $6 | Rake $0
Seat 1: BigYelloFish (button) (small blind) collected ($6)
Seat 2: Ultrafranke (big blind) folded before Flop


PokerStars Hand #144710791367:  Hold'em Limit ($3/$6 USD) - 2015/12/02 10:36:18 ET
Table 'Gonnessia II' 2-max Seat #1 is the button
Seat 1: BigYelloFish ($190.40 in chips)
Seat 2: Ultrafranke ($48.97 in chips)
BigYelloFish: posts small blind $1
Ultrafranke: posts big blind $3
*** HOLE CARDS ***
BigYelloFish: raises $3 to $6
Ultrafranke: calls $3
*** FLOP *** [Ad Ac 5s]
Ultrafranke: checks
BigYelloFish: bets $3
Ultrafranke: folds
Uncalled bet ($3) returned to BigYelloFish
BigYelloFish collected $11.76 from pot
BigYelloFish: doesn't show hand
*** SUMMARY ***
Total pot $12 | Rake $0.24
Board [Ad Ac 5s]
Seat 1: BigYelloFish (button) (small blind) collected ($11.76)
Seat 2: Ultrafranke (big blind) folded on the Flop


PokerStars Hand #144710784818:  Hold'em Limit ($3/$6 USD) - 2015/12/02 10:36:09 ET
Table 'Gonnessia II' 2-max Seat #2 is the button
Seat 1: BigYelloFish ($196.40 in chips)
Seat 2: Ultrafranke ($43.21 in chips)
Ultrafranke: posts small blind $1
BigYelloFish: posts big blind $3
*** HOLE CARDS ***
Ultrafranke: raises $3 to $6
BigYelloFish: calls $3
*** FLOP *** [2s 3s 8s]
BigYelloFish: checks
Ultrafranke: bets $3
BigYelloFish: folds
Uncalled bet ($3) returned to Ultrafranke
Ultrafranke collected $11.76 from pot
*** SUMMARY ***
Total pot $12 | Rake $0.24
Board [2s 3s 8s]
Seat 1: BigYelloFish (big blind) folded on the Flop
Seat 2: Ultrafranke (button) (small blind) collected ($11.76)


PokerStars Hand #144710754003:  Hold'em Limit ($3/$6 USD) - 2015/12/02 10:35:26 ET
Table 'Gonnessia II' 2-max Seat #2 is the button
Seat 1: BigYelloFish ($196.90 in chips)
Seat 2: Ultrafranke ($43.95 in chips)
Ultrafranke: posts small blind $1
BigYelloFish: posts big blind $3
*** HOLE CARDS ***
Ultrafranke: raises $3 to $6
BigYelloFish: calls $3
*** FLOP *** [5c 7h Kc]
BigYelloFish: checks
Ultrafranke: checks
*** TURN *** [5c 7h Kc] [8s]
BigYelloFish: bets $6
Ultrafranke: raises $6 to $12
BigYelloFish: calls $6
*** RIVER *** [5c 7h Kc 8s] [3s]
BigYelloFish: checks
Ultrafranke: checks
*** SHOW DOWN ***
BigYelloFish: shows [6s Ad] (high card Ace)
Ultrafranke: shows [As 7d] (a pair of Sevens)
Ultrafranke collected $35.50 from pot
*** SUMMARY ***
Total pot $36 | Rake $0.50
Board [5c 7h Kc 8s 3s]
Seat 1: BigYelloFish (big blind) showed [6s Ad] and lost with high card Ace
Seat 2: Ultrafranke (button) (small blind) showed [As 7d] and won ($35.50) with a pair of Sevens


PokerStars Hand #144710814695:  Hold'em Limit ($3/$6 USD) - 2015/12/02 10:36:51 ET
Table 'Gonnessia II' 2-max Seat #1 is the button
Seat 1: BigYelloFish ($202.66 in chips)
Seat 2: Ultrafranke ($35.49 in chips)
BigYelloFish: posts small blind $1
Ultrafranke: posts big blind $3
*** HOLE CARDS ***
BigYelloFish: raises $3 to $6
Ultrafranke: calls $3
*** FLOP *** [7s Tc 2c]
Ultrafranke: checks
BigYelloFish: bets $3
Ultrafranke: calls $3
*** TURN *** [7s Tc 2c] [Jc]
Ultrafranke: checks
BigYelloFish: checks
*** RIVER *** [7s Tc 2c Jc] [5c]
Ultrafranke: bets $6
BigYelloFish: folds
Uncalled bet ($6) returned to Ultrafranke
Ultrafranke collected $17.64 from pot
*** SUMMARY ***
Total pot $18 | Rake $0.36
Board [7s Tc 2c Jc 5c]
Seat 1: BigYelloFish (button) (small blind) folded on the River
Seat 2: Ultrafranke (big blind) collected ($17.64)


PokerStars Hand #144710796630:  Hold'em Limit ($3/$6 USD) - 2015/12/02 10:36:26 ET
Table 'Gonnessia II' 2-max Seat #2 is the button
Seat 1: BigYelloFish ($196.16 in chips)
Seat 2: Ultrafranke ($42.97 in chips)
Ultrafranke: posts small blind $1
BigYelloFish: posts big blind $3
*** HOLE CARDS ***
Ultrafranke: raises $3 to $6
BigYelloFish: calls $3
*** FLOP *** [4s 6s 2h]
BigYelloFish: checks
Ultrafranke: checks
*** TURN *** [4s 6s 2h] [2d]
BigYelloFish: bets $6
Ultrafranke: calls $6
*** RIVER *** [4s 6s 2h 2d] [3c]
BigYelloFish: bets $6
Ultrafranke: calls $6
*** SHOW DOWN ***
BigYelloFish: shows [3s 5d] (a straight, Deuce to Six)
Ultrafranke: mucks hand
BigYelloFish collected $35.50 from pot
*** SUMMARY ***
Total pot $36 | Rake $0.50
Board [4s 6s 2h 2d 3c]
Seat 1: BigYelloFish (big blind) showed [3s 5d] and won ($35.50) with a straight, Deuce to Six
Seat 2: Ultrafranke (button) (small blind) mucked


PokerStars Hand #144710811448:  Hold'em Limit ($3/$6 USD) - 2015/12/02 10:36:46 ET
Table 'Gonnessia II' 2-max Seat #2 is the button
Seat 1: BigYelloFish ($201.66 in chips)
Seat 2: Ultrafranke ($36.49 in chips)
Ultrafranke: posts small blind $1
BigYelloFish: posts big blind $3
*** HOLE CARDS ***
Ultrafranke: folds
Uncalled bet ($2) returned to BigYelloFish
BigYelloFish collected $2 from pot
BigYelloFish: doesn't show hand
*** SUMMARY ***
Total pot $2 | Rake $0
Seat 1: BigYelloFish (big blind) collected ($2)
Seat 2: Ultrafranke (button) (small blind) folded before Flop


PokerStars Hand #144710823512:  Hold'em Limit ($3/$6 USD) - 2015/12/02 10:37:03 ET
Table 'Gonnessia II' 2-max Seat #2 is the button
Seat 1: BigYelloFish ($193.66 in chips)
Seat 2: Ultrafranke ($44.13 in chips)
Ultrafranke: posts small blind $1
BigYelloFish: posts big blind $3
*** HOLE CARDS ***
Ultrafranke: raises $3 to $6
BigYelloFish: calls $3
*** FLOP *** [Tc 3c 5d]
BigYelloFish: checks
Ultrafranke: checks
*** TURN *** [Tc 3c 5d] [9s]
BigYelloFish: bets $6
Ultrafranke: calls $6
*** RIVER *** [Tc 3c 5d 9s] [9h]
BigYelloFish: bets $6
Ultrafranke: calls $6
*** SHOW DOWN ***
BigYelloFish: shows [7d Th] (two pair, Tens and Nines)
Ultrafranke: mucks hand
BigYelloFish collected $35.50 from pot
*** SUMMARY ***
Total pot $36 | Rake $0.50
Board [Tc 3c 5d 9s 9h]
Seat 1: BigYelloFish (big blind) showed [7d Th] and won ($35.50) with two pair, Tens and Nines
Seat 2: Ultrafranke (button) (small blind) mucked


PokerStars Hand #144710834363:  Hold'em Limit ($3/$6 USD) - 2015/12/02 10:37:18 ET
Table 'Gonnessia II' 2-max Seat #1 is the button
Seat 1: BigYelloFish ($211.16 in chips)
Seat 2: Ultrafranke ($26.13 in chips)
BigYelloFish: posts small blind $1
Ultrafranke: posts big blind $3
*** HOLE CARDS ***
BigYelloFish: raises $3 to $6
Ultrafranke: calls $3
*** FLOP *** [Kc 3c 6d]
Ultrafranke: checks
BigYelloFish: bets $3
Ultrafranke: raises $3 to $6
BigYelloFish: calls $3
*** TURN *** [Kc 3c 6d] [2d]
Ultrafranke: bets $6
BigYelloFish: calls $6
*** RIVER *** [Kc 3c 6d 2d] [6h]
Ultrafranke: bets $6
BigYelloFish: raises $6 to $12
Ultrafranke: calls $2.13 and is all-in
Uncalled bet ($3.87) returned to BigYelloFish
*** SHOW DOWN ***
BigYelloFish: shows [6c Th] (three of a kind, Sixes)
Ultrafranke: shows [6s Jd] (three of a kind, Sixes - King+Jack kicker)
Ultrafranke collected $51.76 from pot
*** SUMMARY ***
Total pot $52.26 | Rake $0.50
Board [Kc 3c 6d 2d 6h]
Seat 1: BigYelloFish (button) (small blind) showed [6c Th] and lost with three of a kind, Sixes
Seat 2: Ultrafranke (big blind) showed [6s Jd] and won ($51.76) with three of a kind, Sixes


PokerStars Hand #144710866673:  Hold'em Limit ($3/$6 USD) - 2015/12/02 10:38:04 ET
Table 'Gonnessia II' 2-max Seat #2 is the button
Seat 1: BigYelloFish ($193.53 in chips)
Seat 2: Ultrafranke ($42.28 in chips)
Ultrafranke: posts small blind $1
BigYelloFish: posts big blind $3
*** HOLE CARDS ***
Ultrafranke: folds
Uncalled bet ($2) returned to BigYelloFish
BigYelloFish collected $2 from pot
BigYelloFish: doesn't show hand
*** SUMMARY ***
Total pot $2 | Rake $0
Seat 1: BigYelloFish (big blind) collected ($2)
Seat 2: Ultrafranke (button) (small blind) folded before Flop


PokerStars Hand #144710869863:  Hold'em Limit ($3/$6 USD) - 2015/12/02 10:38:08 ET
Table 'Gonnessia II' 2-max Seat #1 is the button
Seat 1: BigYelloFish ($194.53 in chips)
Seat 2: Ultrafranke ($41.28 in chips)
BigYelloFish: posts small blind $1
Ultrafranke: posts big blind $3
*** HOLE CARDS ***
BigYelloFish: raises $3 to $6
Ultrafranke: calls $3
*** FLOP *** [5h 4h Qd]
Ultrafranke: checks
BigYelloFish: bets $3
Ultrafranke: calls $3
*** TURN *** [5h 4h Qd] [9h]
Ultrafranke: checks
BigYelloFish: bets $6
Ultrafranke: calls $6
*** RIVER *** [5h 4h Qd 9h] [Ts]
Ultrafranke: checks
BigYelloFish: bets $6
Ultrafranke: calls $6
*** SHOW DOWN ***
BigYelloFish: shows [Ks Kd] (a pair of Kings)
Ultrafranke: mucks hand
BigYelloFish collected $41.50 from pot
*** SUMMARY ***
Total pot $42 | Rake $0.50
Board [5h 4h Qd 9h Ts]
Seat 1: BigYelloFish (button) (small blind) showed [Ks Kd] and won ($41.50) with a pair of Kings
Seat 2: Ultrafranke (big blind) mucked


PokerStars Hand #144710880227:  Hold'em Limit ($3/$6 USD) - 2015/12/02 10:38:23 ET
Table 'Gonnessia II' 2-max Seat #2 is the button
Seat 1: BigYelloFish ($215.03 in chips)
Seat 2: Ultrafranke ($20.28 in chips)
Ultrafranke: posts small blind $1
BigYelloFish: posts big blind $3
*** HOLE CARDS ***
Ultrafranke: raises $3 to $6
BigYelloFish: calls $3
*** FLOP *** [5c 9c 9d]
BigYelloFish: checks
Ultrafranke: checks
*** TURN *** [5c 9c 9d] [5h]
BigYelloFish: bets $6
Ultrafranke: raises $6 to $12
BigYelloFish: raises $6 to $18
Ultrafranke: calls $2.28 and is all-in
Uncalled bet ($3.72) returned to BigYelloFish
*** RIVER *** [5c 9c 9d 5h] [7h]
*** SHOW DOWN ***
BigYelloFish: shows [9s Kd] (a full house, Nines full of Fives)
Ultrafranke: shows [6h 8d] (a straight, Five to Nine)
BigYelloFish collected $40.06 from pot
*** SUMMARY ***
Total pot $40.56 | Rake $0.50
Board [5c 9c 9d 5h 7h]
Seat 1: BigYelloFish (big blind) showed [9s Kd] and won ($40.06) with a full house, Nines full of Fives
Seat 2: Ultrafranke (button) (small blind) showed [6h 8d] and lost with a straight, Five to Nine


PokerStars Hand #144710856144:  Hold'em Limit ($3/$6 USD) - 2015/12/02 10:37:49 ET
Table 'Gonnessia II' 2-max Seat #1 is the button
Seat 1: BigYelloFish ($173.03 in chips)
Seat 2: Ultrafranke ($63.28 in chips)
BigYelloFish: posts small blind $1
Ultrafranke: posts big blind $3
*** HOLE CARDS ***
BigYelloFish: raises $3 to $6
Ultrafranke: calls $3
*** FLOP *** [7c Qh 6c]
Ultrafranke: checks
BigYelloFish: bets $3
Ultrafranke: calls $3
*** TURN *** [7c Qh 6c] [Jc]
Ultrafranke: checks
BigYelloFish: bets $6
Ultrafranke: calls $6
*** RIVER *** [7c Qh 6c Jc] [2s]
Ultrafranke: checks
BigYelloFish: bets $6
Ultrafranke: calls $6
*** SHOW DOWN ***
BigYelloFish: shows [Qd Ah] (a pair of Queens)
Ultrafranke: mucks hand
BigYelloFish collected $41.50 from pot
*** SUMMARY ***
Total pot $42 | Rake $0.50
Board [7c Qh 6c Jc 2s]
Seat 1: BigYelloFish (button) (small blind) showed [Qd Ah] and won ($41.50) with a pair of Queens
Seat 2: Ultrafranke (big blind) mucked


