PokerStars Hand #153530540089:  Hold'em Limit ($3/$6 USD) - 2016/05/19 6:28:48 ET
Table 'Gonnessia II' 6-max Seat #5 is the button
Seat 3: Noah21 ($123 in chips)
Seat 5: B_loJkl ($147 in chips)
B_loJkl: posts small blind $1
Noah21: posts big blind $3
*** HOLE CARDS ***
B_loJkl: raises $3 to $6
Noah21: calls $3
*** FLOP *** [Jh Td Tc]
Noah21: checks
B_loJkl: bets $3
Noah21: raises $3 to $6
B_loJkl: calls $3
*** TURN *** [Jh Td Tc] [2d]
Noah21: bets $6
B_loJkl: folds
Uncalled bet ($6) returned to Noah21
Noah21 collected $23.52 from pot
Noah21: doesn't show hand
*** SUMMARY ***
Total pot $24 | Rake $0.48
Board [Jh Td Tc 2d]
Seat 3: Noah21 (big blind) collected ($23.52)
Seat 5: B_loJkl (button) (small blind) folded on the Turn


PokerStars Hand #153530548994:  Hold'em Limit ($3/$6 USD) - 2016/05/19 6:29:10 ET
Table 'Gonnessia II' 6-max Seat #3 is the button
Seat 3: Noah21 ($134.52 in chips)
Seat 5: B_loJkl ($135 in chips)
Noah21: posts small blind $1
B_loJkl: posts big blind $3
*** HOLE CARDS ***
Noah21: raises $3 to $6
B_loJkl: calls $3
*** FLOP *** [Jc 9s Qc]
B_loJkl: checks
Noah21: bets $3
B_loJkl: calls $3
*** TURN *** [Jc 9s Qc] [Ks]
B_loJkl: checks
Noah21: checks
*** RIVER *** [Jc 9s Qc Ks] [As]
B_loJkl: checks
Noah21: bets $6
B_loJkl: folds
Uncalled bet ($6) returned to Noah21
Noah21 collected $17.64 from pot
Noah21: doesn't show hand
*** SUMMARY ***
Total pot $18 | Rake $0.36
Board [Jc 9s Qc Ks As]
Seat 3: Noah21 (button) (small blind) collected ($17.64)
Seat 5: B_loJkl (big blind) folded on the River


PokerStars Hand #153530561371:  Hold'em Limit ($3/$6 USD) - 2016/05/19 6:29:39 ET
Table 'Gonnessia II' 6-max Seat #3 is the button
Seat 3: Noah21 ($134.16 in chips)
Seat 5: B_loJkl ($134.64 in chips)
Noah21: posts small blind $1
B_loJkl: posts big blind $3
*** HOLE CARDS ***
Noah21: folds
Uncalled bet ($2) returned to B_loJkl
B_loJkl collected $2 from pot
B_loJkl: doesn't show hand
*** SUMMARY ***
Total pot $2 | Rake $0
Seat 3: Noah21 (button) (small blind) folded before Flop
Seat 5: B_loJkl (big blind) collected ($2)


PokerStars Hand #153530556554:  Hold'em Limit ($3/$6 USD) - 2016/05/19 6:29:28 ET
Table 'Gonnessia II' 6-max Seat #5 is the button
Seat 3: Noah21 ($143.16 in chips)
Seat 5: B_loJkl ($126 in chips)
B_loJkl: posts small blind $1
Noah21: posts big blind $3
*** HOLE CARDS ***
B_loJkl: raises $3 to $6
Noah21: calls $3
*** FLOP *** [Qs Qc 6c]
Noah21: checks
B_loJkl: bets $3
Noah21: calls $3
*** TURN *** [Qs Qc 6c] [3c]
Noah21: checks
B_loJkl: bets $6
Noah21: folds
Uncalled bet ($6) returned to B_loJkl
B_loJkl collected $17.64 from pot
B_loJkl: doesn't show hand
*** SUMMARY ***
Total pot $18 | Rake $0.36
Board [Qs Qc 6c 3c]
Seat 3: Noah21 (big blind) folded on the Turn
Seat 5: B_loJkl (button) (small blind) collected ($17.64)


PokerStars Hand #153530576054:  Hold'em Limit ($3/$6 USD) - 2016/05/19 6:30:14 ET
Table 'Gonnessia II' 6-max Seat #3 is the button
Seat 3: Noah21 ($121.16 in chips)
Seat 5: B_loJkl ($147.16 in chips)
Noah21: posts small blind $1
B_loJkl: posts big blind $3
*** HOLE CARDS ***
Noah21: folds
Uncalled bet ($2) returned to B_loJkl
B_loJkl collected $2 from pot
B_loJkl: doesn't show hand
*** SUMMARY ***
Total pot $2 | Rake $0
Seat 3: Noah21 (button) (small blind) folded before Flop
Seat 5: B_loJkl (big blind) collected ($2)


PokerStars Hand #153530563031:  Hold'em Limit ($3/$6 USD) - 2016/05/19 6:29:44 ET
Table 'Gonnessia II' 6-max Seat #5 is the button
Seat 3: Noah21 ($133.16 in chips)
Seat 5: B_loJkl ($135.64 in chips)
B_loJkl: posts small blind $1
Noah21: posts big blind $3
*** HOLE CARDS ***
B_loJkl: raises $3 to $6
Noah21: calls $3
*** FLOP *** [4s 6h 2s]
Noah21: checks
B_loJkl: bets $3
Noah21: raises $3 to $6
B_loJkl: calls $3
*** TURN *** [4s 6h 2s] [Ad]
Noah21: checks
B_loJkl: checks
*** RIVER *** [4s 6h 2s Ad] [7h]
Noah21: checks
B_loJkl: checks
*** SHOW DOWN ***
Noah21: shows [9s 8s] (high card Ace)
B_loJkl: shows [4d 8c] (a pair of Fours)
B_loJkl collected $23.52 from pot
*** SUMMARY ***
Total pot $24 | Rake $0.48
Board [4s 6h 2s Ad 7h]
Seat 3: Noah21 (big blind) showed [9s 8s] and lost with high card Ace
Seat 5: B_loJkl (button) (small blind) showed [4d 8c] and won ($23.52) with a pair of Fours


PokerStars Hand #153530577965:  Hold'em Limit ($3/$6 USD) - 2016/05/19 6:30:19 ET
Table 'Gonnessia II' 6-max Seat #5 is the button
Seat 3: Noah21 ($120.16 in chips)
Seat 5: B_loJkl ($148.16 in chips)
B_loJkl: posts small blind $1
Noah21: posts big blind $3
*** HOLE CARDS ***
B_loJkl: raises $3 to $6
Noah21: calls $3
*** FLOP *** [2c 2h 9h]
Noah21: checks
B_loJkl: bets $3
Noah21: raises $3 to $6
B_loJkl: calls $3
*** TURN *** [2c 2h 9h] [3s]
Noah21: bets $6
B_loJkl: calls $6
*** RIVER *** [2c 2h 9h 3s] [3h]
Noah21: bets $6
B_loJkl: calls $6
*** SHOW DOWN ***
Noah21: shows [Jd Ah] (two pair, Threes and Deuces)
B_loJkl: shows [Qc As] (two pair, Threes and Deuces)
Noah21 collected $23.75 from pot
B_loJkl collected $23.75 from pot
*** SUMMARY ***
Total pot $48 | Rake $0.50
Board [2c 2h 9h 3s 3h]
Seat 3: Noah21 (big blind) showed [Jd Ah] and won ($23.75) with two pair, Threes and Deuces
Seat 5: B_loJkl (button) (small blind) showed [Qc As] and won ($23.75) with two pair, Threes and Deuces


PokerStars Hand #153530588993:  Hold'em Limit ($3/$6 USD) - 2016/05/19 6:30:46 ET
Table 'Gonnessia II' 6-max Seat #3 is the button
Seat 3: Noah21 ($119.91 in chips)
Seat 5: B_loJkl ($147.91 in chips)
Noah21: posts small blind $1
B_loJkl: posts big blind $3
*** HOLE CARDS ***
Noah21: raises $3 to $6
B_loJkl: calls $3
*** FLOP *** [2h Tc Jc]
B_loJkl: checks
Noah21: bets $3
B_loJkl: raises $3 to $6
Tryptamean joins the table at seat #4
Noah21: calls $3
*** TURN *** [2h Tc Jc] [8s]
B_loJkl: bets $6
Noah21: calls $6
*** RIVER *** [2h Tc Jc 8s] [9h]
B_loJkl: bets $6
Noah21: raises $6 to $12
B_loJkl: calls $6
*** SHOW DOWN ***
Noah21: shows [Td Qs] (a straight, Eight to Queen)
B_loJkl: shows [Js Qh] (a straight, Eight to Queen)
B_loJkl collected $29.75 from pot
Noah21 collected $29.75 from pot
*** SUMMARY ***
Total pot $60 | Rake $0.50
Board [2h Tc Jc 8s 9h]
Seat 3: Noah21 (button) (small blind) showed [Td Qs] and won ($29.75) with a straight, Eight to Queen
Seat 5: B_loJkl (big blind) showed [Js Qh] and won ($29.75) with a straight, Eight to Queen


PokerStars Hand #153531431227:  Hold'em Limit ($3/$6 USD) - 2016/05/19 7:04:00 ET
Table 'Gonnessia II' 6-max Seat #3 is the button
Seat 1: Joerg88 ($135.44 in chips)
Seat 3: Noah21 ($58.50 in chips)
Actionni13 will be allowed to play after the button
Noah21: posts small blind $1
Tryptamean: is sitting out
Joerg88: posts big blind $3
*** HOLE CARDS ***
Noah21: folds
Uncalled bet ($2) returned to Joerg88
Joerg88 collected $2 from pot
Joerg88: doesn't show hand
*** SUMMARY ***
Total pot $2 | Rake $0
Seat 1: Joerg88 (big blind) collected ($2)
Seat 3: Noah21 (button) (small blind) folded before Flop


PokerStars Hand #153531730025:  Hold'em Limit ($3/$6 USD) - 2016/05/19 7:15:20 ET
Table 'Gonnessia II' 6-max Seat #1 is the button
Seat 1: B_loJkl ($184.11 in chips)
Seat 3: Noah21 ($381.08 in chips)
NAV_SERGG will be allowed to play after the button
B_loJkl: posts small blind $1
Actionni13: is sitting out
Noah21: posts big blind $3
*** HOLE CARDS ***
B_loJkl: folds
Uncalled bet ($2) returned to Noah21
Noah21 collected $2 from pot
Noah21: doesn't show hand
*** SUMMARY ***
Total pot $2 | Rake $0
Seat 1: B_loJkl (button) (small blind) folded before Flop
Seat 3: Noah21 (big blind) collected ($2)


PokerStars Hand #153531805921:  Hold'em Limit ($3/$6 USD) - 2016/05/19 7:18:10 ET
Table 'Gonnessia II' 6-max Seat #2 is the button
Seat 2: Actionni13 ($212.45 in chips)
Seat 3: Noah21 ($390.48 in chips)
Actionni13: posts small blind $1
Noah21: posts big blind $3
*** HOLE CARDS ***
Actionni13: folds
Uncalled bet ($2) returned to Noah21
Noah21 collected $2 from pot
Noah21: doesn't show hand
*** SUMMARY ***
Total pot $2 | Rake $0
Seat 2: Actionni13 (button) (small blind) folded before Flop
Seat 3: Noah21 (big blind) collected ($2)


PokerStars Hand #153531784740:  Hold'em Limit ($3/$6 USD) - 2016/05/19 7:17:22 ET
Table 'Gonnessia II' 6-max Seat #3 is the button
Seat 2: Actionni13 ($218.45 in chips)
Seat 3: Noah21 ($384.72 in chips)
Noah21: posts small blind $1
Actionni13: posts big blind $3
*** HOLE CARDS ***
Noah21: raises $3 to $6
Actionni13: calls $3
*** FLOP *** [4h 8h Qd]
Actionni13: checks
Noah21: bets $3
Actionni13: folds
Uncalled bet ($3) returned to Noah21
Noah21 collected $11.76 from pot
Noah21: doesn't show hand
*** SUMMARY ***
Total pot $12 | Rake $0.24
Board [4h 8h Qd]
Seat 2: Actionni13 (big blind) folded on the Flop
Seat 3: Noah21 (button) (small blind) collected ($11.76)


