PokerStars Hand #151588205150:  Hold'em Limit ($3/$6 USD) - 2016/04/07 18:26:58 ET
Table 'Gonnessia II' 10-max Seat #1 is the button
Seat 1: barranqueiro ($78 in chips)
Seat 10: BADEXTASY ($125.76 in chips)
barranqueiro: posts small blind $1
BADEXTASY: posts big blind $3
*** HOLE CARDS ***
barranqueiro: folds
Uncalled bet ($2) returned to BADEXTASY
BADEXTASY collected $2 from pot
BADEXTASY: doesn't show hand
*** SUMMARY ***
Total pot $2 | Rake $0
Seat 1: barranqueiro (button) (small blind) folded before Flop
Seat 10: BADEXTASY (big blind) collected ($2)


PokerStars Hand #151588209988:  Hold'em Limit ($3/$6 USD) - 2016/04/07 18:27:04 ET
Table 'Gonnessia II' 10-max Seat #10 is the button
Seat 1: barranqueiro ($79.84 in chips)
Seat 10: BADEXTASY ($126.76 in chips)
BADEXTASY: posts small blind $1
barranqueiro: posts big blind $3
*** HOLE CARDS ***
BADEXTASY: raises $3 to $6
barranqueiro: calls $3
*** FLOP *** [4h Jd 9s]
barranqueiro: checks
BADEXTASY: bets $3
barranqueiro: raises $3 to $6
BADEXTASY: calls $3
*** TURN *** [4h Jd 9s] [2h]
barranqueiro: bets $6
BADEXTASY: calls $6
*** RIVER *** [4h Jd 9s 2h] [8h]
barranqueiro: checks
BADEXTASY: bets $6
barranqueiro: calls $6
*** SHOW DOWN ***
BADEXTASY: shows [Qd 9h] (a pair of Nines)
barranqueiro: mucks hand
BADEXTASY collected $47.50 from pot
*** SUMMARY ***
Total pot $48 | Rake $0.50
Board [4h Jd 9s 2h 8h]
Seat 1: barranqueiro (big blind) mucked
Seat 10: BADEXTASY (button) (small blind) showed [Qd 9h] and won ($47.50) with a pair of Nines


PokerStars Hand #151588244447:  Hold'em Limit ($3/$6 USD) - 2016/04/07 18:27:49 ET
Table 'Gonnessia II' 10-max Seat #1 is the button
Seat 1: barranqueiro ($55.84 in chips)
Seat 10: BADEXTASY ($150.26 in chips)
barranqueiro: posts small blind $1
BADEXTASY: posts big blind $3
*** HOLE CARDS ***
barranqueiro: calls $2
BADEXTASY: raises $3 to $6
barranqueiro: calls $3
*** FLOP *** [7d 8h 4d]
BADEXTASY: bets $3
barranqueiro: raises $3 to $6
BADEXTASY: calls $3
*** TURN *** [7d 8h 4d] [8d]
BADEXTASY: checks
barranqueiro: bets $6
BADEXTASY: calls $6
*** RIVER *** [7d 8h 4d 8d] [5h]
BADEXTASY: bets $6
barranqueiro: calls $6
*** SHOW DOWN ***
BADEXTASY: shows [Kh Td] (a pair of Eights)
barranqueiro: shows [4s 5d] (two pair, Eights and Fives)
barranqueiro collected $47.50 from pot
*** SUMMARY ***
Total pot $48 | Rake $0.50
Board [7d 8h 4d 8d 5h]
Seat 1: barranqueiro (button) (small blind) showed [4s 5d] and won ($47.50) with two pair, Eights and Fives
Seat 10: BADEXTASY (big blind) showed [Kh Td] and lost with a pair of Eights


PokerStars Hand #151588279712:  Hold'em Limit ($3/$6 USD) - 2016/04/07 18:28:35 ET
Table 'Gonnessia II' 10-max Seat #10 is the button
Seat 1: barranqueiro ($79.34 in chips)
Seat 10: BADEXTASY ($126.26 in chips)
BADEXTASY: posts small blind $1
barranqueiro: posts big blind $3
*** HOLE CARDS ***
BADEXTASY: folds
Uncalled bet ($2) returned to barranqueiro
barranqueiro collected $2 from pot
barranqueiro: doesn't show hand
*** SUMMARY ***
Total pot $2 | Rake $0
Seat 1: barranqueiro (big blind) collected ($2)
Seat 10: BADEXTASY (button) (small blind) folded before Flop


PokerStars Hand #151588284486:  Hold'em Limit ($3/$6 USD) - 2016/04/07 18:28:41 ET
Table 'Gonnessia II' 10-max Seat #1 is the button
Seat 1: barranqueiro ($80.34 in chips)
Seat 10: BADEXTASY ($125.26 in chips)
barranqueiro: posts small blind $1
BADEXTASY: posts big blind $3
*** HOLE CARDS ***
barranqueiro: raises $3 to $6
BADEXTASY: raises $3 to $9
barranqueiro: calls $3
*** FLOP *** [4s Qd Tc]
BADEXTASY: bets $3
barranqueiro: folds
Uncalled bet ($3) returned to BADEXTASY
BADEXTASY collected $17.64 from pot
BADEXTASY: doesn't show hand
*** SUMMARY ***
Total pot $18 | Rake $0.36
Board [4s Qd Tc]
Seat 1: barranqueiro (button) (small blind) folded on the Flop
Seat 10: BADEXTASY (big blind) collected ($17.64)


PokerStars Hand #151588296372:  Hold'em Limit ($3/$6 USD) - 2016/04/07 18:28:57 ET
Table 'Gonnessia II' 10-max Seat #10 is the button
Seat 1: barranqueiro ($71.34 in chips)
Seat 10: BADEXTASY ($133.90 in chips)
BADEXTASY: posts small blind $1
barranqueiro: posts big blind $3
*** HOLE CARDS ***
BADEXTASY: folds
Uncalled bet ($2) returned to barranqueiro
barranqueiro collected $2 from pot
barranqueiro: doesn't show hand
*** SUMMARY ***
Total pot $2 | Rake $0
Seat 1: barranqueiro (big blind) collected ($2)
Seat 10: BADEXTASY (button) (small blind) folded before Flop


PokerStars Hand #151588300192:  Hold'em Limit ($3/$6 USD) - 2016/04/07 18:29:02 ET
Table 'Gonnessia II' 10-max Seat #1 is the button
Seat 1: barranqueiro ($72.34 in chips)
Seat 10: BADEXTASY ($132.90 in chips)
barranqueiro: posts small blind $1
BADEXTASY: posts big blind $3
*** HOLE CARDS ***
barranqueiro: raises $3 to $6
BADEXTASY: calls $3
*** FLOP *** [Ks Qd 8h]
BADEXTASY: checks
barranqueiro: bets $3
BADEXTASY: folds
Uncalled bet ($3) returned to barranqueiro
barranqueiro collected $11.76 from pot
barranqueiro: doesn't show hand
*** SUMMARY ***
Total pot $12 | Rake $0.24
Board [Ks Qd 8h]
Seat 1: barranqueiro (button) (small blind) collected ($11.76)
Seat 10: BADEXTASY (big blind) folded on the Flop


PokerStars Hand #151588314991:  Hold'em Limit ($3/$6 USD) - 2016/04/07 18:29:22 ET
Table 'Gonnessia II' 10-max Seat #10 is the button
Seat 1: barranqueiro ($78.10 in chips)
Seat 10: BADEXTASY ($126.90 in chips)
BADEXTASY: posts small blind $1
barranqueiro: posts big blind $3
*** HOLE CARDS ***
BADEXTASY: raises $3 to $6
barranqueiro: folds
Uncalled bet ($3) returned to BADEXTASY
BADEXTASY collected $6 from pot
BADEXTASY: doesn't show hand
*** SUMMARY ***
Total pot $6 | Rake $0
Seat 1: barranqueiro (big blind) folded before Flop
Seat 10: BADEXTASY (button) (small blind) collected ($6)


PokerStars Hand #151588322146:  Hold'em Limit ($3/$6 USD) - 2016/04/07 18:29:31 ET
Table 'Gonnessia II' 10-max Seat #1 is the button
Seat 1: barranqueiro ($75.10 in chips)
Seat 10: BADEXTASY ($129.90 in chips)
barranqueiro: posts small blind $1
BADEXTASY: posts big blind $3
*** HOLE CARDS ***
barranqueiro: raises $3 to $6
BADEXTASY: raises $3 to $9
barranqueiro: raises $3 to $12
Betting is capped
BADEXTASY: calls $3
*** FLOP *** [Ks Tc Qs]
Necromadx joins the table at seat #2
BADEXTASY: bets $3
barranqueiro: calls $3
*** TURN *** [Ks Tc Qs] [3c]
BADEXTASY: bets $6
barranqueiro: folds
Uncalled bet ($6) returned to BADEXTASY
BADEXTASY collected $29.50 from pot
BADEXTASY: doesn't show hand
*** SUMMARY ***
Total pot $30 | Rake $0.50
Board [Ks Tc Qs 3c]
Seat 1: barranqueiro (button) (small blind) folded on the Turn
Seat 10: BADEXTASY (big blind) collected ($29.50)


PokerStars Hand #151588339185:  Hold'em Limit ($3/$6 USD) - 2016/04/07 18:29:54 ET
Table 'Gonnessia II' 10-max Seat #10 is the button
Seat 1: barranqueiro ($60.10 in chips)
Seat 10: BADEXTASY ($144.40 in chips)
BADEXTASY: posts small blind $1
barranqueiro: posts big blind $3
*** HOLE CARDS ***
BADEXTASY: raises $3 to $6
barranqueiro: calls $3
*** FLOP *** [8d 5c Qh]
barranqueiro: checks
BADEXTASY: bets $3
barranqueiro: folds
Uncalled bet ($3) returned to BADEXTASY
BADEXTASY collected $11.76 from pot
BADEXTASY: doesn't show hand
*** SUMMARY ***
Total pot $12 | Rake $0.24
Board [8d 5c Qh]
Seat 1: barranqueiro (big blind) folded on the Flop
Seat 10: BADEXTASY (button) (small blind) collected ($11.76)


PokerStars Hand #151589166596:  Hold'em Limit ($3/$6 USD) - 2016/04/07 18:48:24 ET
Table 'Gonnessia II' 10-max Seat #10 is the button
Seat 8: lhyyy777777 ($137.29 in chips)
Seat 10: BADEXTASY ($22.16 in chips)
BADEXTASY: posts small blind $1
lhyyy777777: posts big blind $3
*** HOLE CARDS ***
BADEXTASY: raises $3 to $6
lhyyy777777: folds
Uncalled bet ($3) returned to BADEXTASY
BADEXTASY collected $6 from pot
BADEXTASY: doesn't show hand
*** SUMMARY ***
Total pot $6 | Rake $0
Seat 8: lhyyy777777 (big blind) folded before Flop
Seat 10: BADEXTASY (button) (small blind) collected ($6)


PokerStars Hand #151589162148:  Hold'em Limit ($3/$6 USD) - 2016/04/07 18:48:18 ET
Table 'Gonnessia II' 10-max Seat #8 is the button
Seat 8: lhyyy777777 ($138.29 in chips)
Seat 10: BADEXTASY ($21.16 in chips)
lhyyy777777: posts small blind $1
BADEXTASY: posts big blind $3
*** HOLE CARDS ***
lhyyy777777: folds
Uncalled bet ($2) returned to BADEXTASY
BADEXTASY collected $2 from pot
BADEXTASY: doesn't show hand
*** SUMMARY ***
Total pot $2 | Rake $0
Seat 8: lhyyy777777 (button) (small blind) folded before Flop
Seat 10: BADEXTASY (big blind) collected ($2)


PokerStars Hand #151589157596:  Hold'em Limit ($3/$6 USD) - 2016/04/07 18:48:11 ET
Table 'Gonnessia II' 10-max Seat #10 is the button
Seat 8: lhyyy777777 ($137.29 in chips)
Seat 10: BADEXTASY ($22.16 in chips)
BADEXTASY: posts small blind $1
lhyyy777777: posts big blind $3
*** HOLE CARDS ***
BADEXTASY: folds
Uncalled bet ($2) returned to lhyyy777777
lhyyy777777 collected $2 from pot
lhyyy777777: doesn't show hand
*** SUMMARY ***
Total pot $2 | Rake $0
Seat 8: lhyyy777777 (big blind) collected ($2)
Seat 10: BADEXTASY (button) (small blind) folded before Flop


PokerStars Hand #151589171766:  Hold'em Limit ($3/$6 USD) - 2016/04/07 18:48:31 ET
Table 'Gonnessia II' 10-max Seat #8 is the button
Seat 8: lhyyy777777 ($134.29 in chips)
Seat 10: BADEXTASY ($25.16 in chips)
lhyyy777777: posts small blind $1
BADEXTASY: posts big blind $3
*** HOLE CARDS ***
lhyyy777777: calls $2
BADEXTASY: raises $3 to $6
lhyyy777777: calls $3
*** FLOP *** [Ah 4d Ac]
BADEXTASY: checks
lhyyy777777: checks
*** TURN *** [Ah 4d Ac] [8d]
BADEXTASY: checks
lhyyy777777: bets $6
BADEXTASY: calls $6
*** RIVER *** [Ah 4d Ac 8d] [Jh]
BADEXTASY: checks
lhyyy777777: bets $6
BADEXTASY: calls $6
*** SHOW DOWN ***
lhyyy777777: shows [8s Jc] (two pair, Aces and Jacks)
BADEXTASY: mucks hand
lhyyy777777 collected $35.50 from pot
*** SUMMARY ***
Total pot $36 | Rake $0.50
Board [Ah 4d Ac 8d Jh]
Seat 8: lhyyy777777 (button) (small blind) showed [8s Jc] and won ($35.50) with two pair, Aces and Jacks
Seat 10: BADEXTASY (big blind) mucked


PokerStars Hand #151589459957:  Hold'em Limit ($3/$6 USD) - 2016/04/07 18:55:36 ET
Table 'Gonnessia II' 10-max Seat #10 is the button
Seat 1: Pandakey ($120 in chips)
Seat 10: BADEXTASY ($67.16 in chips)
BADEXTASY: posts small blind $1
Pandakey: posts big blind $3
*** HOLE CARDS ***
BADEXTASY: raises $3 to $6
Pandakey: calls $3
*** FLOP *** [Th 2h Jh]
Pandakey: checks
BADEXTASY: bets $3
Pandakey: folds
Uncalled bet ($3) returned to BADEXTASY
BADEXTASY collected $11.76 from pot
BADEXTASY: doesn't show hand
*** SUMMARY ***
Total pot $12 | Rake $0.24
Board [Th 2h Jh]
Seat 1: Pandakey (big blind) folded on the Flop
Seat 10: BADEXTASY (button) (small blind) collected ($11.76)


PokerStars Hand #151589471952:  Hold'em Limit ($3/$6 USD) - 2016/04/07 18:55:58 ET
Table 'Gonnessia II' 10-max Seat #10 is the button
Seat 1: Pandakey ($117 in chips)
Seat 10: BADEXTASY ($69.92 in chips)
BADEXTASY: posts small blind $1
Pandakey: posts big blind $3
*** HOLE CARDS ***
BADEXTASY: raises $3 to $6
Pandakey: folds
Uncalled bet ($3) returned to BADEXTASY
BADEXTASY collected $6 from pot
BADEXTASY: doesn't show hand
*** SUMMARY ***
Total pot $6 | Rake $0
Seat 1: Pandakey (big blind) folded before Flop
Seat 10: BADEXTASY (button) (small blind) collected ($6)


PokerStars Hand #151589467115:  Hold'em Limit ($3/$6 USD) - 2016/04/07 18:55:49 ET
Table 'Gonnessia II' 10-max Seat #1 is the button
Seat 1: Pandakey ($114 in chips)
Seat 10: BADEXTASY ($72.92 in chips)
Pandakey: posts small blind $1
BADEXTASY: posts big blind $3
*** HOLE CARDS ***
Pandakey: raises $3 to $6
BADEXTASY: folds
Uncalled bet ($3) returned to Pandakey
Pandakey collected $6 from pot
Pandakey: doesn't show hand
*** SUMMARY ***
Total pot $6 | Rake $0
Seat 1: Pandakey (button) (small blind) collected ($6)
Seat 10: BADEXTASY (big blind) folded before Flop


PokerStars Hand #151589474707:  Hold'em Limit ($3/$6 USD) - 2016/04/07 18:56:03 ET
Table 'Gonnessia II' 10-max Seat #1 is the button
Seat 1: Pandakey ($114 in chips)
Seat 10: BADEXTASY ($72.92 in chips)
Pandakey: posts small blind $1
BADEXTASY: posts big blind $3
*** HOLE CARDS ***
Pandakey: raises $3 to $6
BADEXTASY: raises $3 to $9
Pandakey: calls $3
*** FLOP *** [Kh 9h 7c]
BADEXTASY: bets $3
Pandakey: folds
Uncalled bet ($3) returned to BADEXTASY
BADEXTASY collected $17.64 from pot
BADEXTASY: doesn't show hand
*** SUMMARY ***
Total pot $18 | Rake $0.36
Board [Kh 9h 7c]
Seat 1: Pandakey (button) (small blind) folded on the Flop
Seat 10: BADEXTASY (big blind) collected ($17.64)


PokerStars Hand #151589506206:  Hold'em Limit ($3/$6 USD) - 2016/04/07 18:57:01 ET
Table 'Gonnessia II' 10-max Seat #10 is the button
Seat 1: Pandakey ($105 in chips)
Seat 10: BADEXTASY ($81.56 in chips)
BADEXTASY: posts small blind $1
Pandakey: posts big blind $3
*** HOLE CARDS ***
BADEXTASY: raises $3 to $6
Pandakey: raises $3 to $9
BADEXTASY: calls $3
*** FLOP *** [Td 6c 2h]
Pandakey: bets $3
BADEXTASY: calls $3
*** TURN *** [Td 6c 2h] [Ts]
Pandakey: bets $6
BADEXTASY: calls $6
*** RIVER *** [Td 6c 2h Ts] [Qs]
Pandakey: checks
BADEXTASY: bets $6
Pandakey: folds
Uncalled bet ($6) returned to BADEXTASY
BADEXTASY collected $35.50 from pot
BADEXTASY: doesn't show hand
*** SUMMARY ***
Total pot $36 | Rake $0.50
Board [Td 6c 2h Ts Qs]
Seat 1: Pandakey (big blind) folded on the River
Seat 10: BADEXTASY (button) (small blind) collected ($35.50)


PokerStars Hand #151589520940:  Hold'em Limit ($3/$6 USD) - 2016/04/07 18:57:27 ET
Table 'Gonnessia II' 10-max Seat #1 is the button
Seat 1: Pandakey ($87 in chips)
Seat 10: BADEXTASY ($99.06 in chips)
Pandakey: posts small blind $1
BADEXTASY: posts big blind $3
*** HOLE CARDS ***
Pandakey: raises $3 to $6
BADEXTASY: folds
Uncalled bet ($3) returned to Pandakey
Pandakey collected $6 from pot
Pandakey: doesn't show hand
*** SUMMARY ***
Total pot $6 | Rake $0
Seat 1: Pandakey (button) (small blind) collected ($6)
Seat 10: BADEXTASY (big blind) folded before Flop


PokerStars Hand #151589537322:  Hold'em Limit ($3/$6 USD) - 2016/04/07 18:57:57 ET
Table 'Gonnessia II' 10-max Seat #1 is the button
Seat 1: Pandakey ($113.50 in chips)
Seat 10: BADEXTASY ($72.06 in chips)
Pandakey: posts small blind $1
BADEXTASY: posts big blind $3
*** HOLE CARDS ***
Pandakey: raises $3 to $6
BADEXTASY: folds
Uncalled bet ($3) returned to Pandakey
Pandakey collected $6 from pot
Pandakey: doesn't show hand
*** SUMMARY ***
Total pot $6 | Rake $0
Seat 1: Pandakey (button) (small blind) collected ($6)
Seat 10: BADEXTASY (big blind) folded before Flop


PokerStars Hand #151589526566:  Hold'em Limit ($3/$6 USD) - 2016/04/07 18:57:37 ET
Table 'Gonnessia II' 10-max Seat #10 is the button
Seat 1: Pandakey ($90 in chips)
Seat 10: BADEXTASY ($96.06 in chips)
BADEXTASY: posts small blind $1
Pandakey: posts big blind $3
*** HOLE CARDS ***
BADEXTASY: raises $3 to $6
Pandakey: calls $3
*** FLOP *** [3c 4h Qh]
Pandakey: checks
BADEXTASY: bets $3
Pandakey: raises $3 to $6
BADEXTASY: calls $3
*** TURN *** [3c 4h Qh] [Ks]
Pandakey: bets $6
BADEXTASY: calls $6
*** RIVER *** [3c 4h Qh Ks] [Jd]
Pandakey: bets $6
BADEXTASY: calls $6
*** SHOW DOWN ***
Pandakey: shows [Qs 5h] (a pair of Queens)
BADEXTASY: mucks hand
Pandakey collected $47.50 from pot
*** SUMMARY ***
Total pot $48 | Rake $0.50
Board [3c 4h Qh Ks Jd]
Seat 1: Pandakey (big blind) showed [Qs 5h] and won ($47.50) with a pair of Queens
Seat 10: BADEXTASY (button) (small blind) mucked


PokerStars Hand #151589540332:  Hold'em Limit ($3/$6 USD) - 2016/04/07 18:58:02 ET
Table 'Gonnessia II' 10-max Seat #10 is the button
Seat 1: Pandakey ($116.50 in chips)
Seat 10: BADEXTASY ($69.06 in chips)
BADEXTASY: posts small blind $1
Pandakey: posts big blind $3
*** HOLE CARDS ***
BADEXTASY: raises $3 to $6
Pandakey: calls $3
*** FLOP *** [6h As Td]
Pandakey: checks
BADEXTASY: bets $3
Pandakey: folds
Uncalled bet ($3) returned to BADEXTASY
BADEXTASY collected $11.76 from pot
BADEXTASY: doesn't show hand
*** SUMMARY ***
Total pot $12 | Rake $0.24
Board [6h As Td]
Seat 1: Pandakey (big blind) folded on the Flop
Seat 10: BADEXTASY (button) (small blind) collected ($11.76)


PokerStars Hand #151589565304:  Hold'em Limit ($3/$6 USD) - 2016/04/07 18:58:47 ET
Table 'Gonnessia II' 10-max Seat #10 is the button
Seat 1: Pandakey ($89.50 in chips)
Seat 10: BADEXTASY ($95.32 in chips)
BADEXTASY: posts small blind $1
Pandakey: posts big blind $3
*** HOLE CARDS ***
BADEXTASY: folds
Uncalled bet ($2) returned to Pandakey
Pandakey collected $2 from pot
Pandakey: doesn't show hand
*** SUMMARY ***
Total pot $2 | Rake $0
Seat 1: Pandakey (big blind) collected ($2)
Seat 10: BADEXTASY (button) (small blind) folded before Flop


PokerStars Hand #151589547901:  Hold'em Limit ($3/$6 USD) - 2016/04/07 18:58:16 ET
Table 'Gonnessia II' 10-max Seat #1 is the button
Seat 1: Pandakey ($110.50 in chips)
Seat 10: BADEXTASY ($74.82 in chips)
Pandakey: posts small blind $1
BADEXTASY: posts big blind $3
*** HOLE CARDS ***
Pandakey: raises $3 to $6
BADEXTASY: calls $3
*** FLOP *** [Ts 4d 2h]
BADEXTASY: checks
Pandakey: bets $3
BADEXTASY: calls $3
*** TURN *** [Ts 4d 2h] [Ks]
BADEXTASY: bets $6
Pandakey: calls $6
*** RIVER *** [Ts 4d 2h Ks] [3h]
BADEXTASY: bets $6
Pandakey: calls $6
*** SHOW DOWN ***
BADEXTASY: shows [Kd 2d] (two pair, Kings and Deuces)
Pandakey: mucks hand
BADEXTASY collected $41.50 from pot
*** SUMMARY ***
Total pot $42 | Rake $0.50
Board [Ts 4d 2h Ks 3h]
Seat 1: Pandakey (button) (small blind) mucked
Seat 10: BADEXTASY (big blind) showed [Kd 2d] and won ($41.50) with two pair, Kings and Deuces


PokerStars Hand #151589568574:  Hold'em Limit ($3/$6 USD) - 2016/04/07 18:58:53 ET
Table 'Gonnessia II' 10-max Seat #1 is the button
Seat 1: Pandakey ($90.50 in chips)
Seat 10: BADEXTASY ($94.32 in chips)
Pandakey: posts small blind $1
BADEXTASY: posts big blind $3
*** HOLE CARDS ***
Pandakey: folds
Uncalled bet ($2) returned to BADEXTASY
BADEXTASY collected $2 from pot
BADEXTASY: doesn't show hand
*** SUMMARY ***
Total pot $2 | Rake $0
Seat 1: Pandakey (button) (small blind) folded before Flop
Seat 10: BADEXTASY (big blind) collected ($2)


PokerStars Hand #151589571148:  Hold'em Limit ($3/$6 USD) - 2016/04/07 18:58:57 ET
Table 'Gonnessia II' 10-max Seat #10 is the button
Seat 1: Pandakey ($89.50 in chips)
Seat 10: BADEXTASY ($95.32 in chips)
BADEXTASY: posts small blind $1
Pandakey: posts big blind $3
*** HOLE CARDS ***
BADEXTASY: raises $3 to $6
Pandakey: calls $3
*** FLOP *** [Ks Ad Qs]
Pandakey: checks
BADEXTASY: bets $3
Pandakey: calls $3
*** TURN *** [Ks Ad Qs] [Jh]
Pandakey: checks
BADEXTASY: checks
*** RIVER *** [Ks Ad Qs Jh] [2d]
Pandakey: bets $6
BADEXTASY: calls $6
*** SHOW DOWN ***
Pandakey: shows [4d Td] (a straight, Ten to Ace)
BADEXTASY: mucks hand
Pandakey collected $29.50 from pot
*** SUMMARY ***
Total pot $30 | Rake $0.50
Board [Ks Ad Qs Jh 2d]
Seat 1: Pandakey (big blind) showed [4d Td] and won ($29.50) with a straight, Ten to Ace
Seat 10: BADEXTASY (button) (small blind) mucked


PokerStars Hand #151589581359:  Hold'em Limit ($3/$6 USD) - 2016/04/07 18:59:16 ET
Table 'Gonnessia II' 10-max Seat #1 is the button
Seat 1: Pandakey ($104 in chips)
Seat 10: BADEXTASY ($80.32 in chips)
Pandakey: posts small blind $1
BADEXTASY: posts big blind $3
*** HOLE CARDS ***
Pandakey: raises $3 to $6
BADEXTASY: calls $3
*** FLOP *** [4h 3h 8s]
BADEXTASY: checks
Pandakey: bets $3
BADEXTASY: raises $3 to $6
Pandakey: calls $3
*** TURN *** [4h 3h 8s] [Kd]
BADEXTASY: checks
Pandakey: checks
*** RIVER *** [4h 3h 8s Kd] [6d]
BADEXTASY: bets $6
Pandakey: calls $6
*** SHOW DOWN ***
BADEXTASY: shows [Qh 4c] (a pair of Fours)
Pandakey: shows [Ah 4s] (a pair of Fours - Ace kicker)
Pandakey collected $35.50 from pot
*** SUMMARY ***
Total pot $36 | Rake $0.50
Board [4h 3h 8s Kd 6d]
Seat 1: Pandakey (button) (small blind) showed [Ah 4s] and won ($35.50) with a pair of Fours
Seat 10: BADEXTASY (big blind) showed [Qh 4c] and lost with a pair of Fours


PokerStars Hand #151589596715:  Hold'em Limit ($3/$6 USD) - 2016/04/07 18:59:44 ET
Table 'Gonnessia II' 10-max Seat #10 is the button
Seat 1: Pandakey ($121.50 in chips)
Seat 10: BADEXTASY ($62.32 in chips)
BADEXTASY: posts small blind $1
Pandakey: posts big blind $3
*** HOLE CARDS ***
BADEXTASY: folds
Uncalled bet ($2) returned to Pandakey
Pandakey collected $2 from pot
Pandakey: doesn't show hand
*** SUMMARY ***
Total pot $2 | Rake $0
Seat 1: Pandakey (big blind) collected ($2)
Seat 10: BADEXTASY (button) (small blind) folded before Flop


PokerStars Hand #151589610124:  Hold'em Limit ($3/$6 USD) - 2016/04/07 19:00:07 ET
Table 'Gonnessia II' 10-max Seat #10 is the button
Seat 1: Pandakey ($128.26 in chips)
Seat 10: BADEXTASY ($55.32 in chips)
BADEXTASY: posts small blind $1
Pandakey: posts big blind $3
*** HOLE CARDS ***
BADEXTASY: folds
Uncalled bet ($2) returned to Pandakey
Pandakey collected $2 from pot
Pandakey: doesn't show hand
*** SUMMARY ***
Total pot $2 | Rake $0
Seat 1: Pandakey (big blind) collected ($2)
Seat 10: BADEXTASY (button) (small blind) folded before Flop


PokerStars Hand #151589600101:  Hold'em Limit ($3/$6 USD) - 2016/04/07 18:59:50 ET
Table 'Gonnessia II' 10-max Seat #1 is the button
Seat 1: Pandakey ($122.50 in chips)
Seat 10: BADEXTASY ($61.32 in chips)
Pandakey: posts small blind $1
BADEXTASY: posts big blind $3
*** HOLE CARDS ***
Pandakey: raises $3 to $6
BADEXTASY: calls $3
*** FLOP *** [7s Kd 5s]
BADEXTASY: checks
Pandakey: bets $3
BADEXTASY: folds
Uncalled bet ($3) returned to Pandakey
Pandakey collected $11.76 from pot
Pandakey: doesn't show hand
*** SUMMARY ***
Total pot $12 | Rake $0.24
Board [7s Kd 5s]
Seat 1: Pandakey (button) (small blind) collected ($11.76)
Seat 10: BADEXTASY (big blind) folded on the Flop


PokerStars Hand #151589616436:  Hold'em Limit ($3/$6 USD) - 2016/04/07 19:00:18 ET
Table 'Gonnessia II' 10-max Seat #10 is the button
Seat 1: Pandakey ($128.26 in chips)
Seat 10: BADEXTASY ($55.32 in chips)
BADEXTASY: posts small blind $1
Pandakey: posts big blind $3
*** HOLE CARDS ***
BADEXTASY: folds
Uncalled bet ($2) returned to Pandakey
Pandakey collected $2 from pot
Pandakey: doesn't show hand
*** SUMMARY ***
Total pot $2 | Rake $0
Seat 1: Pandakey (big blind) collected ($2)
Seat 10: BADEXTASY (button) (small blind) folded before Flop


PokerStars Hand #151589613947:  Hold'em Limit ($3/$6 USD) - 2016/04/07 19:00:14 ET
Table 'Gonnessia II' 10-max Seat #1 is the button
Seat 1: Pandakey ($129.26 in chips)
Seat 10: BADEXTASY ($54.32 in chips)
Pandakey: posts small blind $1
BADEXTASY: posts big blind $3
*** HOLE CARDS ***
Pandakey: folds
Uncalled bet ($2) returned to BADEXTASY
BADEXTASY collected $2 from pot
BADEXTASY: doesn't show hand
*** SUMMARY ***
Total pot $2 | Rake $0
Seat 1: Pandakey (button) (small blind) folded before Flop
Seat 10: BADEXTASY (big blind) collected ($2)


PokerStars Hand #151589619123:  Hold'em Limit ($3/$6 USD) - 2016/04/07 19:00:23 ET
Table 'Gonnessia II' 10-max Seat #1 is the button
Seat 1: Pandakey ($129.26 in chips)
Seat 10: BADEXTASY ($54.32 in chips)
Pandakey: posts small blind $1
BADEXTASY: posts big blind $3
*** HOLE CARDS ***
Pandakey: raises $3 to $6
BADEXTASY: calls $3
*** FLOP *** [9d 8c Kh]
BADEXTASY: checks
Pandakey: checks
*** TURN *** [9d 8c Kh] [2c]
BADEXTASY: bets $6
Pandakey: folds
Uncalled bet ($6) returned to BADEXTASY
BADEXTASY collected $11.76 from pot
BADEXTASY: doesn't show hand
*** SUMMARY ***
Total pot $12 | Rake $0.24
Board [9d 8c Kh 2c]
Seat 1: Pandakey (button) (small blind) folded on the Turn
Seat 10: BADEXTASY (big blind) collected ($11.76)


PokerStars Hand #151589626114:  Hold'em Limit ($3/$6 USD) - 2016/04/07 19:00:35 ET
Table 'Gonnessia II' 10-max Seat #10 is the button
Seat 1: Pandakey ($123.26 in chips)
Seat 10: BADEXTASY ($60.08 in chips)
BADEXTASY: posts small blind $1
Pandakey: posts big blind $3
*** HOLE CARDS ***
BADEXTASY: raises $3 to $6
Pandakey: folds
Uncalled bet ($3) returned to BADEXTASY
BADEXTASY collected $6 from pot
BADEXTASY: doesn't show hand
*** SUMMARY ***
Total pot $6 | Rake $0
Seat 1: Pandakey (big blind) folded before Flop
Seat 10: BADEXTASY (button) (small blind) collected ($6)


PokerStars Hand #151589629349:  Hold'em Limit ($3/$6 USD) - 2016/04/07 19:00:40 ET
Table 'Gonnessia II' 10-max Seat #1 is the button
Seat 1: Pandakey ($120.26 in chips)
Seat 10: BADEXTASY ($63.08 in chips)
Pandakey: posts small blind $1
BADEXTASY: posts big blind $3
*** HOLE CARDS ***
Pandakey: raises $3 to $6
BADEXTASY: calls $3
*** FLOP *** [Ts 7s 2s]
BADEXTASY: checks
Pandakey: bets $3
BADEXTASY: calls $3
*** TURN *** [Ts 7s 2s] [Qs]
BADEXTASY: bets $6
Pandakey: calls $6
*** RIVER *** [Ts 7s 2s Qs] [8h]
BADEXTASY: bets $6
Pandakey: calls $6
*** SHOW DOWN ***
BADEXTASY: shows [4s 6c] (a flush, Queen high)
Pandakey: shows [7h 8s] (a flush, Queen high - Eight higher)
Pandakey collected $41.50 from pot
*** SUMMARY ***
Total pot $42 | Rake $0.50
Board [Ts 7s 2s Qs 8h]
Seat 1: Pandakey (button) (small blind) showed [7h 8s] and won ($41.50) with a flush, Queen high
Seat 10: BADEXTASY (big blind) showed [4s 6c] and lost with a flush, Queen high


PokerStars Hand #151589657823:  Hold'em Limit ($3/$6 USD) - 2016/04/07 19:01:26 ET
Table 'Gonnessia II' 10-max Seat #1 is the button
Seat 1: Pandakey ($170.26 in chips)
Seat 10: BADEXTASY ($12.08 in chips)
Pandakey: posts small blind $1
BADEXTASY: posts big blind $3
*** HOLE CARDS ***
Pandakey: folds
Uncalled bet ($2) returned to BADEXTASY
BADEXTASY collected $2 from pot
BADEXTASY: doesn't show hand
*** SUMMARY ***
Total pot $2 | Rake $0
Seat 1: Pandakey (button) (small blind) folded before Flop
Seat 10: BADEXTASY (big blind) collected ($2)


PokerStars Hand #151589639194:  Hold'em Limit ($3/$6 USD) - 2016/04/07 19:00:56 ET
Table 'Gonnessia II' 10-max Seat #10 is the button
Seat 1: Pandakey ($140.76 in chips)
Seat 10: BADEXTASY ($42.08 in chips)
BADEXTASY: posts small blind $1
Pandakey: posts big blind $3
*** HOLE CARDS ***
BADEXTASY: raises $3 to $6
Pandakey: raises $3 to $9
BADEXTASY: calls $3
*** FLOP *** [Qd 2c 6c]
Pandakey: bets $3
BADEXTASY: raises $3 to $6
Pandakey: raises $3 to $9
BADEXTASY: calls $3
*** TURN *** [Qd 2c 6c] [Tc]
Pandakey: bets $6
BADEXTASY: calls $6
*** RIVER *** [Qd 2c 6c Tc] [9h]
Pandakey: bets $6
BADEXTASY: calls $6
*** SHOW DOWN ***
Pandakey: shows [Kc Jc] (a flush, King high)
BADEXTASY: mucks hand
Pandakey collected $59.50 from pot
*** SUMMARY ***
Total pot $60 | Rake $0.50
Board [Qd 2c 6c Tc 9h]
Seat 1: Pandakey (big blind) showed [Kc Jc] and won ($59.50) with a flush, King high
Seat 10: BADEXTASY (button) (small blind) mucked


PokerStars Hand #151589660896:  Hold'em Limit ($3/$6 USD) - 2016/04/07 19:01:31 ET
Table 'Gonnessia II' 10-max Seat #10 is the button
Seat 1: Pandakey ($169.26 in chips)
Seat 10: BADEXTASY ($13.08 in chips)
BADEXTASY: posts small blind $1
Pandakey: posts big blind $3
*** HOLE CARDS ***
BADEXTASY: raises $3 to $6
Pandakey: calls $3
*** FLOP *** [Jh Qh 7h]
Pandakey: checks
BADEXTASY: checks
*** TURN *** [Jh Qh 7h] [2h]
Pandakey: checks
BADEXTASY: checks
*** RIVER *** [Jh Qh 7h 2h] [3h]
Pandakey: checks
BADEXTASY: checks
*** SHOW DOWN ***
Pandakey: shows [3c Ad] (a flush, Queen high)
BADEXTASY: shows [6c Jd] (a flush, Queen high)
Pandakey collected $5.88 from pot
BADEXTASY collected $5.88 from pot
*** SUMMARY ***
Total pot $12 | Rake $0.24
Board [Jh Qh 7h 2h 3h]
Seat 1: Pandakey (big blind) showed [3c Ad] and won ($5.88) with a flush, Queen high
Seat 10: BADEXTASY (button) (small blind) showed [6c Jd] and won ($5.88) with a flush, Queen high


PokerStars Hand #151589675473:  Hold'em Limit ($3/$6 USD) - 2016/04/07 19:01:53 ET
Table 'Gonnessia II' 10-max Seat #1 is the button
Seat 1: Pandakey ($169.14 in chips)
Seat 10: BADEXTASY ($102.96 in chips)
Pandakey: posts small blind $1
BADEXTASY: posts big blind $3
*** HOLE CARDS ***
Pandakey: folds
Uncalled bet ($2) returned to BADEXTASY
BADEXTASY collected $2 from pot
BADEXTASY: doesn't show hand
*** SUMMARY ***
Total pot $2 | Rake $0
Seat 1: Pandakey (button) (small blind) folded before Flop
Seat 10: BADEXTASY (big blind) collected ($2)


PokerStars Hand #151589678136:  Hold'em Limit ($3/$6 USD) - 2016/04/07 19:01:57 ET
Table 'Gonnessia II' 10-max Seat #10 is the button
Seat 1: Pandakey ($168.14 in chips)
Seat 10: BADEXTASY ($103.96 in chips)
BADEXTASY: posts small blind $1
Pandakey: posts big blind $3
*** HOLE CARDS ***
BADEXTASY: raises $3 to $6
Pandakey: calls $3
*** FLOP *** [Kd 5h 9c]
Pandakey: checks
BADEXTASY: checks
*** TURN *** [Kd 5h 9c] [Kc]
Pandakey: bets $6
BADEXTASY: calls $6
*** RIVER *** [Kd 5h 9c Kc] [7s]
Pandakey: checks
BADEXTASY: checks
*** SHOW DOWN ***
Pandakey: shows [8d Td] (a pair of Kings)
BADEXTASY: shows [4d As] (a pair of Kings - Ace kicker)
BADEXTASY collected $23.52 from pot
*** SUMMARY ***
Total pot $24 | Rake $0.48
Board [Kd 5h 9c Kc 7s]
Seat 1: Pandakey (big blind) showed [8d Td] and lost with a pair of Kings
Seat 10: BADEXTASY (button) (small blind) showed [4d As] and won ($23.52) with a pair of Kings


PokerStars Hand #151589782749:  Hold'em Limit ($3/$6 USD) - 2016/04/07 19:04:32 ET
Table 'Gonnessia II' 10-max Seat #1 is the button
Seat 1: Pandakey ($156.14 in chips)
Seat 2: DaveFoz017 ($30 in chips)
Pandakey: posts small blind $1
DaveFoz017: posts big blind $3
*** HOLE CARDS ***
Pandakey: raises $3 to $6
DaveFoz017: calls $3
*** FLOP *** [7s 7d 2c]
DaveFoz017: bets $3
Pandakey: calls $3
*** TURN *** [7s 7d 2c] [6s]
DaveFoz017: bets $6
Pandakey: calls $6
*** RIVER *** [7s 7d 2c 6s] [8c]
DaveFoz017: bets $6
Pandakey: raises $6 to $12
DaveFoz017: raises $3 to $15 and is all-in
Pandakey: calls $3
*** SHOW DOWN ***
DaveFoz017: shows [2d 3s] (two pair, Sevens and Deuces)
Pandakey: shows [7h Jh] (three of a kind, Sevens)
Pandakey collected $59.50 from pot
*** SUMMARY ***
Total pot $60 | Rake $0.50
Board [7s 7d 2c 6s 8c]
Seat 1: Pandakey (button) (small blind) showed [7h Jh] and won ($59.50) with three of a kind, Sevens
Seat 2: DaveFoz017 (big blind) showed [2d 3s] and lost with two pair, Sevens and Deuces


PokerStars Hand #151589827600:  Hold'em Limit ($3/$6 USD) - 2016/04/07 19:05:39 ET
Table 'Gonnessia II' 10-max Seat #1 is the button
Seat 1: Pandakey ($176.64 in chips)
Seat 2: DaveFoz017 ($66.39 in chips)
Pandakey: posts small blind $1
DaveFoz017: posts big blind $3
*** HOLE CARDS ***
Pandakey: folds
Uncalled bet ($2) returned to DaveFoz017
DaveFoz017 collected $2 from pot
DaveFoz017: doesn't show hand
*** SUMMARY ***
Total pot $2 | Rake $0
Seat 1: Pandakey (button) (small blind) folded before Flop
Seat 2: DaveFoz017 (big blind) collected ($2)


PokerStars Hand #151589814189:  Hold'em Limit ($3/$6 USD) - 2016/04/07 19:05:19 ET
Table 'Gonnessia II' 10-max Seat #2 is the button
Seat 1: Pandakey ($185.64 in chips)
Seat 2: DaveFoz017 ($57.75 in chips)
DaveFoz017: posts small blind $1
Pandakey: posts big blind $3
*** HOLE CARDS ***
DaveFoz017: calls $2
Pandakey: checks
*** FLOP *** [Th 9c 3c]
Pandakey: checks
DaveFoz017: checks
*** TURN *** [Th 9c 3c] [9h]
Pandakey: bets $6
DaveFoz017: raises $6 to $12
Pandakey: folds
Uncalled bet ($6) returned to DaveFoz017
DaveFoz017 collected $17.64 from pot
DaveFoz017: doesn't show hand
*** SUMMARY ***
Total pot $18 | Rake $0.36
Board [Th 9c 3c 9h]
Seat 1: Pandakey (big blind) folded on the Turn
Seat 2: DaveFoz017 (button) (small blind) collected ($17.64)


PokerStars Hand #151589847500:  Hold'em Limit ($3/$6 USD) - 2016/04/07 19:06:09 ET
Table 'Gonnessia II' 10-max Seat #1 is the button
Seat 1: Pandakey ($184.28 in chips)
Seat 2: DaveFoz017 ($58.39 in chips)
Pandakey: posts small blind $1
DaveFoz017: posts big blind $3
*** HOLE CARDS ***
Pandakey: folds
Uncalled bet ($2) returned to DaveFoz017
DaveFoz017 collected $2 from pot
DaveFoz017: doesn't show hand
*** SUMMARY ***
Total pot $2 | Rake $0
Seat 1: Pandakey (button) (small blind) folded before Flop
Seat 2: DaveFoz017 (big blind) collected ($2)


PokerStars Hand #151589830680:  Hold'em Limit ($3/$6 USD) - 2016/04/07 19:05:44 ET
Table 'Gonnessia II' 10-max Seat #2 is the button
Seat 1: Pandakey ($175.64 in chips)
Seat 2: DaveFoz017 ($67.39 in chips)
DaveFoz017: posts small blind $1
Pandakey: posts big blind $3
*** HOLE CARDS ***
DaveFoz017: calls $2
Pandakey: checks
*** FLOP *** [3c 4h Ac]
Pandakey: checks
DaveFoz017: checks
*** TURN *** [3c 4h Ac] [Td]
Pandakey: checks
DaveFoz017: checks
*** RIVER *** [3c 4h Ac Td] [2s]
Pandakey: checks
DaveFoz017: bets $6
Pandakey: calls $6
*** SHOW DOWN ***
DaveFoz017: shows [Jh 2h] (a pair of Deuces)
Pandakey: shows [3h 6c] (a pair of Threes)
Pandakey collected $17.64 from pot
*** SUMMARY ***
Total pot $18 | Rake $0.36
Board [3c 4h Ac Td 2s]
Seat 1: Pandakey (big blind) showed [3h 6c] and won ($17.64) with a pair of Threes
Seat 2: DaveFoz017 (button) (small blind) showed [Jh 2h] and lost with a pair of Deuces


PokerStars Hand #151589861314:  Hold'em Limit ($3/$6 USD) - 2016/04/07 19:06:30 ET
Table 'Gonnessia II' 10-max Seat #1 is the button
Seat 1: Pandakey ($189.04 in chips)
Seat 2: DaveFoz017 ($53.39 in chips)
Pandakey: posts small blind $1
DaveFoz017: posts big blind $3
*** HOLE CARDS ***
Pandakey: raises $3 to $6
DaveFoz017: calls $3
*** FLOP *** [9d 7s 6h]
DaveFoz017: bets $3
Pandakey: calls $3
*** TURN *** [9d 7s 6h] [Kc]
DaveFoz017: bets $6
Pandakey: calls $6
*** RIVER *** [9d 7s 6h Kc] [9h]
DaveFoz017: bets $6
Pandakey: folds
Uncalled bet ($6) returned to DaveFoz017
DaveFoz017 collected $29.50 from pot
DaveFoz017: doesn't show hand
*** SUMMARY ***
Total pot $30 | Rake $0.50
Board [9d 7s 6h Kc 9h]
Seat 1: Pandakey (button) (small blind) folded on the River
Seat 2: DaveFoz017 (big blind) collected ($29.50)


PokerStars Hand #151589884573:  Hold'em Limit ($3/$6 USD) - 2016/04/07 19:06:54 ET
Table 'Gonnessia II' 10-max Seat #2 is the button
Seat 1: Pandakey ($174.04 in chips)
Seat 2: DaveFoz017 ($67.89 in chips)
DaveFoz017: posts small blind $1
Pandakey: posts big blind $3
*** HOLE CARDS ***
DaveFoz017: calls $2
Pandakey: raises $3 to $6
DaveFoz017: calls $3
*** FLOP *** [2d 4h 8h]
Pandakey: bets $3
DaveFoz017: raises $3 to $6
Pandakey: calls $3
*** TURN *** [2d 4h 8h] [5d]
Pandakey: checks
DaveFoz017: checks
*** RIVER *** [2d 4h 8h 5d] [5c]
Pandakey: checks
DaveFoz017: bets $6
Pandakey: calls $6
*** SHOW DOWN ***
DaveFoz017: shows [8d 3d] (two pair, Eights and Fives)
Pandakey: mucks hand
DaveFoz017 collected $35.50 from pot
*** SUMMARY ***
Total pot $36 | Rake $0.50
Board [2d 4h 8h 5d 5c]
Seat 1: Pandakey (big blind) mucked
Seat 2: DaveFoz017 (button) (small blind) showed [8d 3d] and won ($35.50) with two pair, Eights and Fives


PokerStars Hand #151589903140:  Hold'em Limit ($3/$6 USD) - 2016/04/07 19:07:23 ET
Table 'Gonnessia II' 10-max Seat #1 is the button
Seat 1: Pandakey ($156.04 in chips)
Seat 2: DaveFoz017 ($85.39 in chips)
Pandakey: posts small blind $1
DaveFoz017: posts big blind $3
*** HOLE CARDS ***
Pandakey: raises $3 to $6
DaveFoz017: calls $3
*** FLOP *** [7s 9h 8s]
DaveFoz017: checks
Pandakey: bets $3
DaveFoz017: calls $3
*** TURN *** [7s 9h 8s] [2h]
DaveFoz017: checks
Pandakey: bets $6
DaveFoz017: calls $6
*** RIVER *** [7s 9h 8s 2h] [6h]
DaveFoz017: bets $6
Pandakey: calls $6
*** SHOW DOWN ***
DaveFoz017: shows [Jd 6d] (a pair of Sixes)
Pandakey: shows [9c Tc] (a straight, Six to Ten)
Pandakey collected $41.50 from pot
*** SUMMARY ***
Total pot $42 | Rake $0.50
Board [7s 9h 8s 2h 6h]
Seat 1: Pandakey (button) (small blind) showed [9c Tc] and won ($41.50) with a straight, Six to Ten
Seat 2: DaveFoz017 (big blind) showed [Jd 6d] and lost with a pair of Sixes


PokerStars Hand #151589925729:  Hold'em Limit ($3/$6 USD) - 2016/04/07 19:07:57 ET
Table 'Gonnessia II' 10-max Seat #1 is the button
Seat 1: Pandakey ($177.54 in chips)
Seat 2: DaveFoz017 ($63.39 in chips)
Pandakey: posts small blind $1
DaveFoz017: posts big blind $3
*** HOLE CARDS ***
Pandakey: raises $3 to $6
DaveFoz017: folds
Uncalled bet ($3) returned to Pandakey
DaveFoz017 leaves the table
Pandakey collected $6 from pot
Pandakey: doesn't show hand
*** SUMMARY ***
Total pot $6 | Rake $0
Seat 1: Pandakey (button) (small blind) collected ($6)
Seat 2: DaveFoz017 (big blind) folded before Flop


PokerStars Hand #151589922745:  Hold'em Limit ($3/$6 USD) - 2016/04/07 19:07:53 ET
Table 'Gonnessia II' 10-max Seat #2 is the button
Seat 1: Pandakey ($176.54 in chips)
Seat 2: DaveFoz017 ($64.39 in chips)
DaveFoz017: posts small blind $1
Pandakey: posts big blind $3
*** HOLE CARDS ***
DaveFoz017: folds
Uncalled bet ($2) returned to Pandakey
Pandakey collected $2 from pot
Pandakey: doesn't show hand
*** SUMMARY ***
Total pot $2 | Rake $0
Seat 1: Pandakey (big blind) collected ($2)
Seat 2: DaveFoz017 (button) (small blind) folded before Flop


PokerStars Hand #151590015816:  Hold'em Limit ($3/$6 USD) - 2016/04/07 19:10:18 ET
Table 'Gonnessia II' 10-max Seat #1 is the button
Seat 1: Pandakey ($181.54 in chips)
Seat 8: perten ($61.28 in chips)
Pandakey: posts small blind $1
perten: posts big blind $3
*** HOLE CARDS ***
Pandakey: raises $3 to $6
perten: folds
Uncalled bet ($3) returned to Pandakey
Pandakey collected $6 from pot
Pandakey: doesn't show hand
*** SUMMARY ***
Total pot $6 | Rake $0
Seat 1: Pandakey (button) (small blind) collected ($6)
Seat 8: perten (big blind) folded before Flop


PokerStars Hand #151590012753:  Hold'em Limit ($3/$6 USD) - 2016/04/07 19:10:13 ET
Table 'Gonnessia II' 10-max Seat #8 is the button
Seat 1: Pandakey ($180.54 in chips)
Seat 8: perten ($62.28 in chips)
perten: posts small blind $1
Pandakey: posts big blind $3
*** HOLE CARDS ***
perten: folds
Uncalled bet ($2) returned to Pandakey
Pandakey collected $2 from pot
Pandakey: doesn't show hand
*** SUMMARY ***
Total pot $2 | Rake $0
Seat 1: Pandakey (big blind) collected ($2)
Seat 8: perten (button) (small blind) folded before Flop


PokerStars Hand #151590059604:  Hold'em Limit ($3/$6 USD) - 2016/04/07 19:11:27 ET
Table 'Gonnessia II' 10-max Seat #3 is the button
Seat 1: Pandakey ($158.54 in chips)
Seat 3: barranqueiro ($88.97 in chips)
barranqueiro: posts small blind $1
perten: is sitting out
Pandakey: posts big blind $3
*** HOLE CARDS ***
barranqueiro: raises $3 to $6
Pandakey: folds
Uncalled bet ($3) returned to barranqueiro
perten leaves the table
barranqueiro collected $6 from pot
barranqueiro: doesn't show hand
*** SUMMARY ***
Total pot $6 | Rake $0
Seat 1: Pandakey (big blind) folded before Flop
Seat 3: barranqueiro (button) (small blind) collected ($6)


PokerStars Hand #151590044882:  Hold'em Limit ($3/$6 USD) - 2016/04/07 19:11:03 ET
Table 'Gonnessia II' 10-max Seat #8 is the button
Seat 1: Pandakey ($174.54 in chips)
Seat 8: perten ($67.92 in chips)
perten: posts small blind $1
barranqueiro joins the table at seat #3
Pandakey: posts big blind $3
*** HOLE CARDS ***
perten: raises $3 to $6
Pandakey: calls $3
*** FLOP *** [Jc Kh 5s]
Pandakey: checks
perten: bets $3
Pandakey: calls $3
*** TURN *** [Jc Kh 5s] [2s]
Pandakey: checks
perten: checks
*** RIVER *** [Jc Kh 5s 2s] [4d]
Pandakey: bets $6
perten: calls $6
*** SHOW DOWN ***
Pandakey: shows [5h Ad] (a pair of Fives)
perten: shows [8h 8s] (a pair of Eights)
perten collected $29.50 from pot
*** SUMMARY ***
Total pot $30 | Rake $0.50
Board [Jc Kh 5s 2s 4d]
Seat 1: Pandakey (big blind) showed [5h Ad] and lost with a pair of Fives
Seat 8: perten (button) (small blind) showed [8h 8s] and won ($29.50) with a pair of Eights


PokerStars Hand #151590042220:  Hold'em Limit ($3/$6 USD) - 2016/04/07 19:10:59 ET
Table 'Gonnessia II' 10-max Seat #1 is the button
Seat 1: Pandakey ($175.54 in chips)
Seat 8: perten ($66.92 in chips)
Pandakey: posts small blind $1
perten: posts big blind $3
*** HOLE CARDS ***
Pandakey: folds
Uncalled bet ($2) returned to perten
perten collected $2 from pot
perten: doesn't show hand
*** SUMMARY ***
Total pot $2 | Rake $0
Seat 1: Pandakey (button) (small blind) folded before Flop
Seat 8: perten (big blind) collected ($2)


PokerStars Hand #151590023951:  Hold'em Limit ($3/$6 USD) - 2016/04/07 19:10:30 ET
Table 'Gonnessia II' 10-max Seat #8 is the button
Seat 1: Pandakey ($184.54 in chips)
Seat 8: perten ($58.28 in chips)
perten: posts small blind $1
Pandakey: posts big blind $3
*** HOLE CARDS ***
perten: raises $3 to $6
Pandakey: calls $3
*** FLOP *** [6c 8c 7h]
Pandakey: checks
perten: bets $3
Pandakey: calls $3
*** TURN *** [6c 8c 7h] [9h]
Pandakey: checks
perten: checks
*** RIVER *** [6c 8c 7h 9h] [3s]
Pandakey: checks
perten: checks
*** SHOW DOWN ***
Pandakey: shows [4s Ah] (high card Ace)
perten: shows [2s 2c] (a pair of Deuces)
perten collected $17.64 from pot
*** SUMMARY ***
Total pot $18 | Rake $0.36
Board [6c 8c 7h 9h 3s]
Seat 1: Pandakey (big blind) showed [4s Ah] and lost with high card Ace
Seat 8: perten (button) (small blind) showed [2s 2c] and won ($17.64) with a pair of Deuces


PokerStars Hand #151590083017:  Hold'em Limit ($3/$6 USD) - 2016/04/07 19:12:03 ET
Table 'Gonnessia II' 10-max Seat #1 is the button
Seat 1: Pandakey ($138.54 in chips)
Seat 3: barranqueiro ($108.47 in chips)
Pandakey: posts small blind $1
barranqueiro: posts big blind $3
*** HOLE CARDS ***
Pandakey: raises $3 to $6
barranqueiro: calls $3
*** FLOP *** [As 2s 4c]
barranqueiro: checks
Pandakey: bets $3
barranqueiro: raises $3 to $6
Pandakey: folds
Uncalled bet ($3) returned to barranqueiro
barranqueiro collected $17.64 from pot
barranqueiro: doesn't show hand
*** SUMMARY ***
Total pot $18 | Rake $0.36
Board [As 2s 4c]
Seat 1: Pandakey (button) (small blind) folded on the Flop
Seat 3: barranqueiro (big blind) collected ($17.64)


PokerStars Hand #151590079280:  Hold'em Limit ($3/$6 USD) - 2016/04/07 19:11:58 ET
Table 'Gonnessia II' 10-max Seat #3 is the button
Seat 1: Pandakey ($137.54 in chips)
Seat 3: barranqueiro ($109.47 in chips)
barranqueiro: posts small blind $1
Pandakey: posts big blind $3
*** HOLE CARDS ***
barranqueiro: folds
Uncalled bet ($2) returned to Pandakey
Pandakey collected $2 from pot
Pandakey: doesn't show hand
tranduc joins the table at seat #5
*** SUMMARY ***
Total pot $2 | Rake $0
Seat 1: Pandakey (big blind) collected ($2)
Seat 3: barranqueiro (button) (small blind) folded before Flop


PokerStars Hand #151590064378:  Hold'em Limit ($3/$6 USD) - 2016/04/07 19:11:34 ET
Table 'Gonnessia II' 10-max Seat #1 is the button
Seat 1: Pandakey ($155.54 in chips)
Seat 3: barranqueiro ($91.97 in chips)
Pandakey: posts small blind $1
barranqueiro: posts big blind $3
*** HOLE CARDS ***
samurai.ru joins the table at seat #4
Pandakey: raises $3 to $6
barranqueiro: calls $3
*** FLOP *** [2h Kd 6c]
barranqueiro: checks
Pandakey: checks
*** TURN *** [2h Kd 6c] [5s]
barranqueiro: bets $6
Pandakey: calls $6
*** RIVER *** [2h Kd 6c 5s] [Js]
barranqueiro: checks
Pandakey: bets $6
barranqueiro: calls $6
*** SHOW DOWN ***
Pandakey: shows [Ah 5h] (a pair of Fives)
barranqueiro: shows [Ad 6d] (a pair of Sixes)
barranqueiro collected $35.50 from pot
*** SUMMARY ***
Total pot $36 | Rake $0.50
Board [2h Kd 6c 5s Js]
Seat 1: Pandakey (button) (small blind) showed [Ah 5h] and lost with a pair of Fives
Seat 3: barranqueiro (big blind) showed [Ad 6d] and won ($35.50) with a pair of Sixes


PokerStars Hand #151590226486:  Hold'em Limit ($3/$6 USD) - 2016/04/07 19:15:47 ET
Table 'Gonnessia II' 10-max Seat #1 is the button
Seat 1: Pandakey ($69.18 in chips)
Seat 3: barranqueiro ($188.06 in chips)
Pandakey: posts small blind $1
barranqueiro: posts big blind $3
*** HOLE CARDS ***
Pandakey: raises $3 to $6
barranqueiro: folds
Uncalled bet ($3) returned to Pandakey
Pandakey collected $6 from pot
Pandakey: doesn't show hand
barranqueiro leaves the table
*** SUMMARY ***
Total pot $6 | Rake $0
Seat 1: Pandakey (button) (small blind) collected ($6)
Seat 3: barranqueiro (big blind) folded before Flop


PokerStars Hand #151590215066:  Hold'em Limit ($3/$6 USD) - 2016/04/07 19:15:30 ET
Table 'Gonnessia II' 10-max Seat #3 is the button
Seat 1: Pandakey ($60.54 in chips)
Seat 3: barranqueiro ($197.06 in chips)
barranqueiro: posts small blind $1
Pandakey: posts big blind $3
*** HOLE CARDS ***
barranqueiro: raises $3 to $6
Pandakey: calls $3
*** FLOP *** [4c Ad 3c]
Pandakey: checks
barranqueiro: bets $3
Pandakey: calls $3
*** TURN *** [4c Ad 3c] [2d]
vestimokrec leaves the table
Pandakey: bets $6
barranqueiro: folds
Uncalled bet ($6) returned to Pandakey
Pandakey collected $17.64 from pot
Pandakey: doesn't show hand
*** SUMMARY ***
Total pot $18 | Rake $0.36
Board [4c Ad 3c 2d]
Seat 1: Pandakey (big blind) collected ($17.64)
Seat 3: barranqueiro (button) (small blind) folded on the Turn


PokerStars Hand #151590211614:  Hold'em Limit ($3/$6 USD) - 2016/04/07 19:15:25 ET
Table 'Gonnessia II' 10-max Seat #1 is the button
Seat 1: Pandakey ($61.54 in chips)
Seat 3: barranqueiro ($196.06 in chips)
Pandakey: posts small blind $1
barranqueiro: posts big blind $3
*** HOLE CARDS ***
Pandakey: folds
Uncalled bet ($2) returned to barranqueiro
barranqueiro collected $2 from pot
barranqueiro: doesn't show hand
*** SUMMARY ***
Total pot $2 | Rake $0
Seat 1: Pandakey (button) (small blind) folded before Flop
Seat 3: barranqueiro (big blind) collected ($2)


PokerStars Hand #151590194287:  Hold'em Limit ($3/$6 USD) - 2016/04/07 19:14:58 ET
Table 'Gonnessia II' 10-max Seat #3 is the button
Seat 1: Pandakey ($82.54 in chips)
Seat 3: barranqueiro ($175.56 in chips)
barranqueiro: posts small blind $1
Pandakey: posts big blind $3
*** HOLE CARDS ***
barranqueiro: raises $3 to $6
Pandakey: calls $3
*** FLOP *** [6d 5d 6s]
Pandakey: checks
barranqueiro: bets $3
Pandakey: calls $3
*** TURN *** [6d 5d 6s] [Ac]
Pandakey: checks
barranqueiro: bets $6
Pandakey: calls $6
*** RIVER *** [6d 5d 6s Ac] [8h]
Pandakey: checks
barranqueiro: bets $6
Pandakey: calls $6
*** SHOW DOWN ***
barranqueiro: shows [Ah Qh] (two pair, Aces and Sixes)
Pandakey: mucks hand
barranqueiro collected $41.50 from pot
*** SUMMARY ***
Total pot $42 | Rake $0.50
Board [6d 5d 6s Ac 8h]
Seat 1: Pandakey (big blind) mucked
Seat 3: barranqueiro (button) (small blind) showed [Ah Qh] and won ($41.50) with two pair, Aces and Sixes


PokerStars Hand #151590620427:  Hold'em Limit ($3/$6 USD) - 2016/04/07 19:26:17 ET
Table 'Gonnessia II' 10-max Seat #10 is the button
Seat 1: Pandakey ($72.18 in chips)
Seat 10: 22392062 ($49.79 in chips)
22392062: posts small blind $1
Pandakey: posts big blind $3
*** HOLE CARDS ***
22392062: folds
Uncalled bet ($2) returned to Pandakey
Pandakey collected $2 from pot
Pandakey: doesn't show hand
*** SUMMARY ***
Total pot $2 | Rake $0
Seat 1: Pandakey (big blind) collected ($2)
Seat 10: 22392062 (button) (small blind) folded before Flop


PokerStars Hand #151590629271:  Hold'em Limit ($3/$6 USD) - 2016/04/07 19:26:32 ET
Table 'Gonnessia II' 10-max Seat #10 is the button
Seat 1: Pandakey ($72.18 in chips)
Seat 10: 22392062 ($49.79 in chips)
22392062: posts small blind $1
Pandakey: posts big blind $3
*** HOLE CARDS ***
22392062: folds
Uncalled bet ($2) returned to Pandakey
Pandakey collected $2 from pot
Pandakey: doesn't show hand
*** SUMMARY ***
Total pot $2 | Rake $0
Seat 1: Pandakey (big blind) collected ($2)
Seat 10: 22392062 (button) (small blind) folded before Flop


PokerStars Hand #151590623221:  Hold'em Limit ($3/$6 USD) - 2016/04/07 19:26:22 ET
Table 'Gonnessia II' 10-max Seat #1 is the button
Seat 1: Pandakey ($73.18 in chips)
Seat 10: 22392062 ($48.79 in chips)
Pandakey: posts small blind $1
22392062: posts big blind $3
*** HOLE CARDS ***
Pandakey: folds
Uncalled bet ($2) returned to 22392062
22392062 collected $2 from pot
22392062: doesn't show hand
*** SUMMARY ***
Total pot $2 | Rake $0
Seat 1: Pandakey (button) (small blind) folded before Flop
Seat 10: 22392062 (big blind) collected ($2)


PokerStars Hand #151590632068:  Hold'em Limit ($3/$6 USD) - 2016/04/07 19:26:37 ET
Table 'Gonnessia II' 10-max Seat #1 is the button
Seat 1: Pandakey ($73.18 in chips)
Seat 10: 22392062 ($48.79 in chips)
Pandakey: posts small blind $1
22392062: posts big blind $3
*** HOLE CARDS ***
Pandakey: raises $3 to $6
22392062: raises $3 to $9
Pandakey: calls $3
*** FLOP *** [Ad 5h Jh]
22392062: bets $3
Pandakey: calls $3
*** TURN *** [Ad 5h Jh] [Jd]
22392062: bets $6
Pandakey: calls $6
*** RIVER *** [Ad 5h Jh Jd] [Qs]
22392062: checks
Pandakey: bets $6
22392062: folds
Uncalled bet ($6) returned to Pandakey
Pandakey collected $35.50 from pot
Pandakey: doesn't show hand
*** SUMMARY ***
Total pot $36 | Rake $0.50
Board [Ad 5h Jh Jd Qs]
Seat 1: Pandakey (button) (small blind) collected ($35.50)
Seat 10: 22392062 (big blind) folded on the River


PokerStars Hand #151590643667:  Hold'em Limit ($3/$6 USD) - 2016/04/07 19:26:56 ET
Table 'Gonnessia II' 10-max Seat #10 is the button
Seat 1: Pandakey ($90.68 in chips)
Seat 10: 22392062 ($30.79 in chips)
22392062: posts small blind $1
Pandakey: posts big blind $3
*** HOLE CARDS ***
22392062: raises $3 to $6
Pandakey: folds
Uncalled bet ($3) returned to 22392062
22392062 collected $6 from pot
22392062: doesn't show hand
*** SUMMARY ***
Total pot $6 | Rake $0
Seat 1: Pandakey (big blind) folded before Flop
Seat 10: 22392062 (button) (small blind) collected ($6)


PokerStars Hand #151590646890:  Hold'em Limit ($3/$6 USD) - 2016/04/07 19:27:01 ET
Table 'Gonnessia II' 10-max Seat #1 is the button
Seat 1: Pandakey ($87.68 in chips)
Seat 10: 22392062 ($33.79 in chips)
Pandakey: posts small blind $1
22392062: posts big blind $3
*** HOLE CARDS ***
Pandakey: raises $3 to $6
22392062: calls $3
*** FLOP *** [Td Jh Ts]
22392062: checks
Pandakey: checks
*** TURN *** [Td Jh Ts] [7c]
22392062: checks
Pandakey: checks
*** RIVER *** [Td Jh Ts 7c] [3s]
22392062: checks
Pandakey: bets $6
22392062: calls $6
*** SHOW DOWN ***
Pandakey: shows [Kd 3c] (two pair, Tens and Threes)
22392062: shows [Ks 3d] (two pair, Tens and Threes)
22392062 collected $11.76 from pot
Pandakey collected $11.76 from pot
*** SUMMARY ***
Total pot $24 | Rake $0.48
Board [Td Jh Ts 7c 3s]
Seat 1: Pandakey (button) (small blind) showed [Kd 3c] and won ($11.76) with two pair, Tens and Threes
Seat 10: 22392062 (big blind) showed [Ks 3d] and won ($11.76) with two pair, Tens and Threes


PokerStars Hand #151590661138:  Hold'em Limit ($3/$6 USD) - 2016/04/07 19:27:25 ET
Table 'Gonnessia II' 10-max Seat #1 is the button
Seat 1: Pandakey ($81.44 in chips)
Seat 10: 22392062 ($39.31 in chips)
Pandakey: posts small blind $1
22392062: posts big blind $3
*** HOLE CARDS ***
Pandakey: raises $3 to $6
22392062: folds
Uncalled bet ($3) returned to Pandakey
Pandakey collected $6 from pot
Pandakey: doesn't show hand
*** SUMMARY ***
Total pot $6 | Rake $0
Seat 1: Pandakey (button) (small blind) collected ($6)
Seat 10: 22392062 (big blind) folded before Flop


PokerStars Hand #151590655563:  Hold'em Limit ($3/$6 USD) - 2016/04/07 19:27:16 ET
Table 'Gonnessia II' 10-max Seat #10 is the button
Seat 1: Pandakey ($87.44 in chips)
Seat 10: 22392062 ($33.55 in chips)
22392062: posts small blind $1
Pandakey: posts big blind $3
*** HOLE CARDS ***
22392062: raises $3 to $6
Pandakey: calls $3
*** FLOP *** [9c 8s 2d]
Pandakey: checks
22392062: bets $3
Pandakey: folds
Uncalled bet ($3) returned to 22392062
22392062 collected $11.76 from pot
22392062: doesn't show hand
*** SUMMARY ***
Total pot $12 | Rake $0.24
Board [9c 8s 2d]
Seat 1: Pandakey (big blind) folded on the Flop
Seat 10: 22392062 (button) (small blind) collected ($11.76)


PokerStars Hand #151590663944:  Hold'em Limit ($3/$6 USD) - 2016/04/07 19:27:30 ET
Table 'Gonnessia II' 10-max Seat #10 is the button
Seat 1: Pandakey ($84.44 in chips)
Seat 10: 22392062 ($36.31 in chips)
22392062: posts small blind $1
Pandakey: posts big blind $3
*** HOLE CARDS ***
22392062: raises $3 to $6
Pandakey: calls $3
*** FLOP *** [3h 3d Td]
Pandakey: checks
22392062: bets $3
Pandakey: folds
Uncalled bet ($3) returned to 22392062
22392062 collected $11.76 from pot
22392062: doesn't show hand
*** SUMMARY ***
Total pot $12 | Rake $0.24
Board [3h 3d Td]
Seat 1: Pandakey (big blind) folded on the Flop
Seat 10: 22392062 (button) (small blind) collected ($11.76)


PokerStars Hand #151590671998:  Hold'em Limit ($3/$6 USD) - 2016/04/07 19:27:44 ET
Table 'Gonnessia II' 10-max Seat #10 is the button
Seat 1: Pandakey ($81.44 in chips)
Seat 10: 22392062 ($39.07 in chips)
22392062: posts small blind $1
Pandakey: posts big blind $3
*** HOLE CARDS ***
22392062: folds
Uncalled bet ($2) returned to Pandakey
Pandakey collected $2 from pot
Pandakey: doesn't show hand
*** SUMMARY ***
Total pot $2 | Rake $0
Seat 1: Pandakey (big blind) collected ($2)
Seat 10: 22392062 (button) (small blind) folded before Flop


PokerStars Hand #151590669038:  Hold'em Limit ($3/$6 USD) - 2016/04/07 19:27:39 ET
Table 'Gonnessia II' 10-max Seat #1 is the button
Seat 1: Pandakey ($78.44 in chips)
Seat 10: 22392062 ($42.07 in chips)
Pandakey: posts small blind $1
22392062: posts big blind $3
*** HOLE CARDS ***
Pandakey: raises $3 to $6
22392062: folds
Uncalled bet ($3) returned to Pandakey
Pandakey collected $6 from pot
Pandakey: doesn't show hand
*** SUMMARY ***
Total pot $6 | Rake $0
Seat 1: Pandakey (button) (small blind) collected ($6)
Seat 10: 22392062 (big blind) folded before Flop


PokerStars Hand #151590677453:  Hold'em Limit ($3/$6 USD) - 2016/04/07 19:27:53 ET
Table 'Gonnessia II' 10-max Seat #10 is the button
Seat 1: Pandakey ($81.44 in chips)
Seat 10: 22392062 ($39.07 in chips)
22392062: posts small blind $1
Pandakey: posts big blind $3
*** HOLE CARDS ***
22392062: folds
Uncalled bet ($2) returned to Pandakey
Pandakey collected $2 from pot
Pandakey: doesn't show hand
*** SUMMARY ***
Total pot $2 | Rake $0
Seat 1: Pandakey (big blind) collected ($2)
Seat 10: 22392062 (button) (small blind) folded before Flop


PokerStars Hand #151590674658:  Hold'em Limit ($3/$6 USD) - 2016/04/07 19:27:48 ET
Table 'Gonnessia II' 10-max Seat #1 is the button
Seat 1: Pandakey ($82.44 in chips)
Seat 10: 22392062 ($38.07 in chips)
Pandakey: posts small blind $1
22392062: posts big blind $3
*** HOLE CARDS ***
Pandakey: folds
Uncalled bet ($2) returned to 22392062
22392062 collected $2 from pot
22392062: doesn't show hand
*** SUMMARY ***
Total pot $2 | Rake $0
Seat 1: Pandakey (button) (small blind) folded before Flop
Seat 10: 22392062 (big blind) collected ($2)


PokerStars Hand #151590680074:  Hold'em Limit ($3/$6 USD) - 2016/04/07 19:27:57 ET
Table 'Gonnessia II' 10-max Seat #1 is the button
Seat 1: Pandakey ($82.44 in chips)
Seat 10: 22392062 ($38.07 in chips)
Pandakey: posts small blind $1
22392062: posts big blind $3
*** HOLE CARDS ***
Pandakey: raises $3 to $6
22392062: calls $3
*** FLOP *** [5d Qs 6h]
22392062: checks
Pandakey: bets $3
22392062: folds
Uncalled bet ($3) returned to Pandakey
Pandakey collected $11.76 from pot
Pandakey: doesn't show hand
*** SUMMARY ***
Total pot $12 | Rake $0.24
Board [5d Qs 6h]
Seat 1: Pandakey (button) (small blind) collected ($11.76)
Seat 10: 22392062 (big blind) folded on the Flop


PokerStars Hand #151590687848:  Hold'em Limit ($3/$6 USD) - 2016/04/07 19:28:10 ET
Table 'Gonnessia II' 10-max Seat #1 is the button
Seat 1: Pandakey ($89.20 in chips)
Seat 10: 22392062 ($31.07 in chips)
Pandakey: posts small blind $1
22392062: posts big blind $3
*** HOLE CARDS ***
Pandakey: raises $3 to $6
22392062: raises $3 to $9
Pandakey: calls $3
*** FLOP *** [4d Qd 3s]
22392062: bets $3
Pandakey: calls $3
*** TURN *** [4d Qd 3s] [3c]
22392062: bets $6
Pandakey: calls $6
*** RIVER *** [4d Qd 3s 3c] [Qs]
22392062: bets $6
Pandakey: calls $6
*** SHOW DOWN ***
22392062: shows [Tc Ah] (two pair, Queens and Threes)
Pandakey: shows [8h 8d] (two pair, Queens and Eights)
Pandakey collected $47.50 from pot
*** SUMMARY ***
Total pot $48 | Rake $0.50
Board [4d Qd 3s 3c Qs]
Seat 1: Pandakey (button) (small blind) showed [8h 8d] and won ($47.50) with two pair, Queens and Eights
Seat 10: 22392062 (big blind) showed [Tc Ah] and lost with two pair, Queens and Threes


PokerStars Hand #151590695234:  Hold'em Limit ($3/$6 USD) - 2016/04/07 19:28:22 ET
Table 'Gonnessia II' 10-max Seat #10 is the button
Seat 1: Pandakey ($112.70 in chips)
Seat 10: 22392062 ($7.07 in chips)
22392062: posts small blind $1
Pandakey: posts big blind $3
*** HOLE CARDS ***
22392062: raises $3 to $6
Pandakey: calls $3
*** FLOP *** [6c 4h Jc]
Pandakey: bets $3
22392062: calls $1.07 and is all-in
Uncalled bet ($1.93) returned to Pandakey
*** TURN *** [6c 4h Jc] [8d]
*** RIVER *** [6c 4h Jc 8d] [Qd]
*** SHOW DOWN ***
Pandakey: shows [8h 7d] (a pair of Eights)
22392062: shows [6d 3d] (a pair of Sixes)
Pandakey collected $13.86 from pot
*** SUMMARY ***
Total pot $14.14 | Rake $0.28
Board [6c 4h Jc 8d Qd]
Seat 1: Pandakey (big blind) showed [8h 7d] and won ($13.86) with a pair of Eights
Seat 10: 22392062 (button) (small blind) showed [6d 3d] and lost with a pair of Sixes


PokerStars Hand #151591173542:  Hold'em Limit ($3/$6 USD) - 2016/04/07 19:41:33 ET
Table 'Gonnessia II' 10-max Seat #1 is the button
Seat 1: Pandakey ($133.89 in chips)
Seat 8: perten ($67.42 in chips)
Pandakey: posts small blind $1
perten: posts big blind $3
*** HOLE CARDS ***
Pandakey: raises $3 to $6
perten: folds
Uncalled bet ($3) returned to Pandakey
Pandakey collected $6 from pot
Pandakey: doesn't show hand
*** SUMMARY ***
Total pot $6 | Rake $0
Seat 1: Pandakey (button) (small blind) collected ($6)
Seat 8: perten (big blind) folded before Flop


PokerStars Hand #151591167822:  Hold'em Limit ($3/$6 USD) - 2016/04/07 19:41:23 ET
Table 'Gonnessia II' 10-max Seat #8 is the button
Seat 1: Pandakey ($128.13 in chips)
Seat 8: perten ($73.42 in chips)
perten: posts small blind $1
Pandakey: posts big blind $3
*** HOLE CARDS ***
perten: calls $2
Pandakey: raises $3 to $6
perten: calls $3
*** FLOP *** [8s 7s Th]
Pandakey: bets $3
perten: folds
Uncalled bet ($3) returned to Pandakey
Pandakey collected $11.76 from pot
Pandakey: doesn't show hand
*** SUMMARY ***
Total pot $12 | Rake $0.24
Board [8s 7s Th]
Seat 1: Pandakey (big blind) collected ($11.76)
Seat 8: perten (button) (small blind) folded on the Flop


PokerStars Hand #151591154228:  Hold'em Limit ($3/$6 USD) - 2016/04/07 19:40:59 ET
Table 'Gonnessia II' 10-max Seat #1 is the button
Seat 1: Pandakey ($119.49 in chips)
Seat 8: perten ($82.42 in chips)
Pandakey: posts small blind $1
perten: posts big blind $3
*** HOLE CARDS ***
Pandakey: raises $3 to $6
perten: calls $3
*** FLOP *** [2h 5s Tc]
perten: checks
Pandakey: bets $3
perten: calls $3
*** TURN *** [2h 5s Tc] [8c]
perten: checks
Pandakey: bets $6
perten: folds
Uncalled bet ($6) returned to Pandakey
Pandakey collected $17.64 from pot
Pandakey: doesn't show hand
*** SUMMARY ***
Total pot $18 | Rake $0.36
Board [2h 5s Tc 8c]
Seat 1: Pandakey (button) (small blind) collected ($17.64)
Seat 8: perten (big blind) folded on the Turn


PokerStars Hand #151591207476:  Hold'em Limit ($3/$6 USD) - 2016/04/07 19:42:32 ET
Table 'Gonnessia II' 10-max Seat #8 is the button
Seat 1: Pandakey ($108.89 in chips)
Seat 8: perten ($91.44 in chips)
perten: posts small blind $1
Pandakey: posts big blind $3
*** HOLE CARDS ***
perten: raises $3 to $6
Pandakey: calls $3
*** FLOP *** [4c As 9d]
Pandakey: checks
perten: bets $3
Pandakey: folds
Uncalled bet ($3) returned to perten
perten collected $11.76 from pot
perten: doesn't show hand
*** SUMMARY ***
Total pot $12 | Rake $0.24
Board [4c As 9d]
Seat 1: Pandakey (big blind) folded on the Flop
Seat 8: perten (button) (small blind) collected ($11.76)


PokerStars Hand #151591198940:  Hold'em Limit ($3/$6 USD) - 2016/04/07 19:42:17 ET
Table 'Gonnessia II' 10-max Seat #1 is the button
Seat 1: Pandakey ($114.89 in chips)
Seat 8: perten ($85.68 in chips)
Pandakey: posts small blind $1
perten: posts big blind $3
*** HOLE CARDS ***
Pandakey: raises $3 to $6
perten: calls $3
*** FLOP *** [Tc 7h 9h]
perten: bets $3
Pandakey: folds
Uncalled bet ($3) returned to perten
perten collected $11.76 from pot
perten: doesn't show hand
*** SUMMARY ***
Total pot $12 | Rake $0.24
Board [Tc 7h 9h]
Seat 1: Pandakey (button) (small blind) folded on the Flop
Seat 8: perten (big blind) collected ($11.76)


PokerStars Hand #151591192982:  Hold'em Limit ($3/$6 USD) - 2016/04/07 19:42:06 ET
Table 'Gonnessia II' 10-max Seat #8 is the button
Seat 1: Pandakey ($120.89 in chips)
Seat 8: perten ($79.92 in chips)
perten: posts small blind $1
Pandakey: posts big blind $3
*** HOLE CARDS ***
perten: raises $3 to $6
Pandakey: calls $3
*** FLOP *** [Td Ts Kc]
Pandakey: checks
perten: bets $3
Pandakey: folds
Uncalled bet ($3) returned to perten
perten collected $11.76 from pot
perten: doesn't show hand
*** SUMMARY ***
Total pot $12 | Rake $0.24
Board [Td Ts Kc]
Seat 1: Pandakey (big blind) folded on the Flop
Seat 8: perten (button) (small blind) collected ($11.76)


PokerStars Hand #151591190333:  Hold'em Limit ($3/$6 USD) - 2016/04/07 19:42:02 ET
Table 'Gonnessia II' 10-max Seat #1 is the button
Seat 1: Pandakey ($121.89 in chips)
Seat 8: perten ($78.92 in chips)
Pandakey: posts small blind $1
perten: posts big blind $3
*** HOLE CARDS ***
Pandakey: folds
Uncalled bet ($2) returned to perten
perten collected $2 from pot
perten: doesn't show hand
*** SUMMARY ***
Total pot $2 | Rake $0
Seat 1: Pandakey (button) (small blind) folded before Flop
Seat 8: perten (big blind) collected ($2)


PokerStars Hand #151591176849:  Hold'em Limit ($3/$6 USD) - 2016/04/07 19:41:38 ET
Table 'Gonnessia II' 10-max Seat #8 is the button
Seat 1: Pandakey ($136.89 in chips)
Seat 8: perten ($64.42 in chips)
perten: posts small blind $1
Pandakey: posts big blind $3
*** HOLE CARDS ***
perten: raises $3 to $6
Pandakey: raises $3 to $9
perten: calls $3
*** FLOP *** [Qs 5s 4c]
Pandakey: bets $3
perten: raises $3 to $6
Pandakey: calls $3
*** TURN *** [Qs 5s 4c] [Qd]
Pandakey: checks
perten: checks
*** RIVER *** [Qs 5s 4c Qd] [6s]
Pandakey: checks
perten: checks
*** SHOW DOWN ***
Pandakey: shows [As Kd] (a pair of Queens)
perten: shows [3d 6d] (two pair, Queens and Sixes)
perten collected $29.50 from pot
*** SUMMARY ***
Total pot $30 | Rake $0.50
Board [Qs 5s 4c Qd 6s]
Seat 1: Pandakey (big blind) showed [As Kd] and lost with a pair of Queens
Seat 8: perten (button) (small blind) showed [3d 6d] and won ($29.50) with two pair, Queens and Sixes


PokerStars Hand #151591606017:  Hold'em Limit ($3/$6 USD) - 2016/04/07 19:54:24 ET
Table 'Gonnessia II' 10-max Seat #1 is the button
Seat 1: Pandakey ($102.89 in chips)
Seat 8: perten ($97.20 in chips)
Pandakey: posts small blind $1
perten: posts big blind $3
*** HOLE CARDS ***
Pandakey: raises $3 to $6
perten: folds
Uncalled bet ($3) returned to Pandakey
Pandakey collected $6 from pot
Pandakey: doesn't show hand
*** SUMMARY ***
Total pot $6 | Rake $0
Seat 1: Pandakey (button) (small blind) collected ($6)
Seat 8: perten (big blind) folded before Flop


PokerStars Hand #151591612440:  Hold'em Limit ($3/$6 USD) - 2016/04/07 19:54:35 ET
Table 'Gonnessia II' 10-max Seat #1 is the button
Seat 1: Pandakey ($106.89 in chips)
Seat 8: perten ($93.20 in chips)
Pandakey: posts small blind $1
perten: posts big blind $3
*** HOLE CARDS ***
Pandakey: raises $3 to $6
perten: folds
Uncalled bet ($3) returned to Pandakey
Pandakey collected $6 from pot
Pandakey: doesn't show hand
*** SUMMARY ***
Total pot $6 | Rake $0
Seat 1: Pandakey (button) (small blind) collected ($6)
Seat 8: perten (big blind) folded before Flop


PokerStars Hand #151591609638:  Hold'em Limit ($3/$6 USD) - 2016/04/07 19:54:30 ET
Table 'Gonnessia II' 10-max Seat #8 is the button
Seat 1: Pandakey ($105.89 in chips)
Seat 8: perten ($94.20 in chips)
perten: posts small blind $1
Pandakey: posts big blind $3
*** HOLE CARDS ***
perten: folds
Uncalled bet ($2) returned to Pandakey
Pandakey collected $2 from pot
Pandakey: doesn't show hand
*** SUMMARY ***
Total pot $2 | Rake $0
Seat 1: Pandakey (big blind) collected ($2)
Seat 8: perten (button) (small blind) folded before Flop


PokerStars Hand #151591616313:  Hold'em Limit ($3/$6 USD) - 2016/04/07 19:54:43 ET
Table 'Gonnessia II' 10-max Seat #8 is the button
Seat 1: Pandakey ($109.89 in chips)
Seat 8: perten ($90.20 in chips)
perten: posts small blind $1
Pandakey: posts big blind $3
*** HOLE CARDS ***
perten: calls $2
Pandakey: raises $3 to $6
perten: calls $3
*** FLOP *** [Ts 7d 7s]
Pandakey: bets $3
perten: folds
Uncalled bet ($3) returned to Pandakey
Pandakey collected $11.76 from pot
Pandakey: doesn't show hand
*** SUMMARY ***
Total pot $12 | Rake $0.24
Board [Ts 7d 7s]
Seat 1: Pandakey (big blind) collected ($11.76)
Seat 8: perten (button) (small blind) folded on the Flop


PokerStars Hand #151591627718:  Hold'em Limit ($3/$6 USD) - 2016/04/07 19:55:04 ET
Table 'Gonnessia II' 10-max Seat #8 is the button
Seat 1: Pandakey ($106.65 in chips)
Seat 8: perten ($92.84 in chips)
perten: posts small blind $1
Pandakey: posts big blind $3
*** HOLE CARDS ***
perten: calls $2
Pandakey: checks
*** FLOP *** [4d 2d 4c]
Pandakey: checks
perten: checks
*** TURN *** [4d 2d 4c] [Qd]
Pandakey: bets $6
perten: folds
Uncalled bet ($6) returned to Pandakey
Pandakey collected $5.88 from pot
Pandakey: doesn't show hand
*** SUMMARY ***
Total pot $6 | Rake $0.12
Board [4d 2d 4c Qd]
Seat 1: Pandakey (big blind) collected ($5.88)
Seat 8: perten (button) (small blind) folded on the Turn


PokerStars Hand #151591633442:  Hold'em Limit ($3/$6 USD) - 2016/04/07 19:55:16 ET
Table 'Gonnessia II' 10-max Seat #1 is the button
Seat 1: Pandakey ($109.53 in chips)
Seat 8: perten ($89.84 in chips)
Pandakey: posts small blind $1
perten: posts big blind $3
*** HOLE CARDS ***
Pandakey: raises $3 to $6
perten: raises $3 to $9
Pandakey: calls $3
*** FLOP *** [3s Td Tc]
perten: bets $3
Pandakey: calls $3
*** TURN *** [3s Td Tc] [As]
perten: bets $6
Pandakey: folds
Uncalled bet ($6) returned to perten
perten collected $23.52 from pot
perten: doesn't show hand
*** SUMMARY ***
Total pot $24 | Rake $0.48
Board [3s Td Tc As]
Seat 1: Pandakey (button) (small blind) folded on the Turn
Seat 8: perten (big blind) collected ($23.52)


PokerStars Hand #151591639236:  Hold'em Limit ($3/$6 USD) - 2016/04/07 19:55:29 ET
Table 'Gonnessia II' 10-max Seat #8 is the button
Seat 1: Pandakey ($97.53 in chips)
Seat 8: perten ($101.36 in chips)
perten: posts small blind $1
Pandakey: posts big blind $3
*** HOLE CARDS ***
perten: raises $3 to $6
Pandakey: folds
Uncalled bet ($3) returned to perten
perten collected $6 from pot
perten: doesn't show hand
*** SUMMARY ***
Total pot $6 | Rake $0
Seat 1: Pandakey (big blind) folded before Flop
Seat 8: perten (button) (small blind) collected ($6)


PokerStars Hand #151591622100:  Hold'em Limit ($3/$6 USD) - 2016/04/07 19:54:53 ET
Table 'Gonnessia II' 10-max Seat #1 is the button
Seat 1: Pandakey ($115.65 in chips)
Seat 8: perten ($84.20 in chips)
Pandakey: posts small blind $1
perten: posts big blind $3
*** HOLE CARDS ***
Pandakey: raises $3 to $6
perten: raises $3 to $9
Pandakey: calls $3
*** FLOP *** [Ks Jc 8h]
perten: bets $3
Pandakey: folds
Uncalled bet ($3) returned to perten
perten collected $17.64 from pot
perten: doesn't show hand
*** SUMMARY ***
Total pot $18 | Rake $0.36
Board [Ks Jc 8h]
Seat 1: Pandakey (button) (small blind) folded on the Flop
Seat 8: perten (big blind) collected ($17.64)


