PokerStars Hand #176302426022:  Hold'em Limit ($3/$6 USD) - 2017/09/30 6:41:52 ET
Table 'Gonnessia' 10-max Seat #1 is the button
Seat 1: VolkovDmitri ($120 in chips)
Seat 6: mbr1977 ($69.12 in chips)
VolkovDmitri: posts small blind $1
mbr1977: posts big blind $3
*** HOLE CARDS ***
VolkovDmitri: raises $3 to $6
mbr1977: calls $3
*** FLOP *** [7h 8d Th]
mbr1977: bets $3
VolkovDmitri: raises $3 to $6
mbr1977: calls $3
*** TURN *** [7h 8d Th] [Ts]
mbr1977: bets $6
VolkovDmitri: calls $6
*** RIVER *** [7h 8d Th Ts] [7c]
mbr1977: bets $6
VolkovDmitri: calls $6
*** SHOW DOWN ***
mbr1977: shows [Js 7s] (a full house, Sevens full of Tens)
VolkovDmitri: mucks hand
mbr1977 collected $47.50 from pot
*** SUMMARY ***
Total pot $48 | Rake $0.50
Board [7h 8d Th Ts 7c]
Seat 1: VolkovDmitri (button) (small blind) mucked
Seat 6: mbr1977 (big blind) showed [Js 7s] and won ($47.50) with a full house, Sevens full of Tens


PokerStars Hand #176302436984:  Hold'em Limit ($3/$6 USD) - 2017/09/30 6:42:19 ET
Table 'Gonnessia' 10-max Seat #6 is the button
Seat 1: VolkovDmitri ($120 in chips)
Seat 6: mbr1977 ($92.62 in chips)
mbr1977: posts small blind $1
VolkovDmitri: posts big blind $3
*** HOLE CARDS ***
mbr1977: raises $3 to $6
VolkovDmitri: calls $3
*** FLOP *** [5h 7c Ah]
VolkovDmitri: checks
mbr1977: checks
*** TURN *** [5h 7c Ah] [7h]
VolkovDmitri: checks
mbr1977: checks
*** RIVER *** [5h 7c Ah 7h] [6s]
VolkovDmitri: bets $6
mbr1977: calls $6
*** SHOW DOWN ***
VolkovDmitri: shows [Td 8c] (a pair of Sevens)
mbr1977: shows [Qs Kc] (a pair of Sevens - Ace+King kicker)
mbr1977 collected $23.52 from pot
*** SUMMARY ***
Total pot $24 | Rake $0.48
Board [5h 7c Ah 7h 6s]
Seat 1: VolkovDmitri (big blind) showed [Td 8c] and lost with a pair of Sevens
Seat 6: mbr1977 (button) (small blind) showed [Qs Kc] and won ($23.52) with a pair of Sevens


PokerStars Hand #176302452001:  Hold'em Limit ($3/$6 USD) - 2017/09/30 6:42:57 ET
Table 'Gonnessia' 10-max Seat #6 is the button
Seat 1: VolkovDmitri ($120 in chips)
Seat 6: mbr1977 ($112.78 in chips)
mbr1977: posts small blind $1
VolkovDmitri: posts big blind $3
*** HOLE CARDS ***
mbr1977: raises $3 to $6
VolkovDmitri: calls $3
*** FLOP *** [8s 5d Jh]
VolkovDmitri: checks
mbr1977: bets $3
VolkovDmitri: calls $3
*** TURN *** [8s 5d Jh] [6s]
VolkovDmitri: checks
mbr1977: bets $6
VolkovDmitri: calls $6
*** RIVER *** [8s 5d Jh 6s] [2d]
VolkovDmitri: checks
mbr1977: checks
*** SHOW DOWN ***
VolkovDmitri: shows [7h 5s] (a pair of Fives)
mbr1977: shows [Ts Js] (a pair of Jacks)
mbr1977 collected $29.50 from pot
*** SUMMARY ***
Total pot $30 | Rake $0.50
Board [8s 5d Jh 6s 2d]
Seat 1: VolkovDmitri (big blind) showed [7h 5s] and lost with a pair of Fives
Seat 6: mbr1977 (button) (small blind) showed [Ts Js] and won ($29.50) with a pair of Jacks


PokerStars Hand #176302445246:  Hold'em Limit ($3/$6 USD) - 2017/09/30 6:42:40 ET
Table 'Gonnessia' 10-max Seat #1 is the button
Seat 1: VolkovDmitri ($120 in chips)
Seat 6: mbr1977 ($104.14 in chips)
VolkovDmitri: posts small blind $1
mbr1977: posts big blind $3
*** HOLE CARDS ***
VolkovDmitri: raises $3 to $6
mbr1977: calls $3
*** FLOP *** [9h As 8h]
mbr1977: bets $3
VolkovDmitri: calls $3
*** TURN *** [9h As 8h] [8c]
mbr1977: bets $6
VolkovDmitri: folds
Uncalled bet ($6) returned to mbr1977
mbr1977 collected $17.64 from pot
mbr1977: doesn't show hand
*** SUMMARY ***
Total pot $18 | Rake $0.36
Board [9h As 8h 8c]
Seat 1: VolkovDmitri (button) (small blind) folded on the Turn
Seat 6: mbr1977 (big blind) collected ($17.64)


PokerStars Hand #176302462545:  Hold'em Limit ($3/$6 USD) - 2017/09/30 6:43:23 ET
Table 'Gonnessia' 10-max Seat #1 is the button
Seat 1: VolkovDmitri ($120 in chips)
Seat 6: mbr1977 ($127.28 in chips)
VolkovDmitri: posts small blind $1
mbr1977: posts big blind $3
*** HOLE CARDS ***
krytalex joins the table at seat #7
VolkovDmitri: raises $3 to $6
mbr1977: raises $3 to $9
VolkovDmitri: calls $3
*** FLOP *** [8s 5h Kd]
mbr1977: checks
VolkovDmitri: bets $3
mbr1977: calls $3
*** TURN *** [8s 5h Kd] [8c]
mbr1977: bets $6
VolkovDmitri: calls $6
*** RIVER *** [8s 5h Kd 8c] [9h]
mbr1977: bets $6
VolkovDmitri: calls $6
*** SHOW DOWN ***
mbr1977: shows [Kh Qs] (two pair, Kings and Eights)
VolkovDmitri: mucks hand
mbr1977 collected $47.50 from pot
*** SUMMARY ***
Total pot $48 | Rake $0.50
Board [8s 5h Kd 8c 9h]
Seat 1: VolkovDmitri (button) (small blind) mucked
Seat 6: mbr1977 (big blind) showed [Kh Qs] and won ($47.50) with two pair, Kings and Eights


