PokerStars Hand #174481733522:  Hold'em Limit ($3/$6 USD) - 2017/08/18 8:04:44 ET
Table 'Gonnessia' 6-max Seat #6 is the button
Seat 5: Biffen 1 ($197.91 in chips)
Seat 6: B_loJkl ($155.02 in chips)
B_loJkl: posts small blind $1
Biffen 1: posts big blind $3
*** HOLE CARDS ***
B_loJkl: folds
Uncalled bet ($2) returned to Biffen 1
Biffen 1 collected $2 from pot
Biffen 1: doesn't show hand
*** SUMMARY ***
Total pot $2 | Rake $0
Seat 5: Biffen 1 (big blind) collected ($2)
Seat 6: B_loJkl (button) (small blind) folded before Flop


PokerStars Hand #174481738094:  Hold'em Limit ($3/$6 USD) - 2017/08/18 8:04:55 ET
Table 'Gonnessia' 6-max Seat #5 is the button
Seat 5: Biffen 1 ($198.91 in chips)
Seat 6: B_loJkl ($154.02 in chips)
Biffen 1: posts small blind $1
B_loJkl: posts big blind $3
*** HOLE CARDS ***
Biffen 1: raises $3 to $6
B_loJkl: calls $3
*** FLOP *** [Qh 9s Tc]
B_loJkl: checks
Biffen 1: bets $3
B_loJkl: raises $3 to $6
Biffen 1: raises $3 to $9
B_loJkl: calls $3
*** TURN *** [Qh 9s Tc] [Ks]
B_loJkl: bets $6
Biffen 1: calls $6
*** RIVER *** [Qh 9s Tc Ks] [9h]
B_loJkl: bets $6
Biffen 1: calls $6
*** SHOW DOWN ***
B_loJkl: shows [7d Js] (a straight, Nine to King)
Biffen 1: mucks hand
B_loJkl collected $53.50 from pot
*** SUMMARY ***
Total pot $54 | Rake $0.50
Board [Qh 9s Tc Ks 9h]
Seat 5: Biffen 1 (button) (small blind) mucked
Seat 6: B_loJkl (big blind) showed [7d Js] and won ($53.50) with a straight, Nine to King


PokerStars Hand #174481771836:  Hold'em Limit ($3/$6 USD) - 2017/08/18 8:06:11 ET
Table 'Gonnessia' 6-max Seat #6 is the button
Seat 5: Biffen 1 ($171.91 in chips)
Seat 6: B_loJkl ($180.52 in chips)
B_loJkl: posts small blind $1
Biffen 1: posts big blind $3
*** HOLE CARDS ***
B_loJkl: folds
Uncalled bet ($2) returned to Biffen 1
Biffen 1 collected $2 from pot
Biffen 1: doesn't show hand
*** SUMMARY ***
Total pot $2 | Rake $0
Seat 5: Biffen 1 (big blind) collected ($2)
Seat 6: B_loJkl (button) (small blind) folded before Flop


PokerStars Hand #174481779934:  Hold'em Limit ($3/$6 USD) - 2017/08/18 8:06:30 ET
Table 'Gonnessia' 6-max Seat #5 is the button
Seat 5: Biffen 1 ($172.91 in chips)
Seat 6: B_loJkl ($179.52 in chips)
Biffen 1: posts small blind $1
B_loJkl: posts big blind $3
*** HOLE CARDS ***
Biffen 1: raises $3 to $6
B_loJkl: calls $3
*** FLOP *** [7s 2d Qc]
B_loJkl: checks
Biffen 1: bets $3
B_loJkl: folds
Uncalled bet ($3) returned to Biffen 1
Biffen 1 collected $11.76 from pot
Biffen 1: doesn't show hand
*** SUMMARY ***
Total pot $12 | Rake $0.24
Board [7s 2d Qc]
Seat 5: Biffen 1 (button) (small blind) collected ($11.76)
Seat 6: B_loJkl (big blind) folded on the Flop


PokerStars Hand #174481828261:  Hold'em Limit ($3/$6 USD) - 2017/08/18 8:08:19 ET
Table 'Gonnessia' 6-max Seat #5 is the button
Seat 5: Biffen 1 ($169.67 in chips)
Seat 6: B_loJkl ($182.16 in chips)
Biffen 1: posts small blind $1
B_loJkl: posts big blind $3
*** HOLE CARDS ***
Biffen 1: raises $3 to $6
B_loJkl: raises $3 to $9
Biffen 1: calls $3
*** FLOP *** [Qs Jh Th]
B_loJkl: checks
Biffen 1: bets $3
B_loJkl: calls $3
*** TURN *** [Qs Jh Th] [3c]
B_loJkl: checks
Biffen 1: checks
*** RIVER *** [Qs Jh Th 3c] [Kc]
B_loJkl: bets $6
Biffen 1: calls $6
*** SHOW DOWN ***
B_loJkl: shows [9c 9h] (a straight, Nine to King)
Biffen 1: mucks hand
B_loJkl collected $35.50 from pot
*** SUMMARY ***
Total pot $36 | Rake $0.50
Board [Qs Jh Th 3c Kc]
Seat 5: Biffen 1 (button) (small blind) mucked
Seat 6: B_loJkl (big blind) showed [9c 9h] and won ($35.50) with a straight, Nine to King


PokerStars Hand #174481848384:  Hold'em Limit ($3/$6 USD) - 2017/08/18 8:09:05 ET
Table 'Gonnessia' 6-max Seat #6 is the button
Seat 5: Biffen 1 ($151.67 in chips)
Seat 6: B_loJkl ($199.66 in chips)
B_loJkl: posts small blind $1
Biffen 1: posts big blind $3
*** HOLE CARDS ***
B_loJkl: raises $3 to $6
Biffen 1: calls $3
*** FLOP *** [5c 2d 6s]
Biffen 1: checks
B_loJkl: bets $3
Biffen 1: calls $3
*** TURN *** [5c 2d 6s] [As]
Biffen 1: checks
B_loJkl: bets $6
Biffen 1: raises $6 to $12
B_loJkl: folds
Uncalled bet ($6) returned to Biffen 1
Biffen 1 collected $29.50 from pot
Biffen 1: doesn't show hand
*** SUMMARY ***
Total pot $30 | Rake $0.50
Board [5c 2d 6s As]
Seat 5: Biffen 1 (big blind) collected ($29.50)
Seat 6: B_loJkl (button) (small blind) folded on the Turn


PokerStars Hand #174481867040:  Hold'em Limit ($3/$6 USD) - 2017/08/18 8:09:47 ET
Table 'Gonnessia' 6-max Seat #5 is the button
Seat 5: Biffen 1 ($166.17 in chips)
Seat 6: B_loJkl ($184.66 in chips)
Biffen 1: posts small blind $1
B_loJkl: posts big blind $3
*** HOLE CARDS ***
Biffen 1: raises $3 to $6
B_loJkl: calls $3
*** FLOP *** [Ad 8h 2h]
B_loJkl: checks
Biffen 1: bets $3
B_loJkl: calls $3
*** TURN *** [Ad 8h 2h] [Th]
B_loJkl: checks
Biffen 1: bets $6
B_loJkl: calls $6
*** RIVER *** [Ad 8h 2h Th] [6h]
B_loJkl: checks
Biffen 1: checks
*** SHOW DOWN ***
B_loJkl: shows [Tc 4c] (a pair of Tens)
Biffen 1: shows [Jd Ts] (a pair of Tens - Ace+Jack kicker)
Biffen 1 collected $29.50 from pot
*** SUMMARY ***
Total pot $30 | Rake $0.50
Board [Ad 8h 2h Th 6h]
Seat 5: Biffen 1 (button) (small blind) showed [Jd Ts] and won ($29.50) with a pair of Tens
Seat 6: B_loJkl (big blind) showed [Tc 4c] and lost with a pair of Tens


PokerStars Hand #174481887412:  Hold'em Limit ($3/$6 USD) - 2017/08/18 8:10:33 ET
Table 'Gonnessia' 6-max Seat #6 is the button
Seat 5: Biffen 1 ($180.67 in chips)
Seat 6: B_loJkl ($169.66 in chips)
B_loJkl: posts small blind $1
Biffen 1: posts big blind $3
*** HOLE CARDS ***
B_loJkl: raises $3 to $6
Biffen 1: calls $3
*** FLOP *** [Jh Qd 4d]
Biffen 1: checks
B_loJkl: bets $3
Biffen 1: raises $3 to $6
B_loJkl: calls $3
*** TURN *** [Jh Qd 4d] [2s]
Biffen 1: bets $6
B_loJkl: calls $6
*** RIVER *** [Jh Qd 4d 2s] [4c]
Biffen 1: bets $6
B_loJkl: calls $6
*** SHOW DOWN ***
Biffen 1: shows [8c Qc] (two pair, Queens and Fours)
B_loJkl: mucks hand
Biffen 1 collected $47.50 from pot
*** SUMMARY ***
Total pot $48 | Rake $0.50
Board [Jh Qd 4d 2s 4c]
Seat 5: Biffen 1 (big blind) showed [8c Qc] and won ($47.50) with two pair, Queens and Fours
Seat 6: B_loJkl (button) (small blind) mucked


PokerStars Hand #174481915986:  Hold'em Limit ($3/$6 USD) - 2017/08/18 8:11:38 ET
Table 'Gonnessia' 6-max Seat #6 is the button
Seat 5: Biffen 1 ($221.67 in chips)
Seat 6: B_loJkl ($127.66 in chips)
B_loJkl: posts small blind $1
Biffen 1: posts big blind $3
*** HOLE CARDS ***
B_loJkl: raises $3 to $6
Biffen 1: folds
Uncalled bet ($3) returned to B_loJkl
B_loJkl collected $6 from pot
B_loJkl: doesn't show hand
*** SUMMARY ***
Total pot $6 | Rake $0
Seat 5: Biffen 1 (big blind) folded before Flop
Seat 6: B_loJkl (button) (small blind) collected ($6)


PokerStars Hand #174481898510:  Hold'em Limit ($3/$6 USD) - 2017/08/18 8:10:58 ET
Table 'Gonnessia' 6-max Seat #5 is the button
Seat 5: Biffen 1 ($204.17 in chips)
Seat 6: B_loJkl ($145.66 in chips)
Biffen 1: posts small blind $1
B_loJkl: posts big blind $3
*** HOLE CARDS ***
Biffen 1: raises $3 to $6
B_loJkl: calls $3
*** FLOP *** [7d Ks 4d]
B_loJkl: checks
Biffen 1: checks
*** TURN *** [7d Ks 4d] [5h]
B_loJkl: checks
Biffen 1: bets $6
B_loJkl: raises $6 to $12
Biffen 1: calls $6
*** RIVER *** [7d Ks 4d 5h] [Jc]
B_loJkl: checks
Biffen 1: checks
*** SHOW DOWN ***
B_loJkl: shows [3s Qs] (high card King)
Biffen 1: shows [Ah 9d] (high card Ace)
Biffen 1 collected $35.50 from pot
*** SUMMARY ***
Total pot $36 | Rake $0.50
Board [7d Ks 4d 5h Jc]
Seat 5: Biffen 1 (button) (small blind) showed [Ah 9d] and won ($35.50) with high card Ace
Seat 6: B_loJkl (big blind) showed [3s Qs] and lost with high card King


PokerStars Hand #174481920252:  Hold'em Limit ($3/$6 USD) - 2017/08/18 8:11:47 ET
Table 'Gonnessia' 6-max Seat #5 is the button
Seat 5: Biffen 1 ($218.67 in chips)
Seat 6: B_loJkl ($130.66 in chips)
Biffen 1: posts small blind $1
B_loJkl: posts big blind $3
*** HOLE CARDS ***
Biffen 1: calls $2
B_loJkl: checks
*** FLOP *** [Kh 8c Ac]
B_loJkl: checks
Biffen 1: bets $3
B_loJkl: folds
Uncalled bet ($3) returned to Biffen 1
Biffen 1 collected $5.88 from pot
Biffen 1: doesn't show hand
*** SUMMARY ***
Total pot $6 | Rake $0.12
Board [Kh 8c Ac]
Seat 5: Biffen 1 (button) (small blind) collected ($5.88)
Seat 6: B_loJkl (big blind) folded on the Flop


PokerStars Hand #174481931903:  Hold'em Limit ($3/$6 USD) - 2017/08/18 8:12:13 ET
Table 'Gonnessia' 6-max Seat #6 is the button
Seat 5: Biffen 1 ($221.55 in chips)
Seat 6: B_loJkl ($127.66 in chips)
B_loJkl: posts small blind $1
Biffen 1: posts big blind $3
*** HOLE CARDS ***
B_loJkl: raises $3 to $6
Biffen 1: raises $3 to $9
B_loJkl: calls $3
*** FLOP *** [5c As 3h]
Biffen 1: bets $3
B_loJkl: calls $3
*** TURN *** [5c As 3h] [Kc]
Biffen 1: bets $6
B_loJkl: calls $6
*** RIVER *** [5c As 3h Kc] [Ac]
Biffen 1: bets $6
B_loJkl: calls $6
*** SHOW DOWN ***
Biffen 1: shows [Ad Jh] (three of a kind, Aces)
B_loJkl: mucks hand
Biffen 1 collected $47.50 from pot
*** SUMMARY ***
Total pot $48 | Rake $0.50
Board [5c As 3h Kc Ac]
Seat 5: Biffen 1 (big blind) showed [Ad Jh] and won ($47.50) with three of a kind, Aces
Seat 6: B_loJkl (button) (small blind) mucked


PokerStars Hand #174481950751:  Hold'em Limit ($3/$6 USD) - 2017/08/18 8:12:56 ET
Table 'Gonnessia' 6-max Seat #5 is the button
Seat 5: Biffen 1 ($245.05 in chips)
Seat 6: B_loJkl ($103.66 in chips)
Biffen 1: posts small blind $1
B_loJkl: posts big blind $3
*** HOLE CARDS ***
Biffen 1: calls $2
B_loJkl: checks
*** FLOP *** [4s Kd 2c]
B_loJkl: bets $3
Biffen 1: calls $3
*** TURN *** [4s Kd 2c] [7c]
B_loJkl: bets $6
Biffen 1: calls $6
*** RIVER *** [4s Kd 2c 7c] [5h]
B_loJkl: checks
Biffen 1: checks
*** SHOW DOWN ***
B_loJkl: shows [6h 2h] (a pair of Deuces)
Biffen 1: shows [4h 8s] (a pair of Fours)
Biffen 1 collected $23.52 from pot
*** SUMMARY ***
Total pot $24 | Rake $0.48
Board [4s Kd 2c 7c 5h]
Seat 5: Biffen 1 (button) (small blind) showed [4h 8s] and won ($23.52) with a pair of Fours
Seat 6: B_loJkl (big blind) showed [6h 2h] and lost with a pair of Deuces


PokerStars Hand #174481983611:  Hold'em Limit ($3/$6 USD) - 2017/08/18 8:14:09 ET
Table 'Gonnessia' 6-max Seat #5 is the button
Seat 5: Biffen 1 ($271.07 in chips)
Seat 6: B_loJkl ($76.66 in chips)
Biffen 1: posts small blind $1
B_loJkl: posts big blind $3
*** HOLE CARDS ***
Biffen 1: calls $2
B_loJkl: raises $3 to $6
Biffen 1: calls $3
*** FLOP *** [6s Kc 6h]
B_loJkl: bets $3
Biffen 1: folds
Uncalled bet ($3) returned to B_loJkl
B_loJkl collected $11.76 from pot
B_loJkl: doesn't show hand
*** SUMMARY ***
Total pot $12 | Rake $0.24
Board [6s Kc 6h]
Seat 5: Biffen 1 (button) (small blind) folded on the Flop
Seat 6: B_loJkl (big blind) collected ($11.76)


PokerStars Hand #174482001407:  Hold'em Limit ($3/$6 USD) - 2017/08/18 8:14:49 ET
Table 'Gonnessia' 6-max Seat #5 is the button
Seat 5: Biffen 1 ($262.07 in chips)
Seat 6: B_loJkl ($85.42 in chips)
Biffen 1: posts small blind $1
B_loJkl: posts big blind $3
*** HOLE CARDS ***
Biffen 1: raises $3 to $6
B_loJkl: folds
Uncalled bet ($3) returned to Biffen 1
Biffen 1 collected $6 from pot
Biffen 1: doesn't show hand
*** SUMMARY ***
Total pot $6 | Rake $0
Seat 5: Biffen 1 (button) (small blind) collected ($6)
Seat 6: B_loJkl (big blind) folded before Flop


PokerStars Hand #174481969662:  Hold'em Limit ($3/$6 USD) - 2017/08/18 8:13:38 ET
Table 'Gonnessia' 6-max Seat #6 is the button
Seat 5: Biffen 1 ($256.57 in chips)
Seat 6: B_loJkl ($91.66 in chips)
B_loJkl: posts small blind $1
Biffen 1: posts big blind $3
*** HOLE CARDS ***
B_loJkl: raises $3 to $6
Biffen 1: calls $3
*** FLOP *** [Qh Ah Th]
Biffen 1: checks
B_loJkl: bets $3
Biffen 1: calls $3
*** TURN *** [Qh Ah Th] [4h]
Biffen 1: checks
B_loJkl: checks
*** RIVER *** [Qh Ah Th 4h] [9c]
Biffen 1: bets $6
B_loJkl: calls $6
*** SHOW DOWN ***
Biffen 1: shows [9d Qd] (two pair, Queens and Nines)
B_loJkl: mucks hand
Biffen 1 collected $29.50 from pot
*** SUMMARY ***
Total pot $30 | Rake $0.50
Board [Qh Ah Th 4h 9c]
Seat 5: Biffen 1 (big blind) showed [9d Qd] and won ($29.50) with two pair, Queens and Nines
Seat 6: B_loJkl (button) (small blind) mucked


PokerStars Hand #174481996681:  Hold'em Limit ($3/$6 USD) - 2017/08/18 8:14:39 ET
Table 'Gonnessia' 6-max Seat #6 is the button
Seat 5: Biffen 1 ($265.07 in chips)
Seat 6: B_loJkl ($82.42 in chips)
B_loJkl: posts small blind $1
Biffen 1: posts big blind $3
*** HOLE CARDS ***
B_loJkl: raises $3 to $6
Biffen 1: folds
Uncalled bet ($3) returned to B_loJkl
B_loJkl collected $6 from pot
B_loJkl: doesn't show hand
*** SUMMARY ***
Total pot $6 | Rake $0
Seat 5: Biffen 1 (big blind) folded before Flop
Seat 6: B_loJkl (button) (small blind) collected ($6)


PokerStars Hand #174482005887:  Hold'em Limit ($3/$6 USD) - 2017/08/18 8:14:59 ET
Table 'Gonnessia' 6-max Seat #6 is the button
Seat 5: Biffen 1 ($265.07 in chips)
Seat 6: B_loJkl ($82.42 in chips)
B_loJkl: posts small blind $1
Biffen 1: posts big blind $3
*** HOLE CARDS ***
B_loJkl: raises $3 to $6
Biffen 1: calls $3
*** FLOP *** [5c 6d 5h]
Biffen 1: checks
B_loJkl: bets $3
Biffen 1: calls $3
*** TURN *** [5c 6d 5h] [Td]
Biffen 1: checks
B_loJkl: bets $6
Biffen 1: calls $6
*** RIVER *** [5c 6d 5h Td] [9d]
Biffen 1: checks
B_loJkl: bets $6
Biffen 1: calls $6
*** SHOW DOWN ***
B_loJkl: shows [3d 5d] (a flush, Ten high)
Biffen 1: mucks hand
B_loJkl collected $41.50 from pot
*** SUMMARY ***
Total pot $42 | Rake $0.50
Board [5c 6d 5h Td 9d]
Seat 5: Biffen 1 (big blind) mucked
Seat 6: B_loJkl (button) (small blind) showed [3d 5d] and won ($41.50) with a flush, Ten high


PokerStars Hand #174482052802:  Hold'em Limit ($3/$6 USD) - 2017/08/18 8:16:43 ET
Table 'Gonnessia' 6-max Seat #6 is the button
Seat 5: Biffen 1 ($211.07 in chips)
Seat 6: B_loJkl ($134.82 in chips)
B_loJkl: posts small blind $1
Biffen 1: posts big blind $3
*** HOLE CARDS ***
B_loJkl: raises $3 to $6
Biffen 1: calls $3
*** FLOP *** [9d 7d 7c]
Biffen 1: checks
B_loJkl: bets $3
Biffen 1: folds
Uncalled bet ($3) returned to B_loJkl
B_loJkl collected $11.76 from pot
B_loJkl: doesn't show hand
*** SUMMARY ***
Total pot $12 | Rake $0.24
Board [9d 7d 7c]
Seat 5: Biffen 1 (big blind) folded on the Flop
Seat 6: B_loJkl (button) (small blind) collected ($11.76)


PokerStars Hand #174482038336:  Hold'em Limit ($3/$6 USD) - 2017/08/18 8:16:11 ET
Table 'Gonnessia' 6-max Seat #6 is the button
Seat 5: Biffen 1 ($226.07 in chips)
Seat 6: B_loJkl ($120.42 in chips)
B_loJkl: posts small blind $1
Biffen 1: posts big blind $3
*** HOLE CARDS ***
B_loJkl: raises $3 to $6
Biffen 1: calls $3
*** FLOP *** [Js Qd 8c]
Biffen 1: checks
B_loJkl: bets $3
Biffen 1: folds
Uncalled bet ($3) returned to B_loJkl
B_loJkl collected $11.76 from pot
B_loJkl: doesn't show hand
*** SUMMARY ***
Total pot $12 | Rake $0.24
Board [Js Qd 8c]
Seat 5: Biffen 1 (big blind) folded on the Flop
Seat 6: B_loJkl (button) (small blind) collected ($11.76)


PokerStars Hand #174482045874:  Hold'em Limit ($3/$6 USD) - 2017/08/18 8:16:28 ET
Table 'Gonnessia' 6-max Seat #5 is the button
Seat 5: Biffen 1 ($220.07 in chips)
Seat 6: B_loJkl ($126.18 in chips)
Biffen 1: posts small blind $1
B_loJkl: posts big blind $3
*** HOLE CARDS ***
Biffen 1: raises $3 to $6
B_loJkl: raises $3 to $9
Biffen 1: calls $3
*** FLOP *** [2c Kd 5c]
B_loJkl: bets $3
Biffen 1: folds
Uncalled bet ($3) returned to B_loJkl
B_loJkl collected $17.64 from pot
B_loJkl: doesn't show hand
*** SUMMARY ***
Total pot $18 | Rake $0.36
Board [2c Kd 5c]
Seat 5: Biffen 1 (button) (small blind) folded on the Flop
Seat 6: B_loJkl (big blind) collected ($17.64)


PokerStars Hand #174482019050:  Hold'em Limit ($3/$6 USD) - 2017/08/18 8:15:28 ET
Table 'Gonnessia' 6-max Seat #5 is the button
Seat 5: Biffen 1 ($244.07 in chips)
Seat 6: B_loJkl ($102.92 in chips)
Biffen 1: posts small blind $1
B_loJkl: posts big blind $3
*** HOLE CARDS ***
Biffen 1: raises $3 to $6
B_loJkl: raises $3 to $9
Biffen 1: calls $3
*** FLOP *** [2s 8s 5h]
B_loJkl: bets $3
Biffen 1: calls $3
*** TURN *** [2s 8s 5h] [Qc]
B_loJkl: bets $6
Biffen 1: calls $6
*** RIVER *** [2s 8s 5h Qc] [Kh]
B_loJkl: bets $6
Biffen 1: folds
Uncalled bet ($6) returned to B_loJkl
B_loJkl collected $35.50 from pot
B_loJkl: doesn't show hand
*** SUMMARY ***
Total pot $36 | Rake $0.50
Board [2s 8s 5h Qc Kh]
Seat 5: Biffen 1 (button) (small blind) folded on the River
Seat 6: B_loJkl (big blind) collected ($35.50)


PokerStars Hand #174482062482:  Hold'em Limit ($3/$6 USD) - 2017/08/18 8:17:05 ET
Table 'Gonnessia' 6-max Seat #5 is the button
Seat 5: Biffen 1 ($205.07 in chips)
Seat 6: B_loJkl ($140.58 in chips)
Biffen 1: posts small blind $1
B_loJkl: posts big blind $3
*** HOLE CARDS ***
Biffen 1: raises $3 to $6
B_loJkl: calls $3
*** FLOP *** [Ah 5c Th]
B_loJkl: checks
Biffen 1: bets $3
B_loJkl: raises $3 to $6
Biffen 1: calls $3
*** TURN *** [Ah 5c Th] [Qd]
B_loJkl: bets $6
Biffen 1: calls $6
*** RIVER *** [Ah 5c Th Qd] [4d]
B_loJkl: bets $6
Biffen 1: calls $6
*** SHOW DOWN ***
B_loJkl: shows [7h 5h] (a pair of Fives)
Biffen 1: mucks hand
B_loJkl collected $47.50 from pot
*** SUMMARY ***
Total pot $48 | Rake $0.50
Board [Ah 5c Th Qd 4d]
Seat 5: Biffen 1 (button) (small blind) mucked
Seat 6: B_loJkl (big blind) showed [7h 5h] and won ($47.50) with a pair of Fives


PokerStars Hand #174482078661:  Hold'em Limit ($3/$6 USD) - 2017/08/18 8:17:41 ET
Table 'Gonnessia' 6-max Seat #6 is the button
Seat 5: Biffen 1 ($181.07 in chips)
Seat 6: B_loJkl ($164.08 in chips)
B_loJkl: posts small blind $1
Biffen 1: posts big blind $3
*** HOLE CARDS ***
B_loJkl: raises $3 to $6
Biffen 1: calls $3
*** FLOP *** [Qh Js 5h]
Biffen 1: checks
B_loJkl: bets $3
Biffen 1: calls $3
*** TURN *** [Qh Js 5h] [Ah]
Biffen 1: checks
B_loJkl: bets $6
Biffen 1: raises $6 to $12
B_loJkl: folds
Uncalled bet ($6) returned to Biffen 1
Biffen 1 collected $29.50 from pot
Biffen 1: doesn't show hand
*** SUMMARY ***
Total pot $30 | Rake $0.50
Board [Qh Js 5h Ah]
Seat 5: Biffen 1 (big blind) collected ($29.50)
Seat 6: B_loJkl (button) (small blind) folded on the Turn


PokerStars Hand #174482111826:  Hold'em Limit ($3/$6 USD) - 2017/08/18 8:18:55 ET
Table 'Gonnessia' 6-max Seat #6 is the button
Seat 5: Biffen 1 ($201.33 in chips)
Seat 6: B_loJkl ($143.08 in chips)
B_loJkl: posts small blind $1
Biffen 1: posts big blind $3
*** HOLE CARDS ***
B_loJkl: raises $3 to $6
Biffen 1: folds
Uncalled bet ($3) returned to B_loJkl
B_loJkl collected $6 from pot
B_loJkl: doesn't show hand
*** SUMMARY ***
Total pot $6 | Rake $0
Seat 5: Biffen 1 (big blind) folded before Flop
Seat 6: B_loJkl (button) (small blind) collected ($6)


PokerStars Hand #174482099096:  Hold'em Limit ($3/$6 USD) - 2017/08/18 8:18:27 ET
Table 'Gonnessia' 6-max Seat #5 is the button
Seat 5: Biffen 1 ($195.57 in chips)
Seat 6: B_loJkl ($149.08 in chips)
Biffen 1: posts small blind $1
B_loJkl: posts big blind $3
*** HOLE CARDS ***
Biffen 1: raises $3 to $6
B_loJkl: calls $3
*** FLOP *** [As Ks 8c]
B_loJkl: checks
Biffen 1: checks
*** TURN *** [As Ks 8c] [5h]
B_loJkl: checks
Biffen 1: bets $6
B_loJkl: folds
Uncalled bet ($6) returned to Biffen 1
Biffen 1 collected $11.76 from pot
Biffen 1: doesn't show hand
*** SUMMARY ***
Total pot $12 | Rake $0.24
Board [As Ks 8c 5h]
Seat 5: Biffen 1 (button) (small blind) collected ($11.76)
Seat 6: B_loJkl (big blind) folded on the Turn


