PokerStars Hand #171244420767:  Hold'em Limit ($3/$6 USD) - 2017/06/02 11:07:38 ET
Table 'Gordonia II' 6-max Seat #4 is the button
Seat 4: FHstyles ($63.26 in chips)
Seat 5: senkiházi ($175.14 in chips)
FHstyles: posts small blind $1
senkiházi: posts big blind $3
*** HOLE CARDS ***
FHstyles: raises $3 to $6
senkiházi: folds
Uncalled bet ($3) returned to FHstyles
FHstyles collected $6 from pot
*** SUMMARY ***
Total pot $6 | Rake $0
Seat 4: FHstyles (button) (small blind) collected ($6)
Seat 5: senkiházi (big blind) folded before Flop


PokerStars Hand #171244411751:  Hold'em Limit ($3/$6 USD) - 2017/06/02 11:07:22 ET
Table 'Gordonia II' 6-max Seat #5 is the button
Seat 4: FHstyles ($72.26 in chips)
Seat 5: senkiházi ($166.50 in chips)
senkiházi: posts small blind $1
FHstyles: posts big blind $3
*** HOLE CARDS ***
senkiházi: calls $2
FHstyles: checks
*** FLOP *** [4d Kh 9c]
FHstyles: checks
senkiházi: checks
*** TURN *** [4d Kh 9c] [2s]
FHstyles: checks
senkiházi: checks
*** RIVER *** [4d Kh 9c 2s] [Tc]
FHstyles: checks
senkiházi: bets $6
FHstyles: calls $6
*** SHOW DOWN ***
senkiházi: shows [6d Td] (a pair of Tens)
FHstyles: mucks hand
senkiházi collected $17.64 from pot
*** SUMMARY ***
Total pot $18 | Rake $0.36
Board [4d Kh 9c 2s Tc]
Seat 4: FHstyles (big blind) mucked
Seat 5: senkiházi (button) (small blind) showed [6d Td] and won ($17.64) with a pair of Tens


PokerStars Hand #171244408565:  Hold'em Limit ($3/$6 USD) - 2017/06/02 11:07:17 ET
Table 'Gordonia II' 6-max Seat #4 is the button
Seat 4: FHstyles ($69.26 in chips)
Seat 5: senkiházi ($169.50 in chips)
FHstyles: posts small blind $1
senkiházi: posts big blind $3
*** HOLE CARDS ***
FHstyles: raises $3 to $6
senkiházi: folds
Uncalled bet ($3) returned to FHstyles
FHstyles collected $6 from pot
FHstyles: doesn't show hand
*** SUMMARY ***
Total pot $6 | Rake $0
Seat 4: FHstyles (button) (small blind) collected ($6)
Seat 5: senkiházi (big blind) folded before Flop


PokerStars Hand #171244396895:  Hold'em Limit ($3/$6 USD) - 2017/06/02 11:06:57 ET
Table 'Gordonia II' 6-max Seat #5 is the button
Seat 4: FHstyles ($93.26 in chips)
Seat 5: senkiházi ($86 in chips)
senkiházi: posts small blind $1
FHstyles: posts big blind $3
*** HOLE CARDS ***
senkiházi: raises $3 to $6
FHstyles: raises $3 to $9
senkiházi: calls $3
*** FLOP *** [9s 2c Td]
FHstyles: bets $3
senkiházi: calls $3
*** TURN *** [9s 2c Td] [2h]
FHstyles: bets $6
senkiházi: calls $6
*** RIVER *** [9s 2c Td 2h] [6h]
FHstyles: checks
senkiházi: bets $6
FHstyles: calls $6
*** SHOW DOWN ***
senkiházi: shows [8d 6s] (two pair, Sixes and Deuces)
FHstyles: mucks hand
senkiházi collected $47.50 from pot
*** SUMMARY ***
Total pot $48 | Rake $0.50
Board [9s 2c Td 2h 6h]
Seat 4: FHstyles (big blind) mucked
Seat 5: senkiházi (button) (small blind) showed [8d 6s] and won ($47.50) with two pair, Sixes and Deuces


PokerStars Hand #171244386348:  Hold'em Limit ($3/$6 USD) - 2017/06/02 11:06:39 ET
Table 'Gordonia II' 6-max Seat #4 is the button
Seat 4: FHstyles ($66.76 in chips)
Seat 5: senkiházi ($113 in chips)
FHstyles: posts small blind $1
senkiházi: posts big blind $3
*** HOLE CARDS ***
FHstyles: raises $3 to $6
senkiházi: raises $3 to $9
FHstyles: calls $3
*** FLOP *** [5d Td 5c]
senkiházi: bets $3
FHstyles: raises $3 to $6
senkiházi: calls $3
*** TURN *** [5d Td 5c] [8s]
senkiházi: checks
FHstyles: bets $6
senkiházi: calls $6
*** RIVER *** [5d Td 5c 8s] [Kd]
senkiházi: checks
FHstyles: bets $6
senkiházi: calls $6
*** SHOW DOWN ***
FHstyles: shows [6h Tc] (two pair, Tens and Fives)
senkiházi: mucks hand
FHstyles collected $53.50 from pot
*** SUMMARY ***
Total pot $54 | Rake $0.50
Board [5d Td 5c 8s Kd]
Seat 4: FHstyles (button) (small blind) showed [6h Tc] and won ($53.50) with two pair, Tens and Fives
Seat 5: senkiházi (big blind) mucked


PokerStars Hand #171244431757:  Hold'em Limit ($3/$6 USD) - 2017/06/02 11:07:57 ET
Table 'Gordonia II' 6-max Seat #4 is the button
Seat 4: FHstyles ($60.26 in chips)
Seat 5: senkiházi ($177.90 in chips)
FHstyles: posts small blind $1
senkiházi: posts big blind $3
*** HOLE CARDS ***
FHstyles: raises $3 to $6
senkiházi: raises $3 to $9
FHstyles: raises $3 to $12
Betting is capped
senkiházi: calls $3
*** FLOP *** [9h 5s 3c]
senkiházi: checks
FHstyles: bets $3
senkiházi: calls $3
*** TURN *** [9h 5s 3c] [8c]
senkiházi: checks
FHstyles: bets $6
senkiházi: calls $6
*** RIVER *** [9h 5s 3c 8c] [7s]
Clark205 joins the table at seat #1
senkiházi: checks
FHstyles: bets $6
senkiházi: raises $6 to $12
FHstyles: calls $6
*** SHOW DOWN ***
senkiházi: shows [Jd Tc] (a straight, Seven to Jack)
FHstyles: mucks hand
senkiházi collected $65.50 from pot
*** SUMMARY ***
Total pot $66 | Rake $0.50
Board [9h 5s 3c 8c 7s]
Seat 4: FHstyles (button) (small blind) mucked
Seat 5: senkiházi (big blind) showed [Jd Tc] and won ($65.50) with a straight, Seven to Jack


PokerStars Hand #171244424788:  Hold'em Limit ($3/$6 USD) - 2017/06/02 11:07:45 ET
Table 'Gordonia II' 6-max Seat #5 is the button
Seat 4: FHstyles ($66.26 in chips)
Seat 5: senkiházi ($172.14 in chips)
senkiházi: posts small blind $1
FHstyles: posts big blind $3
*** HOLE CARDS ***
senkiházi: raises $3 to $6
FHstyles: calls $3
*** FLOP *** [Ks 9c 9s]
FHstyles: checks
senkiházi: checks
*** TURN *** [Ks 9c 9s] [3h]
FHstyles: checks
senkiházi: bets $6
FHstyles: folds
Uncalled bet ($6) returned to senkiházi
senkiházi collected $11.76 from pot
senkiházi: doesn't show hand
*** SUMMARY ***
Total pot $12 | Rake $0.24
Board [Ks 9c 9s 3h]
Seat 4: FHstyles (big blind) folded on the Turn
Seat 5: senkiházi (button) (small blind) collected ($11.76)


PokerStars Hand #171244489433:  Hold'em Limit ($3/$6 USD) - 2017/06/02 11:09:36 ET
Table 'Gordonia II' 6-max Seat #5 is the button
Seat 1: Clark205 ($50.83 in chips)
Seat 5: senkiházi ($238.40 in chips)
senkiházi: posts small blind $1
Clark205: posts big blind $3
*** HOLE CARDS ***
senkiházi: raises $3 to $6
Clark205: calls $3
*** FLOP *** [4c 7s Th]
Clark205: checks
senkiházi: checks
*** TURN *** [4c 7s Th] [6d]
Clark205: checks
senkiházi: checks
*** RIVER *** [4c 7s Th 6d] [Kd]
Clark205: bets $6
senkiházi: calls $6
*** SHOW DOWN ***
Clark205: shows [2c Qs] (high card King)
senkiházi: shows [Qh Ad] (high card Ace)
senkiházi collected $23.52 from pot
*** SUMMARY ***
Total pot $24 | Rake $0.48
Board [4c 7s Th 6d Kd]
Seat 1: Clark205 (big blind) showed [2c Qs] and lost with high card King
Seat 5: senkiházi (button) (small blind) showed [Qh Ad] and won ($23.52) with high card Ace


PokerStars Hand #171244479885:  Hold'em Limit ($3/$6 USD) - 2017/06/02 11:09:19 ET
Table 'Gordonia II' 6-max Seat #1 is the button
Seat 1: Clark205 ($65.83 in chips)
Seat 5: senkiházi ($223.90 in chips)
Clark205: posts small blind $1
senkiházi: posts big blind $3
*** HOLE CARDS ***
Clark205: raises $3 to $6
senkiházi: raises $3 to $9
Clark205: calls $3
*** FLOP *** [4d 9d 3c]
senkiházi: checks
Clark205: checks
*** TURN *** [4d 9d 3c] [Kh]
senkiházi: bets $6
Clark205: calls $6
*** RIVER *** [4d 9d 3c Kh] [9h]
senkiházi: bets $6
Clark205: folds
Uncalled bet ($6) returned to senkiházi
senkiházi collected $29.50 from pot
senkiházi: doesn't show hand
*** SUMMARY ***
Total pot $30 | Rake $0.50
Board [4d 9d 3c Kh 9h]
Seat 1: Clark205 (button) (small blind) folded on the River
Seat 5: senkiházi (big blind) collected ($29.50)


PokerStars Hand #171244469712:  Hold'em Limit ($3/$6 USD) - 2017/06/02 11:09:02 ET
Table 'Gordonia II' 6-max Seat #5 is the button
Seat 1: Clark205 ($60.07 in chips)
Seat 5: senkiházi ($229.90 in chips)
senkiházi: posts small blind $1
Clark205: posts big blind $3
*** HOLE CARDS ***
senkiházi: calls $2
Clark205: checks
*** FLOP *** [9d 4h Kd]
Clark205: checks
senkiházi: bets $3
Clark205: calls $3
*** TURN *** [9d 4h Kd] [Ad]
Clark205: checks
senkiházi: checks
*** RIVER *** [9d 4h Kd Ad] [4s]
Clark205: bets $6
senkiházi: folds
Uncalled bet ($6) returned to Clark205
Clark205 collected $11.76 from pot
Clark205: doesn't show hand
*** SUMMARY ***
Total pot $12 | Rake $0.24
Board [9d 4h Kd Ad 4s]
Seat 1: Clark205 (big blind) collected ($11.76)
Seat 5: senkiházi (button) (small blind) folded on the River


PokerStars Hand #171244457905:  Hold'em Limit ($3/$6 USD) - 2017/06/02 11:08:42 ET
Table 'Gordonia II' 6-max Seat #1 is the button
Seat 1: Clark205 ($81.07 in chips)
Seat 5: senkiházi ($209.40 in chips)
Clark205: posts small blind $1
senkiházi: posts big blind $3
*** HOLE CARDS ***
FHstyles leaves the table
Clark205: raises $3 to $6
senkiházi: raises $3 to $9
Clark205: calls $3
*** FLOP *** [8d Jd 2d]
senkiházi: checks
Clark205: checks
*** TURN *** [8d Jd 2d] [Ah]
senkiházi: bets $6
Clark205: calls $6
*** RIVER *** [8d Jd 2d Ah] [Th]
senkiházi: bets $6
Clark205: calls $6
*** SHOW DOWN ***
senkiházi: shows [Tc 9h] (a pair of Tens)
Clark205: mucks hand
senkiházi collected $41.50 from pot
*** SUMMARY ***
Total pot $42 | Rake $0.50
Board [8d Jd 2d Ah Th]
Seat 1: Clark205 (button) (small blind) mucked
Seat 5: senkiházi (big blind) showed [Tc 9h] and won ($41.50) with a pair of Tens


PokerStars Hand #171244530092:  Hold'em Limit ($3/$6 USD) - 2017/06/02 11:10:46 ET
Table 'Gordonia II' 6-max Seat #1 is the button
Seat 1: Clark205 ($28.83 in chips)
Seat 4: FHstyles ($60 in chips)
Clark205: posts small blind $1
FHstyles: posts big blind $3
*** HOLE CARDS ***
Clark205: folds
Uncalled bet ($2) returned to FHstyles
FHstyles collected $2 from pot
FHstyles: doesn't show hand
*** SUMMARY ***
Total pot $2 | Rake $0
Seat 1: Clark205 (button) (small blind) folded before Flop
Seat 4: FHstyles (big blind) collected ($2)


PokerStars Hand #171244509220:  Hold'em Limit ($3/$6 USD) - 2017/06/02 11:10:10 ET
Table 'Gordonia II' 6-max Seat #5 is the button
Seat 1: Clark205 ($37.83 in chips)
Seat 5: senkiházi ($250.92 in chips)
senkiházi: posts small blind $1
Clark205: posts big blind $3
*** HOLE CARDS ***
senkiházi: raises $3 to $6
Clark205: calls $3
*** FLOP *** [4c 9h 8h]
Clark205: checks
senkiházi: bets $3
Clark205: calls $3
*** TURN *** [4c 9h 8h] [As]
Clark205: checks
senkiházi: checks
*** RIVER *** [4c 9h 8h As] [Th]
Clark205: checks
senkiházi: bets $6
Clark205: folds
Uncalled bet ($6) returned to senkiházi
senkiházi collected $17.64 from pot
senkiházi: doesn't show hand
*** SUMMARY ***
Total pot $18 | Rake $0.36
Board [4c 9h 8h As Th]
Seat 1: Clark205 (big blind) folded on the River
Seat 5: senkiházi (button) (small blind) collected ($17.64)


PokerStars Hand #171244505868:  Hold'em Limit ($3/$6 USD) - 2017/06/02 11:10:04 ET
Table 'Gordonia II' 6-max Seat #1 is the button
Seat 1: Clark205 ($34.83 in chips)
Seat 5: senkiházi ($253.92 in chips)
Clark205: posts small blind $1
senkiházi: posts big blind $3
*** HOLE CARDS ***
Clark205: raises $3 to $6
senkiházi: folds
Uncalled bet ($3) returned to Clark205
Clark205 collected $6 from pot
Clark205: doesn't show hand
*** SUMMARY ***
Total pot $6 | Rake $0
Seat 1: Clark205 (button) (small blind) collected ($6)
Seat 5: senkiházi (big blind) folded before Flop


PokerStars Hand #171244502450:  Hold'em Limit ($3/$6 USD) - 2017/06/02 11:09:58 ET
Table 'Gordonia II' 6-max Seat #5 is the button
Seat 1: Clark205 ($37.83 in chips)
Seat 5: senkiházi ($250.92 in chips)
senkiházi: posts small blind $1
Clark205: posts big blind $3
*** HOLE CARDS ***
senkiházi: raises $3 to $6
Clark205: folds
Uncalled bet ($3) returned to senkiházi
senkiházi collected $6 from pot
senkiházi: doesn't show hand
*** SUMMARY ***
Total pot $6 | Rake $0
Seat 1: Clark205 (big blind) folded before Flop
Seat 5: senkiházi (button) (small blind) collected ($6)


PokerStars Hand #171244499721:  Hold'em Limit ($3/$6 USD) - 2017/06/02 11:09:53 ET
Table 'Gordonia II' 6-max Seat #1 is the button
Seat 1: Clark205 ($38.83 in chips)
Seat 5: senkiházi ($249.92 in chips)
Clark205: posts small blind $1
senkiházi: posts big blind $3
*** HOLE CARDS ***
Clark205: folds
Uncalled bet ($2) returned to senkiházi
senkiházi collected $2 from pot
senkiházi: doesn't show hand
*** SUMMARY ***
Total pot $2 | Rake $0
Seat 1: Clark205 (button) (small blind) folded before Flop
Seat 5: senkiházi (big blind) collected ($2)


PokerStars Hand #171244556371:  Hold'em Limit ($3/$6 USD) - 2017/06/02 11:11:31 ET
Table 'Gordonia II' 6-max Seat #4 is the button
Seat 1: Clark205 ($36.09 in chips)
Seat 4: FHstyles ($51.64 in chips)
FHstyles: posts small blind $1
Clark205: posts big blind $3
*** HOLE CARDS ***
FHstyles: raises $3 to $6
Clark205: raises $3 to $9
FHstyles: calls $3
*** FLOP *** [8d Jc 6s]
Clark205: bets $3
FHstyles: calls $3
*** TURN *** [8d Jc 6s] [5c]
Clark205: bets $6
FHstyles: calls $6
*** RIVER *** [8d Jc 6s 5c] [5h]
Clark205: bets $6
FHstyles: folds
Uncalled bet ($6) returned to Clark205
FHstyles leaves the table
Clark205 collected $35.50 from pot
*** SUMMARY ***
Total pot $36 | Rake $0.50
Board [8d Jc 6s 5c 5h]
Seat 1: Clark205 (big blind) collected ($35.50)
Seat 4: FHstyles (button) (small blind) folded on the River


PokerStars Hand #171244549665:  Hold'em Limit ($3/$6 USD) - 2017/06/02 11:11:19 ET
Table 'Gordonia II' 6-max Seat #1 is the button
Seat 1: Clark205 ($30.33 in chips)
Seat 4: FHstyles ($57.64 in chips)
Clark205: posts small blind $1
FHstyles: posts big blind $3
*** HOLE CARDS ***
Clark205: raises $3 to $6
FHstyles: calls $3
*** FLOP *** [2c Js Ks]
FHstyles: checks
Clark205: checks
*** TURN *** [2c Js Ks] [4h]
FHstyles: checks
Clark205: bets $6
FHstyles: folds
Uncalled bet ($6) returned to Clark205
Clark205 collected $11.76 from pot
Clark205: doesn't show hand
*** SUMMARY ***
Total pot $12 | Rake $0.24
Board [2c Js Ks 4h]
Seat 1: Clark205 (button) (small blind) collected ($11.76)
Seat 4: FHstyles (big blind) folded on the Turn


PokerStars Hand #171244541675:  Hold'em Limit ($3/$6 USD) - 2017/06/02 11:11:06 ET
Table 'Gordonia II' 6-max Seat #4 is the button
Seat 1: Clark205 ($15.83 in chips)
Seat 4: FHstyles ($72.64 in chips)
FHstyles: posts small blind $1
Clark205: posts big blind $3
*** HOLE CARDS ***
FHstyles: raises $3 to $6
Clark205: calls $3
*** FLOP *** [3c 5d 5s]
Clark205: checks
FHstyles: bets $3
Clark205: calls $3
*** TURN *** [3c 5d 5s] [6s]
Clark205: bets $6
FHstyles: calls $6
*** RIVER *** [3c 5d 5s 6s] [4s]
Clark205: bets $0.83 and is all-in
FHstyles: folds
Uncalled bet ($0.83) returned to Clark205
Clark205 collected $29.50 from pot
Clark205: doesn't show hand
*** SUMMARY ***
Total pot $30 | Rake $0.50
Board [3c 5d 5s 6s 4s]
Seat 1: Clark205 (big blind) collected ($29.50)
Seat 4: FHstyles (button) (small blind) folded on the River


PokerStars Hand #171244536291:  Hold'em Limit ($3/$6 USD) - 2017/06/02 11:10:57 ET
Table 'Gordonia II' 6-max Seat #1 is the button
Seat 1: Clark205 ($24.83 in chips)
Seat 4: FHstyles ($64 in chips)
Clark205: posts small blind $1
FHstyles: posts big blind $3
*** HOLE CARDS ***
Clark205: raises $3 to $6
FHstyles: raises $3 to $9
Clark205: calls $3
*** FLOP *** [Tc 9d Jd]
FHstyles: bets $3
Clark205: folds
Uncalled bet ($3) returned to FHstyles
FHstyles collected $17.64 from pot
FHstyles: doesn't show hand
*** SUMMARY ***
Total pot $18 | Rake $0.36
Board [Tc 9d Jd]
Seat 1: Clark205 (button) (small blind) folded on the Flop
Seat 4: FHstyles (big blind) collected ($17.64)


PokerStars Hand #171244533221:  Hold'em Limit ($3/$6 USD) - 2017/06/02 11:10:51 ET
Table 'Gordonia II' 6-max Seat #4 is the button
Seat 1: Clark205 ($27.83 in chips)
Seat 4: FHstyles ($61 in chips)
FHstyles: posts small blind $1
Clark205: posts big blind $3
*** HOLE CARDS ***
FHstyles: raises $3 to $6
Clark205: folds
Uncalled bet ($3) returned to FHstyles
FHstyles collected $6 from pot
FHstyles: doesn't show hand
*** SUMMARY ***
Total pot $6 | Rake $0
Seat 1: Clark205 (big blind) folded before Flop
Seat 4: FHstyles (button) (small blind) collected ($6)


