PokerStars Hand #146378696475:  Hold'em Limit ($3/$6 USD) - 2016/01/03 5:54:08 ET
Table 'Gorgo III' 6-max Seat #3 is the button
Seat 1: VolkovDmitri ($120 in chips)
Seat 3: micdoopie ($118.82 in chips)
micdoopie: posts small blind $1
VolkovDmitri: posts big blind $3
*** HOLE CARDS ***
micdoopie: folds
Uncalled bet ($2) returned to VolkovDmitri
VolkovDmitri collected $2 from pot
VolkovDmitri: doesn't show hand
*** SUMMARY ***
Total pot $2 | Rake $0
Seat 1: VolkovDmitri (big blind) collected ($2)
Seat 3: micdoopie (button) (small blind) folded before Flop


PokerStars Hand #146378686238:  Hold'em Limit ($3/$6 USD) - 2016/01/03 5:53:51 ET
Table 'Gorgo III' 6-max Seat #1 is the button
Seat 1: VolkovDmitri ($124 in chips)
Seat 3: micdoopie ($110.18 in chips)
VolkovDmitri: posts small blind $1
micdoopie: posts big blind $3
*** HOLE CARDS ***
VolkovDmitri: raises $3 to $6
micdoopie: raises $3 to $9
VolkovDmitri: calls $3
*** FLOP *** [Ah 5d Qd]
micdoopie: bets $3
VolkovDmitri: folds
Uncalled bet ($3) returned to micdoopie
micdoopie collected $17.64 from pot
*** SUMMARY ***
Total pot $18 | Rake $0.36
Board [Ah 5d Qd]
Seat 1: VolkovDmitri (button) (small blind) folded on the Flop
Seat 3: micdoopie (big blind) collected ($17.64)


PokerStars Hand #146378729283:  Hold'em Limit ($3/$6 USD) - 2016/01/03 5:55:03 ET
Table 'Gorgo III' 6-max Seat #3 is the button
Seat 1: VolkovDmitri ($129.64 in chips)
Seat 3: micdoopie ($108.82 in chips)
micdoopie: posts small blind $1
VolkovDmitri: posts big blind $3
*** HOLE CARDS ***
micdoopie: raises $3 to $6
VolkovDmitri: calls $3
*** FLOP *** [Kc 8s As]
VolkovDmitri: checks
micdoopie: bets $3
VolkovDmitri: folds
Uncalled bet ($3) returned to micdoopie
micdoopie collected $11.76 from pot
*** SUMMARY ***
Total pot $12 | Rake $0.24
Board [Kc 8s As]
Seat 1: VolkovDmitri (big blind) folded on the Flop
Seat 3: micdoopie (button) (small blind) collected ($11.76)


PokerStars Hand #146378708879:  Hold'em Limit ($3/$6 USD) - 2016/01/03 5:54:29 ET
Table 'Gorgo III' 6-max Seat #1 is the button
Seat 1: VolkovDmitri ($121 in chips)
Seat 3: micdoopie ($117.82 in chips)
VolkovDmitri: posts small blind $1
micdoopie: posts big blind $3
*** HOLE CARDS ***
VolkovDmitri: raises $3 to $6
micdoopie: calls $3
*** FLOP *** [6s Qs 8d]
micdoopie: checks
VolkovDmitri: bets $3
micdoopie: calls $3
*** TURN *** [6s Qs 8d] [Ks]
micdoopie: checks
VolkovDmitri: bets $6
micdoopie: folds
Uncalled bet ($6) returned to VolkovDmitri
VolkovDmitri collected $17.64 from pot
VolkovDmitri: doesn't show hand
*** SUMMARY ***
Total pot $18 | Rake $0.36
Board [6s Qs 8d Ks]
Seat 1: VolkovDmitri (button) (small blind) collected ($17.64)
Seat 3: micdoopie (big blind) folded on the Turn


PokerStars Hand #146378705483:  Hold'em Limit ($3/$6 USD) - 2016/01/03 5:54:23 ET
Table 'Gorgo III' 6-max Seat #3 is the button
Seat 1: VolkovDmitri ($120 in chips)
Seat 3: micdoopie ($118.82 in chips)
micdoopie: posts small blind $1
VolkovDmitri: posts big blind $3
*** HOLE CARDS ***
micdoopie: folds
Uncalled bet ($2) returned to VolkovDmitri
VolkovDmitri collected $2 from pot
VolkovDmitri: doesn't show hand
*** SUMMARY ***
Total pot $2 | Rake $0
Seat 1: VolkovDmitri (big blind) collected ($2)
Seat 3: micdoopie (button) (small blind) folded before Flop


PokerStars Hand #146378700989:  Hold'em Limit ($3/$6 USD) - 2016/01/03 5:54:16 ET
Table 'Gorgo III' 6-max Seat #1 is the button
Seat 1: VolkovDmitri ($121 in chips)
Seat 3: micdoopie ($117.82 in chips)
VolkovDmitri: posts small blind $1
micdoopie: posts big blind $3
*** HOLE CARDS ***
VolkovDmitri: folds
Uncalled bet ($2) returned to micdoopie
micdoopie collected $2 from pot
*** SUMMARY ***
Total pot $2 | Rake $0
Seat 1: VolkovDmitri (button) (small blind) folded before Flop
Seat 3: micdoopie (big blind) collected ($2)


PokerStars Hand #146378759796:  Hold'em Limit ($3/$6 USD) - 2016/01/03 5:56:02 ET
Table 'Gorgo III' 6-max Seat #3 is the button
Seat 1: VolkovDmitri ($147.14 in chips)
Seat 3: micdoopie ($90.58 in chips)
micdoopie: posts small blind $1
VolkovDmitri: posts big blind $3
*** HOLE CARDS ***
micdoopie: folds
Uncalled bet ($2) returned to VolkovDmitri
VolkovDmitri collected $2 from pot
VolkovDmitri: doesn't show hand
*** SUMMARY ***
Total pot $2 | Rake $0
Seat 1: VolkovDmitri (big blind) collected ($2)
Seat 3: micdoopie (button) (small blind) folded before Flop


PokerStars Hand #146378737276:  Hold'em Limit ($3/$6 USD) - 2016/01/03 5:55:18 ET
Table 'Gorgo III' 6-max Seat #1 is the button
Seat 1: VolkovDmitri ($123.64 in chips)
Seat 3: micdoopie ($114.58 in chips)
VolkovDmitri: posts small blind $1
micdoopie: posts big blind $3
*** HOLE CARDS ***
VolkovDmitri: raises $3 to $6
micdoopie: raises $3 to $9
VolkovDmitri: calls $3
*** FLOP *** [7c 7s 3s]
micdoopie: bets $3
VolkovDmitri: calls $3
*** TURN *** [7c 7s 3s] [5h]
micdoopie: checks
VolkovDmitri: bets $6
micdoopie: calls $6
*** RIVER *** [7c 7s 3s 5h] [2d]
micdoopie: checks
VolkovDmitri: bets $6
micdoopie: calls $6
*** SHOW DOWN ***
VolkovDmitri: shows [7h 3d] (a full house, Sevens full of Threes)
micdoopie: mucks hand
VolkovDmitri collected $47.50 from pot
*** SUMMARY ***
Total pot $48 | Rake $0.50
Board [7c 7s 3s 5h 2d]
Seat 1: VolkovDmitri (button) (small blind) showed [7h 3d] and won ($47.50) with a full house, Sevens full of Threes
Seat 3: micdoopie (big blind) mucked


PokerStars Hand #146378774092:  Hold'em Limit ($3/$6 USD) - 2016/01/03 5:56:30 ET
Table 'Gorgo III' 6-max Seat #1 is the button
Seat 1: VolkovDmitri ($140.14 in chips)
Seat 3: micdoopie ($97.22 in chips)
VolkovDmitri: posts small blind $1
micdoopie: posts big blind $3
*** HOLE CARDS ***
VolkovDmitri: raises $3 to $6
micdoopie: calls $3
*** FLOP *** [Kh Qh 2c]
micdoopie: bets $3
VolkovDmitri: raises $3 to $6
micdoopie: folds
Uncalled bet ($3) returned to VolkovDmitri
VolkovDmitri collected $17.64 from pot
VolkovDmitri: doesn't show hand
*** SUMMARY ***
Total pot $18 | Rake $0.36
Board [Kh Qh 2c]
Seat 1: VolkovDmitri (button) (small blind) collected ($17.64)
Seat 3: micdoopie (big blind) folded on the Flop


PokerStars Hand #146378771234:  Hold'em Limit ($3/$6 USD) - 2016/01/03 5:56:24 ET
Table 'Gorgo III' 6-max Seat #3 is the button
Seat 1: VolkovDmitri ($139.14 in chips)
Seat 3: micdoopie ($98.22 in chips)
micdoopie: posts small blind $1
VolkovDmitri: posts big blind $3
*** HOLE CARDS ***
micdoopie: folds
Uncalled bet ($2) returned to VolkovDmitri
VolkovDmitri collected $2 from pot
VolkovDmitri: doesn't show hand
*** SUMMARY ***
Total pot $2 | Rake $0
Seat 1: VolkovDmitri (big blind) collected ($2)
Seat 3: micdoopie (button) (small blind) folded before Flop


PokerStars Hand #146378762734:  Hold'em Limit ($3/$6 USD) - 2016/01/03 5:56:07 ET
Table 'Gorgo III' 6-max Seat #1 is the button
Seat 1: VolkovDmitri ($148.14 in chips)
Seat 3: micdoopie ($89.58 in chips)
VolkovDmitri: posts small blind $1
micdoopie: posts big blind $3
*** HOLE CARDS ***
VolkovDmitri: raises $3 to $6
micdoopie: raises $3 to $9
VolkovDmitri: calls $3
*** FLOP *** [4d Qc Th]
micdoopie: bets $3
VolkovDmitri: folds
Uncalled bet ($3) returned to micdoopie
micdoopie collected $17.64 from pot
*** SUMMARY ***
Total pot $18 | Rake $0.36
Board [4d Qc Th]
Seat 1: VolkovDmitri (button) (small blind) folded on the Flop
Seat 3: micdoopie (big blind) collected ($17.64)


PokerStars Hand #146378808377:  Hold'em Limit ($3/$6 USD) - 2016/01/03 5:57:35 ET
Table 'Gorgo III' 6-max Seat #1 is the button
Seat 1: VolkovDmitri ($157.42 in chips)
Seat 3: micdoopie ($79.22 in chips)
VolkovDmitri: posts small blind $1
micdoopie: posts big blind $3
*** HOLE CARDS ***
VolkovDmitri: raises $3 to $6
micdoopie: raises $3 to $9
VolkovDmitri: calls $3
*** FLOP *** [Ks Qs Ah]
micdoopie: bets $3
VolkovDmitri: folds
Uncalled bet ($3) returned to micdoopie
micdoopie collected $17.64 from pot
*** SUMMARY ***
Total pot $18 | Rake $0.36
Board [Ks Qs Ah]
Seat 1: VolkovDmitri (button) (small blind) folded on the Flop
Seat 3: micdoopie (big blind) collected ($17.64)


PokerStars Hand #146378791438:  Hold'em Limit ($3/$6 USD) - 2016/01/03 5:57:03 ET
Table 'Gorgo III' 6-max Seat #3 is the button
Seat 1: VolkovDmitri ($148.78 in chips)
Seat 3: micdoopie ($88.22 in chips)
micdoopie: posts small blind $1
VolkovDmitri: posts big blind $3
*** HOLE CARDS ***
micdoopie: raises $3 to $6
VolkovDmitri: calls $3
*** FLOP *** [Jh 9d 6d]
VolkovDmitri: checks
micdoopie: bets $3
VolkovDmitri: calls $3
*** TURN *** [Jh 9d 6d] [5h]
VolkovDmitri: checks
micdoopie: checks
*** RIVER *** [Jh 9d 6d 5h] [5d]
VolkovDmitri: bets $6
micdoopie: folds
Uncalled bet ($6) returned to VolkovDmitri
VolkovDmitri collected $17.64 from pot
VolkovDmitri: doesn't show hand
*** SUMMARY ***
Total pot $18 | Rake $0.36
Board [Jh 9d 6d 5h 5d]
Seat 1: VolkovDmitri (big blind) collected ($17.64)
Seat 3: micdoopie (button) (small blind) folded on the River


PokerStars Hand #146378840098:  Hold'em Limit ($3/$6 USD) - 2016/01/03 5:58:36 ET
Table 'Gorgo III' 6-max Seat #1 is the button
Seat 1: VolkovDmitri ($165.92 in chips)
Seat 3: micdoopie ($69.86 in chips)
VolkovDmitri: posts small blind $1
micdoopie: posts big blind $3
*** HOLE CARDS ***
VolkovDmitri: raises $3 to $6
micdoopie: calls $3
*** FLOP *** [8s 4s Tc]
micdoopie: checks
VolkovDmitri: bets $3
micdoopie: raises $3 to $6
VolkovDmitri: calls $3
*** TURN *** [8s 4s Tc] [6s]
pecs680 joins the table at seat #4
micdoopie: bets $6
VolkovDmitri: calls $6
*** RIVER *** [8s 4s Tc 6s] [2s]
micdoopie: checks
VolkovDmitri: checks
*** SHOW DOWN ***
micdoopie: shows [7s Td] (a flush, Eight high)
VolkovDmitri: mucks hand
micdoopie collected $35.50 from pot
*** SUMMARY ***
Total pot $36 | Rake $0.50
Board [8s 4s Tc 6s 2s]
Seat 1: VolkovDmitri (button) (small blind) mucked
Seat 3: micdoopie (big blind) showed [7s Td] and won ($35.50) with a flush, Eight high


PokerStars Hand #146378821788:  Hold'em Limit ($3/$6 USD) - 2016/01/03 5:58:01 ET
Table 'Gorgo III' 6-max Seat #3 is the button
Seat 1: VolkovDmitri ($148.42 in chips)
Seat 3: micdoopie ($87.86 in chips)
micdoopie: posts small blind $1
VolkovDmitri: posts big blind $3
*** HOLE CARDS ***
micdoopie: raises $3 to $6
VolkovDmitri: calls $3
*** FLOP *** [9d Jc 4c]
VolkovDmitri: checks
micdoopie: checks
*** TURN *** [9d Jc 4c] [2c]
VolkovDmitri: bets $6
micdoopie: calls $6
*** RIVER *** [9d Jc 4c 2c] [7d]
VolkovDmitri: bets $6
micdoopie: calls $6
*** SHOW DOWN ***
VolkovDmitri: shows [2d Ah] (a pair of Deuces)
micdoopie: mucks hand
VolkovDmitri collected $35.50 from pot
*** SUMMARY ***
Total pot $36 | Rake $0.50
Board [9d Jc 4c 2c 7d]
Seat 1: VolkovDmitri (big blind) showed [2d Ah] and won ($35.50) with a pair of Deuces
Seat 3: micdoopie (button) (small blind) mucked


