PokerStars Hand #145297675924:  Hold'em Limit ($3/$6 USD) - 2015/12/13 16:02:05 ET
Table 'Gorgo III' 2-max Seat #2 is the button
Seat 1: elifnur2008 ($47 in chips)
Seat 2: diemaske6 ($112.93 in chips)
diemaske6: posts small blind $1
elifnur2008: posts big blind $3
*** HOLE CARDS ***
diemaske6: raises $3 to $6
elifnur2008: calls $3
*** FLOP *** [3d 3c 5h]
elifnur2008: checks
diemaske6: bets $3
elifnur2008: calls $3
*** TURN *** [3d 3c 5h] [Td]
elifnur2008: checks
diemaske6: bets $6
elifnur2008: raises $6 to $12
diemaske6: folds
Uncalled bet ($6) returned to elifnur2008
elifnur2008 collected $29.50 from pot
elifnur2008: doesn't show hand
*** SUMMARY ***
Total pot $30 | Rake $0.50
Board [3d 3c 5h Td]
Seat 1: elifnur2008 (big blind) collected ($29.50)
Seat 2: diemaske6 (button) (small blind) folded on the Turn


PokerStars Hand #145297652022:  Hold'em Limit ($3/$6 USD) - 2015/12/13 16:01:41 ET
Table 'Gorgo III' 2-max Seat #1 is the button
Seat 1: elifnur2008 ($77 in chips)
Seat 2: diemaske6 ($83.43 in chips)
elifnur2008: posts small blind $1
diemaske6: posts big blind $3
*** HOLE CARDS ***
elifnur2008: raises $3 to $6
diemaske6: calls $3
*** FLOP *** [Ad Td 9h]
diemaske6: bets $3
elifnur2008: raises $3 to $6
diemaske6: raises $3 to $9
elifnur2008: raises $3 to $12
Betting is capped
diemaske6: calls $3
*** TURN *** [Ad Td 9h] [8d]
diemaske6: bets $6
elifnur2008: calls $6
*** RIVER *** [Ad Td 9h 8d] [Qh]
diemaske6: bets $6
elifnur2008: calls $6
*** SHOW DOWN ***
diemaske6: shows [4d 5d] (a flush, Ace high)
elifnur2008: mucks hand
diemaske6 collected $59.50 from pot
*** SUMMARY ***
Total pot $60 | Rake $0.50
Board [Ad Td 9h 8d Qh]
Seat 1: elifnur2008 (button) (small blind) mucked
Seat 2: diemaske6 (big blind) showed [4d 5d] and won ($59.50) with a flush, Ace high


PokerStars Hand #145297634378:  Hold'em Limit ($3/$6 USD) - 2015/12/13 16:01:22 ET
Table 'Gorgo III' 2-max Seat #2 is the button
Seat 1: elifnur2008 ($104 in chips)
Seat 2: diemaske6 ($56.93 in chips)
diemaske6: posts small blind $1
elifnur2008: posts big blind $3
*** HOLE CARDS ***
diemaske6: raises $3 to $6
elifnur2008: raises $3 to $9
diemaske6: raises $3 to $12
Betting is capped
elifnur2008: calls $3
*** FLOP *** [As 7h Td]
elifnur2008: checks
diemaske6: bets $3
elifnur2008: calls $3
*** TURN *** [As 7h Td] [Jc]
elifnur2008: checks
diemaske6: bets $6
elifnur2008: calls $6
*** RIVER *** [As 7h Td Jc] [8s]
elifnur2008: checks
diemaske6: bets $6
elifnur2008: calls $6
*** SHOW DOWN ***
diemaske6: shows [Ah 2s] (a pair of Aces)
elifnur2008: mucks hand
diemaske6 collected $53.50 from pot
*** SUMMARY ***
Total pot $54 | Rake $0.50
Board [As 7h Td Jc 8s]
Seat 1: elifnur2008 (big blind) mucked
Seat 2: diemaske6 (button) (small blind) showed [Ah 2s] and won ($53.50) with a pair of Aces


PokerStars Hand #145297729728:  Hold'em Limit ($3/$6 USD) - 2015/12/13 16:03:00 ET
Table 'Gorgo III' 2-max Seat #2 is the button
Seat 1: elifnur2008 ($75 in chips)
Seat 2: diemaske6 ($83.69 in chips)
diemaske6: posts small blind $1
elifnur2008: posts big blind $3
*** HOLE CARDS ***
diemaske6: raises $3 to $6
elifnur2008: calls $3
*** FLOP *** [Th Ts Jc]
elifnur2008: checks
diemaske6: bets $3
elifnur2008: calls $3
*** TURN *** [Th Ts Jc] [3d]
elifnur2008: bets $6
diemaske6: folds
Uncalled bet ($6) returned to elifnur2008
elifnur2008 collected $17.64 from pot
elifnur2008: doesn't show hand
*** SUMMARY ***
Total pot $18 | Rake $0.36
Board [Th Ts Jc 3d]
Seat 1: elifnur2008 (big blind) collected ($17.64)
Seat 2: diemaske6 (button) (small blind) folded on the Turn


PokerStars Hand #145297706705:  Hold'em Limit ($3/$6 USD) - 2015/12/13 16:02:37 ET
Table 'Gorgo III' 2-max Seat #1 is the button
Seat 1: elifnur2008 ($54.50 in chips)
Seat 2: diemaske6 ($104.69 in chips)
elifnur2008: posts small blind $1
diemaske6: posts big blind $3
*** HOLE CARDS ***
elifnur2008: raises $3 to $6
diemaske6: raises $3 to $9
elifnur2008: raises $3 to $12
Betting is capped
diemaske6: calls $3
*** FLOP *** [Td Ts 6c]
diemaske6: bets $3
elifnur2008: calls $3
*** TURN *** [Td Ts 6c] [Ad]
diemaske6: bets $6
elifnur2008: raises $6 to $12
diemaske6: folds
Uncalled bet ($6) returned to elifnur2008
elifnur2008 collected $41.50 from pot
elifnur2008: doesn't show hand
*** SUMMARY ***
Total pot $42 | Rake $0.50
Board [Td Ts 6c Ad]
Seat 1: elifnur2008 (button) (small blind) collected ($41.50)
Seat 2: diemaske6 (big blind) folded on the Turn


PokerStars Hand #145297695088:  Hold'em Limit ($3/$6 USD) - 2015/12/13 16:02:26 ET
Table 'Gorgo III' 2-max Seat #2 is the button
Seat 1: elifnur2008 ($60.50 in chips)
Seat 2: diemaske6 ($98.93 in chips)
diemaske6: posts small blind $1
elifnur2008: posts big blind $3
*** HOLE CARDS ***
diemaske6: raises $3 to $6
elifnur2008: calls $3
*** FLOP *** [Ts 4h Jh]
elifnur2008: checks
diemaske6: bets $3
elifnur2008: folds
Uncalled bet ($3) returned to diemaske6
diemaske6 collected $11.76 from pot
diemaske6: doesn't show hand
*** SUMMARY ***
Total pot $12 | Rake $0.24
Board [Ts 4h Jh]
Seat 1: elifnur2008 (big blind) folded on the Flop
Seat 2: diemaske6 (button) (small blind) collected ($11.76)


PokerStars Hand #145297690867:  Hold'em Limit ($3/$6 USD) - 2015/12/13 16:02:21 ET
Table 'Gorgo III' 2-max Seat #1 is the button
Seat 1: elifnur2008 ($61.50 in chips)
Seat 2: diemaske6 ($97.93 in chips)
elifnur2008: posts small blind $1
diemaske6: posts big blind $3
*** HOLE CARDS ***
elifnur2008: folds
Uncalled bet ($2) returned to diemaske6
diemaske6 collected $2 from pot
diemaske6: doesn't show hand
*** SUMMARY ***
Total pot $2 | Rake $0
Seat 1: elifnur2008 (button) (small blind) folded before Flop
Seat 2: diemaske6 (big blind) collected ($2)


PokerStars Hand #145297785394:  Hold'em Limit ($3/$6 USD) - 2015/12/13 16:03:53 ET
Table 'Gorgo III' 2-max Seat #1 is the button
Seat 1: elifnur2008 ($80.14 in chips)
Seat 2: diemaske6 ($77.19 in chips)
elifnur2008: posts small blind $1
diemaske6: posts big blind $3
*** HOLE CARDS ***
elifnur2008: folds
Uncalled bet ($2) returned to diemaske6
diemaske6 collected $2 from pot
diemaske6: doesn't show hand
*** SUMMARY ***
Total pot $2 | Rake $0
Seat 1: elifnur2008 (button) (small blind) folded before Flop
Seat 2: diemaske6 (big blind) collected ($2)


PokerStars Hand #145297764556:  Hold'em Limit ($3/$6 USD) - 2015/12/13 16:03:33 ET
Table 'Gorgo III' 2-max Seat #2 is the button
Seat 1: elifnur2008 ($65.64 in chips)
Seat 2: diemaske6 ($92.19 in chips)
diemaske6: posts small blind $1
elifnur2008: posts big blind $3
*** HOLE CARDS ***
diemaske6: raises $3 to $6
elifnur2008: calls $3
*** FLOP *** [4h Th Jh]
elifnur2008: checks
diemaske6: bets $3
elifnur2008: calls $3
*** TURN *** [4h Th Jh] [8c]
elifnur2008: bets $6
diemaske6: calls $6
*** RIVER *** [4h Th Jh 8c] [Jc]
elifnur2008: bets $6
diemaske6: folds
Uncalled bet ($6) returned to elifnur2008
elifnur2008 collected $29.50 from pot
elifnur2008: doesn't show hand
*** SUMMARY ***
Total pot $30 | Rake $0.50
Board [4h Th Jh 8c Jc]
Seat 1: elifnur2008 (big blind) collected ($29.50)
Seat 2: diemaske6 (button) (small blind) folded on the River


PokerStars Hand #145297747263:  Hold'em Limit ($3/$6 USD) - 2015/12/13 16:03:17 ET
Table 'Gorgo III' 2-max Seat #1 is the button
Seat 1: elifnur2008 ($83.64 in chips)
Seat 2: diemaske6 ($74.69 in chips)
elifnur2008: posts small blind $1
diemaske6: posts big blind $3
*** HOLE CARDS ***
elifnur2008: raises $3 to $6
diemaske6: raises $3 to $9
elifnur2008: calls $3
*** FLOP *** [7c 4c 3h]
diemaske6: bets $3
elifnur2008: calls $3
*** TURN *** [7c 4c 3h] [Ts]
diemaske6: bets $6
elifnur2008: calls $6
*** RIVER *** [7c 4c 3h Ts] [4d]
diemaske6: bets $6
elifnur2008: folds
Uncalled bet ($6) returned to diemaske6
diemaske6 collected $35.50 from pot
diemaske6: doesn't show hand
*** SUMMARY ***
Total pot $36 | Rake $0.50
Board [7c 4c 3h Ts 4d]
Seat 1: elifnur2008 (button) (small blind) folded on the River
Seat 2: diemaske6 (big blind) collected ($35.50)


PokerStars Hand #145297846562:  Hold'em Limit ($3/$6 USD) - 2015/12/13 16:04:52 ET
Table 'Gorgo III' 2-max Seat #1 is the button
Seat 1: elifnur2008 ($38.14 in chips)
Seat 2: diemaske6 ($118.33 in chips)
elifnur2008: posts small blind $1
diemaske6: posts big blind $3
*** HOLE CARDS ***
elifnur2008: raises $3 to $6
diemaske6: raises $3 to $9
elifnur2008: calls $3
*** FLOP *** [Qd 5c 3s]
diemaske6: bets $3
elifnur2008: raises $3 to $6
diemaske6: calls $3
*** TURN *** [Qd 5c 3s] [9d]
diemaske6: checks
elifnur2008: bets $6
diemaske6: folds
Uncalled bet ($6) returned to elifnur2008
elifnur2008 collected $29.50 from pot
elifnur2008: doesn't show hand
*** SUMMARY ***
Total pot $30 | Rake $0.50
Board [Qd 5c 3s 9d]
Seat 1: elifnur2008 (button) (small blind) collected ($29.50)
Seat 2: diemaske6 (big blind) folded on the Turn


PokerStars Hand #145297839920:  Hold'em Limit ($3/$6 USD) - 2015/12/13 16:04:45 ET
Table 'Gorgo III' 2-max Seat #2 is the button
Seat 1: elifnur2008 ($41.14 in chips)
Seat 2: diemaske6 ($115.33 in chips)
diemaske6: posts small blind $1
elifnur2008: posts big blind $3
*** HOLE CARDS ***
diemaske6: raises $3 to $6
elifnur2008: folds
Uncalled bet ($3) returned to diemaske6
diemaske6 collected $6 from pot
diemaske6: doesn't show hand
*** SUMMARY ***
Total pot $6 | Rake $0
Seat 1: elifnur2008 (big blind) folded before Flop
Seat 2: diemaske6 (button) (small blind) collected ($6)


PokerStars Hand #145297834908:  Hold'em Limit ($3/$6 USD) - 2015/12/13 16:04:41 ET
Table 'Gorgo III' 2-max Seat #1 is the button
Seat 1: elifnur2008 ($42.14 in chips)
Seat 2: diemaske6 ($114.33 in chips)
elifnur2008: posts small blind $1
diemaske6: posts big blind $3
*** HOLE CARDS ***
elifnur2008: folds
Uncalled bet ($2) returned to diemaske6
diemaske6 collected $2 from pot
diemaske6: doesn't show hand
*** SUMMARY ***
Total pot $2 | Rake $0
Seat 1: elifnur2008 (button) (small blind) folded before Flop
Seat 2: diemaske6 (big blind) collected ($2)


PokerStars Hand #145297821457:  Hold'em Limit ($3/$6 USD) - 2015/12/13 16:04:28 ET
Table 'Gorgo III' 2-max Seat #2 is the button
Seat 1: elifnur2008 ($51.14 in chips)
Seat 2: diemaske6 ($105.69 in chips)
diemaske6: posts small blind $1
elifnur2008: posts big blind $3
*** HOLE CARDS ***
diemaske6: raises $3 to $6
elifnur2008: raises $3 to $9
diemaske6: calls $3
*** FLOP *** [8c 8h 2h]
elifnur2008: checks
diemaske6: bets $3
elifnur2008: folds
Uncalled bet ($3) returned to diemaske6
diemaske6 collected $17.64 from pot
diemaske6: doesn't show hand
*** SUMMARY ***
Total pot $18 | Rake $0.36
Board [8c 8h 2h]
Seat 1: elifnur2008 (big blind) folded on the Flop
Seat 2: diemaske6 (button) (small blind) collected ($17.64)


PokerStars Hand #145297816601:  Hold'em Limit ($3/$6 USD) - 2015/12/13 16:04:23 ET
Table 'Gorgo III' 2-max Seat #1 is the button
Seat 1: elifnur2008 ($52.14 in chips)
Seat 2: diemaske6 ($104.69 in chips)
elifnur2008: posts small blind $1
diemaske6: posts big blind $3
*** HOLE CARDS ***
elifnur2008: folds
Uncalled bet ($2) returned to diemaske6
diemaske6 collected $2 from pot
diemaske6: doesn't show hand
*** SUMMARY ***
Total pot $2 | Rake $0
Seat 1: elifnur2008 (button) (small blind) folded before Flop
Seat 2: diemaske6 (big blind) collected ($2)


PokerStars Hand #145297790652:  Hold'em Limit ($3/$6 USD) - 2015/12/13 16:03:58 ET
Table 'Gorgo III' 2-max Seat #2 is the button
Seat 1: elifnur2008 ($79.14 in chips)
Seat 2: diemaske6 ($78.19 in chips)
diemaske6: posts small blind $1
elifnur2008: posts big blind $3
*** HOLE CARDS ***
diemaske6: raises $3 to $6
elifnur2008: calls $3
*** FLOP *** [Jd 8s Tc]
elifnur2008: checks
diemaske6: bets $3
elifnur2008: calls $3
*** TURN *** [Jd 8s Tc] [As]
elifnur2008: checks
diemaske6: bets $6
elifnur2008: raises $6 to $12
diemaske6: calls $6
*** RIVER *** [Jd 8s Tc As] [Th]
elifnur2008: checks
diemaske6: bets $6
elifnur2008: calls $6
*** SHOW DOWN ***
diemaske6: shows [Ac 4c] (two pair, Aces and Tens)
elifnur2008: mucks hand
diemaske6 collected $53.50 from pot
*** SUMMARY ***
Total pot $54 | Rake $0.50
Board [Jd 8s Tc As Th]
Seat 1: elifnur2008 (big blind) mucked
Seat 2: diemaske6 (button) (small blind) showed [Ac 4c] and won ($53.50) with two pair, Aces and Tens


PokerStars Hand #145297898313:  Hold'em Limit ($3/$6 USD) - 2015/12/13 16:05:42 ET
Table 'Gorgo III' 2-max Seat #2 is the button
Seat 1: elifnur2008 ($36.64 in chips)
Seat 2: diemaske6 ($118.83 in chips)
diemaske6: posts small blind $1
elifnur2008: posts big blind $3
*** HOLE CARDS ***
diemaske6: raises $3 to $6
elifnur2008: calls $3
*** FLOP *** [4c Qh 6d]
elifnur2008: checks
diemaske6: bets $3
elifnur2008: calls $3
*** TURN *** [4c Qh 6d] [5d]
elifnur2008: checks
diemaske6: bets $6
elifnur2008: calls $6
*** RIVER *** [4c Qh 6d 5d] [Qc]
elifnur2008: checks
diemaske6: bets $6
elifnur2008: calls $6
*** SHOW DOWN ***
diemaske6: shows [Ks Kd] (two pair, Kings and Queens)
elifnur2008: mucks hand
diemaske6 collected $41.50 from pot
*** SUMMARY ***
Total pot $42 | Rake $0.50
Board [4c Qh 6d 5d Qc]
Seat 1: elifnur2008 (big blind) mucked
Seat 2: diemaske6 (button) (small blind) showed [Ks Kd] and won ($41.50) with two pair, Kings and Queens


PokerStars Hand #145297893249:  Hold'em Limit ($3/$6 USD) - 2015/12/13 16:05:37 ET
Table 'Gorgo III' 2-max Seat #1 is the button
Seat 1: elifnur2008 ($37.64 in chips)
Seat 2: diemaske6 ($117.83 in chips)
elifnur2008: posts small blind $1
diemaske6: posts big blind $3
*** HOLE CARDS ***
elifnur2008: folds
Uncalled bet ($2) returned to diemaske6
diemaske6 collected $2 from pot
diemaske6: doesn't show hand
*** SUMMARY ***
Total pot $2 | Rake $0
Seat 1: elifnur2008 (button) (small blind) folded before Flop
Seat 2: diemaske6 (big blind) collected ($2)


PokerStars Hand #145297873416:  Hold'em Limit ($3/$6 USD) - 2015/12/13 16:05:18 ET
Table 'Gorgo III' 2-max Seat #2 is the button
Seat 1: elifnur2008 ($52.64 in chips)
Seat 2: diemaske6 ($103.33 in chips)
diemaske6: posts small blind $1
elifnur2008: posts big blind $3
*** HOLE CARDS ***
diemaske6: raises $3 to $6
elifnur2008: calls $3
*** FLOP *** [6h Ac 4s]
elifnur2008: checks
diemaske6: bets $3
elifnur2008: calls $3
*** TURN *** [6h Ac 4s] [9s]
elifnur2008: checks
diemaske6: bets $6
elifnur2008: calls $6
*** RIVER *** [6h Ac 4s 9s] [Ts]
elifnur2008: checks
diemaske6: bets $6
elifnur2008: folds
Uncalled bet ($6) returned to diemaske6
diemaske6 collected $29.50 from pot
diemaske6: doesn't show hand
*** SUMMARY ***
Total pot $30 | Rake $0.50
Board [6h Ac 4s 9s Ts]
Seat 1: elifnur2008 (big blind) folded on the River
Seat 2: diemaske6 (button) (small blind) collected ($29.50)


PokerStars Hand #145297951105:  Hold'em Limit ($3/$6 USD) - 2015/12/13 16:06:31 ET
Table 'Gorgo III' 2-max Seat #1 is the button
Seat 1: elifnur2008 ($91.78 in chips)
Seat 2: diemaske6 ($122.69 in chips)
elifnur2008: posts small blind $1
diemaske6: posts big blind $3
*** HOLE CARDS ***
elifnur2008: raises $3 to $6
diemaske6: raises $3 to $9
elifnur2008: calls $3
*** FLOP *** [8s Qh 2s]
diemaske6: bets $3
elifnur2008: calls $3
*** TURN *** [8s Qh 2s] [8h]
diemaske6: bets $6
elifnur2008: calls $6
*** RIVER *** [8s Qh 2s 8h] [Jc]
diemaske6: bets $6
elifnur2008: raises $6 to $12
diemaske6: calls $6
*** SHOW DOWN ***
elifnur2008: shows [Qc 5s] (two pair, Queens and Eights)
diemaske6: mucks hand
elifnur2008 collected $59.50 from pot
*** SUMMARY ***
Total pot $60 | Rake $0.50
Board [8s Qh 2s 8h Jc]
Seat 1: elifnur2008 (button) (small blind) showed [Qc 5s] and won ($59.50) with two pair, Queens and Eights
Seat 2: diemaske6 (big blind) mucked


PokerStars Hand #145297969930:  Hold'em Limit ($3/$6 USD) - 2015/12/13 16:06:49 ET
Table 'Gorgo III' 2-max Seat #2 is the button
Seat 1: elifnur2008 ($121.28 in chips)
Seat 2: diemaske6 ($92.69 in chips)
diemaske6: posts small blind $1
elifnur2008: posts big blind $3
*** HOLE CARDS ***
diemaske6: raises $3 to $6
elifnur2008: calls $3
*** FLOP *** [9c 3d Jh]
elifnur2008: checks
diemaske6: bets $3
elifnur2008: raises $3 to $6
diemaske6: calls $3
*** TURN *** [9c 3d Jh] [3s]
elifnur2008: bets $6
diemaske6: calls $6
*** RIVER *** [9c 3d Jh 3s] [2h]
elifnur2008: bets $6
diemaske6: folds
Uncalled bet ($6) returned to elifnur2008
elifnur2008 collected $35.50 from pot
elifnur2008: doesn't show hand
*** SUMMARY ***
Total pot $36 | Rake $0.50
Board [9c 3d Jh 3s 2h]
Seat 1: elifnur2008 (big blind) collected ($35.50)
Seat 2: diemaske6 (button) (small blind) folded on the River


PokerStars Hand #145297943461:  Hold'em Limit ($3/$6 USD) - 2015/12/13 16:06:24 ET
Table 'Gorgo III' 2-max Seat #2 is the button
Seat 1: elifnur2008 ($90.78 in chips)
Seat 2: diemaske6 ($123.69 in chips)
diemaske6: posts small blind $1
elifnur2008: posts big blind $3
*** HOLE CARDS ***
diemaske6: folds
Uncalled bet ($2) returned to elifnur2008
elifnur2008 collected $2 from pot
elifnur2008: doesn't show hand
*** SUMMARY ***
Total pot $2 | Rake $0
Seat 1: elifnur2008 (big blind) collected ($2)
Seat 2: diemaske6 (button) (small blind) folded before Flop


PokerStars Hand #145297917701:  Hold'em Limit ($3/$6 USD) - 2015/12/13 16:06:00 ET
Table 'Gorgo III' 2-max Seat #1 is the button
Seat 1: elifnur2008 ($15.64 in chips)
Seat 2: diemaske6 ($139.33 in chips)
elifnur2008: posts small blind $1
diemaske6: posts big blind $3
*** HOLE CARDS ***
elifnur2008: raises $3 to $6
diemaske6: calls $3
*** FLOP *** [8c 8h 2s]
diemaske6: checks
elifnur2008: bets $3
diemaske6: raises $3 to $6
elifnur2008: raises $3 to $9
diemaske6: calls $3
*** TURN *** [8c 8h 2s] [Ah]
diemaske6: checks
elifnur2008: bets $0.64 and is all-in
diemaske6: calls $0.64
*** RIVER *** [8c 8h 2s Ah] [5c]
*** SHOW DOWN ***
diemaske6: shows [Qh Td] (a pair of Eights)
elifnur2008: shows [5d Ac] (two pair, Aces and Eights)
elifnur2008 collected $30.78 from pot
*** SUMMARY ***
Total pot $31.28 | Rake $0.50
Board [8c 8h 2s Ah 5c]
Seat 1: elifnur2008 (button) (small blind) showed [5d Ac] and won ($30.78) with two pair, Aces and Eights
Seat 2: diemaske6 (big blind) showed [Qh Td] and lost with a pair of Eights


PokerStars Hand #145297990745:  Hold'em Limit ($3/$6 USD) - 2015/12/13 16:07:09 ET
Table 'Gorgo III' 2-max Seat #1 is the button
Seat 1: elifnur2008 ($138.78 in chips)
Seat 2: diemaske6 ($74.69 in chips)
elifnur2008: posts small blind $1
diemaske6: posts big blind $3
*** HOLE CARDS ***
elifnur2008: raises $3 to $6
diemaske6: raises $3 to $9
elifnur2008: raises $3 to $12
Betting is capped
diemaske6: calls $3
*** FLOP *** [4d Ks 9h]
diemaske6: bets $3
elifnur2008: calls $3
*** TURN *** [4d Ks 9h] [As]
diemaske6: bets $6
elifnur2008: raises $6 to $12
diemaske6: raises $6 to $18
elifnur2008: raises $6 to $24
Betting is capped
diemaske6: calls $6
*** RIVER *** [4d Ks 9h As] [Qs]
diemaske6: bets $6
elifnur2008: raises $6 to $12
diemaske6: raises $6 to $18
elifnur2008: calls $6
*** SHOW DOWN ***
diemaske6: shows [6s Ah] (a pair of Aces)
elifnur2008: shows [Ad 7d] (a pair of Aces)
diemaske6 collected $56.75 from pot
elifnur2008 collected $56.75 from pot
*** SUMMARY ***
Total pot $114 | Rake $0.50
Board [4d Ks 9h As Qs]
Seat 1: elifnur2008 (button) (small blind) showed [Ad 7d] and won ($56.75) with a pair of Aces
Seat 2: diemaske6 (big blind) showed [6s Ah] and won ($56.75) with a pair of Aces


PokerStars Hand #145298022412:  Hold'em Limit ($3/$6 USD) - 2015/12/13 16:07:40 ET
Table 'Gorgo III' 2-max Seat #2 is the button
Seat 1: elifnur2008 ($138.53 in chips)
Seat 2: diemaske6 ($74.44 in chips)
diemaske6: posts small blind $1
elifnur2008: posts big blind $3
*** HOLE CARDS ***
diemaske6: raises $3 to $6
elifnur2008: raises $3 to $9
diemaske6: calls $3
*** FLOP *** [Jh 2d 6s]
elifnur2008: bets $3
diemaske6: raises $3 to $6
elifnur2008: calls $3
*** TURN *** [Jh 2d 6s] [Qd]
elifnur2008: checks
diemaske6: bets $6
elifnur2008: raises $6 to $12
diemaske6: raises $6 to $18
elifnur2008: calls $6
*** RIVER *** [Jh 2d 6s Qd] [2h]
elifnur2008: checks
diemaske6: bets $6
elifnur2008: calls $6
*** SHOW DOWN ***
diemaske6: shows [2c 5h] (three of a kind, Deuces)
elifnur2008: mucks hand
diemaske6 collected $77.50 from pot
*** SUMMARY ***
Total pot $78 | Rake $0.50
Board [Jh 2d 6s Qd 2h]
Seat 1: elifnur2008 (big blind) mucked
Seat 2: diemaske6 (button) (small blind) showed [2c 5h] and won ($77.50) with three of a kind, Deuces


PokerStars Hand #145298078325:  Hold'em Limit ($3/$6 USD) - 2015/12/13 16:08:33 ET
Table 'Gorgo III' 2-max Seat #2 is the button
Seat 1: elifnur2008 ($150.03 in chips)
Seat 2: diemaske6 ($61.94 in chips)
diemaske6: posts small blind $1
elifnur2008: posts big blind $3
*** HOLE CARDS ***
diemaske6: raises $3 to $6
elifnur2008: calls $3
*** FLOP *** [5d 8h Qs]
elifnur2008: checks
diemaske6: bets $3
elifnur2008: calls $3
*** TURN *** [5d 8h Qs] [Kc]
elifnur2008: checks
diemaske6: bets $6
elifnur2008: raises $6 to $12
diemaske6: calls $6
*** RIVER *** [5d 8h Qs Kc] [Ad]
elifnur2008: bets $6
diemaske6: folds
Uncalled bet ($6) returned to elifnur2008
elifnur2008 collected $41.50 from pot
elifnur2008: doesn't show hand
*** SUMMARY ***
Total pot $42 | Rake $0.50
Board [5d 8h Qs Kc Ad]
Seat 1: elifnur2008 (big blind) collected ($41.50)
Seat 2: diemaske6 (button) (small blind) folded on the River


PokerStars Hand #145298102556:  Hold'em Limit ($3/$6 USD) - 2015/12/13 16:08:57 ET
Table 'Gorgo III' 2-max Seat #1 is the button
Seat 1: elifnur2008 ($170.53 in chips)
Seat 2: diemaske6 ($40.94 in chips)
elifnur2008: posts small blind $1
diemaske6: posts big blind $3
*** HOLE CARDS ***
elifnur2008: raises $3 to $6
diemaske6: raises $3 to $9
elifnur2008: calls $3
*** FLOP *** [2s 8h Kc]
diemaske6: bets $3
elifnur2008: raises $3 to $6
diemaske6: calls $3
*** TURN *** [2s 8h Kc] [8s]
diemaske6: checks
elifnur2008: checks
*** RIVER *** [2s 8h Kc 8s] [4c]
diemaske6: bets $6
elifnur2008: raises $6 to $12
diemaske6: folds
Uncalled bet ($6) returned to elifnur2008
elifnur2008 collected $41.50 from pot
elifnur2008: doesn't show hand
*** SUMMARY ***
Total pot $42 | Rake $0.50
Board [2s 8h Kc 8s 4c]
Seat 1: elifnur2008 (button) (small blind) collected ($41.50)
Seat 2: diemaske6 (big blind) folded on the River


PokerStars Hand #145298049344:  Hold'em Limit ($3/$6 USD) - 2015/12/13 16:08:05 ET
Table 'Gorgo III' 2-max Seat #1 is the button
Seat 1: elifnur2008 ($99.53 in chips)
Seat 2: diemaske6 ($112.94 in chips)
elifnur2008: posts small blind $1
diemaske6: posts big blind $3
*** HOLE CARDS ***
elifnur2008: raises $3 to $6
diemaske6: raises $3 to $9
elifnur2008: raises $3 to $12
Betting is capped
diemaske6: calls $3
*** FLOP *** [Ts 7d As]
diemaske6: bets $3
elifnur2008: calls $3
*** TURN *** [Ts 7d As] [8d]
diemaske6: bets $6
elifnur2008: raises $6 to $12
diemaske6: raises $6 to $18
elifnur2008: raises $6 to $24
Betting is capped
diemaske6: calls $6
*** RIVER *** [Ts 7d As 8d] [3h]
diemaske6: bets $6
elifnur2008: raises $6 to $12
diemaske6: calls $6
*** SHOW DOWN ***
elifnur2008: shows [Jh 9h] (a straight, Seven to Jack)
diemaske6: mucks hand
elifnur2008 collected $101.50 from pot
*** SUMMARY ***
Total pot $102 | Rake $0.50
Board [Ts 7d As 8d 3h]
Seat 1: elifnur2008 (button) (small blind) showed [Jh 9h] and won ($101.50) with a straight, Seven to Jack
Seat 2: diemaske6 (big blind) mucked


PokerStars Hand #145298130210:  Hold'em Limit ($3/$6 USD) - 2015/12/13 16:09:23 ET
Table 'Gorgo III' 2-max Seat #2 is the button
Seat 1: elifnur2008 ($191.03 in chips)
Seat 2: diemaske6 ($19.94 in chips)
diemaske6: posts small blind $1
elifnur2008: posts big blind $3
*** HOLE CARDS ***
diemaske6: raises $3 to $6
elifnur2008: calls $3
*** FLOP *** [As 3c Ts]
elifnur2008: checks
diemaske6: bets $3
elifnur2008: calls $3
*** TURN *** [As 3c Ts] [Ad]
elifnur2008: checks
diemaske6: bets $6
elifnur2008: calls $6
*** RIVER *** [As 3c Ts Ad] [Qc]
elifnur2008: checks
diemaske6: bets $4.94 and is all-in
elifnur2008: calls $4.94
*** SHOW DOWN ***
diemaske6: shows [Qd 5s] (two pair, Aces and Queens)
elifnur2008: shows [3h Ah] (a full house, Aces full of Threes)
elifnur2008 collected $39.38 from pot
*** SUMMARY ***
Total pot $39.88 | Rake $0.50
Board [As 3c Ts Ad Qc]
Seat 1: elifnur2008 (big blind) showed [3h Ah] and won ($39.38) with a full house, Aces full of Threes
Seat 2: diemaske6 (button) (small blind) showed [Qd 5s] and lost with two pair, Aces and Queens


