PokerStars Hand #168846366438:  Hold'em Limit ($3/$6 USD) - 2017/04/10 12:23:18 ET
Table 'Gorgo' 6-max Seat #6 is the button
Seat 4: MTails ($120 in chips)
Seat 6: Tatiana_K63 ($30 in chips)
Tatiana_K63: posts small blind $1
kolaz03 joins the table at seat #1
MTails: posts big blind $3
*** HOLE CARDS ***
Jack_Wu1985 joins the table at seat #5
Tatiana_K63: folds
Uncalled bet ($2) returned to MTails
MTails collected $2 from pot
*** SUMMARY ***
Total pot $2 | Rake $0
Seat 4: MTails (big blind) collected ($2)
Seat 6: Tatiana_K63 (button) (small blind) folded before Flop


PokerStars Hand #168846667276:  Hold'em Limit ($3/$6 USD) - 2017/04/10 12:30:28 ET
Table 'Gorgo' 6-max Seat #1 is the button
Seat 1: kolaz03 ($72 in chips)
Seat 3: Psynto ($99.47 in chips)
kolaz03: posts small blind $1
zxkz: is sitting out
Psynto: posts big blind $3
*** HOLE CARDS ***
kolaz03: raises $3 to $6
Psynto: raises $3 to $9
kolaz03: calls $3
*** FLOP *** [6h Js Jd]
Psynto: bets $3
kolaz03: folds
Uncalled bet ($3) returned to Psynto
Psynto collected $17.64 from pot
Psynto: doesn't show hand
*** SUMMARY ***
Total pot $18 | Rake $0.36
Board [6h Js Jd]
Seat 1: kolaz03 (button) (small blind) folded on the Flop
Seat 3: Psynto (big blind) collected ($17.64)


PokerStars Hand #168851170470:  Hold'em Limit ($3/$6 USD) - 2017/04/10 14:08:52 ET
Table 'Gorgo' 6-max Seat #6 is the button
Seat 4: kikiriki ($64.28 in chips)
Seat 6: Bonafidegirl ($207.52 in chips)
Bonafidegirl: posts small blind $1
kikiriki: posts big blind $3
*** HOLE CARDS ***
Bonafidegirl: folds
Uncalled bet ($2) returned to kikiriki
kikiriki collected $2 from pot
kikiriki: doesn't show hand
*** SUMMARY ***
Total pot $2 | Rake $0
Seat 4: kikiriki (big blind) collected ($2)
Seat 6: Bonafidegirl (button) (small blind) folded before Flop


PokerStars Hand #168851149281:  Hold'em Limit ($3/$6 USD) - 2017/04/10 14:08:26 ET
Table 'Gorgo' 6-max Seat #4 is the button
Seat 4: kikiriki ($58.52 in chips)
Seat 6: Bonafidegirl ($213.52 in chips)
kikiriki: posts small blind $1
Bonafidegirl: posts big blind $3
*** HOLE CARDS ***
kikiriki: raises $3 to $6
zxkz leaves the table
Bonafidegirl: calls $3
*** FLOP *** [Qd 4d 3h]
Bonafidegirl: checks
kikiriki: bets $3
Kristina707 leaves the table
Jack_Wu1985 leaves the table
Bonafidegirl: folds
Uncalled bet ($3) returned to kikiriki
kikiriki collected $11.76 from pot
kikiriki: doesn't show hand
*** SUMMARY ***
Total pot $12 | Rake $0.24
Board [Qd 4d 3h]
Seat 4: kikiriki (button) (small blind) collected ($11.76)
Seat 6: Bonafidegirl (big blind) folded on the Flop


PokerStars Hand #168851144850:  Hold'em Limit ($3/$6 USD) - 2017/04/10 14:08:21 ET
Table 'Gorgo' 6-max Seat #6 is the button
Seat 4: kikiriki ($57.52 in chips)
Seat 6: Bonafidegirl ($214.52 in chips)
Bonafidegirl: posts small blind $1
zxkz: is sitting out
kikiriki: posts big blind $3
*** HOLE CARDS ***
Bonafidegirl: folds
Uncalled bet ($2) returned to kikiriki
kikiriki collected $2 from pot
kikiriki: doesn't show hand
*** SUMMARY ***
Total pot $2 | Rake $0
Seat 4: kikiriki (big blind) collected ($2)
Seat 6: Bonafidegirl (button) (small blind) folded before Flop


PokerStars Hand #168851183538:  Hold'em Limit ($3/$6 USD) - 2017/04/10 14:09:08 ET
Table 'Gorgo' 6-max Seat #4 is the button
Seat 4: kikiriki ($65.28 in chips)
Seat 6: Bonafidegirl ($206.52 in chips)
kikiriki: posts small blind $1
Bonafidegirl: posts big blind $3
*** HOLE CARDS ***
kikiriki: raises $3 to $6
Bonafidegirl: folds
Uncalled bet ($3) returned to kikiriki
kikiriki collected $6 from pot
kikiriki: doesn't show hand
*** SUMMARY ***
Total pot $6 | Rake $0
Seat 4: kikiriki (button) (small blind) collected ($6)
Seat 6: Bonafidegirl (big blind) folded before Flop


PokerStars Hand #168851178731:  Hold'em Limit ($3/$6 USD) - 2017/04/10 14:09:02 ET
Table 'Gorgo' 6-max Seat #6 is the button
Seat 4: kikiriki ($64.28 in chips)
Seat 6: Bonafidegirl ($207.52 in chips)
Bonafidegirl: posts small blind $1
kikiriki: posts big blind $3
*** HOLE CARDS ***
Bonafidegirl: folds
Uncalled bet ($2) returned to kikiriki
kikiriki collected $2 from pot
kikiriki: doesn't show hand
*** SUMMARY ***
Total pot $2 | Rake $0
Seat 4: kikiriki (big blind) collected ($2)
Seat 6: Bonafidegirl (button) (small blind) folded before Flop


PokerStars Hand #168851206863:  Hold'em Limit ($3/$6 USD) - 2017/04/10 14:09:37 ET
Table 'Gorgo' 6-max Seat #4 is the button
Seat 4: kikiriki ($56.28 in chips)
Seat 6: Bonafidegirl ($215.28 in chips)
kikiriki: posts small blind $1
Bonafidegirl: posts big blind $3
*** HOLE CARDS ***
kikiriki: raises $3 to $6
Bonafidegirl: calls $3
*** FLOP *** [9c 4c 5d]
Bonafidegirl: checks
kikiriki: bets $3
Bonafidegirl: calls $3
*** TURN *** [9c 4c 5d] [Kh]
Bonafidegirl: checks
kikiriki: bets $6
Bonafidegirl: folds
Uncalled bet ($6) returned to kikiriki
kikiriki collected $17.64 from pot
kikiriki: doesn't show hand
*** SUMMARY ***
Total pot $18 | Rake $0.36
Board [9c 4c 5d Kh]
Seat 4: kikiriki (button) (small blind) collected ($17.64)
Seat 6: Bonafidegirl (big blind) folded on the Turn


PokerStars Hand #168851202380:  Hold'em Limit ($3/$6 USD) - 2017/04/10 14:09:31 ET
Table 'Gorgo' 6-max Seat #6 is the button
Seat 4: kikiriki ($59.28 in chips)
Seat 6: Bonafidegirl ($212.28 in chips)
Bonafidegirl: posts small blind $1
kikiriki: posts big blind $3
*** HOLE CARDS ***
Bonafidegirl: raises $3 to $6
kikiriki: folds
Uncalled bet ($3) returned to Bonafidegirl
Bonafidegirl collected $6 from pot
*** SUMMARY ***
Total pot $6 | Rake $0
Seat 4: kikiriki (big blind) folded before Flop
Seat 6: Bonafidegirl (button) (small blind) collected ($6)


PokerStars Hand #168851193136:  Hold'em Limit ($3/$6 USD) - 2017/04/10 14:09:20 ET
Table 'Gorgo' 6-max Seat #4 is the button
Seat 4: kikiriki ($65.28 in chips)
Seat 6: Bonafidegirl ($206.52 in chips)
kikiriki: posts small blind $1
Bonafidegirl: posts big blind $3
*** HOLE CARDS ***
kikiriki: raises $3 to $6
Bonafidegirl: calls $3
*** FLOP *** [Qc Ah 5h]
Bonafidegirl: bets $3
kikiriki: folds
Uncalled bet ($3) returned to Bonafidegirl
Bonafidegirl collected $11.76 from pot
*** SUMMARY ***
Total pot $12 | Rake $0.24
Board [Qc Ah 5h]
Seat 4: kikiriki (button) (small blind) folded on the Flop
Seat 6: Bonafidegirl (big blind) collected ($11.76)


PokerStars Hand #168851188896:  Hold'em Limit ($3/$6 USD) - 2017/04/10 14:09:15 ET
Table 'Gorgo' 6-max Seat #6 is the button
Seat 4: kikiriki ($68.28 in chips)
Seat 6: Bonafidegirl ($203.52 in chips)
Bonafidegirl: posts small blind $1
kikiriki: posts big blind $3
*** HOLE CARDS ***
Bonafidegirl: raises $3 to $6
kikiriki: folds
Uncalled bet ($3) returned to Bonafidegirl
Bonafidegirl collected $6 from pot
*** SUMMARY ***
Total pot $6 | Rake $0
Seat 4: kikiriki (big blind) folded before Flop
Seat 6: Bonafidegirl (button) (small blind) collected ($6)


PokerStars Hand #168851174371:  Hold'em Limit ($3/$6 USD) - 2017/04/10 14:08:57 ET
Table 'Gorgo' 6-max Seat #4 is the button
Seat 4: kikiriki ($65.28 in chips)
Seat 6: Bonafidegirl ($206.52 in chips)
kikiriki: posts small blind $1
Bonafidegirl: posts big blind $3
*** HOLE CARDS ***
kikiriki: folds
Uncalled bet ($2) returned to Bonafidegirl
Bonafidegirl collected $2 from pot
*** SUMMARY ***
Total pot $2 | Rake $0
Seat 4: kikiriki (button) (small blind) folded before Flop
Seat 6: Bonafidegirl (big blind) collected ($2)


PokerStars Hand #168851229523:  Hold'em Limit ($3/$6 USD) - 2017/04/10 14:10:04 ET
Table 'Gorgo' 6-max Seat #4 is the button
Seat 4: kikiriki ($61.92 in chips)
Seat 6: Bonafidegirl ($209.16 in chips)
kikiriki: posts small blind $1
Bonafidegirl: posts big blind $3
*** HOLE CARDS ***
kikiriki: folds
Uncalled bet ($2) returned to Bonafidegirl
Bonafidegirl collected $2 from pot
*** SUMMARY ***
Total pot $2 | Rake $0
Seat 4: kikiriki (button) (small blind) folded before Flop
Seat 6: Bonafidegirl (big blind) collected ($2)


PokerStars Hand #168851219258:  Hold'em Limit ($3/$6 USD) - 2017/04/10 14:09:52 ET
Table 'Gorgo' 6-max Seat #6 is the button
Seat 4: kikiriki ($64.92 in chips)
Seat 6: Bonafidegirl ($206.28 in chips)
Bonafidegirl: posts small blind $1
vestimokrec was removed from the table for failing to post
kikiriki: posts big blind $3
*** HOLE CARDS ***
Bonafidegirl: calls $2
kikiriki: checks
*** FLOP *** [4s Jc 7c]
kikiriki: checks
Bonafidegirl: checks
*** TURN *** [4s Jc 7c] [Ks]
kikiriki: checks
Bonafidegirl: checks
*** RIVER *** [4s Jc 7c Ks] [Jd]
vestimokrec joins the table at seat #1
kikiriki: checks
Bonafidegirl: checks
*** SHOW DOWN ***
kikiriki: shows [9c 6h] (a pair of Jacks)
Bonafidegirl: shows [2s Ah] (a pair of Jacks - Ace kicker)
Bonafidegirl collected $5.88 from pot
*** SUMMARY ***
Total pot $6 | Rake $0.12
Board [4s Jc 7c Ks Jd]
Seat 4: kikiriki (big blind) showed [9c 6h] and lost with a pair of Jacks
Seat 6: Bonafidegirl (button) (small blind) showed [2s Ah] and won ($5.88) with a pair of Jacks


PokerStars Hand #168851788031:  Hold'em Limit ($3/$6 USD) - 2017/04/10 14:21:22 ET
Table 'Gorgo' 6-max Seat #6 is the button
Seat 3: Sleeper007 ($110.28 in chips)
Seat 6: Bonafidegirl ($258.30 in chips)
Bonafidegirl: posts small blind $1
Great_Kang: is sitting out
Sleeper007: posts big blind $3
*** HOLE CARDS ***
Great_Kang leaves the table
Bonafidegirl: folds
Uncalled bet ($2) returned to Sleeper007
Sleeper007 collected $2 from pot
Sleeper007: doesn't show hand
*** SUMMARY ***
Total pot $2 | Rake $0
Seat 3: Sleeper007 (big blind) collected ($2)
Seat 6: Bonafidegirl (button) (small blind) folded before Flop


PokerStars Hand #168851792921:  Hold'em Limit ($3/$6 USD) - 2017/04/10 14:21:28 ET
Table 'Gorgo' 6-max Seat #3 is the button
Seat 3: Sleeper007 ($111.28 in chips)
Seat 6: Bonafidegirl ($257.30 in chips)
Sleeper007: posts small blind $1
Bonafidegirl: posts big blind $3
*** HOLE CARDS ***
Sleeper007: raises $3 to $6
Bonafidegirl: folds
Uncalled bet ($3) returned to Sleeper007
Sleeper007 collected $6 from pot
Sleeper007: doesn't show hand
*** SUMMARY ***
Total pot $6 | Rake $0
Seat 3: Sleeper007 (button) (small blind) collected ($6)
Seat 6: Bonafidegirl (big blind) folded before Flop


