PokerStars Hand #158327802132:  Hold'em Limit ($3/$6 USD) - 2016/09/08 10:55:03 ET
Table 'Gormeisa II' 6-max Seat #4 is the button
Seat 4: BuzovaPro ($95.04 in chips)
Seat 5: hassan67 ($104.64 in chips)
BuzovaPro: posts small blind $1
hassan67: posts big blind $3
*** HOLE CARDS ***
BuzovaPro: raises $3 to $6
hassan67: calls $3
*** FLOP *** [Qh Jc 4c]
hassan67: checks
BuzovaPro: checks
*** TURN *** [Qh Jc 4c] [2c]
hassan67: checks
BuzovaPro: bets $6
hassan67: folds
Uncalled bet ($6) returned to BuzovaPro
BuzovaPro collected $11.76 from pot
BuzovaPro: doesn't show hand
*** SUMMARY ***
Total pot $12 | Rake $0.24
Board [Qh Jc 4c 2c]
Seat 4: BuzovaPro (button) (small blind) collected ($11.76)
Seat 5: hassan67 (big blind) folded on the Turn


PokerStars Hand #158327778941:  Hold'em Limit ($3/$6 USD) - 2016/09/08 10:54:25 ET
Table 'Gormeisa II' 6-max Seat #5 is the button
Seat 4: BuzovaPro ($86.40 in chips)
Seat 5: hassan67 ($113.64 in chips)
hassan67: posts small blind $1
BuzovaPro: posts big blind $3
*** HOLE CARDS ***
hassan67: raises $3 to $6
BuzovaPro: calls $3
*** FLOP *** [Qc Kh Td]
BuzovaPro: checks
hassan67: bets $3
BuzovaPro: calls $3
*** TURN *** [Qc Kh Td] [Qh]
BuzovaPro: checks
hassan67: checks
*** RIVER *** [Qc Kh Td Qh] [3c]
BuzovaPro: bets $6
hassan67: folds
Uncalled bet ($6) returned to BuzovaPro
BuzovaPro collected $17.64 from pot
BuzovaPro: doesn't show hand
*** SUMMARY ***
Total pot $18 | Rake $0.36
Board [Qc Kh Td Qh 3c]
Seat 4: BuzovaPro (big blind) collected ($17.64)
Seat 5: hassan67 (button) (small blind) folded on the River


PokerStars Hand #158327822660:  Hold'em Limit ($3/$6 USD) - 2016/09/08 10:55:42 ET
Table 'Gormeisa II' 6-max Seat #4 is the button
Seat 4: BuzovaPro ($105.44 in chips)
Seat 5: hassan67 ($93.64 in chips)
BuzovaPro: posts small blind $1
hassan67: posts big blind $3
*** HOLE CARDS ***
BuzovaPro: raises $3 to $6
hassan67: calls $3
*** FLOP *** [2d 5h 7h]
pokertriss joins the table at seat #3
hassan67: checks
BuzovaPro: checks
*** TURN *** [2d 5h 7h] [6c]
hassan67: bets $6
BuzovaPro: calls $6
*** RIVER *** [2d 5h 7h 6c] [5c]
hassan67: bets $6
BuzovaPro: folds
Uncalled bet ($6) returned to hassan67
hassan67 collected $23.52 from pot
hassan67: doesn't show hand
*** SUMMARY ***
Total pot $24 | Rake $0.48
Board [2d 5h 7h 6c 5c]
Seat 4: BuzovaPro (button) (small blind) folded on the River
Seat 5: hassan67 (big blind) collected ($23.52)


PokerStars Hand #158327819475:  Hold'em Limit ($3/$6 USD) - 2016/09/08 10:55:36 ET
Table 'Gormeisa II' 6-max Seat #5 is the button
Seat 4: BuzovaPro ($108.44 in chips)
Seat 5: hassan67 ($90.64 in chips)
hassan67: posts small blind $1
BuzovaPro: posts big blind $3
*** HOLE CARDS ***
hassan67: raises $3 to $6
BuzovaPro: folds
Uncalled bet ($3) returned to hassan67
hassan67 collected $6 from pot
hassan67: doesn't show hand
*** SUMMARY ***
Total pot $6 | Rake $0
Seat 4: BuzovaPro (big blind) folded before Flop
Seat 5: hassan67 (button) (small blind) collected ($6)


PokerStars Hand #158327816556:  Hold'em Limit ($3/$6 USD) - 2016/09/08 10:55:30 ET
Table 'Gormeisa II' 6-max Seat #4 is the button
Seat 4: BuzovaPro ($109.44 in chips)
Seat 5: hassan67 ($89.64 in chips)
BuzovaPro: posts small blind $1
hassan67: posts big blind $3
*** HOLE CARDS ***
BuzovaPro: folds
Uncalled bet ($2) returned to hassan67
hassan67 collected $2 from pot
hassan67: doesn't show hand
*** SUMMARY ***
Total pot $2 | Rake $0
Seat 4: BuzovaPro (button) (small blind) folded before Flop
Seat 5: hassan67 (big blind) collected ($2)


PokerStars Hand #158327811272:  Hold'em Limit ($3/$6 USD) - 2016/09/08 10:55:20 ET
Table 'Gormeisa II' 6-max Seat #5 is the button
Seat 4: BuzovaPro ($100.80 in chips)
Seat 5: hassan67 ($98.64 in chips)
hassan67: posts small blind $1
BuzovaPro: posts big blind $3
*** HOLE CARDS ***
hassan67: raises $3 to $6
BuzovaPro: raises $3 to $9
hassan67: calls $3
*** FLOP *** [4h 7c As]
BuzovaPro: bets $3
hassan67: folds
Uncalled bet ($3) returned to BuzovaPro
BuzovaPro collected $17.64 from pot
BuzovaPro: doesn't show hand
*** SUMMARY ***
Total pot $18 | Rake $0.36
Board [4h 7c As]
Seat 4: BuzovaPro (big blind) collected ($17.64)
Seat 5: hassan67 (button) (small blind) folded on the Flop


PokerStars Hand #158329719305:  Hold'em Limit ($3/$6 USD) - 2016/09/08 11:47:17 ET
Table 'Gormeisa II' 6-max Seat #3 is the button
Seat 2: }{iRuRg-S ($39.20 in chips)
Seat 3: krytalex ($117 in chips)
krytalex: posts small blind $1
BuzovaPro: is sitting out
vestimokrec: is sitting out
}{iRuRg-S: posts big blind $3
*** HOLE CARDS ***
krytalex: raises $3 to $6
}{iRuRg-S: folds
Uncalled bet ($3) returned to krytalex
}{iRuRg-S leaves the table
krytalex collected $6 from pot
*** SUMMARY ***
Total pot $6 | Rake $0
Seat 2: }{iRuRg-S (big blind) folded before Flop
Seat 3: krytalex (button) (small blind) collected ($6)


