PokerStars Hand #176105321315:  Hold'em Limit ($3/$6 USD) - 2017/09/25 11:36:32 ET
Table 'Gormeisa II' 6-max Seat #3 is the button
Seat 3: Ag3r0n ($72 in chips)
Seat 4: Kosova1968 ($116.88 in chips)
Ag3r0n: posts small blind $1
Kosova1968: posts big blind $3
*** HOLE CARDS ***
Ag3r0n: folds
Uncalled bet ($2) returned to Kosova1968
Kosova1968 collected $2 from pot
Zubasa07 joins the table at seat #5
*** SUMMARY ***
Total pot $2 | Rake $0
Seat 3: Ag3r0n (button) (small blind) folded before Flop
Seat 4: Kosova1968 (big blind) collected ($2)


PokerStars Hand #176105317267:  Hold'em Limit ($3/$6 USD) - 2017/09/25 11:36:25 ET
Table 'Gormeisa II' 6-max Seat #4 is the button
Seat 3: Ag3r0n ($72 in chips)
Seat 4: Kosova1968 ($113.88 in chips)
Kosova1968: posts small blind $1
Ag3r0n: posts big blind $3
*** HOLE CARDS ***
Kosova1968: raises $3 to $6
Ag3r0n: folds
Uncalled bet ($3) returned to Kosova1968
Kosova1968 collected $6 from pot
*** SUMMARY ***
Total pot $6 | Rake $0
Seat 3: Ag3r0n (big blind) folded before Flop
Seat 4: Kosova1968 (button) (small blind) collected ($6)


PokerStars Hand #176105300844:  Hold'em Limit ($3/$6 USD) - 2017/09/25 11:35:58 ET
Table 'Gormeisa II' 6-max Seat #3 is the button
Seat 3: Ag3r0n ($72 in chips)
Seat 4: Kosova1968 ($102.36 in chips)
Ag3r0n: posts small blind $1
Kosova1968: posts big blind $3
*** HOLE CARDS ***
Ag3r0n: raises $3 to $6
Kosova1968: calls $3
*** FLOP *** [Ts 2c Qc]
Kosova1968: checks
Ag3r0n: bets $3
Kosova1968: raises $3 to $6
Ag3r0n: calls $3
*** TURN *** [Ts 2c Qc] [Kc]
Kosova1968: checks
Ag3r0n: checks
*** RIVER *** [Ts 2c Qc Kc] [8d]
Kosova1968: bets $6
Ag3r0n: folds
Uncalled bet ($6) returned to Kosova1968
Kosova1968 collected $23.52 from pot
*** SUMMARY ***
Total pot $24 | Rake $0.48
Board [Ts 2c Qc Kc 8d]
Seat 3: Ag3r0n (button) (small blind) folded on the River
Seat 4: Kosova1968 (big blind) collected ($23.52)


PokerStars Hand #176106234932:  Hold'em Limit ($3/$6 USD) - 2017/09/25 12:01:52 ET
Table 'Gormeisa II' 6-max Seat #1 is the button
Seat 1: megachel51 ($60.47 in chips)
Seat 3: Ag3r0n ($311.53 in chips)
megachel51: posts small blind $1
Ag3r0n: posts big blind $3
*** HOLE CARDS ***
megachel51: raises $3 to $6
Ag3r0n: folds
Uncalled bet ($3) returned to megachel51
megachel51 collected $6 from pot
*** SUMMARY ***
Total pot $6 | Rake $0
Seat 1: megachel51 (button) (small blind) collected ($6)
Seat 3: Ag3r0n (big blind) folded before Flop


PokerStars Hand #176106220551:  Hold'em Limit ($3/$6 USD) - 2017/09/25 12:01:30 ET
Table 'Gormeisa II' 6-max Seat #3 is the button
Seat 1: megachel51 ($33.97 in chips)
Seat 3: Ag3r0n ($338.53 in chips)
Ag3r0n: posts small blind $1
TbIP-TbIP 88: is sitting out
megachel51: posts big blind $3
*** HOLE CARDS ***
Ag3r0n: raises $3 to $6
megachel51: calls $3
*** FLOP *** [6h 2h 5s]
megachel51: bets $3
Ag3r0n: raises $3 to $6
megachel51: raises $3 to $9
Ag3r0n: calls $3
*** TURN *** [6h 2h 5s] [5h]
megachel51: bets $6
Ag3r0n: calls $6
*** RIVER *** [6h 2h 5s 5h] [3s]
megachel51: bets $6
Ag3r0n: calls $6
*** SHOW DOWN ***
megachel51: shows [5d Ah] (three of a kind, Fives)
Ag3r0n: mucks hand
megachel51 collected $53.50 from pot
*** SUMMARY ***
Total pot $54 | Rake $0.50
Board [6h 2h 5s 5h 3s]
Seat 1: megachel51 (big blind) showed [5d Ah] and won ($53.50) with three of a kind, Fives
Seat 3: Ag3r0n (button) (small blind) mucked


PokerStars Hand #176106239930:  Hold'em Limit ($3/$6 USD) - 2017/09/25 12:01:59 ET
Table 'Gormeisa II' 6-max Seat #3 is the button
Seat 1: megachel51 ($63.47 in chips)
Seat 3: Ag3r0n ($308.53 in chips)
Ag3r0n: posts small blind $1
megachel51: posts big blind $3
*** HOLE CARDS ***
Ag3r0n: folds
Uncalled bet ($2) returned to megachel51
megachel51 collected $2 from pot
*** SUMMARY ***
Total pot $2 | Rake $0
Seat 1: megachel51 (big blind) collected ($2)
Seat 3: Ag3r0n (button) (small blind) folded before Flop


PokerStars Hand #176106243523:  Hold'em Limit ($3/$6 USD) - 2017/09/25 12:02:04 ET
Table 'Gormeisa II' 6-max Seat #1 is the button
Seat 1: megachel51 ($64.47 in chips)
Seat 3: Ag3r0n ($307.53 in chips)
megachel51: posts small blind $1
Ag3r0n: posts big blind $3
*** HOLE CARDS ***
megachel51: calls $2
Kosova1968 is disconnected
Ag3r0n: raises $3 to $6
megachel51: calls $3
*** FLOP *** [4d Tc 5s]
Ag3r0n: checks
megachel51: bets $3
Ag3r0n: calls $3
*** TURN *** [4d Tc 5s] [Jd]
Ag3r0n: checks
megachel51: bets $6
Ag3r0n: folds
Uncalled bet ($6) returned to megachel51
megachel51 collected $17.64 from pot
*** SUMMARY ***
Total pot $18 | Rake $0.36
Board [4d Tc 5s Jd]
Seat 1: megachel51 (button) (small blind) collected ($17.64)
Seat 3: Ag3r0n (big blind) folded on the Turn


PokerStars Hand #176106257012:  Hold'em Limit ($3/$6 USD) - 2017/09/25 12:02:23 ET
Table 'Gormeisa II' 6-max Seat #3 is the button
Seat 1: megachel51 ($73.11 in chips)
Seat 3: Ag3r0n ($298.53 in chips)
Ag3r0n: posts small blind $1
megachel51: posts big blind $3
*** HOLE CARDS ***
Ag3r0n: raises $3 to $6
megachel51: raises $3 to $9
Ag3r0n: calls $3
*** FLOP *** [9h 9d Td]
megachel51: bets $3
Ag3r0n: calls $3
*** TURN *** [9h 9d Td] [7c]
megachel51: bets $6
Ag3r0n: calls $6
*** RIVER *** [9h 9d Td 7c] [9c]
megachel51: bets $6
Ag3r0n: calls $6
*** SHOW DOWN ***
megachel51: shows [Ks Qh] (three of a kind, Nines)
Ag3r0n: shows [Jc 7s] (a full house, Nines full of Sevens)
Ag3r0n collected $47.50 from pot
*** SUMMARY ***
Total pot $48 | Rake $0.50
Board [9h 9d Td 7c 9c]
Seat 1: megachel51 (big blind) showed [Ks Qh] and lost with three of a kind, Nines
Seat 3: Ag3r0n (button) (small blind) showed [Jc 7s] and won ($47.50) with a full house, Nines full of Sevens


PokerStars Hand #176106292553:  Hold'em Limit ($3/$6 USD) - 2017/09/25 12:03:13 ET
Table 'Gormeisa II' 6-max Seat #3 is the button
Seat 1: megachel51 ($63.61 in chips)
Seat 3: Ag3r0n ($307.03 in chips)
Ag3r0n: posts small blind $1
Zubasa07 was removed from the table for failing to post
megachel51: posts big blind $3
*** HOLE CARDS ***
Ag3r0n: raises $3 to $6
megachel51: calls $3
*** FLOP *** [2h 5c 5h]
megachel51: checks
Ag3r0n: checks
*** TURN *** [2h 5c 5h] [6d]
megachel51: checks
Ag3r0n: checks
*** RIVER *** [2h 5c 5h 6d] [Kh]
megachel51: bets $6
Ag3r0n: calls $6
*** SHOW DOWN ***
megachel51: shows [7c 4s] (a pair of Fives)
Ag3r0n: shows [Qh Tc] (a pair of Fives - King+Queen kicker)
Ag3r0n collected $23.52 from pot
*** SUMMARY ***
Total pot $24 | Rake $0.48
Board [2h 5c 5h 6d Kh]
Seat 1: megachel51 (big blind) showed [7c 4s] and lost with a pair of Fives
Seat 3: Ag3r0n (button) (small blind) showed [Qh Tc] and won ($23.52) with a pair of Fives


PokerStars Hand #176106269851:  Hold'em Limit ($3/$6 USD) - 2017/09/25 12:02:41 ET
Table 'Gormeisa II' 6-max Seat #1 is the button
Seat 1: megachel51 ($49.11 in chips)
Seat 3: Ag3r0n ($322.03 in chips)
megachel51: posts small blind $1
Ag3r0n: posts big blind $3
*** HOLE CARDS ***
megachel51: raises $3 to $6
Ag3r0n: calls $3
*** FLOP *** [Jh Jc 9s]
Ag3r0n: checks
megachel51: bets $3
Ag3r0n: calls $3
*** TURN *** [Jh Jc 9s] [9h]
Ag3r0n: checks
megachel51: checks
*** RIVER *** [Jh Jc 9s 9h] [4d]
Ag3r0n: bets $6
megachel51: raises $6 to $12
Ag3r0n: folds
Uncalled bet ($6) returned to megachel51
megachel51 collected $29.50 from pot
*** SUMMARY ***
Total pot $30 | Rake $0.50
Board [Jh Jc 9s 9h 4d]
Seat 1: megachel51 (button) (small blind) collected ($29.50)
Seat 3: Ag3r0n (big blind) folded on the River


PokerStars Hand #176106309477:  Hold'em Limit ($3/$6 USD) - 2017/09/25 12:03:37 ET
Table 'Gormeisa II' 6-max Seat #1 is the button
Seat 1: megachel51 ($51.61 in chips)
Seat 3: Ag3r0n ($318.55 in chips)
megachel51: posts small blind $1
Ag3r0n: posts big blind $3
*** HOLE CARDS ***
megachel51: calls $2
Ag3r0n: raises $3 to $6
megachel51: calls $3
*** FLOP *** [8c 9h Kc]
Ag3r0n: bets $3
megachel51: calls $3
*** TURN *** [8c 9h Kc] [9d]
Ag3r0n: bets $6
megachel51: folds
Uncalled bet ($6) returned to Ag3r0n
Ag3r0n collected $17.64 from pot
Ag3r0n: doesn't show hand
*** SUMMARY ***
Total pot $18 | Rake $0.36
Board [8c 9h Kc 9d]
Seat 1: megachel51 (button) (small blind) folded on the Turn
Seat 3: Ag3r0n (big blind) collected ($17.64)


PokerStars Hand #176106321412:  Hold'em Limit ($3/$6 USD) - 2017/09/25 12:03:54 ET
Table 'Gormeisa II' 6-max Seat #3 is the button
Seat 1: megachel51 ($42.61 in chips)
Seat 3: Ag3r0n ($327.19 in chips)
Ag3r0n: posts small blind $1
megachel51: posts big blind $3
*** HOLE CARDS ***
Ag3r0n: raises $3 to $6
megachel51: calls $3
*** FLOP *** [7c Qc Kd]
megachel51: checks
Ag3r0n: bets $3
megachel51: calls $3
*** TURN *** [7c Qc Kd] [5s]
megachel51: checks
Ag3r0n: checks
*** RIVER *** [7c Qc Kd 5s] [Ts]
megachel51: checks
Ag3r0n: checks
*** SHOW DOWN ***
megachel51: shows [9h 7h] (a pair of Sevens)
Ag3r0n: shows [7s Js] (a pair of Sevens - King+Queen+Jack kicker)
Ag3r0n collected $17.64 from pot
*** SUMMARY ***
Total pot $18 | Rake $0.36
Board [7c Qc Kd 5s Ts]
Seat 1: megachel51 (big blind) showed [9h 7h] and lost with a pair of Sevens
Seat 3: Ag3r0n (button) (small blind) showed [7s Js] and won ($17.64) with a pair of Sevens


PokerStars Hand #176106333630:  Hold'em Limit ($3/$6 USD) - 2017/09/25 12:04:11 ET
Table 'Gormeisa II' 6-max Seat #1 is the button
Seat 1: megachel51 ($33.61 in chips)
Seat 3: Ag3r0n ($335.83 in chips)
megachel51: posts small blind $1
samurai.ru was removed from the table for failing to post
Ag3r0n: posts big blind $3
*** HOLE CARDS ***
megachel51: calls $2
favete lin joins the table at seat #5
Ag3r0n: raises $3 to $6
megachel51: raises $3 to $9
Ag3r0n: calls $3
*** FLOP *** [As Ad Ac]
Ag3r0n: checks
megachel51: bets $3
Ag3r0n: calls $3
*** TURN *** [As Ad Ac] [8s]
Ag3r0n: checks
megachel51: bets $6
Ag3r0n: raises $6 to $12
megachel51: raises $6 to $18
Ag3r0n: calls $6
*** RIVER *** [As Ad Ac 8s] [Js]
Ag3r0n: checks
megachel51: bets $3.61 and is all-in
Ag3r0n: calls $3.61
*** SHOW DOWN ***
megachel51: shows [Ts Td] (a full house, Aces full of Tens)
Ag3r0n: shows [9d 8h] (a full house, Aces full of Eights)
megachel51 collected $66.72 from pot
*** SUMMARY ***
Total pot $67.22 | Rake $0.50
Board [As Ad Ac 8s Js]
Seat 1: megachel51 (button) (small blind) showed [Ts Td] and won ($66.72) with a full house, Aces full of Tens
Seat 3: Ag3r0n (big blind) showed [9d 8h] and lost with a full house, Aces full of Eights


PokerStars Hand #176117954425:  Hold'em Limit ($3/$6 USD) - 2017/09/25 16:09:18 ET
Table 'Gormeisa II' 6-max Seat #3 is the button
Seat 1: Kusk1 ($34.63 in chips)
Seat 3: zimin10 ($116.53 in chips)
zimin10: posts small blind $1
SEQUOIA2012: is sitting out
Kusk1: posts big blind $3
*** HOLE CARDS ***
zimin10: raises $3 to $6
Kusk1: calls $3
*** FLOP *** [8c 5s Ad]
Kusk1: bets $3
zimin10: folds
Uncalled bet ($3) returned to Kusk1
Kusk1 collected $11.76 from pot
Kusk1: doesn't show hand
*** SUMMARY ***
Total pot $12 | Rake $0.24
Board [8c 5s Ad]
Seat 1: Kusk1 (big blind) collected ($11.76)
Seat 3: zimin10 (button) (small blind) folded on the Flop


PokerStars Hand #176118018135:  Hold'em Limit ($3/$6 USD) - 2017/09/25 16:10:30 ET
Table 'Gormeisa II' 6-max Seat #1 is the button
Seat 1: Kusk1 ($26.39 in chips)
Seat 3: zimin10 ($124.03 in chips)
Kusk1: posts small blind $1
zimin10: posts big blind $3
*** HOLE CARDS ***
Kusk1: raises $3 to $6
zimin10: folds
Uncalled bet ($3) returned to Kusk1
Kusk1 collected $6 from pot
Kusk1: doesn't show hand
*** SUMMARY ***
Total pot $6 | Rake $0
Seat 1: Kusk1 (button) (small blind) collected ($6)
Seat 3: zimin10 (big blind) folded before Flop


PokerStars Hand #176118013722:  Hold'em Limit ($3/$6 USD) - 2017/09/25 16:10:25 ET
Table 'Gormeisa II' 6-max Seat #3 is the button
Seat 1: Kusk1 ($25.39 in chips)
Seat 3: zimin10 ($125.03 in chips)
zimin10: posts small blind $1
Kusk1: posts big blind $3
*** HOLE CARDS ***
zimin10: folds
Uncalled bet ($2) returned to Kusk1
Kusk1 collected $2 from pot
Kusk1: doesn't show hand
*** SUMMARY ***
Total pot $2 | Rake $0
Seat 1: Kusk1 (big blind) collected ($2)
Seat 3: zimin10 (button) (small blind) folded before Flop


PokerStars Hand #176117970015:  Hold'em Limit ($3/$6 USD) - 2017/09/25 16:09:36 ET
Table 'Gormeisa II' 6-max Seat #1 is the button
Seat 1: Kusk1 ($40.39 in chips)
Seat 3: zimin10 ($110.53 in chips)
Kusk1: posts small blind $1
zimin10: posts big blind $3
*** HOLE CARDS ***
Kusk1: raises $3 to $6
zimin10: calls $3
*** FLOP *** [8h 7s 9s]
zimin10: checks
SEQUOIA2012 leaves the table
Kusk1: bets $3
zimin10: calls $3
*** TURN *** [8h 7s 9s] [Js]
zimin10: bets $6
Kusk1: calls $6
*** RIVER *** [8h 7s 9s Js] [5s]
zimin10: checks
Kusk1: checks
*** SHOW DOWN ***
zimin10: shows [Kc Jh] (a pair of Jacks)
Kusk1: mucks hand
zimin10 collected $29.50 from pot
*** SUMMARY ***
Total pot $30 | Rake $0.50
Board [8h 7s 9s Js 5s]
Seat 1: Kusk1 (button) (small blind) mucked
Seat 3: zimin10 (big blind) showed [Kc Jh] and won ($29.50) with a pair of Jacks


PokerStars Hand #176118032131:  Hold'em Limit ($3/$6 USD) - 2017/09/25 16:10:46 ET
Table 'Gormeisa II' 6-max Seat #3 is the button
Seat 1: Kusk1 ($29.39 in chips)
Seat 3: zimin10 ($121.03 in chips)
zimin10: posts small blind $1
Kusk1: posts big blind $3
*** HOLE CARDS ***
zimin10: raises $3 to $6
Kusk1: calls $3
*** FLOP *** [3h Kd 5c]
Kusk1: bets $3
zimin10: calls $3
*** TURN *** [3h Kd 5c] [Qc]
Kusk1: bets $6
zimin10: folds
Uncalled bet ($6) returned to Kusk1
Kusk1 collected $17.64 from pot
Kusk1: doesn't show hand
*** SUMMARY ***
Total pot $18 | Rake $0.36
Board [3h Kd 5c Qc]
Seat 1: Kusk1 (big blind) collected ($17.64)
Seat 3: zimin10 (button) (small blind) folded on the Turn


PokerStars Hand #176118076651:  Hold'em Limit ($3/$6 USD) - 2017/09/25 16:11:37 ET
Table 'Gormeisa II' 6-max Seat #1 is the button
Seat 1: Kusk1 ($53.53 in chips)
Seat 3: zimin10 ($96.03 in chips)
Kusk1: posts small blind $1
zimin10: posts big blind $3
*** HOLE CARDS ***
Kusk1: folds
Uncalled bet ($2) returned to zimin10
zimin10 collected $2 from pot
*** SUMMARY ***
Total pot $2 | Rake $0
Seat 1: Kusk1 (button) (small blind) folded before Flop
Seat 3: zimin10 (big blind) collected ($2)


PokerStars Hand #176118072531:  Hold'em Limit ($3/$6 USD) - 2017/09/25 16:11:32 ET
Table 'Gormeisa II' 6-max Seat #3 is the button
Seat 1: Kusk1 ($52.53 in chips)
Seat 3: zimin10 ($97.03 in chips)
zimin10: posts small blind $1
Ag3r0n was removed from the table for failing to post
Kusk1: posts big blind $3
*** HOLE CARDS ***
zimin10: folds
Uncalled bet ($2) returned to Kusk1
Kusk1 collected $2 from pot
Kusk1: doesn't show hand
*** SUMMARY ***
Total pot $2 | Rake $0
Seat 1: Kusk1 (big blind) collected ($2)
Seat 3: zimin10 (button) (small blind) folded before Flop


PokerStars Hand #176118052597:  Hold'em Limit ($3/$6 USD) - 2017/09/25 16:11:10 ET
Table 'Gormeisa II' 6-max Seat #1 is the button
Seat 1: Kusk1 ($38.03 in chips)
Seat 3: zimin10 ($112.03 in chips)
Kusk1: posts small blind $1
zimin10: posts big blind $3
*** HOLE CARDS ***
Kusk1: calls $2
zimin10: raises $3 to $6
Kusk1: calls $3
*** FLOP *** [Qc Qs 5d]
zimin10: bets $3
Kusk1: calls $3
*** TURN *** [Qc Qs 5d] [Tc]
zimin10: bets $6
Kusk1: raises $6 to $12
zimin10: folds
Uncalled bet ($6) returned to Kusk1
Kusk1 collected $29.50 from pot
Kusk1: doesn't show hand
*** SUMMARY ***
Total pot $30 | Rake $0.50
Board [Qc Qs 5d Tc]
Seat 1: Kusk1 (button) (small blind) collected ($29.50)
Seat 3: zimin10 (big blind) folded on the Turn


PokerStars Hand #176118081093:  Hold'em Limit ($3/$6 USD) - 2017/09/25 16:11:42 ET
Table 'Gormeisa II' 6-max Seat #3 is the button
Seat 1: Kusk1 ($52.53 in chips)
Seat 3: zimin10 ($97.03 in chips)
zimin10: posts small blind $1
Ag3r0n joins the table at seat #2
Kusk1: posts big blind $3
*** HOLE CARDS ***
zimin10: folds
Uncalled bet ($2) returned to Kusk1
Kusk1 collected $2 from pot
Kusk1: doesn't show hand
*** SUMMARY ***
Total pot $2 | Rake $0
Seat 1: Kusk1 (big blind) collected ($2)
Seat 3: zimin10 (button) (small blind) folded before Flop


PokerStars Hand #176118365689:  Hold'em Limit ($3/$6 USD) - 2017/09/25 16:17:05 ET
Table 'Gormeisa II' 6-max Seat #3 is the button
Seat 2: Ag3r0n ($72 in chips)
Seat 3: zimin10 ($103.99 in chips)
zimin10: posts small blind $1
Kusk1: is sitting out
Ag3r0n: posts big blind $3
*** HOLE CARDS ***
zimin10: raises $3 to $6
Ag3r0n: calls $3
*** FLOP *** [4d 3s 8h]
Ag3r0n: checks
zimin10: bets $3
Kusk1 leaves the table
Ag3r0n: raises $3 to $6
zimin10: calls $3
*** TURN *** [4d 3s 8h] [4h]
Ag3r0n: bets $6
zimin10: calls $6
*** RIVER *** [4d 3s 8h 4h] [Tc]
Ag3r0n: bets $6
zimin10: calls $6
*** SHOW DOWN ***
Ag3r0n: shows [Th Js] (two pair, Tens and Fours)
zimin10: mucks hand
Ag3r0n collected $47.50 from pot
*** SUMMARY ***
Total pot $48 | Rake $0.50
Board [4d 3s 8h 4h Tc]
Seat 2: Ag3r0n (big blind) showed [Th Js] and won ($47.50) with two pair, Tens and Fours
Seat 3: zimin10 (button) (small blind) mucked


