PokerStars Hand #167329827551:  Hold'em Limit ($3/$6 USD) - 2017/03/09 6:22:06 ET
Table 'Gormeisa II' 6-max Seat #1 is the button
Seat 1: manly70 ($121.45 in chips)
Seat 2: Actionni13 ($150 in chips)
manly70: posts small blind $1
Actionni13: posts big blind $3
*** HOLE CARDS ***
manly70: raises $3 to $6
Actionni13: calls $3
*** FLOP *** [8h Jc Kh]
Actionni13: checks
manly70: bets $3
Actionni13: raises $3 to $6
manly70: folds
Uncalled bet ($3) returned to Actionni13
Actionni13 collected $17.64 from pot
Actionni13: doesn't show hand
*** SUMMARY ***
Total pot $18 | Rake $0.36
Board [8h Jc Kh]
Seat 1: manly70 (button) (small blind) folded on the Flop
Seat 2: Actionni13 (big blind) collected ($17.64)


PokerStars Hand #167329836497:  Hold'em Limit ($3/$6 USD) - 2017/03/09 6:22:26 ET
Table 'Gormeisa II' 6-max Seat #2 is the button
Seat 1: manly70 ($112.45 in chips)
Seat 2: Actionni13 ($158.64 in chips)
Actionni13: posts small blind $1
manly70: posts big blind $3
*** HOLE CARDS ***
Actionni13: raises $3 to $6
manly70: calls $3
*** FLOP *** [Qc 2c 2h]
manly70: checks
Actionni13: bets $3
manly70: folds
Uncalled bet ($3) returned to Actionni13
Actionni13 collected $11.76 from pot
Actionni13: doesn't show hand
*** SUMMARY ***
Total pot $12 | Rake $0.24
Board [Qc 2c 2h]
Seat 1: manly70 (big blind) folded on the Flop
Seat 2: Actionni13 (button) (small blind) collected ($11.76)


PokerStars Hand #167329841358:  Hold'em Limit ($3/$6 USD) - 2017/03/09 6:22:37 ET
Table 'Gormeisa II' 6-max Seat #1 is the button
Seat 1: manly70 ($106.45 in chips)
Seat 2: Actionni13 ($164.40 in chips)
manly70: posts small blind $1
Actionni13: posts big blind $3
*** HOLE CARDS ***
manly70: raises $3 to $6
Actionni13: raises $3 to $9
manly70: calls $3
*** FLOP *** [8c Qd 2c]
Actionni13: bets $3
manly70: calls $3
*** TURN *** [8c Qd 2c] [8d]
Actionni13: bets $6
manly70: folds
Uncalled bet ($6) returned to Actionni13
Actionni13 collected $23.52 from pot
Actionni13: doesn't show hand
*** SUMMARY ***
Total pot $24 | Rake $0.48
Board [8c Qd 2c 8d]
Seat 1: manly70 (button) (small blind) folded on the Turn
Seat 2: Actionni13 (big blind) collected ($23.52)


PokerStars Hand #167329872357:  Hold'em Limit ($3/$6 USD) - 2017/03/09 6:23:49 ET
Table 'Gormeisa II' 6-max Seat #1 is the button
Seat 1: manly70 ($81.45 in chips)
Seat 2: Actionni13 ($188.56 in chips)
manly70: posts small blind $1
Actionni13: posts big blind $3
*** HOLE CARDS ***
manly70: raises $3 to $6
Actionni13: folds
Uncalled bet ($3) returned to manly70
manly70 collected $6 from pot
*** SUMMARY ***
Total pot $6 | Rake $0
Seat 1: manly70 (button) (small blind) collected ($6)
Seat 2: Actionni13 (big blind) folded before Flop


PokerStars Hand #167329855811:  Hold'em Limit ($3/$6 USD) - 2017/03/09 6:23:11 ET
Table 'Gormeisa II' 6-max Seat #2 is the button
Seat 1: manly70 ($94.45 in chips)
Seat 2: Actionni13 ($175.92 in chips)
Actionni13: posts small blind $1
manly70: posts big blind $3
*** HOLE CARDS ***
Actionni13: raises $3 to $6
manly70: calls $3
*** FLOP *** [3s Qc Td]
manly70: checks
Actionni13: bets $3
manly70: calls $3
*** TURN *** [3s Qc Td] [8s]
manly70: checks
Actionni13: checks
*** RIVER *** [3s Qc Td 8s] [9h]
manly70: checks
Actionni13: bets $6
manly70: folds
Uncalled bet ($6) returned to Actionni13
Actionni13 collected $17.64 from pot
Actionni13: doesn't show hand
*** SUMMARY ***
Total pot $18 | Rake $0.36
Board [3s Qc Td 8s 9h]
Seat 1: manly70 (big blind) folded on the River
Seat 2: Actionni13 (button) (small blind) collected ($17.64)


PokerStars Hand #167329883039:  Hold'em Limit ($3/$6 USD) - 2017/03/09 6:24:14 ET
Table 'Gormeisa II' 6-max Seat #2 is the button
Seat 1: manly70 ($80.45 in chips)
Seat 2: Actionni13 ($189.56 in chips)
Actionni13: posts small blind $1
manly70: posts big blind $3
*** HOLE CARDS ***
Actionni13: raises $3 to $6
manly70: calls $3
*** FLOP *** [2h Kd 4s]
manly70: checks
Actionni13: bets $3
manly70: folds
Uncalled bet ($3) returned to Actionni13
Actionni13 collected $11.76 from pot
Actionni13: doesn't show hand
*** SUMMARY ***
Total pot $12 | Rake $0.24
Board [2h Kd 4s]
Seat 1: manly70 (big blind) folded on the Flop
Seat 2: Actionni13 (button) (small blind) collected ($11.76)


PokerStars Hand #167329879559:  Hold'em Limit ($3/$6 USD) - 2017/03/09 6:24:05 ET
Table 'Gormeisa II' 6-max Seat #1 is the button
Seat 1: manly70 ($81.45 in chips)
Seat 2: Actionni13 ($188.56 in chips)
manly70: posts small blind $1
Actionni13: posts big blind $3
*** HOLE CARDS ***
manly70: folds
Uncalled bet ($2) returned to Actionni13
Actionni13 collected $2 from pot
Actionni13: doesn't show hand
*** SUMMARY ***
Total pot $2 | Rake $0
Seat 1: manly70 (button) (small blind) folded before Flop
Seat 2: Actionni13 (big blind) collected ($2)


PokerStars Hand #167329866119:  Hold'em Limit ($3/$6 USD) - 2017/03/09 6:23:35 ET
Table 'Gormeisa II' 6-max Seat #1 is the button
Seat 1: manly70 ($85.45 in chips)
Seat 2: Actionni13 ($184.56 in chips)
manly70: posts small blind $1
Actionni13: posts big blind $3
*** HOLE CARDS ***
manly70: folds
Uncalled bet ($2) returned to Actionni13
Actionni13 collected $2 from pot
*** SUMMARY ***
Total pot $2 | Rake $0
Seat 1: manly70 (button) (small blind) folded before Flop
Seat 2: Actionni13 (big blind) collected ($2)


PokerStars Hand #167329905203:  Hold'em Limit ($3/$6 USD) - 2017/03/09 6:25:05 ET
Table 'Gormeisa II' 6-max Seat #1 is the button
Seat 1: manly70 ($86.09 in chips)
Seat 2: Actionni13 ($183.32 in chips)
manly70: posts small blind $1
Actionni13: posts big blind $3
*** HOLE CARDS ***
manly70: calls $2
Actionni13: checks
*** FLOP *** [3d Ts 9s]
Actionni13: bets $3
manly70: calls $3
*** TURN *** [3d Ts 9s] [As]
Actionni13: bets $6
manly70: calls $6
*** RIVER *** [3d Ts 9s As] [Kc]
Actionni13: bets $6
manly70: calls $6
*** SHOW DOWN ***
Actionni13: shows [Tc 6h] (a pair of Tens)
manly70: mucks hand
Actionni13 collected $35.50 from pot
*** SUMMARY ***
Total pot $36 | Rake $0.50
Board [3d Ts 9s As Kc]
Seat 1: manly70 (button) (small blind) mucked
Seat 2: Actionni13 (big blind) showed [Tc 6h] and won ($35.50) with a pair of Tens


PokerStars Hand #167329902861:  Hold'em Limit ($3/$6 USD) - 2017/03/09 6:25:00 ET
Table 'Gormeisa II' 6-max Seat #2 is the button
Seat 1: manly70 ($85.09 in chips)
Seat 2: Actionni13 ($184.32 in chips)
Actionni13: posts small blind $1
manly70: posts big blind $3
*** HOLE CARDS ***
Actionni13: folds
Uncalled bet ($2) returned to manly70
manly70 collected $2 from pot
*** SUMMARY ***
Total pot $2 | Rake $0
Seat 1: manly70 (big blind) collected ($2)
Seat 2: Actionni13 (button) (small blind) folded before Flop


PokerStars Hand #167329899776:  Hold'em Limit ($3/$6 USD) - 2017/03/09 6:24:53 ET
Table 'Gormeisa II' 6-max Seat #1 is the button
Seat 1: manly70 ($86.09 in chips)
Seat 2: Actionni13 ($183.32 in chips)
manly70: posts small blind $1
Actionni13: posts big blind $3
*** HOLE CARDS ***
manly70: folds
Uncalled bet ($2) returned to Actionni13
Actionni13 collected $2 from pot
Actionni13: doesn't show hand
*** SUMMARY ***
Total pot $2 | Rake $0
Seat 1: manly70 (button) (small blind) folded before Flop
Seat 2: Actionni13 (big blind) collected ($2)


PokerStars Hand #167329891898:  Hold'em Limit ($3/$6 USD) - 2017/03/09 6:24:34 ET
Table 'Gormeisa II' 6-max Seat #2 is the button
Seat 1: manly70 ($77.45 in chips)
Seat 2: Actionni13 ($192.32 in chips)
Actionni13: posts small blind $1
manly70: posts big blind $3
*** HOLE CARDS ***
Actionni13: raises $3 to $6
manly70: calls $3
*** FLOP *** [9s 5d As]
manly70: checks
Actionni13: bets $3
manly70: calls $3
*** TURN *** [9s 5d As] [8s]
manly70: checks
Actionni13: checks
*** RIVER *** [9s 5d As 8s] [5c]
manly70: checks
Actionni13: checks
*** SHOW DOWN ***
manly70: shows [Ks Jd] (a pair of Fives)
Actionni13: mucks hand
manly70 collected $17.64 from pot
*** SUMMARY ***
Total pot $18 | Rake $0.36
Board [9s 5d As 8s 5c]
Seat 1: manly70 (big blind) showed [Ks Jd] and won ($17.64) with a pair of Fives
Seat 2: Actionni13 (button) (small blind) mucked


PokerStars Hand #167329888299:  Hold'em Limit ($3/$6 USD) - 2017/03/09 6:24:26 ET
Table 'Gormeisa II' 6-max Seat #1 is the button
Seat 1: manly70 ($74.45 in chips)
Seat 2: Actionni13 ($195.32 in chips)
manly70: posts small blind $1
Actionni13: posts big blind $3
*** HOLE CARDS ***
manly70: raises $3 to $6
Actionni13: folds
Uncalled bet ($3) returned to manly70
manly70 collected $6 from pot
*** SUMMARY ***
Total pot $6 | Rake $0
Seat 1: manly70 (button) (small blind) collected ($6)
Seat 2: Actionni13 (big blind) folded before Flop


PokerStars Hand #167329914666:  Hold'em Limit ($3/$6 USD) - 2017/03/09 6:25:26 ET
Table 'Gormeisa II' 6-max Seat #2 is the button
Seat 1: manly70 ($68.09 in chips)
Seat 2: Actionni13 ($200.82 in chips)
Actionni13: posts small blind $1
manly70: posts big blind $3
*** HOLE CARDS ***
Actionni13: raises $3 to $6
manly70: calls $3
*** FLOP *** [3h 5d 2c]
manly70: checks
Actionni13: checks
*** TURN *** [3h 5d 2c] [As]
manly70: checks
Actionni13: bets $6
manly70: folds
Uncalled bet ($6) returned to Actionni13
Actionni13 collected $11.76 from pot
Actionni13: doesn't show hand
*** SUMMARY ***
Total pot $12 | Rake $0.24
Board [3h 5d 2c As]
Seat 1: manly70 (big blind) folded on the Turn
Seat 2: Actionni13 (button) (small blind) collected ($11.76)


PokerStars Hand #167329922081:  Hold'em Limit ($3/$6 USD) - 2017/03/09 6:25:44 ET
Table 'Gormeisa II' 6-max Seat #1 is the button
Seat 1: manly70 ($62.09 in chips)
Seat 2: Actionni13 ($206.58 in chips)
manly70: posts small blind $1
Actionni13: posts big blind $3
*** HOLE CARDS ***
manly70: raises $3 to $6
Actionni13: calls $3
*** FLOP *** [Ts Jd 4d]
Actionni13: checks
manly70: bets $3
Actionni13: folds
Uncalled bet ($3) returned to manly70
manly70 collected $11.76 from pot
*** SUMMARY ***
Total pot $12 | Rake $0.24
Board [Ts Jd 4d]
Seat 1: manly70 (button) (small blind) collected ($11.76)
Seat 2: Actionni13 (big blind) folded on the Flop


PokerStars Hand #167329929751:  Hold'em Limit ($3/$6 USD) - 2017/03/09 6:26:01 ET
Table 'Gormeisa II' 6-max Seat #1 is the button
Seat 1: manly70 ($64.85 in chips)
Seat 2: Actionni13 ($203.58 in chips)
manly70: posts small blind $1
Actionni13: posts big blind $3
*** HOLE CARDS ***
manly70: raises $3 to $6
Actionni13: raises $3 to $9
manly70: calls $3
*** FLOP *** [4s As 9s]
Actionni13: bets $3
manly70: raises $3 to $6
Actionni13: calls $3
*** TURN *** [4s As 9s] [2d]
Actionni13: checks
manly70: bets $6
Actionni13: calls $6
*** RIVER *** [4s As 9s 2d] [Kc]
Actionni13: checks
manly70: bets $6
Actionni13: calls $6
*** SHOW DOWN ***
manly70: shows [Ks 8s] (a flush, Ace high)
Actionni13: mucks hand
manly70 collected $53.50 from pot
*** SUMMARY ***
Total pot $54 | Rake $0.50
Board [4s As 9s 2d Kc]
Seat 1: manly70 (button) (small blind) showed [Ks 8s] and won ($53.50) with a flush, Ace high
Seat 2: Actionni13 (big blind) mucked


PokerStars Hand #167329956734:  Hold'em Limit ($3/$6 USD) - 2017/03/09 6:27:03 ET
Table 'Gormeisa II' 6-max Seat #2 is the button
Seat 1: manly70 ($84.35 in chips)
Seat 2: Actionni13 ($183.34 in chips)
Actionni13: posts small blind $1
manly70: posts big blind $3
*** HOLE CARDS ***
Actionni13: folds
Uncalled bet ($2) returned to manly70
manly70 collected $2 from pot
*** SUMMARY ***
Total pot $2 | Rake $0
Seat 1: manly70 (big blind) collected ($2)
Seat 2: Actionni13 (button) (small blind) folded before Flop


PokerStars Hand #167329953521:  Hold'em Limit ($3/$6 USD) - 2017/03/09 6:26:56 ET
Table 'Gormeisa II' 6-max Seat #1 is the button
Seat 1: manly70 ($85.35 in chips)
Seat 2: Actionni13 ($182.34 in chips)
manly70: posts small blind $1
Actionni13: posts big blind $3
*** HOLE CARDS ***
manly70: folds
Uncalled bet ($2) returned to Actionni13
Actionni13 collected $2 from pot
Actionni13: doesn't show hand
*** SUMMARY ***
Total pot $2 | Rake $0
Seat 1: manly70 (button) (small blind) folded before Flop
Seat 2: Actionni13 (big blind) collected ($2)


PokerStars Hand #167329947850:  Hold'em Limit ($3/$6 USD) - 2017/03/09 6:26:42 ET
Table 'Gormeisa II' 6-max Seat #2 is the button
Seat 1: manly70 ($91.35 in chips)
Seat 2: Actionni13 ($176.58 in chips)
Actionni13: posts small blind $1
manly70: posts big blind $3
*** HOLE CARDS ***
Actionni13: raises $3 to $6
manly70: calls $3
*** FLOP *** [Jh 2s 4c]
manly70: checks
Actionni13: bets $3
manly70: folds
Uncalled bet ($3) returned to Actionni13
Actionni13 collected $11.76 from pot
Actionni13: doesn't show hand
*** SUMMARY ***
Total pot $12 | Rake $0.24
Board [Jh 2s 4c]
Seat 1: manly70 (big blind) folded on the Flop
Seat 2: Actionni13 (button) (small blind) collected ($11.76)


PokerStars Hand #167329959168:  Hold'em Limit ($3/$6 USD) - 2017/03/09 6:27:08 ET
Table 'Gormeisa II' 6-max Seat #1 is the button
Seat 1: manly70 ($85.35 in chips)
Seat 2: Actionni13 ($182.34 in chips)
manly70: posts small blind $1
Actionni13: posts big blind $3
*** HOLE CARDS ***
manly70: raises $3 to $6
Actionni13: calls $3
*** FLOP *** [9s 4c Tc]
Actionni13: checks
manly70: bets $3
Actionni13: folds
Uncalled bet ($3) returned to manly70
manly70 collected $11.76 from pot
*** SUMMARY ***
Total pot $12 | Rake $0.24
Board [9s 4c Tc]
Seat 1: manly70 (button) (small blind) collected ($11.76)
Seat 2: Actionni13 (big blind) folded on the Flop


PokerStars Hand #167329965853:  Hold'em Limit ($3/$6 USD) - 2017/03/09 6:27:24 ET
Table 'Gormeisa II' 6-max Seat #2 is the button
Seat 1: manly70 ($91.11 in chips)
Seat 2: Actionni13 ($176.34 in chips)
Actionni13: posts small blind $1
manly70: posts big blind $3
*** HOLE CARDS ***
Actionni13: raises $3 to $6
manly70: calls $3
*** FLOP *** [5d 5h Jc]
manly70: checks
Actionni13: bets $3
manly70: calls $3
*** TURN *** [5d 5h Jc] [Ts]
manly70: checks
Actionni13: bets $6
manly70: folds
Uncalled bet ($6) returned to Actionni13
Actionni13 collected $17.64 from pot
Actionni13: doesn't show hand
*** SUMMARY ***
Total pot $18 | Rake $0.36
Board [5d 5h Jc Ts]
Seat 1: manly70 (big blind) folded on the Turn
Seat 2: Actionni13 (button) (small blind) collected ($17.64)


PokerStars Hand #167329987307:  Hold'em Limit ($3/$6 USD) - 2017/03/09 6:28:13 ET
Table 'Gormeisa II' 6-max Seat #2 is the button
Seat 1: manly70 ($84.99 in chips)
Seat 2: Actionni13 ($181.98 in chips)
Actionni13: posts small blind $1
manly70: posts big blind $3
*** HOLE CARDS ***
Actionni13: folds
Uncalled bet ($2) returned to manly70
manly70 collected $2 from pot
*** SUMMARY ***
Total pot $2 | Rake $0
Seat 1: manly70 (big blind) collected ($2)
Seat 2: Actionni13 (button) (small blind) folded before Flop


PokerStars Hand #167329973170:  Hold'em Limit ($3/$6 USD) - 2017/03/09 6:27:41 ET
Table 'Gormeisa II' 6-max Seat #1 is the button
Seat 1: manly70 ($82.11 in chips)
Seat 2: Actionni13 ($184.98 in chips)
manly70: posts small blind $1
Actionni13: posts big blind $3
*** HOLE CARDS ***
manly70: calls $2
Actionni13: checks
*** FLOP *** [3c Jh Ts]
Actionni13: checks
manly70: checks
*** TURN *** [3c Jh Ts] [7c]
Actionni13: checks
manly70: checks
*** RIVER *** [3c Jh Ts 7c] [Kh]
Actionni13: checks
manly70: bets $6
Actionni13: folds
Uncalled bet ($6) returned to manly70
manly70 collected $5.88 from pot
*** SUMMARY ***
Total pot $6 | Rake $0.12
Board [3c Jh Ts 7c Kh]
Seat 1: manly70 (button) (small blind) collected ($5.88)
Seat 2: Actionni13 (big blind) folded on the River


PokerStars Hand #167330000597:  Hold'em Limit ($3/$6 USD) - 2017/03/09 6:28:44 ET
Table 'Gormeisa II' 6-max Seat #2 is the button
Seat 1: manly70 ($88.87 in chips)
Seat 2: Actionni13 ($177.98 in chips)
Actionni13: posts small blind $1
manly70: posts big blind $3
*** HOLE CARDS ***
Actionni13: raises $3 to $6
manly70: calls $3
*** FLOP *** [Ts 3h 5c]
manly70: checks
Actionni13: bets $3
manly70: calls $3
*** TURN *** [Ts 3h 5c] [Th]
manly70: checks
Actionni13: checks
*** RIVER *** [Ts 3h 5c Th] [Kd]
manly70: checks
Actionni13: bets $6
manly70: calls $6
*** SHOW DOWN ***
Actionni13: shows [8c 9s] (a pair of Tens)
manly70: shows [2d As] (a pair of Tens - Ace kicker)
manly70 collected $29.50 from pot
*** SUMMARY ***
Total pot $30 | Rake $0.50
Board [Ts 3h 5c Th Kd]
Seat 1: manly70 (big blind) showed [2d As] and won ($29.50) with a pair of Tens
Seat 2: Actionni13 (button) (small blind) showed [8c 9s] and lost with a pair of Tens


PokerStars Hand #167329989803:  Hold'em Limit ($3/$6 USD) - 2017/03/09 6:28:19 ET
Table 'Gormeisa II' 6-max Seat #1 is the button
Seat 1: manly70 ($85.99 in chips)
Seat 2: Actionni13 ($180.98 in chips)
manly70: posts small blind $1
Actionni13: posts big blind $3
*** HOLE CARDS ***
manly70: calls $2
Actionni13: checks
*** FLOP *** [4c Tc 7h]
Actionni13: checks
manly70: bets $3
Actionni13: folds
Uncalled bet ($3) returned to manly70
manly70 collected $5.88 from pot
*** SUMMARY ***
Total pot $6 | Rake $0.12
Board [4c Tc 7h]
Seat 1: manly70 (button) (small blind) collected ($5.88)
Seat 2: Actionni13 (big blind) folded on the Flop


PokerStars Hand #167330019613:  Hold'em Limit ($3/$6 USD) - 2017/03/09 6:29:27 ET
Table 'Gormeisa II' 6-max Seat #1 is the button
Seat 1: manly70 ($103.37 in chips)
Seat 2: Actionni13 ($162.98 in chips)
manly70: posts small blind $1
Actionni13: posts big blind $3
*** HOLE CARDS ***
manly70: folds
Uncalled bet ($2) returned to Actionni13
Actionni13 collected $2 from pot
Actionni13: doesn't show hand
*** SUMMARY ***
Total pot $2 | Rake $0
Seat 1: manly70 (button) (small blind) folded before Flop
Seat 2: Actionni13 (big blind) collected ($2)


PokerStars Hand #167330036107:  Hold'em Limit ($3/$6 USD) - 2017/03/09 6:30:05 ET
Table 'Gormeisa II' 6-max Seat #2 is the button
Seat 1: manly70 ($125.87 in chips)
Seat 2: Actionni13 ($150 in chips)
Actionni13: posts small blind $1
manly70: posts big blind $3
*** HOLE CARDS ***
Actionni13: raises $3 to $6
manly70: calls $3
*** FLOP *** [Ah 5h 3c]
manly70: checks
Actionni13: bets $3
manly70: calls $3
*** TURN *** [Ah 5h 3c] [5s]
manly70: checks
Actionni13: checks
*** RIVER *** [Ah 5h 3c 5s] [3d]
manly70: checks
Actionni13: bets $6
manly70: folds
Uncalled bet ($6) returned to Actionni13
Actionni13 collected $17.64 from pot
Actionni13: doesn't show hand
*** SUMMARY ***
Total pot $18 | Rake $0.36
Board [Ah 5h 3c 5s 3d]
Seat 1: manly70 (big blind) folded on the River
Seat 2: Actionni13 (button) (small blind) collected ($17.64)


PokerStars Hand #167330025184:  Hold'em Limit ($3/$6 USD) - 2017/03/09 6:29:40 ET
Table 'Gormeisa II' 6-max Seat #1 is the button
Seat 1: manly70 ($99.37 in chips)
Seat 2: Actionni13 ($166.98 in chips)
manly70: posts small blind $1
Actionni13: posts big blind $3
*** HOLE CARDS ***
manly70: calls $2
Actionni13: raises $3 to $6
manly70: calls $3
*** FLOP *** [Th Ah 2c]
Actionni13: bets $3
manly70: raises $3 to $6
Actionni13: raises $3 to $9
manly70: calls $3
*** TURN *** [Th Ah 2c] [Jh]
Actionni13: bets $6
manly70: calls $6
*** RIVER *** [Th Ah 2c Jh] [4h]
Actionni13: bets $6
manly70: calls $6
*** SHOW DOWN ***
Actionni13: shows [Ac 9s] (a pair of Aces)
manly70: shows [2d Td] (two pair, Tens and Deuces)
manly70 collected $53.50 from pot
*** SUMMARY ***
Total pot $54 | Rake $0.50
Board [Th Ah 2c Jh 4h]
Seat 1: manly70 (button) (small blind) showed [2d Td] and won ($53.50) with two pair, Tens and Deuces
Seat 2: Actionni13 (big blind) showed [Ac 9s] and lost with a pair of Aces


PokerStars Hand #167330065560:  Hold'em Limit ($3/$6 USD) - 2017/03/09 6:31:12 ET
Table 'Gormeisa II' 6-max Seat #2 is the button
Seat 1: manly70 ($111.63 in chips)
Seat 2: Actionni13 ($163.40 in chips)
Actionni13: posts small blind $1
manly70: posts big blind $3
*** HOLE CARDS ***
Actionni13: raises $3 to $6
manly70: folds
Uncalled bet ($3) returned to Actionni13
Actionni13 collected $6 from pot
Actionni13: doesn't show hand
*** SUMMARY ***
Total pot $6 | Rake $0
Seat 1: manly70 (big blind) folded before Flop
Seat 2: Actionni13 (button) (small blind) collected ($6)


PokerStars Hand #167330058022:  Hold'em Limit ($3/$6 USD) - 2017/03/09 6:30:54 ET
Table 'Gormeisa II' 6-max Seat #1 is the button
Seat 1: manly70 ($105.87 in chips)
Seat 2: Actionni13 ($169.40 in chips)
manly70: posts small blind $1
Actionni13: posts big blind $3
*** HOLE CARDS ***
manly70: calls $2
Actionni13: checks
*** FLOP *** [Jc Qs 6d]
Actionni13: bets $3
manly70: calls $3
*** TURN *** [Jc Qs 6d] [2d]
Actionni13: checks
manly70: bets $6
Actionni13: folds
Uncalled bet ($6) returned to manly70
manly70 collected $11.76 from pot
*** SUMMARY ***
Total pot $12 | Rake $0.24
Board [Jc Qs 6d 2d]
Seat 1: manly70 (button) (small blind) collected ($11.76)
Seat 2: Actionni13 (big blind) folded on the Turn


PokerStars Hand #167330053176:  Hold'em Limit ($3/$6 USD) - 2017/03/09 6:30:43 ET
Table 'Gormeisa II' 6-max Seat #2 is the button
Seat 1: manly70 ($111.87 in chips)
Seat 2: Actionni13 ($163.64 in chips)
Actionni13: posts small blind $1
manly70: posts big blind $3
*** HOLE CARDS ***
Actionni13: raises $3 to $6
manly70: calls $3
*** FLOP *** [Qh 8d Js]
manly70: checks
Actionni13: bets $3
manly70: folds
Uncalled bet ($3) returned to Actionni13
Actionni13 collected $11.76 from pot
Actionni13: doesn't show hand
*** SUMMARY ***
Total pot $12 | Rake $0.24
Board [Qh 8d Js]
Seat 1: manly70 (big blind) folded on the Flop
Seat 2: Actionni13 (button) (small blind) collected ($11.76)


PokerStars Hand #167330050629:  Hold'em Limit ($3/$6 USD) - 2017/03/09 6:30:38 ET
Table 'Gormeisa II' 6-max Seat #1 is the button
Seat 1: manly70 ($112.87 in chips)
Seat 2: Actionni13 ($162.64 in chips)
manly70: posts small blind $1
Actionni13: posts big blind $3
*** HOLE CARDS ***
manly70: folds
Uncalled bet ($2) returned to Actionni13
Actionni13 collected $2 from pot
Actionni13: doesn't show hand
*** SUMMARY ***
Total pot $2 | Rake $0
Seat 1: manly70 (button) (small blind) folded before Flop
Seat 2: Actionni13 (big blind) collected ($2)


PokerStars Hand #167330047777:  Hold'em Limit ($3/$6 USD) - 2017/03/09 6:30:31 ET
Table 'Gormeisa II' 6-max Seat #2 is the button
Seat 1: manly70 ($115.87 in chips)
Seat 2: Actionni13 ($159.64 in chips)
Actionni13: posts small blind $1
manly70: posts big blind $3
*** HOLE CARDS ***
Actionni13: raises $3 to $6
manly70: folds
Uncalled bet ($3) returned to Actionni13
Actionni13 collected $6 from pot
Actionni13: doesn't show hand
*** SUMMARY ***
Total pot $6 | Rake $0
Seat 1: manly70 (big blind) folded before Flop
Seat 2: Actionni13 (button) (small blind) collected ($6)


PokerStars Hand #167330045393:  Hold'em Limit ($3/$6 USD) - 2017/03/09 6:30:26 ET
Table 'Gormeisa II' 6-max Seat #1 is the button
Seat 1: manly70 ($116.87 in chips)
Seat 2: Actionni13 ($158.64 in chips)
manly70: posts small blind $1
Actionni13: posts big blind $3
*** HOLE CARDS ***
manly70: folds
Uncalled bet ($2) returned to Actionni13
Actionni13 collected $2 from pot
Actionni13: doesn't show hand
*** SUMMARY ***
Total pot $2 | Rake $0
Seat 1: manly70 (button) (small blind) folded before Flop
Seat 2: Actionni13 (big blind) collected ($2)


PokerStars Hand #167330096617:  Hold'em Limit ($3/$6 USD) - 2017/03/09 6:32:22 ET
Table 'Gormeisa II' 6-max Seat #1 is the button
Seat 1: manly70 ($112.27 in chips)
Seat 2: Actionni13 ($162.16 in chips)
manly70: posts small blind $1
Actionni13: posts big blind $3
*** HOLE CARDS ***
manly70: folds
Uncalled bet ($2) returned to Actionni13
Actionni13 collected $2 from pot
Actionni13: doesn't show hand
*** SUMMARY ***
Total pot $2 | Rake $0
Seat 1: manly70 (button) (small blind) folded before Flop
Seat 2: Actionni13 (big blind) collected ($2)


PokerStars Hand #167330093211:  Hold'em Limit ($3/$6 USD) - 2017/03/09 6:32:14 ET
Table 'Gormeisa II' 6-max Seat #2 is the button
Seat 1: manly70 ($115.27 in chips)
Seat 2: Actionni13 ($159.16 in chips)
Actionni13: posts small blind $1
manly70: posts big blind $3
*** HOLE CARDS ***
Actionni13: raises $3 to $6
manly70: folds
Uncalled bet ($3) returned to Actionni13
Actionni13 collected $6 from pot
Actionni13: doesn't show hand
*** SUMMARY ***
Total pot $6 | Rake $0
Seat 1: manly70 (big blind) folded before Flop
Seat 2: Actionni13 (button) (small blind) collected ($6)


PokerStars Hand #167330084310:  Hold'em Limit ($3/$6 USD) - 2017/03/09 6:31:54 ET
Table 'Gormeisa II' 6-max Seat #2 is the button
Seat 1: manly70 ($118.27 in chips)
Seat 2: Actionni13 ($156.40 in chips)
Actionni13: posts small blind $1
manly70: posts big blind $3
*** HOLE CARDS ***
Actionni13: raises $3 to $6
manly70: calls $3
*** FLOP *** [3s Qh Tc]
manly70: checks
Actionni13: bets $3
manly70: folds
Uncalled bet ($3) returned to Actionni13
Actionni13 collected $11.76 from pot
Actionni13: doesn't show hand
*** SUMMARY ***
Total pot $12 | Rake $0.24
Board [3s Qh Tc]
Seat 1: manly70 (big blind) folded on the Flop
Seat 2: Actionni13 (button) (small blind) collected ($11.76)


PokerStars Hand #167330078929:  Hold'em Limit ($3/$6 USD) - 2017/03/09 6:31:42 ET
Table 'Gormeisa II' 6-max Seat #1 is the button
Seat 1: manly70 ($112.51 in chips)
Seat 2: Actionni13 ($162.40 in chips)
manly70: posts small blind $1
Actionni13: posts big blind $3
*** HOLE CARDS ***
manly70: raises $3 to $6
Actionni13: calls $3
*** FLOP *** [Js Ac 2c]
Actionni13: checks
manly70: bets $3
Actionni13: folds
Uncalled bet ($3) returned to manly70
manly70 collected $11.76 from pot
*** SUMMARY ***
Total pot $12 | Rake $0.24
Board [Js Ac 2c]
Seat 1: manly70 (button) (small blind) collected ($11.76)
Seat 2: Actionni13 (big blind) folded on the Flop


PokerStars Hand #167330076039:  Hold'em Limit ($3/$6 USD) - 2017/03/09 6:31:35 ET
Table 'Gormeisa II' 6-max Seat #2 is the button
Seat 1: manly70 ($111.51 in chips)
Seat 2: Actionni13 ($163.40 in chips)
Actionni13: posts small blind $1
manly70: posts big blind $3
*** HOLE CARDS ***
Actionni13: folds
Uncalled bet ($2) returned to manly70
manly70 collected $2 from pot
*** SUMMARY ***
Total pot $2 | Rake $0
Seat 1: manly70 (big blind) collected ($2)
Seat 2: Actionni13 (button) (small blind) folded before Flop


PokerStars Hand #167330068375:  Hold'em Limit ($3/$6 USD) - 2017/03/09 6:31:18 ET
Table 'Gormeisa II' 6-max Seat #1 is the button
Seat 1: manly70 ($108.63 in chips)
Seat 2: Actionni13 ($166.40 in chips)
manly70: posts small blind $1
Actionni13: posts big blind $3
*** HOLE CARDS ***
manly70: calls $2
Actionni13: checks
*** FLOP *** [3c Tc Jd]
Actionni13: checks
manly70: checks
*** TURN *** [3c Tc Jd] [7c]
Actionni13: checks
manly70: bets $6
Actionni13: folds
Uncalled bet ($6) returned to manly70
manly70 collected $5.88 from pot
*** SUMMARY ***
Total pot $6 | Rake $0.12
Board [3c Tc Jd 7c]
Seat 1: manly70 (button) (small blind) collected ($5.88)
Seat 2: Actionni13 (big blind) folded on the Turn


PokerStars Hand #167330089825:  Hold'em Limit ($3/$6 USD) - 2017/03/09 6:32:06 ET
Table 'Gormeisa II' 6-max Seat #1 is the button
Seat 1: manly70 ($112.27 in chips)
Seat 2: Actionni13 ($162.16 in chips)
manly70: posts small blind $1
Actionni13: posts big blind $3
*** HOLE CARDS ***
manly70: raises $3 to $6
Actionni13: folds
Uncalled bet ($3) returned to manly70
manly70 collected $6 from pot
*** SUMMARY ***
Total pot $6 | Rake $0
Seat 1: manly70 (button) (small blind) collected ($6)
Seat 2: Actionni13 (big blind) folded before Flop


PokerStars Hand #167330111900:  Hold'em Limit ($3/$6 USD) - 2017/03/09 6:32:58 ET
Table 'Gormeisa II' 6-max Seat #2 is the button
Seat 1: manly70 ($112.03 in chips)
Seat 2: Actionni13 ($161.92 in chips)
Actionni13: posts small blind $1
manly70: posts big blind $3
*** HOLE CARDS ***
Actionni13: raises $3 to $6
manly70: folds
Uncalled bet ($3) returned to Actionni13
Actionni13 collected $6 from pot
Actionni13: doesn't show hand
*** SUMMARY ***
Total pot $6 | Rake $0
Seat 1: manly70 (big blind) folded before Flop
Seat 2: Actionni13 (button) (small blind) collected ($6)


PokerStars Hand #167330098898:  Hold'em Limit ($3/$6 USD) - 2017/03/09 6:32:27 ET
Table 'Gormeisa II' 6-max Seat #2 is the button
Seat 1: manly70 ($111.27 in chips)
Seat 2: Actionni13 ($163.16 in chips)
Actionni13: posts small blind $1
manly70: posts big blind $3
*** HOLE CARDS ***
Actionni13: folds
Uncalled bet ($2) returned to manly70
manly70 collected $2 from pot
*** SUMMARY ***
Total pot $2 | Rake $0
Seat 1: manly70 (big blind) collected ($2)
Seat 2: Actionni13 (button) (small blind) folded before Flop


PokerStars Hand #167330117976:  Hold'em Limit ($3/$6 USD) - 2017/03/09 6:33:13 ET
Table 'Gormeisa II' 6-max Seat #2 is the button
Seat 1: manly70 ($108.03 in chips)
Seat 2: Actionni13 ($165.92 in chips)
Actionni13: posts small blind $1
manly70: posts big blind $3
*** HOLE CARDS ***
Actionni13: folds
Uncalled bet ($2) returned to manly70
manly70 collected $2 from pot
*** SUMMARY ***
Total pot $2 | Rake $0
Seat 1: manly70 (big blind) collected ($2)
Seat 2: Actionni13 (button) (small blind) folded before Flop


PokerStars Hand #167330115430:  Hold'em Limit ($3/$6 USD) - 2017/03/09 6:33:06 ET
Table 'Gormeisa II' 6-max Seat #1 is the button
Seat 1: manly70 ($109.03 in chips)
Seat 2: Actionni13 ($164.92 in chips)
manly70: posts small blind $1
Actionni13: posts big blind $3
*** HOLE CARDS ***
manly70: folds
Uncalled bet ($2) returned to Actionni13
Actionni13 collected $2 from pot
Actionni13: doesn't show hand
*** SUMMARY ***
Total pot $2 | Rake $0
Seat 1: manly70 (button) (small blind) folded before Flop
Seat 2: Actionni13 (big blind) collected ($2)


PokerStars Hand #167330145360:  Hold'em Limit ($3/$6 USD) - 2017/03/09 6:34:16 ET
Table 'Gormeisa II' 6-max Seat #1 is the button
Seat 1: manly70 ($94.67 in chips)
Seat 2: Actionni13 ($178.18 in chips)
manly70: posts small blind $1
Actionni13: posts big blind $3
*** HOLE CARDS ***
manly70: calls $2
Actionni13: checks
*** FLOP *** [4c Ah Td]
Actionni13: checks
manly70: bets $3
Actionni13: folds
Uncalled bet ($3) returned to manly70
manly70 collected $5.88 from pot
*** SUMMARY ***
Total pot $6 | Rake $0.12
Board [4c Ah Td]
Seat 1: manly70 (button) (small blind) collected ($5.88)
Seat 2: Actionni13 (big blind) folded on the Flop


PokerStars Hand #167330139746:  Hold'em Limit ($3/$6 USD) - 2017/03/09 6:34:03 ET
Table 'Gormeisa II' 6-max Seat #2 is the button
Seat 1: manly70 ($100.67 in chips)
Seat 2: Actionni13 ($172.42 in chips)
Actionni13: posts small blind $1
manly70: posts big blind $3
*** HOLE CARDS ***
Actionni13: raises $3 to $6
manly70: calls $3
*** FLOP *** [4h 9d 9c]
manly70: checks
Actionni13: bets $3
manly70: folds
Uncalled bet ($3) returned to Actionni13
Actionni13 collected $11.76 from pot
Actionni13: doesn't show hand
*** SUMMARY ***
Total pot $12 | Rake $0.24
Board [4h 9d 9c]
Seat 1: manly70 (big blind) folded on the Flop
Seat 2: Actionni13 (button) (small blind) collected ($11.76)


PokerStars Hand #167330129755:  Hold'em Limit ($3/$6 USD) - 2017/03/09 6:33:39 ET
Table 'Gormeisa II' 6-max Seat #2 is the button
Seat 1: manly70 ($91.03 in chips)
Seat 2: Actionni13 ($182.42 in chips)
Actionni13: posts small blind $1
manly70: posts big blind $3
*** HOLE CARDS ***
Actionni13: folds
Uncalled bet ($2) returned to manly70
manly70 collected $2 from pot
*** SUMMARY ***
Total pot $2 | Rake $0
Seat 1: manly70 (big blind) collected ($2)
Seat 2: Actionni13 (button) (small blind) folded before Flop


PokerStars Hand #167330131809:  Hold'em Limit ($3/$6 USD) - 2017/03/09 6:33:44 ET
Table 'Gormeisa II' 6-max Seat #1 is the button
Seat 1: manly70 ($92.03 in chips)
Seat 2: Actionni13 ($181.42 in chips)
manly70: posts small blind $1
Actionni13: posts big blind $3
*** HOLE CARDS ***
manly70: raises $3 to $6
Actionni13: calls $3
*** FLOP *** [8c 7s Ac]
Actionni13: checks
manly70: bets $3
Actionni13: calls $3
*** TURN *** [8c 7s Ac] [Js]
Actionni13: checks
manly70: bets $6
Actionni13: folds
Uncalled bet ($6) returned to manly70
manly70 collected $17.64 from pot
*** SUMMARY ***
Total pot $18 | Rake $0.36
Board [8c 7s Ac Js]
Seat 1: manly70 (button) (small blind) collected ($17.64)
Seat 2: Actionni13 (big blind) folded on the Turn


PokerStars Hand #167330120306:  Hold'em Limit ($3/$6 USD) - 2017/03/09 6:33:18 ET
Table 'Gormeisa II' 6-max Seat #1 is the button
Seat 1: manly70 ($109.03 in chips)
Seat 2: Actionni13 ($164.92 in chips)
manly70: posts small blind $1
Actionni13: posts big blind $3
*** HOLE CARDS ***
manly70: raises $3 to $6
Actionni13: calls $3
*** FLOP *** [Qd 9d 6d]
Actionni13: checks
manly70: bets $3
Actionni13: raises $3 to $6
manly70: calls $3
*** TURN *** [Qd 9d 6d] [4h]
Actionni13: bets $6
manly70: calls $6
*** RIVER *** [Qd 9d 6d 4h] [7s]
Actionni13: bets $6
manly70: folds
Uncalled bet ($6) returned to Actionni13
Actionni13 collected $35.50 from pot
Actionni13: doesn't show hand
*** SUMMARY ***
Total pot $36 | Rake $0.50
Board [Qd 9d 6d 4h 7s]
Seat 1: manly70 (button) (small blind) folded on the River
Seat 2: Actionni13 (big blind) collected ($35.50)


PokerStars Hand #167330162936:  Hold'em Limit ($3/$6 USD) - 2017/03/09 6:34:56 ET
Table 'Gormeisa II' 6-max Seat #2 is the button
Seat 1: manly70 ($105.19 in chips)
Seat 2: Actionni13 ($167.18 in chips)
Actionni13: posts small blind $1
manly70: posts big blind $3
*** HOLE CARDS ***
Actionni13: raises $3 to $6
manly70: calls $3
*** FLOP *** [2h Ac 5s]
manly70: checks
Actionni13: bets $3
manly70: calls $3
*** TURN *** [2h Ac 5s] [8d]
manly70: checks
Actionni13: checks
*** RIVER *** [2h Ac 5s 8d] [9h]
manly70: checks
Actionni13: checks
*** SHOW DOWN ***
manly70: shows [7c Qd] (high card Ace)
Actionni13: shows [Kd Qh] (high card Ace - King kicker)
Actionni13 collected $17.64 from pot
*** SUMMARY ***
Total pot $18 | Rake $0.36
Board [2h Ac 5s 8d 9h]
Seat 1: manly70 (big blind) showed [7c Qd] and lost with high card Ace
Seat 2: Actionni13 (button) (small blind) showed [Kd Qh] and won ($17.64) with high card Ace


PokerStars Hand #167330160358:  Hold'em Limit ($3/$6 USD) - 2017/03/09 6:34:50 ET
Table 'Gormeisa II' 6-max Seat #1 is the button
Seat 1: manly70 ($106.19 in chips)
Seat 2: Actionni13 ($166.18 in chips)
manly70: posts small blind $1
Actionni13: posts big blind $3
*** HOLE CARDS ***
manly70: folds
Uncalled bet ($2) returned to Actionni13
Actionni13 collected $2 from pot
Actionni13: doesn't show hand
*** SUMMARY ***
Total pot $2 | Rake $0
Seat 1: manly70 (button) (small blind) folded before Flop
Seat 2: Actionni13 (big blind) collected ($2)


PokerStars Hand #167330151401:  Hold'em Limit ($3/$6 USD) - 2017/03/09 6:34:30 ET
Table 'Gormeisa II' 6-max Seat #2 is the button
Seat 1: manly70 ($97.55 in chips)
Seat 2: Actionni13 ($175.18 in chips)
Actionni13: posts small blind $1
manly70: posts big blind $3
*** HOLE CARDS ***
Actionni13: raises $3 to $6
manly70: calls $3
*** FLOP *** [5s Js 7s]
manly70: checks
Actionni13: bets $3
manly70: calls $3
*** TURN *** [5s Js 7s] [Ks]
manly70: checks
Actionni13: checks
*** RIVER *** [5s Js 7s Ks] [2c]
manly70: bets $6
Actionni13: folds
Uncalled bet ($6) returned to manly70
manly70 collected $17.64 from pot
*** SUMMARY ***
Total pot $18 | Rake $0.36
Board [5s Js 7s Ks 2c]
Seat 1: manly70 (big blind) collected ($17.64)
Seat 2: Actionni13 (button) (small blind) folded on the River


PokerStars Hand #167330176621:  Hold'em Limit ($3/$6 USD) - 2017/03/09 6:35:26 ET
Table 'Gormeisa II' 6-max Seat #1 is the button
Seat 1: manly70 ($96.19 in chips)
Seat 2: Actionni13 ($175.82 in chips)
manly70: posts small blind $1
Actionni13: posts big blind $3
*** HOLE CARDS ***
LouisB joins the table at seat #3
manly70: calls $2
Actionni13: checks
*** FLOP *** [Ah 5c 3h]
Actionni13: bets $3
manly70: folds
Uncalled bet ($3) returned to Actionni13
Actionni13 collected $5.88 from pot
Actionni13: doesn't show hand
*** SUMMARY ***
Total pot $6 | Rake $0.12
Board [Ah 5c 3h]
Seat 1: manly70 (button) (small blind) folded on the Flop
Seat 2: Actionni13 (big blind) collected ($5.88)


PokerStars Hand #167330263942:  Hold'em Limit ($3/$6 USD) - 2017/03/09 6:38:41 ET
Table 'Gormeisa II' 6-max Seat #3 is the button
Seat 2: Actionni13 ($179.95 in chips)
Seat 3: LouisB ($106.10 in chips)
LouisB: posts small blind $1
Actionni13: posts big blind $3
*** HOLE CARDS ***
LouisB: raises $3 to $6
Actionni13: raises $3 to $9
LouisB: raises $3 to $12
Betting is capped
Actionni13: calls $3
*** FLOP *** [Kc 6d 4d]
Actionni13: checks
LouisB: bets $3
Actionni13: calls $3
*** TURN *** [Kc 6d 4d] [7s]
Actionni13: checks
LouisB: bets $6
Actionni13: folds
Uncalled bet ($6) returned to LouisB
LouisB collected $29.50 from pot
LouisB: doesn't show hand
*** SUMMARY ***
Total pot $30 | Rake $0.50
Board [Kc 6d 4d 7s]
Seat 2: Actionni13 (big blind) folded on the Turn
Seat 3: LouisB (button) (small blind) collected ($29.50)


