PokerStars Hand #144612552611:  Hold'em Limit ($3/$6 USD) - 2015/11/30 11:09:31 ET
Table 'Gormeisa III' 6-max Seat #4 is the button
Seat 4: Karpik09 ($91 in chips)
Seat 5: chrispy12345 ($72.13 in chips)
Karpik09: posts small blind $1
chrispy12345: posts big blind $3
*** HOLE CARDS ***
B_loJkl joins the table at seat #1
Karpik09: folds
Uncalled bet ($2) returned to chrispy12345
chrispy12345 collected $2 from pot
chrispy12345: doesn't show hand
*** SUMMARY ***
Total pot $2 | Rake $0
Seat 4: Karpik09 (button) (small blind) folded before Flop
Seat 5: chrispy12345 (big blind) collected ($2)


PokerStars Hand #144613100562:  Hold'em Limit ($3/$6 USD) - 2015/11/30 11:21:46 ET
Table 'Gormeisa III' 6-max Seat #3 is the button
Seat 3: JSDM8682 ($316.03 in chips)
Seat 6: NUFCfanboy ($112 in chips)
B_loJkl will be allowed to play after the button
JSDM8682: posts small blind $1
schnizm: is sitting out
NUFCfanboy: posts big blind $3
*** HOLE CARDS ***
kolaz03 joins the table at seat #2
kolaz03 leaves the table
JSDM8682: calls $2
korrnel joins the table at seat #2
NUFCfanboy: checks
*** FLOP *** [4d Qs Tc]
NUFCfanboy: bets $3
JSDM8682: folds
Uncalled bet ($3) returned to NUFCfanboy
NUFCfanboy collected $5.88 from pot
NUFCfanboy: doesn't show hand
*** SUMMARY ***
Total pot $6 | Rake $0.12
Board [4d Qs Tc]
Seat 3: JSDM8682 (button) (small blind) folded on the Flop
Seat 6: NUFCfanboy (big blind) collected ($5.88)


PokerStars Hand #144630040634:  Hold'em Limit ($3/$6 USD) - 2015/11/30 16:34:43 ET
Table 'Gormeisa III' 6-max Seat #2 is the button
Seat 1: Chessnok ($78.47 in chips)
Seat 2: JTDStreet ($173.55 in chips)
JTDStreet: posts small blind $1
LolDnkaments: is sitting out
boogi: is sitting out
Chessnok: posts big blind $3
*** HOLE CARDS ***
LolDnkaments leaves the table
JTDStreet: raises $3 to $6
Chessnok: calls $3
*** FLOP *** [Jc 4c 7h]
Chessnok: checks
JTDStreet: bets $3
Chessnok: calls $3
*** TURN *** [Jc 4c 7h] [5h]
TinaTurner72 leaves the table
Chessnok: checks
JTDStreet: checks
*** RIVER *** [Jc 4c 7h 5h] [9s]
Chessnok: bets $6
JTDStreet: raises $6 to $12
Chessnok: calls $6
*** SHOW DOWN ***
JTDStreet: shows [Th 8c] (a straight, Seven to Jack)
Chessnok: mucks hand
JTDStreet collected $41.50 from pot
dye111 joins the table at seat #3
*** SUMMARY ***
Total pot $42 | Rake $0.50
Board [Jc 4c 7h 5h 9s]
Seat 1: Chessnok (big blind) mucked
Seat 2: JTDStreet (button) (small blind) showed [Th 8c] and won ($41.50) with a straight, Seven to Jack


PokerStars Hand #144630057553:  Hold'em Limit ($3/$6 USD) - 2015/11/30 16:35:00 ET
Table 'Gormeisa III' 6-max Seat #1 is the button
Seat 1: Chessnok ($60 in chips)
Seat 2: JTDStreet ($194.05 in chips)
Chessnok: posts small blind $1
JTDStreet: posts big blind $3
*** HOLE CARDS ***
Chessnok: raises $3 to $6
JTDStreet: raises $3 to $9
Chessnok: calls $3
*** FLOP *** [4c 7d Ah]
JTDStreet: bets $3
Chessnok: folds
Uncalled bet ($3) returned to JTDStreet
JTDStreet collected $17.64 from pot
JTDStreet: doesn't show hand
*** SUMMARY ***
Total pot $18 | Rake $0.36
Board [4c 7d Ah]
Seat 1: Chessnok (button) (small blind) folded on the Flop
Seat 2: JTDStreet (big blind) collected ($17.64)


PokerStars Hand #144631219605:  Hold'em Limit ($3/$6 USD) - 2015/11/30 16:55:39 ET
Table 'Gormeisa III' 6-max Seat #1 is the button
Seat 1: Chessnok ($112.65 in chips)
Seat 2: trucker7475 ($84 in chips)
Chessnok: posts small blind $1
trucker7475: posts big blind $3
*** HOLE CARDS ***
Chessnok: raises $3 to $6
Karpik09 joins the table at seat #3
trucker7475: folds
Uncalled bet ($3) returned to Chessnok
Chessnok collected $6 from pot
Chessnok: doesn't show hand
*** SUMMARY ***
Total pot $6 | Rake $0
Seat 1: Chessnok (button) (small blind) collected ($6)
Seat 2: trucker7475 (big blind) folded before Flop


