PokerStars Hand #173908235399:  Hold'em Limit ($3/$6 USD) - 2017/08/04 10:06:41 ET
Table 'Gormeisa II' 6-max Seat #4 is the button
Seat 1: aremom4e ($123 in chips)
Seat 4: uglyghost101 ($117 in chips)
uglyghost101: posts small blind $1
aremom4e: posts big blind $3
*** HOLE CARDS ***
uglyghost101: raises $3 to $6
aremom4e: folds
Uncalled bet ($3) returned to uglyghost101
uglyghost101 collected $6 from pot
uglyghost101: doesn't show hand
*** SUMMARY ***
Total pot $6 | Rake $0
Seat 1: aremom4e (big blind) folded before Flop
Seat 4: uglyghost101 (button) (small blind) collected ($6)


PokerStars Hand #173908230071:  Hold'em Limit ($3/$6 USD) - 2017/08/04 10:06:31 ET
Table 'Gormeisa II' 6-max Seat #1 is the button
Seat 1: aremom4e ($120 in chips)
Seat 4: uglyghost101 ($120 in chips)
aremom4e: posts small blind $1
uglyghost101: posts big blind $3
*** HOLE CARDS ***
aremom4e: raises $3 to $6
uglyghost101: folds
Uncalled bet ($3) returned to aremom4e
aremom4e collected $6 from pot
aremom4e: doesn't show hand
*** SUMMARY ***
Total pot $6 | Rake $0
Seat 1: aremom4e (button) (small blind) collected ($6)
Seat 4: uglyghost101 (big blind) folded before Flop


PokerStars Hand #173908256238:  Hold'em Limit ($3/$6 USD) - 2017/08/04 10:07:21 ET
Table 'Gormeisa II' 6-max Seat #1 is the button
Seat 1: aremom4e ($123.88 in chips)
Seat 4: uglyghost101 ($116 in chips)
aremom4e: posts small blind $1
uglyghost101: posts big blind $3
*** HOLE CARDS ***
aremom4e: folds
Uncalled bet ($2) returned to uglyghost101
uglyghost101 collected $2 from pot
uglyghost101: doesn't show hand
*** SUMMARY ***
Total pot $2 | Rake $0
Seat 1: aremom4e (button) (small blind) folded before Flop
Seat 4: uglyghost101 (big blind) collected ($2)


PokerStars Hand #173908252645:  Hold'em Limit ($3/$6 USD) - 2017/08/04 10:07:14 ET
Table 'Gormeisa II' 6-max Seat #4 is the button
Seat 1: aremom4e ($122.88 in chips)
Seat 4: uglyghost101 ($117 in chips)
uglyghost101: posts small blind $1
aremom4e: posts big blind $3
*** HOLE CARDS ***
uglyghost101: folds
Uncalled bet ($2) returned to aremom4e
aremom4e collected $2 from pot
aremom4e: doesn't show hand
*** SUMMARY ***
Total pot $2 | Rake $0
Seat 1: aremom4e (big blind) collected ($2)
Seat 4: uglyghost101 (button) (small blind) folded before Flop


PokerStars Hand #173908238549:  Hold'em Limit ($3/$6 USD) - 2017/08/04 10:06:47 ET
Table 'Gormeisa II' 6-max Seat #1 is the button
Seat 1: aremom4e ($120 in chips)
Seat 4: uglyghost101 ($120 in chips)
aremom4e: posts small blind $1
uglyghost101: posts big blind $3
*** HOLE CARDS ***
aremom4e: calls $2
uglyghost101: checks
*** FLOP *** [4c 3h 8d]
uglyghost101: checks
aremom4e: checks
*** TURN *** [4c 3h 8d] [Ks]
uglyghost101: checks
aremom4e: bets $6
uglyghost101: folds
Uncalled bet ($6) returned to aremom4e
aremom4e collected $5.88 from pot
aremom4e: doesn't show hand
*** SUMMARY ***
Total pot $6 | Rake $0.12
Board [4c 3h 8d Ks]
Seat 1: aremom4e (button) (small blind) collected ($5.88)
Seat 4: uglyghost101 (big blind) folded on the Turn


PokerStars Hand #173908286797:  Hold'em Limit ($3/$6 USD) - 2017/08/04 10:08:20 ET
Table 'Gormeisa II' 6-max Seat #4 is the button
Seat 1: aremom4e ($115.88 in chips)
Seat 4: uglyghost101 ($123.76 in chips)
uglyghost101: posts small blind $1
aremom4e: posts big blind $3
*** HOLE CARDS ***
uglyghost101: calls $2
aremom4e: checks
*** FLOP *** [2d 3c 4d]
aremom4e: checks
uglyghost101: bets $3
aremom4e: raises $3 to $6
uglyghost101: calls $3
*** TURN *** [2d 3c 4d] [6h]
aremom4e: bets $6
uglyghost101: folds
Uncalled bet ($6) returned to aremom4e
aremom4e collected $17.64 from pot
aremom4e: doesn't show hand
*** SUMMARY ***
Total pot $18 | Rake $0.36
Board [2d 3c 4d 6h]
Seat 1: aremom4e (big blind) collected ($17.64)
Seat 4: uglyghost101 (button) (small blind) folded on the Turn


PokerStars Hand #173908283898:  Hold'em Limit ($3/$6 USD) - 2017/08/04 10:08:15 ET
Table 'Gormeisa II' 6-max Seat #1 is the button
Seat 1: aremom4e ($116.88 in chips)
Seat 4: uglyghost101 ($122.76 in chips)
aremom4e: posts small blind $1
uglyghost101: posts big blind $3
*** HOLE CARDS ***
aremom4e: folds
Uncalled bet ($2) returned to uglyghost101
uglyghost101 collected $2 from pot
uglyghost101: doesn't show hand
*** SUMMARY ***
Total pot $2 | Rake $0
Seat 1: aremom4e (button) (small blind) folded before Flop
Seat 4: uglyghost101 (big blind) collected ($2)


PokerStars Hand #173908352211:  Hold'em Limit ($3/$6 USD) - 2017/08/04 10:10:25 ET
Table 'Gormeisa II' 6-max Seat #4 is the button
Seat 1: aremom4e ($134.55 in chips)
Seat 4: uglyghost101 ($100.51 in chips)
uglyghost101: posts small blind $1
aremom4e: posts big blind $3
*** HOLE CARDS ***
uglyghost101: folds
Uncalled bet ($2) returned to aremom4e
aremom4e collected $2 from pot
aremom4e: doesn't show hand
*** SUMMARY ***
Total pot $2 | Rake $0
Seat 1: aremom4e (big blind) collected ($2)
Seat 4: uglyghost101 (button) (small blind) folded before Flop


PokerStars Hand #173908314583:  Hold'em Limit ($3/$6 USD) - 2017/08/04 10:09:14 ET
Table 'Gormeisa II' 6-max Seat #4 is the button
Seat 1: aremom4e ($124.16 in chips)
Seat 4: uglyghost101 ($111.76 in chips)
uglyghost101: posts small blind $1
aremom4e: posts big blind $3
*** HOLE CARDS ***
uglyghost101: folds
Uncalled bet ($2) returned to aremom4e
aremom4e collected $2 from pot
aremom4e: doesn't show hand
*** SUMMARY ***
Total pot $2 | Rake $0
Seat 1: aremom4e (big blind) collected ($2)
Seat 4: uglyghost101 (button) (small blind) folded before Flop


PokerStars Hand #173908317859:  Hold'em Limit ($3/$6 USD) - 2017/08/04 10:09:20 ET
Table 'Gormeisa II' 6-max Seat #1 is the button
Seat 1: aremom4e ($125.16 in chips)
Seat 4: uglyghost101 ($110.76 in chips)
aremom4e: posts small blind $1
uglyghost101: posts big blind $3
*** HOLE CARDS ***
GoliafUa leaves the table
aremom4e: raises $3 to $6
uglyghost101: calls $3
*** FLOP *** [Js 9d 7s]
uglyghost101: checks
aremom4e: bets $3
uglyghost101: calls $3
*** TURN *** [Js 9d 7s] [6s]
uglyghost101: checks
aremom4e: bets $6
uglyghost101: folds
Uncalled bet ($6) returned to aremom4e
aremom4e collected $17.64 from pot
aremom4e: doesn't show hand
*** SUMMARY ***
Total pot $18 | Rake $0.36
Board [Js 9d 7s 6s]
Seat 1: aremom4e (button) (small blind) collected ($17.64)
Seat 4: uglyghost101 (big blind) folded on the Turn


PokerStars Hand #173908338424:  Hold'em Limit ($3/$6 USD) - 2017/08/04 10:09:58 ET
Table 'Gormeisa II' 6-max Seat #4 is the button
Seat 1: aremom4e ($133.80 in chips)
Seat 4: uglyghost101 ($101.76 in chips)
uglyghost101: posts small blind $1
aremom4e: posts big blind $3
*** HOLE CARDS ***
uglyghost101: folds
Uncalled bet ($2) returned to aremom4e
aremom4e collected $2 from pot
aremom4e: doesn't show hand
*** SUMMARY ***
Total pot $2 | Rake $0
Seat 1: aremom4e (big blind) collected ($2)
Seat 4: uglyghost101 (button) (small blind) folded before Flop


PokerStars Hand #173908367058:  Hold'em Limit ($3/$6 USD) - 2017/08/04 10:10:53 ET
Table 'Gormeisa II' 6-max Seat #1 is the button
Seat 1: aremom4e ($130.55 in chips)
Seat 4: uglyghost101 ($104.27 in chips)
aremom4e: posts small blind $1
uglyghost101: posts big blind $3
*** HOLE CARDS ***
aremom4e: folds
Uncalled bet ($2) returned to uglyghost101
uglyghost101 collected $2 from pot
uglyghost101: doesn't show hand
*** SUMMARY ***
Total pot $2 | Rake $0
Seat 1: aremom4e (button) (small blind) folded before Flop
Seat 4: uglyghost101 (big blind) collected ($2)


PokerStars Hand #173908362634:  Hold'em Limit ($3/$6 USD) - 2017/08/04 10:10:44 ET
Table 'Gormeisa II' 6-max Seat #4 is the button
Seat 1: aremom4e ($129.55 in chips)
Seat 4: uglyghost101 ($105.27 in chips)
uglyghost101: posts small blind $1
aremom4e: posts big blind $3
*** HOLE CARDS ***
uglyghost101: folds
Uncalled bet ($2) returned to aremom4e
aremom4e collected $2 from pot
aremom4e: doesn't show hand
*** SUMMARY ***
Total pot $2 | Rake $0
Seat 1: aremom4e (big blind) collected ($2)
Seat 4: uglyghost101 (button) (small blind) folded before Flop


PokerStars Hand #173908341578:  Hold'em Limit ($3/$6 USD) - 2017/08/04 10:10:04 ET
Table 'Gormeisa II' 6-max Seat #1 is the button
Seat 1: aremom4e ($134.80 in chips)
Seat 4: uglyghost101 ($100.76 in chips)
aremom4e: posts small blind $1
uglyghost101: posts big blind $3
*** HOLE CARDS ***
aremom4e: raises $3 to $6
uglyghost101: calls $3
*** FLOP *** [2c Th 7d]
uglyghost101: bets $3
aremom4e: calls $3
*** TURN *** [2c Th 7d] [Js]
uglyghost101: checks
aremom4e: checks
*** RIVER *** [2c Th 7d Js] [8c]
uglyghost101: bets $6
aremom4e: raises $6 to $12
uglyghost101: calls $6
*** SHOW DOWN ***
aremom4e: shows [9h 5h] (a straight, Seven to Jack)
uglyghost101: shows [5c 9c] (a straight, Seven to Jack)
uglyghost101 collected $20.75 from pot
aremom4e collected $20.75 from pot
*** SUMMARY ***
Total pot $42 | Rake $0.50
Board [2c Th 7d Js 8c]
Seat 1: aremom4e (button) (small blind) showed [9h 5h] and won ($20.75) with a straight, Seven to Jack
Seat 4: uglyghost101 (big blind) showed [5c 9c] and won ($20.75) with a straight, Seven to Jack


PokerStars Hand #173908385470:  Hold'em Limit ($3/$6 USD) - 2017/08/04 10:11:28 ET
Table 'Gormeisa II' 6-max Seat #4 is the button
Seat 1: aremom4e ($111.55 in chips)
Seat 4: uglyghost101 ($122.77 in chips)
uglyghost101: posts small blind $1
aremom4e: posts big blind $3
*** HOLE CARDS ***
uglyghost101: calls $2
aremom4e: checks
*** FLOP *** [Qs Tc Ts]
aremom4e: checks
uglyghost101: bets $3
aremom4e: calls $3
*** TURN *** [Qs Tc Ts] [Ac]
aremom4e: checks
uglyghost101: checks
*** RIVER *** [Qs Tc Ts Ac] [Kh]
aremom4e: bets $6
uglyghost101: folds
Uncalled bet ($6) returned to aremom4e
aremom4e collected $11.76 from pot
aremom4e: doesn't show hand
*** SUMMARY ***
Total pot $12 | Rake $0.24
Board [Qs Tc Ts Ac Kh]
Seat 1: aremom4e (big blind) collected ($11.76)
Seat 4: uglyghost101 (button) (small blind) folded on the River


PokerStars Hand #173908372936:  Hold'em Limit ($3/$6 USD) - 2017/08/04 10:11:04 ET
Table 'Gormeisa II' 6-max Seat #1 is the button
Seat 1: aremom4e ($126.55 in chips)
Seat 4: uglyghost101 ($108.27 in chips)
aremom4e: posts small blind $1
uglyghost101: posts big blind $3
*** HOLE CARDS ***
aremom4e: raises $3 to $6
uglyghost101: calls $3
*** FLOP *** [9d Ad 2s]
uglyghost101: checks
aremom4e: bets $3
uglyghost101: calls $3
*** TURN *** [9d Ad 2s] [Qc]
uglyghost101: bets $6
aremom4e: calls $6
*** RIVER *** [9d Ad 2s Qc] [9s]
uglyghost101: bets $6
aremom4e: folds
Uncalled bet ($6) returned to uglyghost101
uglyghost101 collected $29.50 from pot
uglyghost101: doesn't show hand
*** SUMMARY ***
Total pot $30 | Rake $0.50
Board [9d Ad 2s Qc 9s]
Seat 1: aremom4e (button) (small blind) folded on the River
Seat 4: uglyghost101 (big blind) collected ($29.50)


PokerStars Hand #173908404595:  Hold'em Limit ($3/$6 USD) - 2017/08/04 10:12:04 ET
Table 'Gormeisa II' 6-max Seat #4 is the button
Seat 1: aremom4e ($111.31 in chips)
Seat 4: uglyghost101 ($122.53 in chips)
uglyghost101: posts small blind $1
aremom4e: posts big blind $3
*** HOLE CARDS ***
uglyghost101: raises $3 to $6
aremom4e: calls $3
*** FLOP *** [7h Ah Qs]
aremom4e: checks
uglyghost101: bets $3
aremom4e: folds
Uncalled bet ($3) returned to uglyghost101
uglyghost101 collected $11.76 from pot
uglyghost101: doesn't show hand
*** SUMMARY ***
Total pot $12 | Rake $0.24
Board [7h Ah Qs]
Seat 1: aremom4e (big blind) folded on the Flop
Seat 4: uglyghost101 (button) (small blind) collected ($11.76)


PokerStars Hand #173908411554:  Hold'em Limit ($3/$6 USD) - 2017/08/04 10:12:17 ET
Table 'Gormeisa II' 6-max Seat #1 is the button
Seat 1: aremom4e ($105.31 in chips)
Seat 4: uglyghost101 ($128.29 in chips)
aremom4e: posts small blind $1
uglyghost101: posts big blind $3
*** HOLE CARDS ***
aremom4e: calls $2
uglyghost101: raises $3 to $6
aremom4e: calls $3
*** FLOP *** [Qc 3s As]
uglyghost101: bets $3
aremom4e: raises $3 to $6
uglyghost101: raises $3 to $9
aremom4e: calls $3
*** TURN *** [Qc 3s As] [7s]
uglyghost101: bets $6
aremom4e: calls $6
*** RIVER *** [Qc 3s As 7s] [Th]
uglyghost101: bets $6
aremom4e: calls $6
*** SHOW DOWN ***
uglyghost101: shows [Js Ah] (a pair of Aces)
aremom4e: mucks hand
uglyghost101 collected $53.50 from pot
*** SUMMARY ***
Total pot $54 | Rake $0.50
Board [Qc 3s As 7s Th]
Seat 1: aremom4e (button) (small blind) mucked
Seat 4: uglyghost101 (big blind) showed [Js Ah] and won ($53.50) with a pair of Aces


PokerStars Hand #173908429140:  Hold'em Limit ($3/$6 USD) - 2017/08/04 10:12:51 ET
Table 'Gormeisa II' 6-max Seat #4 is the button
Seat 1: aremom4e ($78.31 in chips)
Seat 4: uglyghost101 ($154.79 in chips)
uglyghost101: posts small blind $1
aremom4e: posts big blind $3
*** HOLE CARDS ***
uglyghost101: raises $3 to $6
aremom4e: raises $3 to $9
uglyghost101: calls $3
*** FLOP *** [Ac 4d 4h]
aremom4e: bets $3
uglyghost101: folds
Uncalled bet ($3) returned to aremom4e
aremom4e collected $17.64 from pot
aremom4e: doesn't show hand
*** SUMMARY ***
Total pot $18 | Rake $0.36
Board [Ac 4d 4h]
Seat 1: aremom4e (big blind) collected ($17.64)
Seat 4: uglyghost101 (button) (small blind) folded on the Flop


