PokerStars Hand #168877542009:  Hold'em Limit ($3/$6 USD) - 2017/04/11 3:58:04 ET
Table 'Gormeisa II' 6-max Seat #1 is the button
Seat 1: LifeisagameX ($84 in chips)
Seat 3: hairy1961 ($50 in chips)
LifeisagameX: posts small blind $1
hairy1961: posts big blind $3
*** HOLE CARDS ***
LifeisagameX: raises $3 to $6
hairy1961: folds
Uncalled bet ($3) returned to LifeisagameX
LifeisagameX collected $6 from pot
LifeisagameX: doesn't show hand
*** SUMMARY ***
Total pot $6 | Rake $0
Seat 1: LifeisagameX (button) (small blind) collected ($6)
Seat 3: hairy1961 (big blind) folded before Flop


PokerStars Hand #168877545022:  Hold'em Limit ($3/$6 USD) - 2017/04/11 3:58:15 ET
Table 'Gormeisa II' 6-max Seat #3 is the button
Seat 1: LifeisagameX ($87 in chips)
Seat 3: hairy1961 ($47 in chips)
hairy1961: posts small blind $1
LifeisagameX: posts big blind $3
*** HOLE CARDS ***
hairy1961: raises $3 to $6
LifeisagameX: calls $3
*** FLOP *** [9d 5d Qs]
LifeisagameX: checks
hairy1961: bets $3
LifeisagameX: raises $3 to $6
hairy1961: calls $3
*** TURN *** [9d 5d Qs] [4c]
LifeisagameX: bets $6
hairy1961: folds
Uncalled bet ($6) returned to LifeisagameX
LifeisagameX collected $23.52 from pot
LifeisagameX: doesn't show hand
*** SUMMARY ***
Total pot $24 | Rake $0.48
Board [9d 5d Qs 4c]
Seat 1: LifeisagameX (big blind) collected ($23.52)
Seat 3: hairy1961 (button) (small blind) folded on the Turn


PokerStars Hand #168877553605:  Hold'em Limit ($3/$6 USD) - 2017/04/11 3:58:45 ET
Table 'Gormeisa II' 6-max Seat #1 is the button
Seat 1: LifeisagameX ($98.52 in chips)
Seat 3: hairy1961 ($35 in chips)
LifeisagameX: posts small blind $1
hairy1961: posts big blind $3
*** HOLE CARDS ***
LifeisagameX: raises $3 to $6
hairy1961: folds
Uncalled bet ($3) returned to LifeisagameX
LifeisagameX collected $6 from pot
LifeisagameX: doesn't show hand
*** SUMMARY ***
Total pot $6 | Rake $0
Seat 1: LifeisagameX (button) (small blind) collected ($6)
Seat 3: hairy1961 (big blind) folded before Flop


PokerStars Hand #168877573441:  Hold'em Limit ($3/$6 USD) - 2017/04/11 3:59:55 ET
Table 'Gormeisa II' 6-max Seat #3 is the button
Seat 1: LifeisagameX ($111.02 in chips)
Seat 3: hairy1961 ($21.56 in chips)
hairy1961: posts small blind $1
LifeisagameX: posts big blind $3
*** HOLE CARDS ***
hairy1961: folds
Uncalled bet ($2) returned to LifeisagameX
LifeisagameX collected $2 from pot
LifeisagameX: doesn't show hand
*** SUMMARY ***
Total pot $2 | Rake $0
Seat 1: LifeisagameX (big blind) collected ($2)
Seat 3: hairy1961 (button) (small blind) folded before Flop


PokerStars Hand #168877566666:  Hold'em Limit ($3/$6 USD) - 2017/04/11 3:59:31 ET
Table 'Gormeisa II' 6-max Seat #1 is the button
Seat 1: LifeisagameX ($122.02 in chips)
Seat 3: hairy1961 ($11 in chips)
LifeisagameX: posts small blind $1
hairy1961: posts big blind $3
*** HOLE CARDS ***
LifeisagameX: raises $3 to $6
hairy1961: raises $3 to $9
LifeisagameX: calls $3
*** FLOP *** [7d 5c 6h]
hairy1961: bets $2 and is all-in
LifeisagameX: calls $2
*** TURN *** [7d 5c 6h] [Qs]
*** RIVER *** [7d 5c 6h Qs] [8d]
*** SHOW DOWN ***
hairy1961: shows [5h 7s] (two pair, Sevens and Fives)
LifeisagameX: shows [6c Ad] (a pair of Sixes)
hairy1961 collected $21.56 from pot
*** SUMMARY ***
Total pot $22 | Rake $0.44
Board [7d 5c 6h Qs 8d]
Seat 1: LifeisagameX (button) (small blind) showed [6c Ad] and lost with a pair of Sixes
Seat 3: hairy1961 (big blind) showed [5h 7s] and won ($21.56) with two pair, Sevens and Fives


PokerStars Hand #168877555899:  Hold'em Limit ($3/$6 USD) - 2017/04/11 3:58:54 ET
Table 'Gormeisa II' 6-max Seat #3 is the button
Seat 1: LifeisagameX ($101.52 in chips)
Seat 3: hairy1961 ($32 in chips)
hairy1961: posts small blind $1
LifeisagameX: posts big blind $3
*** HOLE CARDS ***
hairy1961: raises $3 to $6
LifeisagameX: calls $3
*** FLOP *** [4s Kc Qc]
LifeisagameX: checks
hairy1961: bets $3
LifeisagameX: raises $3 to $6
hairy1961: raises $3 to $9
LifeisagameX: calls $3
*** TURN *** [4s Kc Qc] [Jh]
LifeisagameX: checks
hairy1961: bets $6
LifeisagameX: calls $6
*** RIVER *** [4s Kc Qc Jh] [Ad]
LifeisagameX: checks
hairy1961: checks
*** SHOW DOWN ***
LifeisagameX: shows [Qh 9d] (a pair of Queens)
hairy1961: mucks hand
LifeisagameX collected $41.50 from pot
*** SUMMARY ***
Total pot $42 | Rake $0.50
Board [4s Kc Qc Jh Ad]
Seat 1: LifeisagameX (big blind) showed [Qh 9d] and won ($41.50) with a pair of Queens
Seat 3: hairy1961 (button) (small blind) mucked


PokerStars Hand #168877575021:  Hold'em Limit ($3/$6 USD) - 2017/04/11 4:00:01 ET
Table 'Gormeisa II' 6-max Seat #1 is the button
Seat 1: LifeisagameX ($112.02 in chips)
Seat 3: hairy1961 ($20.56 in chips)
LifeisagameX: posts small blind $1
hairy1961: posts big blind $3
*** HOLE CARDS ***
LifeisagameX: raises $3 to $6
hairy1961: calls $3
*** FLOP *** [Jc Qh Js]
hairy1961: checks
LifeisagameX: bets $3
hairy1961: folds
Uncalled bet ($3) returned to LifeisagameX
LifeisagameX collected $11.76 from pot
LifeisagameX: doesn't show hand
*** SUMMARY ***
Total pot $12 | Rake $0.24
Board [Jc Qh Js]
Seat 1: LifeisagameX (button) (small blind) collected ($11.76)
Seat 3: hairy1961 (big blind) folded on the Flop


PokerStars Hand #168877579773:  Hold'em Limit ($3/$6 USD) - 2017/04/11 4:00:18 ET
Table 'Gormeisa II' 6-max Seat #3 is the button
Seat 1: LifeisagameX ($117.78 in chips)
Seat 3: hairy1961 ($14.56 in chips)
hairy1961: posts small blind $1
LifeisagameX: posts big blind $3
*** HOLE CARDS ***
hairy1961: folds
Uncalled bet ($2) returned to LifeisagameX
LifeisagameX collected $2 from pot
LifeisagameX: doesn't show hand
*** SUMMARY ***
Total pot $2 | Rake $0
Seat 1: LifeisagameX (big blind) collected ($2)
Seat 3: hairy1961 (button) (small blind) folded before Flop


PokerStars Hand #168877582084:  Hold'em Limit ($3/$6 USD) - 2017/04/11 4:00:26 ET
Table 'Gormeisa II' 6-max Seat #1 is the button
Seat 1: LifeisagameX ($118.78 in chips)
Seat 3: hairy1961 ($13.56 in chips)
LifeisagameX: posts small blind $1
hairy1961: posts big blind $3
*** HOLE CARDS ***
LifeisagameX: raises $3 to $6
hairy1961: raises $3 to $9
LifeisagameX: calls $3
*** FLOP *** [7c 4s 4d]
hairy1961: bets $3
LifeisagameX: calls $3
*** TURN *** [7c 4s 4d] [Ah]
hairy1961: bets $1.56 and is all-in
LifeisagameX: calls $1.56
*** RIVER *** [7c 4s 4d Ah] [Qd]
*** SHOW DOWN ***
hairy1961: shows [3d 2d] (a pair of Fours)
LifeisagameX: shows [7h Qh] (two pair, Queens and Sevens)
LifeisagameX collected $26.62 from pot
*** SUMMARY ***
Total pot $27.12 | Rake $0.50
Board [7c 4s 4d Ah Qd]
Seat 1: LifeisagameX (button) (small blind) showed [7h Qh] and won ($26.62) with two pair, Queens and Sevens
Seat 3: hairy1961 (big blind) showed [3d 2d] and lost with a pair of Fours


