PokerStars Hand #165395876986:  Hold'em Limit ($3/$6 USD) - 2017/01/30 5:54:00 ET
Table 'Gothard II' 6-max Seat #1 is the button
Seat 1: popeluha ($57.50 in chips)
Seat 4: Rus29APX ($120 in chips)
popeluha: posts small blind $1
Rus29APX: posts big blind $3
*** HOLE CARDS ***
popeluha: raises $3 to $6
Rus29APX: calls $3
*** FLOP *** [5d 2c 2h]
Rus29APX: checks
popeluha: bets $3
Rus29APX: calls $3
*** TURN *** [5d 2c 2h] [6c]
Rus29APX: checks
popeluha: bets $6
Rus29APX: calls $6
*** RIVER *** [5d 2c 2h 6c] [6d]
Rus29APX: checks
popeluha: bets $6
Rus29APX: calls $6
*** SHOW DOWN ***
popeluha: shows [5c 3c] (two pair, Sixes and Fives)
Rus29APX: mucks hand
popeluha collected $41.50 from pot
*** SUMMARY ***
Total pot $42 | Rake $0.50
Board [5d 2c 2h 6c 6d]
Seat 1: popeluha (button) (small blind) showed [5c 3c] and won ($41.50) with two pair, Sixes and Fives
Seat 4: Rus29APX (big blind) mucked


PokerStars Hand #165395866663:  Hold'em Limit ($3/$6 USD) - 2017/01/30 5:53:37 ET
Table 'Gothard II' 6-max Seat #4 is the button
Seat 1: popeluha ($31 in chips)
Seat 4: Rus29APX ($121 in chips)
Rus29APX: posts small blind $1
popeluha: posts big blind $3
*** HOLE CARDS ***
Rus29APX: raises $3 to $6
popeluha: calls $3
*** FLOP *** [2d 4d 7c]
popeluha: checks
Rus29APX: bets $3
popeluha: calls $3
*** TURN *** [2d 4d 7c] [7h]
popeluha: checks
Rus29APX: bets $6
popeluha: calls $6
*** RIVER *** [2d 4d 7c 7h] [Jh]
popeluha: bets $6
Rus29APX: raises $6 to $12
popeluha: calls $6
*** SHOW DOWN ***
Rus29APX: shows [5s 9h] (a pair of Sevens)
popeluha: shows [Js 9d] (two pair, Jacks and Sevens)
popeluha collected $53.50 from pot
*** SUMMARY ***
Total pot $54 | Rake $0.50
Board [2d 4d 7c 7h Jh]
Seat 1: popeluha (big blind) showed [Js 9d] and won ($53.50) with two pair, Jacks and Sevens
Seat 4: Rus29APX (button) (small blind) showed [5s 9h] and lost with a pair of Sevens


PokerStars Hand #165395893417:  Hold'em Limit ($3/$6 USD) - 2017/01/30 5:54:38 ET
Table 'Gothard II' 6-max Seat #1 is the button
Seat 1: popeluha ($75 in chips)
Seat 4: Rus29APX ($102 in chips)
popeluha: posts small blind $1
Rus29APX: posts big blind $3
*** HOLE CARDS ***
popeluha: raises $3 to $6
Rus29APX: calls $3
*** FLOP *** [4d 5s 9c]
Rus29APX: checks
popeluha: bets $3
Rus29APX: calls $3
*** TURN *** [4d 5s 9c] [5d]
Rus29APX: checks
popeluha: bets $6
Rus29APX: calls $6
*** RIVER *** [4d 5s 9c 5d] [7d]
Rus29APX: checks
popeluha: bets $6
Rus29APX: calls $6
*** SHOW DOWN ***
popeluha: shows [9d Kh] (two pair, Nines and Fives)
Rus29APX: mucks hand
popeluha collected $41.50 from pot
*** SUMMARY ***
Total pot $42 | Rake $0.50
Board [4d 5s 9c 5d 7d]
Seat 1: popeluha (button) (small blind) showed [9d Kh] and won ($41.50) with two pair, Nines and Fives
Seat 4: Rus29APX (big blind) mucked


PokerStars Hand #165395890242:  Hold'em Limit ($3/$6 USD) - 2017/01/30 5:54:31 ET
Table 'Gothard II' 6-max Seat #4 is the button
Seat 1: popeluha ($78 in chips)
Seat 4: Rus29APX ($99 in chips)
Rus29APX: posts small blind $1
popeluha: posts big blind $3
*** HOLE CARDS ***
Rus29APX: raises $3 to $6
popeluha: folds
Uncalled bet ($3) returned to Rus29APX
Rus29APX collected $6 from pot
Rus29APX: doesn't show hand
*** SUMMARY ***
Total pot $6 | Rake $0
Seat 1: popeluha (big blind) folded before Flop
Seat 4: Rus29APX (button) (small blind) collected ($6)


