PokerStars Hand #156951746507:  Hold'em Limit ($3/$6 USD) - 2016/08/06 17:20:29 ET
Table 'Gotha' 6-max Seat #4 is the button
Seat 1: poker111141 ($86.06 in chips)
Seat 4: BuzovaPro ($92.50 in chips)
BuzovaPro: posts small blind $1
poker111141: posts big blind $3
*** HOLE CARDS ***
BuzovaPro: raises $3 to $6
poker111141: calls $3
*** FLOP *** [2c 4c Qh]
James_fis223 joins the table at seat #6
poker111141: bets $3
Kajind joins the table at seat #2
BuzovaPro: calls $3
*** TURN *** [2c 4c Qh] [4s]
poker111141: bets $6
BuzovaPro: calls $6
*** RIVER *** [2c 4c Qh 4s] [8c]
poker111141: bets $6
BuzovaPro: folds
Uncalled bet ($6) returned to poker111141
poker111141 collected $29.50 from pot
poker111141: doesn't show hand
*** SUMMARY ***
Total pot $30 | Rake $0.50
Board [2c 4c Qh 4s 8c]
Seat 1: poker111141 (big blind) collected ($29.50)
Seat 4: BuzovaPro (button) (small blind) folded on the River


PokerStars Hand #156951716993:  Hold'em Limit ($3/$6 USD) - 2016/08/06 17:19:46 ET
Table 'Gotha' 6-max Seat #1 is the button
Seat 1: poker111141 ($107.06 in chips)
Seat 4: BuzovaPro ($72 in chips)
poker111141: posts small blind $1
BuzovaPro: posts big blind $3
*** HOLE CARDS ***
poker111141: calls $2
BuzovaPro: raises $3 to $6
poker111141: calls $3
*** FLOP *** [3s Qd Qc]
BuzovaPro: bets $3
poker111141: calls $3
*** TURN *** [3s Qd Qc] [Ac]
BuzovaPro: checks
poker111141: bets $6
BuzovaPro: calls $6
*** RIVER *** [3s Qd Qc Ac] [5h]
BuzovaPro: checks
poker111141: bets $6
BuzovaPro: calls $6
*** SHOW DOWN ***
poker111141: shows [8h Jc] (a pair of Queens)
BuzovaPro: shows [4s 5s] (two pair, Queens and Fives)
BuzovaPro collected $41.50 from pot
*** SUMMARY ***
Total pot $42 | Rake $0.50
Board [3s Qd Qc Ac 5h]
Seat 1: poker111141 (button) (small blind) showed [8h Jc] and lost with a pair of Queens
Seat 4: BuzovaPro (big blind) showed [4s 5s] and won ($41.50) with two pair, Queens and Fives


PokerStars Hand #156952002720:  Hold'em Limit ($3/$6 USD) - 2016/08/06 17:26:28 ET
Table 'Gotha' 6-max Seat #3 is the button
Seat 2: Kajind ($132.94 in chips)
Seat 3: ChicagoBull4 ($57.71 in chips)
ChicagoBull4: posts small blind $1
Longstaaf: is sitting out
Kajind: posts big blind $3
*** HOLE CARDS ***
ChicagoBull4: raises $3 to $6
Longstaaf leaves the table
Kajind: calls $3
*** FLOP *** [Jh 2s 6s]
Kajind: checks
ChicagoBull4: bets $3
Kajind: calls $3
*** TURN *** [Jh 2s 6s] [3s]
Kajind: checks
ChicagoBull4: checks
*** RIVER *** [Jh 2s 6s 3s] [9h]
Kajind: bets $6
ChicagoBull4: folds
Uncalled bet ($6) returned to Kajind
Kajind collected $17.64 from pot
Kajind: doesn't show hand
*** SUMMARY ***
Total pot $18 | Rake $0.36
Board [Jh 2s 6s 3s 9h]
Seat 2: Kajind (big blind) collected ($17.64)
Seat 3: ChicagoBull4 (button) (small blind) folded on the River


PokerStars Hand #156952025494:  Hold'em Limit ($3/$6 USD) - 2016/08/06 17:26:53 ET
Table 'Gotha' 6-max Seat #2 is the button
Seat 2: Kajind ($141.58 in chips)
Seat 3: ChicagoBull4 ($48.71 in chips)
Kajind: posts small blind $1
ChicagoBull4: posts big blind $3
*** HOLE CARDS ***
Kajind: raises $3 to $6
ChicagoBull4: calls $3
*** FLOP *** [4s 6s 5d]
ChicagoBull4: checks
Kajind: bets $3
ChicagoBull4: calls $3
*** TURN *** [4s 6s 5d] [5s]
ChicagoBull4: checks
Kajind: bets $6
ChicagoBull4: folds
Uncalled bet ($6) returned to Kajind
Kajind collected $17.64 from pot
Kajind: doesn't show hand
*** SUMMARY ***
Total pot $18 | Rake $0.36
Board [4s 6s 5d 5s]
Seat 2: Kajind (button) (small blind) collected ($17.64)
Seat 3: ChicagoBull4 (big blind) folded on the Turn


PokerStars Hand #156952082588:  Hold'em Limit ($3/$6 USD) - 2016/08/06 17:27:57 ET
Table 'Gotha' 6-max Seat #2 is the button
Seat 2: Kajind ($170.72 in chips)
Seat 3: ChicagoBull4 ($18.71 in chips)
Kajind: posts small blind $1
ChicagoBull4: posts big blind $3
*** HOLE CARDS ***
Kajind: folds
Uncalled bet ($2) returned to ChicagoBull4
ChicagoBull4 collected $2 from pot
ChicagoBull4: doesn't show hand
*** SUMMARY ***
Total pot $2 | Rake $0
Seat 2: Kajind (button) (small blind) folded before Flop
Seat 3: ChicagoBull4 (big blind) collected ($2)


PokerStars Hand #156952052620:  Hold'em Limit ($3/$6 USD) - 2016/08/06 17:27:23 ET
Table 'Gotha' 6-max Seat #3 is the button
Seat 2: Kajind ($150.22 in chips)
Seat 3: ChicagoBull4 ($39.71 in chips)
ChicagoBull4: posts small blind $1
Kajind: posts big blind $3
*** HOLE CARDS ***
_fayzulllo_ joins the table at seat #5
ChicagoBull4: raises $3 to $6
Kajind: raises $3 to $9
ChicagoBull4: raises $3 to $12
Betting is capped
BuzovaPro joins the table at seat #6
Kajind: calls $3
*** FLOP *** [Tc Ks 7s]
Kajind: checks
ChicagoBull4: bets $3
Kajind: calls $3
*** TURN *** [Tc Ks 7s] [Jd]
Kajind: checks
ChicagoBull4: checks
*** RIVER *** [Tc Ks 7s Jd] [2c]
Kajind: bets $6
ChicagoBull4: calls $6
*** SHOW DOWN ***
Kajind: shows [Kc Qc] (a pair of Kings)
ChicagoBull4: mucks hand
Kajind collected $41.50 from pot
*** SUMMARY ***
Total pot $42 | Rake $0.50
Board [Tc Ks 7s Jd 2c]
Seat 2: Kajind (big blind) showed [Kc Qc] and won ($41.50) with a pair of Kings
Seat 3: ChicagoBull4 (button) (small blind) mucked


PokerStars Hand #156956148490:  Hold'em Limit ($3/$6 USD) - 2016/08/06 19:15:07 ET
Table 'Gotha' 6-max Seat #1 is the button
Seat 1: Arsenavet ($200.65 in chips)
Seat 2: Hannibal2211 ($113.04 in chips)
Arsenavet: posts small blind $1
Hannibal2211: posts big blind $3
*** HOLE CARDS ***
Arsenavet: folds
Uncalled bet ($2) returned to Hannibal2211
Hannibal2211 collected $2 from pot
*** SUMMARY ***
Total pot $2 | Rake $0
Seat 1: Arsenavet (button) (small blind) folded before Flop
Seat 2: Hannibal2211 (big blind) collected ($2)


PokerStars Hand #156956130976:  Hold'em Limit ($3/$6 USD) - 2016/08/06 19:14:34 ET
Table 'Gotha' 6-max Seat #2 is the button
Seat 1: Arsenavet ($192.01 in chips)
Seat 2: Hannibal2211 ($122.04 in chips)
Hannibal2211: posts small blind $1
Arsenavet: posts big blind $3
*** HOLE CARDS ***
xx raymond x leaves the table
Hannibal2211: raises $3 to $6
Arsenavet: calls $3
*** FLOP *** [8s 9d Qc]
Arsenavet: checks
Hannibal2211: bets $3
Arsenavet: calls $3
*** TURN *** [8s 9d Qc] [Qs]
Arsenavet: checks
Hannibal2211: checks
*** RIVER *** [8s 9d Qc Qs] [7h]
Arsenavet: bets $6
Hannibal2211: folds
Uncalled bet ($6) returned to Arsenavet
Arsenavet collected $17.64 from pot
Arsenavet: doesn't show hand
*** SUMMARY ***
Total pot $18 | Rake $0.36
Board [8s 9d Qc Qs 7h]
Seat 1: Arsenavet (big blind) collected ($17.64)
Seat 2: Hannibal2211 (button) (small blind) folded on the River


PokerStars Hand #156956151251:  Hold'em Limit ($3/$6 USD) - 2016/08/06 19:15:12 ET
Table 'Gotha' 6-max Seat #2 is the button
Seat 1: Arsenavet ($199.65 in chips)
Seat 2: Hannibal2211 ($114.04 in chips)
Hannibal2211: posts small blind $1
Arsenavet: posts big blind $3
*** HOLE CARDS ***
Hannibal2211: folds
Uncalled bet ($2) returned to Arsenavet
Arsenavet collected $2 from pot
Arsenavet: doesn't show hand
*** SUMMARY ***
Total pot $2 | Rake $0
Seat 1: Arsenavet (big blind) collected ($2)
Seat 2: Hannibal2211 (button) (small blind) folded before Flop


PokerStars Hand #156956163191:  Hold'em Limit ($3/$6 USD) - 2016/08/06 19:15:34 ET
Table 'Gotha' 6-max Seat #1 is the button
Seat 1: Arsenavet ($200.65 in chips)
Seat 2: Hannibal2211 ($113.04 in chips)
Arsenavet: posts small blind $1
Hannibal2211: posts big blind $3
*** HOLE CARDS ***
Arsenavet: calls $2
Hannibal2211: checks
*** FLOP *** [4c Ks 5c]
Hannibal2211: checks
Arsenavet: bets $3
Hannibal2211: folds
Uncalled bet ($3) returned to Arsenavet
Arsenavet collected $5.88 from pot
Arsenavet: doesn't show hand
*** SUMMARY ***
Total pot $6 | Rake $0.12
Board [4c Ks 5c]
Seat 1: Arsenavet (button) (small blind) collected ($5.88)
Seat 2: Hannibal2211 (big blind) folded on the Flop


PokerStars Hand #156956159804:  Hold'em Limit ($3/$6 USD) - 2016/08/06 19:15:27 ET
Table 'Gotha' 6-max Seat #2 is the button
Seat 1: Arsenavet ($203.65 in chips)
Seat 2: Hannibal2211 ($110.04 in chips)
Hannibal2211: posts small blind $1
Arsenavet: posts big blind $3
*** HOLE CARDS ***
Hannibal2211: raises $3 to $6
Arsenavet: folds
Uncalled bet ($3) returned to Hannibal2211
Hannibal2211 collected $6 from pot
*** SUMMARY ***
Total pot $6 | Rake $0
Seat 1: Arsenavet (big blind) folded before Flop
Seat 2: Hannibal2211 (button) (small blind) collected ($6)


PokerStars Hand #156956155965:  Hold'em Limit ($3/$6 USD) - 2016/08/06 19:15:20 ET
Table 'Gotha' 6-max Seat #1 is the button
Seat 1: Arsenavet ($200.65 in chips)
Seat 2: Hannibal2211 ($113.04 in chips)
Arsenavet: posts small blind $1
Hannibal2211: posts big blind $3
*** HOLE CARDS ***
Arsenavet: raises $3 to $6
Hannibal2211: folds
Uncalled bet ($3) returned to Arsenavet
Arsenavet collected $6 from pot
Arsenavet: doesn't show hand
*** SUMMARY ***
Total pot $6 | Rake $0
Seat 1: Arsenavet (button) (small blind) collected ($6)
Seat 2: Hannibal2211 (big blind) folded before Flop


PokerStars Hand #156956173974:  Hold'em Limit ($3/$6 USD) - 2016/08/06 19:15:53 ET
Table 'Gotha' 6-max Seat #2 is the button
Seat 1: Arsenavet ($203.53 in chips)
Seat 2: Hannibal2211 ($110.04 in chips)
Hannibal2211: posts small blind $1
Arsenavet: posts big blind $3
*** HOLE CARDS ***
Hannibal2211: raises $3 to $6
Arsenavet: raises $3 to $9
Hannibal2211: calls $3
*** FLOP *** [6c 4s 4d]
Arsenavet: checks
Hannibal2211: checks
*** TURN *** [6c 4s 4d] [Td]
Arsenavet: checks
Hannibal2211: checks
*** RIVER *** [6c 4s 4d Td] [8s]
Arsenavet: checks
Hannibal2211: bets $6
Arsenavet: folds
Uncalled bet ($6) returned to Hannibal2211
Hannibal2211 collected $17.64 from pot
*** SUMMARY ***
Total pot $18 | Rake $0.36
Board [6c 4s 4d Td 8s]
Seat 1: Arsenavet (big blind) folded on the River
Seat 2: Hannibal2211 (button) (small blind) collected ($17.64)


PokerStars Hand #156956210554:  Hold'em Limit ($3/$6 USD) - 2016/08/06 19:16:59 ET
Table 'Gotha' 6-max Seat #2 is the button
Seat 1: Arsenavet ($185.53 in chips)
Seat 2: Hannibal2211 ($127.32 in chips)
Hannibal2211: posts small blind $1
Arsenavet: posts big blind $3
*** HOLE CARDS ***
Hannibal2211: raises $3 to $6
Arsenavet: calls $3
*** FLOP *** [6d 3d 4h]
Arsenavet: checks
Hannibal2211: bets $3
Arsenavet: folds
Uncalled bet ($3) returned to Hannibal2211
Hannibal2211 collected $11.76 from pot
*** SUMMARY ***
Total pot $12 | Rake $0.24
Board [6d 3d 4h]
Seat 1: Arsenavet (big blind) folded on the Flop
Seat 2: Hannibal2211 (button) (small blind) collected ($11.76)


PokerStars Hand #156956192722:  Hold'em Limit ($3/$6 USD) - 2016/08/06 19:16:27 ET
Table 'Gotha' 6-max Seat #1 is the button
Seat 1: Arsenavet ($194.53 in chips)
Seat 2: Hannibal2211 ($118.68 in chips)
Arsenavet: posts small blind $1
Hannibal2211: posts big blind $3
*** HOLE CARDS ***
Arsenavet: raises $3 to $6
Hannibal2211: calls $3
*** FLOP *** [Jd 4s 7d]
Hannibal2211: checks
Arsenavet: bets $3
Hannibal2211: calls $3
*** TURN *** [Jd 4s 7d] [Qd]
Hannibal2211: checks
Arsenavet: checks
*** RIVER *** [Jd 4s 7d Qd] [2s]
Hannibal2211: bets $6
Arsenavet: folds
Uncalled bet ($6) returned to Hannibal2211
Hannibal2211 collected $17.64 from pot
*** SUMMARY ***
Total pot $18 | Rake $0.36
Board [Jd 4s 7d Qd 2s]
Seat 1: Arsenavet (button) (small blind) folded on the River
Seat 2: Hannibal2211 (big blind) collected ($17.64)


PokerStars Hand #156956221618:  Hold'em Limit ($3/$6 USD) - 2016/08/06 19:17:19 ET
Table 'Gotha' 6-max Seat #2 is the button
Seat 1: Arsenavet ($178.53 in chips)
Seat 2: Hannibal2211 ($134.08 in chips)
Hannibal2211: posts small blind $1
Arsenavet: posts big blind $3
*** HOLE CARDS ***
Hannibal2211: raises $3 to $6
Arsenavet: folds
Uncalled bet ($3) returned to Hannibal2211
Hannibal2211 collected $6 from pot
*** SUMMARY ***
Total pot $6 | Rake $0
Seat 1: Arsenavet (big blind) folded before Flop
Seat 2: Hannibal2211 (button) (small blind) collected ($6)


PokerStars Hand #156956217348:  Hold'em Limit ($3/$6 USD) - 2016/08/06 19:17:11 ET
Table 'Gotha' 6-max Seat #1 is the button
Seat 1: Arsenavet ($179.53 in chips)
Seat 2: Hannibal2211 ($133.08 in chips)
Arsenavet: posts small blind $1
Hannibal2211: posts big blind $3
*** HOLE CARDS ***
Arsenavet: folds
Uncalled bet ($2) returned to Hannibal2211
Hannibal2211 collected $2 from pot
*** SUMMARY ***
Total pot $2 | Rake $0
Seat 1: Arsenavet (button) (small blind) folded before Flop
Seat 2: Hannibal2211 (big blind) collected ($2)


PokerStars Hand #156956240090:  Hold'em Limit ($3/$6 USD) - 2016/08/06 19:17:53 ET
Table 'Gotha' 6-max Seat #2 is the button
Seat 1: Arsenavet ($175.53 in chips)
Seat 2: Hannibal2211 ($136.84 in chips)
Hannibal2211: posts small blind $1
Arsenavet: posts big blind $3
*** HOLE CARDS ***
Hannibal2211: raises $3 to $6
Arsenavet: calls $3
*** FLOP *** [Jc Qs Tc]
Arsenavet: checks
Hannibal2211: bets $3
Arsenavet: calls $3
*** TURN *** [Jc Qs Tc] [6d]
Arsenavet: checks
Hannibal2211: checks
*** RIVER *** [Jc Qs Tc 6d] [Ac]
Arsenavet: bets $6
Hannibal2211: calls $6
*** SHOW DOWN ***
Arsenavet: shows [Th 4h] (a pair of Tens)
Hannibal2211: shows [8d Ad] (a pair of Aces)
Hannibal2211 collected $29.50 from pot
*** SUMMARY ***
Total pot $30 | Rake $0.50
Board [Jc Qs Tc 6d Ac]
Seat 1: Arsenavet (big blind) showed [Th 4h] and lost with a pair of Tens
Seat 2: Hannibal2211 (button) (small blind) showed [8d Ad] and won ($29.50) with a pair of Aces


PokerStars Hand #156956235110:  Hold'em Limit ($3/$6 USD) - 2016/08/06 19:17:43 ET
Table 'Gotha' 6-max Seat #1 is the button
Seat 1: Arsenavet ($172.53 in chips)
Seat 2: Hannibal2211 ($139.84 in chips)
Arsenavet: posts small blind $1
Hannibal2211: posts big blind $3
*** HOLE CARDS ***
Arsenavet: raises $3 to $6
Hannibal2211: folds
Uncalled bet ($3) returned to Arsenavet
Arsenavet collected $6 from pot
Arsenavet: doesn't show hand
*** SUMMARY ***
Total pot $6 | Rake $0
Seat 1: Arsenavet (button) (small blind) collected ($6)
Seat 2: Hannibal2211 (big blind) folded before Flop


PokerStars Hand #156956229655:  Hold'em Limit ($3/$6 USD) - 2016/08/06 19:17:34 ET
Table 'Gotha' 6-max Seat #2 is the button
Seat 1: Arsenavet ($178.53 in chips)
Seat 2: Hannibal2211 ($134.08 in chips)
Hannibal2211: posts small blind $1
Arsenavet: posts big blind $3
*** HOLE CARDS ***
Hannibal2211: raises $3 to $6
Arsenavet: calls $3
*** FLOP *** [Kh As Qd]
Arsenavet: checks
Hannibal2211: bets $3
Arsenavet: folds
Uncalled bet ($3) returned to Hannibal2211
Hannibal2211 collected $11.76 from pot
*** SUMMARY ***
Total pot $12 | Rake $0.24
Board [Kh As Qd]
Seat 1: Arsenavet (big blind) folded on the Flop
Seat 2: Hannibal2211 (button) (small blind) collected ($11.76)


PokerStars Hand #156956225946:  Hold'em Limit ($3/$6 USD) - 2016/08/06 19:17:27 ET
Table 'Gotha' 6-max Seat #1 is the button
Seat 1: Arsenavet ($175.53 in chips)
Seat 2: Hannibal2211 ($137.08 in chips)
Arsenavet: posts small blind $1
Hannibal2211: posts big blind $3
*** HOLE CARDS ***
Arsenavet: raises $3 to $6
Hannibal2211: folds
Uncalled bet ($3) returned to Arsenavet
Arsenavet collected $6 from pot
Arsenavet: doesn't show hand
*** SUMMARY ***
Total pot $6 | Rake $0
Seat 1: Arsenavet (button) (small blind) collected ($6)
Seat 2: Hannibal2211 (big blind) folded before Flop


PokerStars Hand #156956278884:  Hold'em Limit ($3/$6 USD) - 2016/08/06 19:19:02 ET
Table 'Gotha' 6-max Seat #1 is the button
Seat 1: Arsenavet ($136.53 in chips)
Seat 2: Hannibal2211 ($174.84 in chips)
Arsenavet: posts small blind $1
Hannibal2211: posts big blind $3
*** HOLE CARDS ***
Arsenavet: raises $3 to $6
Hannibal2211: calls $3
*** FLOP *** [5c 6c Ad]
Hannibal2211: checks
Arsenavet: bets $3
Hannibal2211: folds
Uncalled bet ($3) returned to Arsenavet
Arsenavet collected $11.76 from pot
Arsenavet: doesn't show hand
*** SUMMARY ***
Total pot $12 | Rake $0.24
Board [5c 6c Ad]
Seat 1: Arsenavet (button) (small blind) collected ($11.76)
Seat 2: Hannibal2211 (big blind) folded on the Flop


PokerStars Hand #156956273724:  Hold'em Limit ($3/$6 USD) - 2016/08/06 19:18:53 ET
Table 'Gotha' 6-max Seat #2 is the button
Seat 1: Arsenavet ($139.53 in chips)
Seat 2: Hannibal2211 ($171.84 in chips)
Hannibal2211: posts small blind $1
Arsenavet: posts big blind $3
*** HOLE CARDS ***
Hannibal2211: raises $3 to $6
Arsenavet: folds
Uncalled bet ($3) returned to Hannibal2211
Hannibal2211 collected $6 from pot
*** SUMMARY ***
Total pot $6 | Rake $0
Seat 1: Arsenavet (big blind) folded before Flop
Seat 2: Hannibal2211 (button) (small blind) collected ($6)


PokerStars Hand #156956269876:  Hold'em Limit ($3/$6 USD) - 2016/08/06 19:18:46 ET
Table 'Gotha' 6-max Seat #1 is the button
Seat 1: Arsenavet ($136.53 in chips)
Seat 2: Hannibal2211 ($174.84 in chips)
Arsenavet: posts small blind $1
Hannibal2211: posts big blind $3
*** HOLE CARDS ***
Arsenavet: raises $3 to $6
Hannibal2211: folds
Uncalled bet ($3) returned to Arsenavet
Arsenavet collected $6 from pot
Arsenavet: doesn't show hand
*** SUMMARY ***
Total pot $6 | Rake $0
Seat 1: Arsenavet (button) (small blind) collected ($6)
Seat 2: Hannibal2211 (big blind) folded before Flop


PokerStars Hand #156956266187:  Hold'em Limit ($3/$6 USD) - 2016/08/06 19:18:39 ET
Table 'Gotha' 6-max Seat #2 is the button
Seat 1: Arsenavet ($139.53 in chips)
Seat 2: Hannibal2211 ($171.84 in chips)
Hannibal2211: posts small blind $1
Arsenavet: posts big blind $3
*** HOLE CARDS ***
Hannibal2211: raises $3 to $6
Arsenavet: folds
Uncalled bet ($3) returned to Hannibal2211
Hannibal2211 collected $6 from pot
*** SUMMARY ***
Total pot $6 | Rake $0
Seat 1: Arsenavet (big blind) folded before Flop
Seat 2: Hannibal2211 (button) (small blind) collected ($6)


PokerStars Hand #156956248572:  Hold'em Limit ($3/$6 USD) - 2016/08/06 19:18:08 ET
Table 'Gotha' 6-max Seat #1 is the button
Seat 1: Arsenavet ($160.53 in chips)
Seat 2: Hannibal2211 ($151.34 in chips)
Arsenavet: posts small blind $1
Hannibal2211: posts big blind $3
*** HOLE CARDS ***
Arsenavet: raises $3 to $6
Hannibal2211: raises $3 to $9
Arsenavet: calls $3
*** FLOP *** [5d 3c 2c]
Hannibal2211: bets $3
Arsenavet: raises $3 to $6
Hannibal2211: calls $3
*** TURN *** [5d 3c 2c] [2s]
Hannibal2211: checks
Arsenavet: bets $6
Hannibal2211: calls $6
*** RIVER *** [5d 3c 2c 2s] [Jh]
Hannibal2211: bets $6
Arsenavet: folds
Uncalled bet ($6) returned to Hannibal2211
Hannibal2211 collected $41.50 from pot
*** SUMMARY ***
Total pot $42 | Rake $0.50
Board [5d 3c 2c 2s Jh]
Seat 1: Arsenavet (button) (small blind) folded on the River
Seat 2: Hannibal2211 (big blind) collected ($41.50)


PokerStars Hand #156956325603:  Hold'em Limit ($3/$6 USD) - 2016/08/06 19:20:20 ET
Table 'Gotha' 6-max Seat #1 is the button
Seat 1: Arsenavet ($126.79 in chips)
Seat 2: Hannibal2211 ($182.84 in chips)
Arsenavet: posts small blind $1
Hannibal2211: posts big blind $3
*** HOLE CARDS ***
Arsenavet: folds
Uncalled bet ($2) returned to Hannibal2211
Hannibal2211 collected $2 from pot
*** SUMMARY ***
Total pot $2 | Rake $0
Seat 1: Arsenavet (button) (small blind) folded before Flop
Seat 2: Hannibal2211 (big blind) collected ($2)


PokerStars Hand #156956314337:  Hold'em Limit ($3/$6 USD) - 2016/08/06 19:20:00 ET
Table 'Gotha' 6-max Seat #2 is the button
Seat 1: Arsenavet ($150.79 in chips)
Seat 2: Hannibal2211 ($159.34 in chips)
Hannibal2211: posts small blind $1
Arsenavet: posts big blind $3
*** HOLE CARDS ***
Hannibal2211: raises $3 to $6
Arsenavet: raises $3 to $9
Hannibal2211: calls $3
*** FLOP *** [Qh 2h 6s]
Arsenavet: bets $3
Hannibal2211: calls $3
*** TURN *** [Qh 2h 6s] [Td]
Arsenavet: bets $6
Hannibal2211: calls $6
*** RIVER *** [Qh 2h 6s Td] [9s]
Arsenavet: bets $6
Hannibal2211: calls $6
*** SHOW DOWN ***
Arsenavet: shows [As 7c] (high card Ace)
Hannibal2211: shows [6c Kd] (a pair of Sixes)
Hannibal2211 collected $47.50 from pot
*** SUMMARY ***
Total pot $48 | Rake $0.50
Board [Qh 2h 6s Td 9s]
Seat 1: Arsenavet (big blind) showed [As 7c] and lost with high card Ace
Seat 2: Hannibal2211 (button) (small blind) showed [6c Kd] and won ($47.50) with a pair of Sixes


PokerStars Hand #156956285843:  Hold'em Limit ($3/$6 USD) - 2016/08/06 19:19:15 ET
Table 'Gotha' 6-max Seat #2 is the button
Seat 1: Arsenavet ($142.29 in chips)
Seat 2: Hannibal2211 ($168.84 in chips)
Hannibal2211: posts small blind $1
Arsenavet: posts big blind $3
*** HOLE CARDS ***
Hannibal2211: raises $3 to $6
Arsenavet: raises $3 to $9
Hannibal2211: calls $3
*** FLOP *** [3s 6c 3c]
Arsenavet: bets $3
Hannibal2211: calls $3
*** TURN *** [3s 6c 3c] [Td]
Arsenavet: bets $6
Hannibal2211: calls $6
*** RIVER *** [3s 6c 3c Td] [6s]
Arsenavet: bets $6
Hannibal2211: calls $6
*** SHOW DOWN ***
Arsenavet: shows [5d 5s] (two pair, Sixes and Fives)
Hannibal2211: mucks hand
Arsenavet collected $47.50 from pot
*** SUMMARY ***
Total pot $48 | Rake $0.50
Board [3s 6c 3c Td 6s]
Seat 1: Arsenavet (big blind) showed [5d 5s] and won ($47.50) with two pair, Sixes and Fives
Seat 2: Hannibal2211 (button) (small blind) mucked


PokerStars Hand #156956300389:  Hold'em Limit ($3/$6 USD) - 2016/08/06 19:19:34 ET
Table 'Gotha' 6-max Seat #1 is the button
Seat 1: Arsenavet ($165.79 in chips)
Seat 2: Hannibal2211 ($144.84 in chips)
Arsenavet: posts small blind $1
Hannibal2211: posts big blind $3
*** HOLE CARDS ***
Arsenavet: calls $2
Hannibal2211: raises $3 to $6
Arsenavet: calls $3
*** FLOP *** [Kd 9h Td]
Hannibal2211: bets $3
Arsenavet: calls $3
*** TURN *** [Kd 9h Td] [Jd]
Hannibal2211: bets $6
Arsenavet: calls $6
*** RIVER *** [Kd 9h Td Jd] [5c]
Hannibal2211: bets $6
Arsenavet: folds
Uncalled bet ($6) returned to Hannibal2211
Hannibal2211 collected $29.50 from pot
*** SUMMARY ***
Total pot $30 | Rake $0.50
Board [Kd 9h Td Jd 5c]
Seat 1: Arsenavet (button) (small blind) folded on the River
Seat 2: Hannibal2211 (big blind) collected ($29.50)


PokerStars Hand #156956353531:  Hold'em Limit ($3/$6 USD) - 2016/08/06 19:21:12 ET
Table 'Gotha' 6-max Seat #2 is the button
Seat 1: Arsenavet ($125.55 in chips)
Seat 2: Hannibal2211 ($183.60 in chips)
Hannibal2211: posts small blind $1
Arsenavet: posts big blind $3
*** HOLE CARDS ***
Hannibal2211: raises $3 to $6
Arsenavet: calls $3
*** FLOP *** [3h Qd Ad]
Arsenavet: checks
Hannibal2211: bets $3
Arsenavet: folds
Uncalled bet ($3) returned to Hannibal2211
Hannibal2211 collected $11.76 from pot
*** SUMMARY ***
Total pot $12 | Rake $0.24
Board [3h Qd Ad]
Seat 1: Arsenavet (big blind) folded on the Flop
Seat 2: Hannibal2211 (button) (small blind) collected ($11.76)


PokerStars Hand #156956349026:  Hold'em Limit ($3/$6 USD) - 2016/08/06 19:21:03 ET
Table 'Gotha' 6-max Seat #1 is the button
Seat 1: Arsenavet ($126.55 in chips)
Seat 2: Hannibal2211 ($182.60 in chips)
Arsenavet: posts small blind $1
Hannibal2211: posts big blind $3
*** HOLE CARDS ***
Arsenavet: folds
Uncalled bet ($2) returned to Hannibal2211
Hannibal2211 collected $2 from pot
*** SUMMARY ***
Total pot $2 | Rake $0
Seat 1: Arsenavet (button) (small blind) folded before Flop
Seat 2: Hannibal2211 (big blind) collected ($2)


PokerStars Hand #156956345580:  Hold'em Limit ($3/$6 USD) - 2016/08/06 19:20:57 ET
Table 'Gotha' 6-max Seat #2 is the button
Seat 1: Arsenavet ($125.55 in chips)
Seat 2: Hannibal2211 ($183.60 in chips)
Hannibal2211: posts small blind $1
Arsenavet: posts big blind $3
*** HOLE CARDS ***
Hannibal2211: folds
Uncalled bet ($2) returned to Arsenavet
Arsenavet collected $2 from pot
Arsenavet: doesn't show hand
*** SUMMARY ***
Total pot $2 | Rake $0
Seat 1: Arsenavet (big blind) collected ($2)
Seat 2: Hannibal2211 (button) (small blind) folded before Flop


PokerStars Hand #156956337611:  Hold'em Limit ($3/$6 USD) - 2016/08/06 19:20:43 ET
Table 'Gotha' 6-max Seat #1 is the button
Seat 1: Arsenavet ($119.79 in chips)
Seat 2: Hannibal2211 ($189.60 in chips)
Arsenavet: posts small blind $1
Hannibal2211: posts big blind $3
*** HOLE CARDS ***
Arsenavet: raises $3 to $6
Hannibal2211: calls $3
*** FLOP *** [9s 5d 7s]
Hannibal2211: checks
Arsenavet: bets $3
Hannibal2211: folds
Uncalled bet ($3) returned to Arsenavet
Arsenavet collected $11.76 from pot
Arsenavet: doesn't show hand
*** SUMMARY ***
Total pot $12 | Rake $0.24
Board [9s 5d 7s]
Seat 1: Arsenavet (button) (small blind) collected ($11.76)
Seat 2: Hannibal2211 (big blind) folded on the Flop


PokerStars Hand #156956328178:  Hold'em Limit ($3/$6 USD) - 2016/08/06 19:20:25 ET
Table 'Gotha' 6-max Seat #2 is the button
Seat 1: Arsenavet ($125.79 in chips)
Seat 2: Hannibal2211 ($183.84 in chips)
Hannibal2211: posts small blind $1
Arsenavet: posts big blind $3
*** HOLE CARDS ***
Hannibal2211: raises $3 to $6
Arsenavet: calls $3
*** FLOP *** [8s Js 3h]
Arsenavet: checks
Hannibal2211: bets $3
Arsenavet: folds
Uncalled bet ($3) returned to Hannibal2211
Hannibal2211 collected $11.76 from pot
*** SUMMARY ***
Total pot $12 | Rake $0.24
Board [8s Js 3h]
Seat 1: Arsenavet (big blind) folded on the Flop
Seat 2: Hannibal2211 (button) (small blind) collected ($11.76)


PokerStars Hand #156956379166:  Hold'em Limit ($3/$6 USD) - 2016/08/06 19:21:59 ET
Table 'Gotha' 6-max Seat #1 is the button
Seat 1: Arsenavet ($116.31 in chips)
Seat 2: Hannibal2211 ($192 in chips)
Arsenavet: posts small blind $1
Hannibal2211: posts big blind $3
*** HOLE CARDS ***
Arsenavet: raises $3 to $6
Hannibal2211: calls $3
*** FLOP *** [8d 3c 2h]
Hannibal2211: checks
Arsenavet: bets $3
Hannibal2211: calls $3
*** TURN *** [8d 3c 2h] [Th]
Hannibal2211: checks
Arsenavet: checks
*** RIVER *** [8d 3c 2h Th] [5s]
Hannibal2211: bets $6
Arsenavet: calls $6
*** SHOW DOWN ***
Hannibal2211: shows [Ad Td] (a pair of Tens)
Arsenavet: mucks hand
Hannibal2211 collected $29.50 from pot
*** SUMMARY ***
Total pot $30 | Rake $0.50
Board [8d 3c 2h Th 5s]
Seat 1: Arsenavet (button) (small blind) mucked
Seat 2: Hannibal2211 (big blind) showed [Ad Td] and won ($29.50) with a pair of Tens


PokerStars Hand #156956361487:  Hold'em Limit ($3/$6 USD) - 2016/08/06 19:21:26 ET
Table 'Gotha' 6-max Seat #1 is the button
Seat 1: Arsenavet ($119.55 in chips)
Seat 2: Hannibal2211 ($189.36 in chips)
Arsenavet: posts small blind $1
Hannibal2211: posts big blind $3
*** HOLE CARDS ***
Arsenavet: raises $3 to $6
Hannibal2211: calls $3
*** FLOP *** [9d Jc Jh]
Hannibal2211: checks
Arsenavet: bets $3
Hannibal2211: calls $3
*** TURN *** [9d Jc Jh] [Th]
Hannibal2211: checks
Arsenavet: checks
*** RIVER *** [9d Jc Jh Th] [5h]
Hannibal2211: checks
Arsenavet: checks
*** SHOW DOWN ***
Hannibal2211: shows [Ks 8s] (a pair of Jacks)
Arsenavet: mucks hand
Hannibal2211 collected $17.64 from pot
*** SUMMARY ***
Total pot $18 | Rake $0.36
Board [9d Jc Jh Th 5h]
Seat 1: Arsenavet (button) (small blind) mucked
Seat 2: Hannibal2211 (big blind) showed [Ks 8s] and won ($17.64) with a pair of Jacks


PokerStars Hand #156956372349:  Hold'em Limit ($3/$6 USD) - 2016/08/06 19:21:46 ET
Table 'Gotha' 6-max Seat #2 is the button
Seat 1: Arsenavet ($110.55 in chips)
Seat 2: Hannibal2211 ($198 in chips)
Hannibal2211: posts small blind $1
Arsenavet: posts big blind $3
*** HOLE CARDS ***
Hannibal2211: raises $3 to $6
Arsenavet: calls $3
*** FLOP *** [5c Qs 2c]
Arsenavet: checks
Hannibal2211: checks
*** TURN *** [5c Qs 2c] [3c]
Arsenavet: bets $6
Hannibal2211: folds
Uncalled bet ($6) returned to Arsenavet
Arsenavet collected $11.76 from pot
Arsenavet: doesn't show hand
*** SUMMARY ***
Total pot $12 | Rake $0.24
Board [5c Qs 2c 3c]
Seat 1: Arsenavet (big blind) collected ($11.76)
Seat 2: Hannibal2211 (button) (small blind) folded on the Turn


PokerStars Hand #156956397393:  Hold'em Limit ($3/$6 USD) - 2016/08/06 19:22:33 ET
Table 'Gotha' 6-max Seat #1 is the button
Seat 1: Arsenavet ($101.06 in chips)
Seat 2: Hannibal2211 ($206.25 in chips)
Arsenavet: posts small blind $1
Hannibal2211: posts big blind $3
*** HOLE CARDS ***
Arsenavet: raises $3 to $6
Hannibal2211: calls $3
*** FLOP *** [7s Kc Ad]
Hannibal2211: checks
Arsenavet: checks
*** TURN *** [7s Kc Ad] [As]
Hannibal2211: checks
Arsenavet: bets $6
Hannibal2211: calls $6
*** RIVER *** [7s Kc Ad As] [4h]
Hannibal2211: checks
Arsenavet: checks
*** SHOW DOWN ***
Hannibal2211: shows [4s 5s] (two pair, Aces and Fours)
Arsenavet: mucks hand
Hannibal2211 collected $23.52 from pot
*** SUMMARY ***
Total pot $24 | Rake $0.48
Board [7s Kc Ad As 4h]
Seat 1: Arsenavet (button) (small blind) mucked
Seat 2: Hannibal2211 (big blind) showed [4s 5s] and won ($23.52) with two pair, Aces and Fours


PokerStars Hand #156956407858:  Hold'em Limit ($3/$6 USD) - 2016/08/06 19:22:52 ET
Table 'Gotha' 6-max Seat #2 is the button
Seat 1: Arsenavet ($89.06 in chips)
Seat 2: Hannibal2211 ($217.77 in chips)
Hannibal2211: posts small blind $1
Arsenavet: posts big blind $3
*** HOLE CARDS ***
Hannibal2211: raises $3 to $6
Arsenavet: folds
Uncalled bet ($3) returned to Hannibal2211
Hannibal2211 collected $6 from pot
*** SUMMARY ***
Total pot $6 | Rake $0
Seat 1: Arsenavet (big blind) folded before Flop
Seat 2: Hannibal2211 (button) (small blind) collected ($6)


PokerStars Hand #156956412874:  Hold'em Limit ($3/$6 USD) - 2016/08/06 19:23:02 ET
Table 'Gotha' 6-max Seat #1 is the button
Seat 1: Arsenavet ($86.06 in chips)
Seat 2: Hannibal2211 ($220.77 in chips)
Arsenavet: posts small blind $1
Hannibal2211: posts big blind $3
*** HOLE CARDS ***
Arsenavet: raises $3 to $6
Hannibal2211: calls $3
*** FLOP *** [3h 9c Ah]
Hannibal2211: checks
Arsenavet: bets $3
Hannibal2211: calls $3
*** TURN *** [3h 9c Ah] [Jh]
Hannibal2211: checks
Arsenavet: checks
*** RIVER *** [3h 9c Ah Jh] [Js]
Hannibal2211: checks
Arsenavet: bets $6
Hannibal2211: calls $6
*** SHOW DOWN ***
Arsenavet: shows [6s 3s] (two pair, Jacks and Threes)
Hannibal2211: mucks hand
Arsenavet collected $29.50 from pot
*** SUMMARY ***
Total pot $30 | Rake $0.50
Board [3h 9c Ah Jh Js]
Seat 1: Arsenavet (button) (small blind) showed [6s 3s] and won ($29.50) with two pair, Jacks and Threes
Seat 2: Hannibal2211 (big blind) mucked


PokerStars Hand #156956441901:  Hold'em Limit ($3/$6 USD) - 2016/08/06 19:23:56 ET
Table 'Gotha' 6-max Seat #1 is the button
Seat 1: Arsenavet ($114.06 in chips)
Seat 2: Hannibal2211 ($191.53 in chips)
Arsenavet: posts small blind $1
Hannibal2211: posts big blind $3
*** HOLE CARDS ***
Arsenavet: raises $3 to $6
Hannibal2211: calls $3
*** FLOP *** [4c Ts 4h]
Hannibal2211: checks
Arsenavet: bets $3
Hannibal2211: raises $3 to $6
Arsenavet: calls $3
*** TURN *** [4c Ts 4h] [7c]
Hannibal2211: bets $6
Arsenavet: calls $6
*** RIVER *** [4c Ts 4h 7c] [As]
Hannibal2211: bets $6
Arsenavet: calls $6
*** SHOW DOWN ***
Hannibal2211: shows [4d Ac] (a full house, Fours full of Aces)
Arsenavet: mucks hand
Hannibal2211 collected $47.50 from pot
*** SUMMARY ***
Total pot $48 | Rake $0.50
Board [4c Ts 4h 7c As]
Seat 1: Arsenavet (button) (small blind) mucked
Seat 2: Hannibal2211 (big blind) showed [4d Ac] and won ($47.50) with a full house, Fours full of Aces


PokerStars Hand #156956451128:  Hold'em Limit ($3/$6 USD) - 2016/08/06 19:24:14 ET
Table 'Gotha' 6-max Seat #2 is the button
Seat 1: Arsenavet ($90.06 in chips)
Seat 2: Hannibal2211 ($215.03 in chips)
Hannibal2211: posts small blind $1
Arsenavet: posts big blind $3
*** HOLE CARDS ***
Hannibal2211: raises $3 to $6
Arsenavet: calls $3
*** FLOP *** [Js 8d Qh]
Arsenavet: bets $3
Hannibal2211: calls $3
*** TURN *** [Js 8d Qh] [2c]
Arsenavet: bets $6
Hannibal2211: folds
Uncalled bet ($6) returned to Arsenavet
Arsenavet collected $17.64 from pot
Arsenavet: doesn't show hand
*** SUMMARY ***
Total pot $18 | Rake $0.36
Board [Js 8d Qh 2c]
Seat 1: Arsenavet (big blind) collected ($17.64)
Seat 2: Hannibal2211 (button) (small blind) folded on the Turn


PokerStars Hand #156956436662:  Hold'em Limit ($3/$6 USD) - 2016/08/06 19:23:46 ET
Table 'Gotha' 6-max Seat #2 is the button
Seat 1: Arsenavet ($120.06 in chips)
Seat 2: Hannibal2211 ($185.77 in chips)
Hannibal2211: posts small blind $1
Arsenavet: posts big blind $3
*** HOLE CARDS ***
Hannibal2211: raises $3 to $6
Arsenavet: calls $3
*** FLOP *** [Qs 2c Ad]
Arsenavet: checks
Hannibal2211: bets $3
Arsenavet: folds
Uncalled bet ($3) returned to Hannibal2211
Hannibal2211 collected $11.76 from pot
*** SUMMARY ***
Total pot $12 | Rake $0.24
Board [Qs 2c Ad]
Seat 1: Arsenavet (big blind) folded on the Flop
Seat 2: Hannibal2211 (button) (small blind) collected ($11.76)


PokerStars Hand #156956433871:  Hold'em Limit ($3/$6 USD) - 2016/08/06 19:23:41 ET
Table 'Gotha' 6-max Seat #1 is the button
Seat 1: Arsenavet ($121.06 in chips)
Seat 2: Hannibal2211 ($184.77 in chips)
Arsenavet: posts small blind $1
Hannibal2211: posts big blind $3
*** HOLE CARDS ***
Arsenavet: folds
Uncalled bet ($2) returned to Hannibal2211
Hannibal2211 collected $2 from pot
*** SUMMARY ***
Total pot $2 | Rake $0
Seat 1: Arsenavet (button) (small blind) folded before Flop
Seat 2: Hannibal2211 (big blind) collected ($2)


PokerStars Hand #156956423427:  Hold'em Limit ($3/$6 USD) - 2016/08/06 19:23:21 ET
Table 'Gotha' 6-max Seat #2 is the button
Seat 1: Arsenavet ($100.56 in chips)
Seat 2: Hannibal2211 ($205.77 in chips)
Hannibal2211: posts small blind $1
Arsenavet: posts big blind $3
*** HOLE CARDS ***
Hannibal2211: raises $3 to $6
Arsenavet: raises $3 to $9
Hannibal2211: raises $3 to $12
Betting is capped
Arsenavet: calls $3
*** FLOP *** [Ac 4d Qh]
Arsenavet: checks
Hannibal2211: bets $3
Arsenavet: calls $3
*** TURN *** [Ac 4d Qh] [8h]
Arsenavet: checks
Hannibal2211: bets $6
Arsenavet: calls $6
*** RIVER *** [Ac 4d Qh 8h] [Ad]
Arsenavet: checks
Hannibal2211: checks
*** SHOW DOWN ***
Arsenavet: shows [Jc Js] (two pair, Aces and Jacks)
Hannibal2211: mucks hand
Arsenavet collected $41.50 from pot
*** SUMMARY ***
Total pot $42 | Rake $0.50
Board [Ac 4d Qh 8h Ad]
Seat 1: Arsenavet (big blind) showed [Jc Js] and won ($41.50) with two pair, Aces and Jacks
Seat 2: Hannibal2211 (button) (small blind) mucked


PokerStars Hand #156957259278:  Hold'em Limit ($3/$6 USD) - 2016/08/06 19:50:52 ET
Table 'Gotha' 6-max Seat #4 is the button
Seat 3: TmsFerreira ($79.39 in chips)
Seat 4: AzureCaper ($73 in chips)
AzureCaper: posts small blind $1
TmsFerreira: posts big blind $3
*** HOLE CARDS ***
AzureCaper: folds
Uncalled bet ($2) returned to TmsFerreira
TmsFerreira collected $2 from pot
*** SUMMARY ***
Total pot $2 | Rake $0
Seat 3: TmsFerreira (big blind) collected ($2)
Seat 4: AzureCaper (button) (small blind) folded before Flop


PokerStars Hand #156957256605:  Hold'em Limit ($3/$6 USD) - 2016/08/06 19:50:46 ET
Table 'Gotha' 6-max Seat #3 is the button
Seat 3: TmsFerreira ($80.39 in chips)
Seat 4: AzureCaper ($72 in chips)
TmsFerreira: posts small blind $1
AzureCaper: posts big blind $3
*** HOLE CARDS ***
TmsFerreira: folds
Uncalled bet ($2) returned to AzureCaper
AzureCaper collected $2 from pot
AzureCaper: doesn't show hand
*** SUMMARY ***
Total pot $2 | Rake $0
Seat 3: TmsFerreira (button) (small blind) folded before Flop
Seat 4: AzureCaper (big blind) collected ($2)


PokerStars Hand #156957245362:  Hold'em Limit ($3/$6 USD) - 2016/08/06 19:50:22 ET
Table 'Gotha' 6-max Seat #4 is the button
Seat 3: TmsFerreira ($65.89 in chips)
Seat 4: AzureCaper ($73 in chips)
AzureCaper: posts small blind $1
TmsFerreira: posts big blind $3
*** HOLE CARDS ***
AzureCaper: raises $3 to $6
TmsFerreira: calls $3
*** FLOP *** [9h 2c 3h]
TmsFerreira: checks
AzureCaper: bets $3
TmsFerreira: calls $3
*** TURN *** [9h 2c 3h] [4d]
TmsFerreira: checks
AzureCaper: bets $6
TmsFerreira: raises $6 to $12
AzureCaper: folds
Uncalled bet ($6) returned to TmsFerreira
TmsFerreira collected $29.50 from pot
TmsFerreira: doesn't show hand
*** SUMMARY ***
Total pot $30 | Rake $0.50
Board [9h 2c 3h 4d]
Seat 3: TmsFerreira (big blind) collected ($29.50)
Seat 4: AzureCaper (button) (small blind) folded on the Turn


PokerStars Hand #156957237912:  Hold'em Limit ($3/$6 USD) - 2016/08/06 19:50:07 ET
Table 'Gotha' 6-max Seat #3 is the button
Seat 3: TmsFerreira ($66.89 in chips)
Seat 4: AzureCaper ($72 in chips)
TmsFerreira: posts small blind $1
AzureCaper: posts big blind $3
*** HOLE CARDS ***
TmsFerreira: folds
Uncalled bet ($2) returned to AzureCaper
AzureCaper collected $2 from pot
AzureCaper: doesn't show hand
*** SUMMARY ***
Total pot $2 | Rake $0
Seat 3: TmsFerreira (button) (small blind) folded before Flop
Seat 4: AzureCaper (big blind) collected ($2)


PokerStars Hand #156957276674:  Hold'em Limit ($3/$6 USD) - 2016/08/06 19:51:28 ET
Table 'Gotha' 6-max Seat #4 is the button
Seat 3: TmsFerreira ($86.15 in chips)
Seat 4: AzureCaper ($72 in chips)
AzureCaper: posts small blind $1
TmsFerreira: posts big blind $3
*** HOLE CARDS ***
AzureCaper: raises $3 to $6
TmsFerreira: calls $3
*** FLOP *** [4s 2s 4c]
TmsFerreira: checks
AzureCaper: bets $3
TmsFerreira: raises $3 to $6
AzureCaper: calls $3
*** TURN *** [4s 2s 4c] [7h]
TmsFerreira: bets $6
AzureCaper: calls $6
*** RIVER *** [4s 2s 4c 7h] [Tc]
TmsFerreira: bets $6
AzureCaper: calls $6
*** SHOW DOWN ***
TmsFerreira: shows [4h Jh] (three of a kind, Fours)
AzureCaper: mucks hand
TmsFerreira collected $47.50 from pot
*** SUMMARY ***
Total pot $48 | Rake $0.50
Board [4s 2s 4c 7h Tc]
Seat 3: TmsFerreira (big blind) showed [4h Jh] and won ($47.50) with three of a kind, Fours
Seat 4: AzureCaper (button) (small blind) mucked


PokerStars Hand #156957268842:  Hold'em Limit ($3/$6 USD) - 2016/08/06 19:51:12 ET
Table 'Gotha' 6-max Seat #3 is the button
Seat 3: TmsFerreira ($80.39 in chips)
Seat 4: AzureCaper ($72 in chips)
TmsFerreira: posts small blind $1
AzureCaper: posts big blind $3
*** HOLE CARDS ***
TmsFerreira: calls $2
AzureCaper: raises $3 to $6
TmsFerreira: calls $3
*** FLOP *** [8s 3d 4h]
AzureCaper: checks
TmsFerreira: bets $3
AzureCaper: folds
Uncalled bet ($3) returned to TmsFerreira
TmsFerreira collected $11.76 from pot
TmsFerreira: doesn't show hand
*** SUMMARY ***
Total pot $12 | Rake $0.24
Board [8s 3d 4h]
Seat 3: TmsFerreira (button) (small blind) collected ($11.76)
Seat 4: AzureCaper (big blind) folded on the Flop


PokerStars Hand #156957266631:  Hold'em Limit ($3/$6 USD) - 2016/08/06 19:51:07 ET
Table 'Gotha' 6-max Seat #4 is the button
Seat 3: TmsFerreira ($79.39 in chips)
Seat 4: AzureCaper ($73 in chips)
AzureCaper: posts small blind $1
TmsFerreira: posts big blind $3
*** HOLE CARDS ***
AzureCaper: folds
Uncalled bet ($2) returned to TmsFerreira
TmsFerreira collected $2 from pot
*** SUMMARY ***
Total pot $2 | Rake $0
Seat 3: TmsFerreira (big blind) collected ($2)
Seat 4: AzureCaper (button) (small blind) folded before Flop


PokerStars Hand #156957261354:  Hold'em Limit ($3/$6 USD) - 2016/08/06 19:50:56 ET
Table 'Gotha' 6-max Seat #3 is the button
Seat 3: TmsFerreira ($80.39 in chips)
Seat 4: AzureCaper ($72 in chips)
TmsFerreira: posts small blind $1
AzureCaper: posts big blind $3
*** HOLE CARDS ***
TmsFerreira: folds
Uncalled bet ($2) returned to AzureCaper
AzureCaper collected $2 from pot
AzureCaper: doesn't show hand
*** SUMMARY ***
Total pot $2 | Rake $0
Seat 3: TmsFerreira (button) (small blind) folded before Flop
Seat 4: AzureCaper (big blind) collected ($2)


PokerStars Hand #156957307711:  Hold'em Limit ($3/$6 USD) - 2016/08/06 19:52:33 ET
Table 'Gotha' 6-max Seat #4 is the button
Seat 3: TmsFerreira ($124.15 in chips)
Seat 4: AzureCaper ($72 in chips)
AzureCaper: posts small blind $1
TmsFerreira: posts big blind $3
*** HOLE CARDS ***
AzureCaper: raises $3 to $6
TmsFerreira: calls $3
*** FLOP *** [Kd Jh Qc]
TmsFerreira: checks
AzureCaper: bets $3
TmsFerreira: folds
Uncalled bet ($3) returned to AzureCaper
AzureCaper collected $11.76 from pot
AzureCaper: doesn't show hand
*** SUMMARY ***
Total pot $12 | Rake $0.24
Board [Kd Jh Qc]
Seat 3: TmsFerreira (big blind) folded on the Flop
Seat 4: AzureCaper (button) (small blind) collected ($11.76)


PokerStars Hand #156957291623:  Hold'em Limit ($3/$6 USD) - 2016/08/06 19:52:00 ET
Table 'Gotha' 6-max Seat #3 is the button
Seat 3: TmsFerreira ($109.65 in chips)
Seat 4: AzureCaper ($72 in chips)
TmsFerreira: posts small blind $1
AzureCaper: posts big blind $3
*** HOLE CARDS ***
TmsFerreira: calls $2
AzureCaper: raises $3 to $6
TmsFerreira: calls $3
*** FLOP *** [Ts 6c 9h]
AzureCaper: bets $3
TmsFerreira: calls $3
*** TURN *** [Ts 6c 9h] [As]
AzureCaper: bets $6
TmsFerreira: calls $6
*** RIVER *** [Ts 6c 9h As] [Th]
AzureCaper: checks
TmsFerreira: checks
*** SHOW DOWN ***
AzureCaper: shows [7h 6h] (two pair, Tens and Sixes)
TmsFerreira: shows [Ac 3c] (two pair, Aces and Tens)
TmsFerreira collected $29.50 from pot
*** SUMMARY ***
Total pot $30 | Rake $0.50
Board [Ts 6c 9h As Th]
Seat 3: TmsFerreira (button) (small blind) showed [Ac 3c] and won ($29.50) with two pair, Aces and Tens
Seat 4: AzureCaper (big blind) showed [7h 6h] and lost with two pair, Tens and Sixes


PokerStars Hand #156957354999:  Hold'em Limit ($3/$6 USD) - 2016/08/06 19:54:13 ET
Table 'Gotha' 6-max Seat #3 is the button
Seat 3: TmsFerreira ($117.91 in chips)
Seat 4: AzureCaper ($77.76 in chips)
TmsFerreira: posts small blind $1
AzureCaper: posts big blind $3
*** HOLE CARDS ***
TmsFerreira: calls $2
AzureCaper: checks
*** FLOP *** [Kh 4s 2s]
AzureCaper: checks
TmsFerreira: bets $3
AzureCaper: folds
Uncalled bet ($3) returned to TmsFerreira
TmsFerreira collected $5.88 from pot
TmsFerreira: doesn't show hand
*** SUMMARY ***
Total pot $6 | Rake $0.12
Board [Kh 4s 2s]
Seat 3: TmsFerreira (button) (small blind) collected ($5.88)
Seat 4: AzureCaper (big blind) folded on the Flop


PokerStars Hand #156957352904:  Hold'em Limit ($3/$6 USD) - 2016/08/06 19:54:08 ET
Table 'Gotha' 6-max Seat #4 is the button
Seat 3: TmsFerreira ($116.91 in chips)
Seat 4: AzureCaper ($78.76 in chips)
AzureCaper: posts small blind $1
TmsFerreira: posts big blind $3
*** HOLE CARDS ***
AzureCaper: folds
Uncalled bet ($2) returned to TmsFerreira
TmsFerreira collected $2 from pot
*** SUMMARY ***
Total pot $2 | Rake $0
Seat 3: TmsFerreira (big blind) collected ($2)
Seat 4: AzureCaper (button) (small blind) folded before Flop


PokerStars Hand #156957349057:  Hold'em Limit ($3/$6 USD) - 2016/08/06 19:54:00 ET
Table 'Gotha' 6-max Seat #3 is the button
Seat 3: TmsFerreira ($117.91 in chips)
Seat 4: AzureCaper ($77.76 in chips)
TmsFerreira: posts small blind $1
AzureCaper: posts big blind $3
*** HOLE CARDS ***
TmsFerreira: folds
Uncalled bet ($2) returned to AzureCaper
AzureCaper collected $2 from pot
AzureCaper: doesn't show hand
*** SUMMARY ***
Total pot $2 | Rake $0
Seat 3: TmsFerreira (button) (small blind) folded before Flop
Seat 4: AzureCaper (big blind) collected ($2)


PokerStars Hand #156957335419:  Hold'em Limit ($3/$6 USD) - 2016/08/06 19:53:31 ET
Table 'Gotha' 6-max Seat #4 is the button
Seat 3: TmsFerreira ($123.91 in chips)
Seat 4: AzureCaper ($72 in chips)
AzureCaper: posts small blind $1
TmsFerreira: posts big blind $3
*** HOLE CARDS ***
AzureCaper: raises $3 to $6
TmsFerreira: calls $3
*** FLOP *** [2h 8d 4s]
TmsFerreira: checks
AzureCaper: bets $3
TmsFerreira: folds
Uncalled bet ($3) returned to AzureCaper
AzureCaper collected $11.76 from pot
AzureCaper: doesn't show hand
*** SUMMARY ***
Total pot $12 | Rake $0.24
Board [2h 8d 4s]
Seat 3: TmsFerreira (big blind) folded on the Flop
Seat 4: AzureCaper (button) (small blind) collected ($11.76)


PokerStars Hand #156957363308:  Hold'em Limit ($3/$6 USD) - 2016/08/06 19:54:30 ET
Table 'Gotha' 6-max Seat #4 is the button
Seat 3: TmsFerreira ($120.79 in chips)
Seat 4: AzureCaper ($74.76 in chips)
AzureCaper: posts small blind $1
TmsFerreira: posts big blind $3
*** HOLE CARDS ***
AzureCaper: raises $3 to $6
TmsFerreira: calls $3
*** FLOP *** [9s 3d 6d]
TmsFerreira: checks
AzureCaper: bets $3
TmsFerreira: calls $3
*** TURN *** [9s 3d 6d] [Jh]
TmsFerreira: checks
AzureCaper: bets $6
TmsFerreira: calls $6
*** RIVER *** [9s 3d 6d Jh] [7h]
TmsFerreira: checks
AzureCaper: bets $6
TmsFerreira: folds
Uncalled bet ($6) returned to AzureCaper
Chessnok joins the table at seat #5
AzureCaper collected $29.50 from pot
AzureCaper: doesn't show hand
*** SUMMARY ***
Total pot $30 | Rake $0.50
Board [9s 3d 6d Jh 7h]
Seat 3: TmsFerreira (big blind) folded on the River
Seat 4: AzureCaper (button) (small blind) collected ($29.50)


PokerStars Hand #156957322083:  Hold'em Limit ($3/$6 USD) - 2016/08/06 19:53:03 ET
Table 'Gotha' 6-max Seat #3 is the button
Seat 3: TmsFerreira ($118.15 in chips)
Seat 4: AzureCaper ($77.76 in chips)
TmsFerreira: posts small blind $1
AzureCaper: posts big blind $3
*** HOLE CARDS ***
TmsFerreira: raises $3 to $6
AzureCaper: calls $3
*** FLOP *** [7h Qd 2c]
AzureCaper: checks
TmsFerreira: checks
*** TURN *** [7h Qd 2c] [Ts]
AzureCaper: checks
TmsFerreira: bets $6
AzureCaper: folds
Uncalled bet ($6) returned to TmsFerreira
TmsFerreira collected $11.76 from pot
TmsFerreira: doesn't show hand
*** SUMMARY ***
Total pot $12 | Rake $0.24
Board [7h Qd 2c Ts]
Seat 3: TmsFerreira (button) (small blind) collected ($11.76)
Seat 4: AzureCaper (big blind) folded on the Turn


