PokerStars Hand #147948675346:  Hold'em Limit ($3/$6 USD) - 2016/01/30 14:35:57 ET
Table 'Gothlandia' 2-max Seat #2 is the button
Seat 1: hirsiz194 ($10.62 in chips)
Seat 2: elifnur2008 ($149 in chips)
elifnur2008: posts small blind $1
hirsiz194: posts big blind $3
*** HOLE CARDS ***
elifnur2008: folds
Uncalled bet ($2) returned to hirsiz194
hirsiz194 collected $2 from pot
*** SUMMARY ***
Total pot $2 | Rake $0
Seat 1: hirsiz194 (big blind) collected ($2)
Seat 2: elifnur2008 (button) (small blind) folded before Flop


PokerStars Hand #147948651381:  Hold'em Limit ($3/$6 USD) - 2016/01/30 14:35:34 ET
Table 'Gothlandia' 2-max Seat #1 is the button
Seat 1: hirsiz194 ($28.62 in chips)
Seat 2: elifnur2008 ($131.50 in chips)
hirsiz194: posts small blind $1
elifnur2008: posts big blind $3
*** HOLE CARDS ***
hirsiz194: raises $3 to $6
elifnur2008: raises $3 to $9
hirsiz194: calls $3
*** FLOP *** [7h 9h 3s]
elifnur2008: bets $3
hirsiz194: calls $3
*** TURN *** [7h 9h 3s] [4s]
elifnur2008: bets $6
hirsiz194: calls $6
*** RIVER *** [7h 9h 3s 4s] [3h]
elifnur2008: bets $6
hirsiz194: folds
Uncalled bet ($6) returned to elifnur2008
elifnur2008 collected $35.50 from pot
elifnur2008: doesn't show hand
*** SUMMARY ***
Total pot $36 | Rake $0.50
Board [7h 9h 3s 4s 3h]
Seat 1: hirsiz194 (button) (small blind) folded on the River
Seat 2: elifnur2008 (big blind) collected ($35.50)


PokerStars Hand #147948640733:  Hold'em Limit ($3/$6 USD) - 2016/01/30 14:35:23 ET
Table 'Gothlandia' 2-max Seat #2 is the button
Seat 1: hirsiz194 ($19.98 in chips)
Seat 2: elifnur2008 ($140.50 in chips)
elifnur2008: posts small blind $1
hirsiz194: posts big blind $3
*** HOLE CARDS ***
elifnur2008: raises $3 to $6
hirsiz194: raises $3 to $9
elifnur2008: calls $3
*** FLOP *** [Tc As Ts]
hirsiz194: bets $3
elifnur2008: folds
Uncalled bet ($3) returned to hirsiz194
hirsiz194 collected $17.64 from pot
hirsiz194: doesn't show hand
*** SUMMARY ***
Total pot $18 | Rake $0.36
Board [Tc As Ts]
Seat 1: hirsiz194 (big blind) collected ($17.64)
Seat 2: elifnur2008 (button) (small blind) folded on the Flop


PokerStars Hand #147948681171:  Hold'em Limit ($3/$6 USD) - 2016/01/30 14:36:02 ET
Table 'Gothlandia' 2-max Seat #1 is the button
Seat 1: hirsiz194 ($11.62 in chips)
Seat 2: elifnur2008 ($148 in chips)
hirsiz194: posts small blind $1
elifnur2008: posts big blind $3
*** HOLE CARDS ***
hirsiz194: raises $3 to $6
elifnur2008: raises $3 to $9
hirsiz194: calls $3
*** FLOP *** [9d 6c 9s]
elifnur2008: bets $3
hirsiz194: calls $2.62 and is all-in
Uncalled bet ($0.38) returned to elifnur2008
*** TURN *** [9d 6c 9s] [5h]
*** RIVER *** [9d 6c 9s 5h] [4h]
*** SHOW DOWN ***
elifnur2008: shows [Ks Ad] (a pair of Nines)
hirsiz194: shows [2d Kc] (a pair of Nines - lower kicker)
elifnur2008 collected $22.78 from pot
*** SUMMARY ***
Total pot $23.24 | Rake $0.46
Board [9d 6c 9s 5h 4h]
Seat 1: hirsiz194 (button) (small blind) showed [2d Kc] and lost with a pair of Nines
Seat 2: elifnur2008 (big blind) showed [Ks Ad] and won ($22.78) with a pair of Nines


PokerStars Hand #147949015819:  Hold'em Limit ($3/$6 USD) - 2016/01/30 14:41:26 ET
Table 'Gothlandia' 2-max Seat #1 is the button
Seat 1: kiffer319 ($9.99 in chips)
Seat 2: elifnur2008 ($188.93 in chips)
kiffer319: posts small blind $1
elifnur2008: posts big blind $3
*** HOLE CARDS ***
kiffer319: raises $3 to $6
elifnur2008: calls $3
*** FLOP *** [9c 3c Js]
elifnur2008: checks
kiffer319: bets $3
elifnur2008: calls $3
*** TURN *** [9c 3c Js] [Kh]
elifnur2008: checks
kiffer319: bets $0.99 and is all-in
elifnur2008: calls $0.99
*** RIVER *** [9c 3c Js Kh] [2h]
*** SHOW DOWN ***
elifnur2008: shows [3h 6s] (a pair of Threes)
kiffer319: shows [9d Qh] (a pair of Nines)
kiffer319 collected $19.58 from pot
*** SUMMARY ***
Total pot $19.98 | Rake $0.40
Board [9c 3c Js Kh 2h]
Seat 1: kiffer319 (button) (small blind) showed [9d Qh] and won ($19.58) with a pair of Nines
Seat 2: elifnur2008 (big blind) showed [3h 6s] and lost with a pair of Threes


PokerStars Hand #147949009164:  Hold'em Limit ($3/$6 USD) - 2016/01/30 14:41:19 ET
Table 'Gothlandia' 2-max Seat #2 is the button
Seat 1: kiffer319 ($8.99 in chips)
Seat 2: elifnur2008 ($189.93 in chips)
elifnur2008: posts small blind $1
kiffer319: posts big blind $3
*** HOLE CARDS ***
elifnur2008: folds
Uncalled bet ($2) returned to kiffer319
kiffer319 collected $2 from pot
kiffer319: doesn't show hand
*** SUMMARY ***
Total pot $2 | Rake $0
Seat 1: kiffer319 (big blind) collected ($2)
Seat 2: elifnur2008 (button) (small blind) folded before Flop


PokerStars Hand #147948990816:  Hold'em Limit ($3/$6 USD) - 2016/01/30 14:41:02 ET
Table 'Gothlandia' 2-max Seat #1 is the button
Seat 1: kiffer319 ($20.99 in chips)
Seat 2: elifnur2008 ($178.41 in chips)
kiffer319: posts small blind $1
elifnur2008: posts big blind $3
*** HOLE CARDS ***
kiffer319: raises $3 to $6
elifnur2008: raises $3 to $9
kiffer319: calls $3
*** FLOP *** [7d Jd As]
elifnur2008: bets $3
kiffer319: calls $3
*** TURN *** [7d Jd As] [3h]
elifnur2008: bets $6
kiffer319: folds
Uncalled bet ($6) returned to elifnur2008
elifnur2008 collected $23.52 from pot
elifnur2008: doesn't show hand
*** SUMMARY ***
Total pot $24 | Rake $0.48
Board [7d Jd As 3h]
Seat 1: kiffer319 (button) (small blind) folded on the Turn
Seat 2: elifnur2008 (big blind) collected ($23.52)


PokerStars Hand #147948984882:  Hold'em Limit ($3/$6 USD) - 2016/01/30 14:40:56 ET
Table 'Gothlandia' 2-max Seat #2 is the button
Seat 1: kiffer319 ($19.99 in chips)
Seat 2: elifnur2008 ($179.41 in chips)
elifnur2008: posts small blind $1
kiffer319: posts big blind $3
*** HOLE CARDS ***
elifnur2008: folds
Uncalled bet ($2) returned to kiffer319
kiffer319 collected $2 from pot
kiffer319: doesn't show hand
*** SUMMARY ***
Total pot $2 | Rake $0
Seat 1: kiffer319 (big blind) collected ($2)
Seat 2: elifnur2008 (button) (small blind) folded before Flop


PokerStars Hand #147948963962:  Hold'em Limit ($3/$6 USD) - 2016/01/30 14:40:36 ET
Table 'Gothlandia' 2-max Seat #1 is the button
Seat 1: kiffer319 ($40.99 in chips)
Seat 2: elifnur2008 ($158.91 in chips)
kiffer319: posts small blind $1
elifnur2008: posts big blind $3
*** HOLE CARDS ***
kiffer319: raises $3 to $6
elifnur2008: calls $3
*** FLOP *** [Qd Tc Qs]
elifnur2008: checks
kiffer319: bets $3
elifnur2008: calls $3
*** TURN *** [Qd Tc Qs] [4c]
elifnur2008: checks
kiffer319: bets $6
elifnur2008: raises $6 to $12
kiffer319: calls $6
*** RIVER *** [Qd Tc Qs 4c] [7s]
elifnur2008: bets $6
kiffer319: folds
Uncalled bet ($6) returned to elifnur2008
elifnur2008 collected $41.50 from pot
elifnur2008: doesn't show hand
*** SUMMARY ***
Total pot $42 | Rake $0.50
Board [Qd Tc Qs 4c 7s]
Seat 1: kiffer319 (button) (small blind) folded on the River
Seat 2: elifnur2008 (big blind) collected ($41.50)


PokerStars Hand #147949066716:  Hold'em Limit ($3/$6 USD) - 2016/01/30 14:42:15 ET
Table 'Gothlandia' 2-max Seat #2 is the button
Seat 1: kiffer319 ($40.66 in chips)
Seat 2: elifnur2008 ($157.36 in chips)
elifnur2008: posts small blind $1
kiffer319: posts big blind $3
*** HOLE CARDS ***
elifnur2008: raises $3 to $6
kiffer319: raises $3 to $9
elifnur2008: raises $3 to $12
Betting is capped
kiffer319: calls $3
*** FLOP *** [7s 9d Tc]
kiffer319: bets $3
elifnur2008: calls $3
*** TURN *** [7s 9d Tc] [Th]
kiffer319: bets $6
elifnur2008: raises $6 to $12
kiffer319: calls $6
*** RIVER *** [7s 9d Tc Th] [Td]
kiffer319: checks
elifnur2008: bets $6
kiffer319: calls $6
*** SHOW DOWN ***
elifnur2008: shows [7c 7d] (a full house, Tens full of Sevens)
kiffer319: mucks hand
elifnur2008 collected $65.50 from pot
*** SUMMARY ***
Total pot $66 | Rake $0.50
Board [7s 9d Tc Th Td]
Seat 1: kiffer319 (big blind) mucked
Seat 2: elifnur2008 (button) (small blind) showed [7c 7d] and won ($65.50) with a full house, Tens full of Sevens


PokerStars Hand #147949045673:  Hold'em Limit ($3/$6 USD) - 2016/01/30 14:41:55 ET
Table 'Gothlandia' 2-max Seat #1 is the button
Seat 1: kiffer319 ($20.58 in chips)
Seat 2: elifnur2008 ($177.94 in chips)
kiffer319: posts small blind $1
elifnur2008: posts big blind $3
*** HOLE CARDS ***
kiffer319: raises $3 to $6
elifnur2008: raises $3 to $9
kiffer319: calls $3
*** FLOP *** [Jc Tc 9h]
elifnur2008: bets $3
kiffer319: raises $3 to $6
elifnur2008: calls $3
*** TURN *** [Jc Tc 9h] [9c]
elifnur2008: checks
kiffer319: bets $5.58 and is all-in
elifnur2008: calls $5.58
*** RIVER *** [Jc Tc 9h 9c] [6d]
*** SHOW DOWN ***
elifnur2008: shows [6c Ad] (two pair, Nines and Sixes)
kiffer319: shows [5d 9d] (three of a kind, Nines)
kiffer319 collected $40.66 from pot
*** SUMMARY ***
Total pot $41.16 | Rake $0.50
Board [Jc Tc 9h 9c 6d]
Seat 1: kiffer319 (button) (small blind) showed [5d 9d] and won ($40.66) with three of a kind, Nines
Seat 2: elifnur2008 (big blind) showed [6c Ad] and lost with two pair, Nines and Sixes


PokerStars Hand #147949033632:  Hold'em Limit ($3/$6 USD) - 2016/01/30 14:41:43 ET
Table 'Gothlandia' 2-max Seat #2 is the button
Seat 1: kiffer319 ($19.58 in chips)
Seat 2: elifnur2008 ($178.94 in chips)
elifnur2008: posts small blind $1
kiffer319: posts big blind $3
*** HOLE CARDS ***
elifnur2008: folds
Uncalled bet ($2) returned to kiffer319
kiffer319 collected $2 from pot
kiffer319: doesn't show hand
*** SUMMARY ***
Total pot $2 | Rake $0
Seat 1: kiffer319 (big blind) collected ($2)
Seat 2: elifnur2008 (button) (small blind) folded before Flop


PokerStars Hand #147949140589:  Hold'em Limit ($3/$6 USD) - 2016/01/30 14:43:27 ET
Table 'Gothlandia' 2-max Seat #2 is the button
Seat 1: kiffer319 ($22.52 in chips)
Seat 2: elifnur2008 ($173.95 in chips)
elifnur2008: posts small blind $1
kiffer319: posts big blind $3
*** HOLE CARDS ***
elifnur2008: raises $3 to $6
kiffer319: calls $3
*** FLOP *** [Qs 8h Ah]
kiffer319: checks
elifnur2008: bets $3
kiffer319: folds
Uncalled bet ($3) returned to elifnur2008
elifnur2008 collected $11.76 from pot
elifnur2008: doesn't show hand
*** SUMMARY ***
Total pot $12 | Rake $0.24
Board [Qs 8h Ah]
Seat 1: kiffer319 (big blind) folded on the Flop
Seat 2: elifnur2008 (button) (small blind) collected ($11.76)


PokerStars Hand #147949130841:  Hold'em Limit ($3/$6 USD) - 2016/01/30 14:43:18 ET
Table 'Gothlandia' 2-max Seat #1 is the button
Seat 1: kiffer319 ($16.76 in chips)
Seat 2: elifnur2008 ($179.95 in chips)
kiffer319: posts small blind $1
elifnur2008: posts big blind $3
*** HOLE CARDS ***
kiffer319: raises $3 to $6
elifnur2008: calls $3
*** FLOP *** [8d 4s Qc]
elifnur2008: checks
kiffer319: bets $3
elifnur2008: folds
Uncalled bet ($3) returned to kiffer319
kiffer319 collected $11.76 from pot
kiffer319: doesn't show hand
*** SUMMARY ***
Total pot $12 | Rake $0.24
Board [8d 4s Qc]
Seat 1: kiffer319 (button) (small blind) collected ($11.76)
Seat 2: elifnur2008 (big blind) folded on the Flop


PokerStars Hand #147949125329:  Hold'em Limit ($3/$6 USD) - 2016/01/30 14:43:12 ET
Table 'Gothlandia' 2-max Seat #2 is the button
Seat 1: kiffer319 ($15.76 in chips)
Seat 2: elifnur2008 ($180.95 in chips)
elifnur2008: posts small blind $1
kiffer319: posts big blind $3
*** HOLE CARDS ***
elifnur2008: folds
Uncalled bet ($2) returned to kiffer319
kiffer319 collected $2 from pot
kiffer319: doesn't show hand
*** SUMMARY ***
Total pot $2 | Rake $0
Seat 1: kiffer319 (big blind) collected ($2)
Seat 2: elifnur2008 (button) (small blind) folded before Flop


PokerStars Hand #147949108622:  Hold'em Limit ($3/$6 USD) - 2016/01/30 14:42:56 ET
Table 'Gothlandia' 2-max Seat #1 is the button
Seat 1: kiffer319 ($16.01 in chips)
Seat 2: elifnur2008 ($181.20 in chips)
kiffer319: posts small blind $1
elifnur2008: posts big blind $3
*** HOLE CARDS ***
kiffer319: raises $3 to $6
elifnur2008: raises $3 to $9
kiffer319: calls $3
*** FLOP *** [7h 3h 8s]
elifnur2008: bets $3
kiffer319: raises $3 to $6
elifnur2008: raises $3 to $9
kiffer319: calls $1.01 and is all-in
Uncalled bet ($1.99) returned to elifnur2008
*** TURN *** [7h 3h 8s] [Ah]
*** RIVER *** [7h 3h 8s Ah] [Kd]
*** SHOW DOWN ***
elifnur2008: shows [9s 6s] (high card Ace)
kiffer319: shows [6d 9c] (high card Ace)
elifnur2008 collected $15.76 from pot
kiffer319 collected $15.76 from pot
*** SUMMARY ***
Total pot $32.02 | Rake $0.50
Board [7h 3h 8s Ah Kd]
Seat 1: kiffer319 (button) (small blind) showed [6d 9c] and won ($15.76) with high card Ace
Seat 2: elifnur2008 (big blind) showed [9s 6s] and won ($15.76) with high card Ace


PokerStars Hand #147949103002:  Hold'em Limit ($3/$6 USD) - 2016/01/30 14:42:50 ET
Table 'Gothlandia' 2-max Seat #2 is the button
Seat 1: kiffer319 ($15.01 in chips)
Seat 2: elifnur2008 ($182.20 in chips)
elifnur2008: posts small blind $1
kiffer319: posts big blind $3
*** HOLE CARDS ***
elifnur2008: folds
Uncalled bet ($2) returned to kiffer319
kiffer319 collected $2 from pot
kiffer319: doesn't show hand
*** SUMMARY ***
Total pot $2 | Rake $0
Seat 1: kiffer319 (big blind) collected ($2)
Seat 2: elifnur2008 (button) (small blind) folded before Flop


PokerStars Hand #147949088465:  Hold'em Limit ($3/$6 USD) - 2016/01/30 14:42:36 ET
Table 'Gothlandia' 2-max Seat #1 is the button
Seat 1: kiffer319 ($7.66 in chips)
Seat 2: elifnur2008 ($189.86 in chips)
kiffer319: posts small blind $1
elifnur2008: posts big blind $3
*** HOLE CARDS ***
kiffer319: raises $3 to $6
elifnur2008: raises $3 to $9
kiffer319: calls $1.66 and is all-in
Uncalled bet ($1.34) returned to elifnur2008
*** FLOP *** [5h Jd 6c]
*** TURN *** [5h Jd 6c] [7s]
*** RIVER *** [5h Jd 6c 7s] [Kc]
*** SHOW DOWN ***
elifnur2008: shows [Ah 4s] (high card Ace)
kiffer319: shows [Ts 7c] (a pair of Sevens)
kiffer319 collected $15.01 from pot
*** SUMMARY ***
Total pot $15.32 | Rake $0.31
Board [5h Jd 6c 7s Kc]
Seat 1: kiffer319 (button) (small blind) showed [Ts 7c] and won ($15.01) with a pair of Sevens
Seat 2: elifnur2008 (big blind) showed [Ah 4s] and lost with high card Ace


PokerStars Hand #147949192753:  Hold'em Limit ($3/$6 USD) - 2016/01/30 14:44:17 ET
Table 'Gothlandia' 2-max Seat #1 is the button
Seat 1: kiffer319 ($15.16 in chips)
Seat 2: elifnur2008 ($180.23 in chips)
kiffer319: posts small blind $1
elifnur2008: posts big blind $3
*** HOLE CARDS ***
kiffer319: raises $3 to $6
elifnur2008: raises $3 to $9
kiffer319: calls $3
*** FLOP *** [3d 2c 6c]
elifnur2008: bets $3
kiffer319: calls $3
*** TURN *** [3d 2c 6c] [5d]
elifnur2008: bets $6
kiffer319: calls $3.16 and is all-in
Uncalled bet ($2.84) returned to elifnur2008
*** RIVER *** [3d 2c 6c 5d] [3h]
*** SHOW DOWN ***
elifnur2008: shows [9h Ac] (a pair of Threes)
kiffer319: shows [9d 8h] (a pair of Threes - lower kicker)
elifnur2008 collected $29.82 from pot
*** SUMMARY ***
Total pot $30.32 | Rake $0.50
Board [3d 2c 6c 5d 3h]
Seat 1: kiffer319 (button) (small blind) showed [9d 8h] and lost with a pair of Threes
Seat 2: elifnur2008 (big blind) showed [9h Ac] and won ($29.82) with a pair of Threes


PokerStars Hand #147949188068:  Hold'em Limit ($3/$6 USD) - 2016/01/30 14:44:13 ET
Table 'Gothlandia' 2-max Seat #2 is the button
Seat 1: kiffer319 ($14.16 in chips)
Seat 2: elifnur2008 ($181.23 in chips)
elifnur2008: posts small blind $1
kiffer319: posts big blind $3
*** HOLE CARDS ***
elifnur2008: folds
Uncalled bet ($2) returned to kiffer319
kiffer319 collected $2 from pot
kiffer319: doesn't show hand
*** SUMMARY ***
Total pot $2 | Rake $0
Seat 1: kiffer319 (big blind) collected ($2)
Seat 2: elifnur2008 (button) (small blind) folded before Flop


PokerStars Hand #147949175183:  Hold'em Limit ($3/$6 USD) - 2016/01/30 14:44:00 ET
Table 'Gothlandia' 2-max Seat #1 is the button
Seat 1: kiffer319 ($26.16 in chips)
Seat 2: elifnur2008 ($169.71 in chips)
kiffer319: posts small blind $1
elifnur2008: posts big blind $3
*** HOLE CARDS ***
kiffer319: raises $3 to $6
elifnur2008: raises $3 to $9
kiffer319: calls $3
*** FLOP *** [Qd 9d 7c]
elifnur2008: bets $3
kiffer319: calls $3
*** TURN *** [Qd 9d 7c] [2c]
elifnur2008: bets $6
kiffer319: folds
Uncalled bet ($6) returned to elifnur2008
elifnur2008 collected $23.52 from pot
elifnur2008: doesn't show hand
*** SUMMARY ***
Total pot $24 | Rake $0.48
Board [Qd 9d 7c 2c]
Seat 1: kiffer319 (button) (small blind) folded on the Turn
Seat 2: elifnur2008 (big blind) collected ($23.52)


PokerStars Hand #147949169641:  Hold'em Limit ($3/$6 USD) - 2016/01/30 14:43:55 ET
Table 'Gothlandia' 2-max Seat #2 is the button
Seat 1: kiffer319 ($25.16 in chips)
Seat 2: elifnur2008 ($170.71 in chips)
elifnur2008: posts small blind $1
kiffer319: posts big blind $3
*** HOLE CARDS ***
elifnur2008: folds
Uncalled bet ($2) returned to kiffer319
kiffer319 collected $2 from pot
kiffer319: doesn't show hand
*** SUMMARY ***
Total pot $2 | Rake $0
Seat 1: kiffer319 (big blind) collected ($2)
Seat 2: elifnur2008 (button) (small blind) folded before Flop


PokerStars Hand #147949151490:  Hold'em Limit ($3/$6 USD) - 2016/01/30 14:43:38 ET
Table 'Gothlandia' 2-max Seat #1 is the button
Seat 1: kiffer319 ($16.52 in chips)
Seat 2: elifnur2008 ($179.71 in chips)
kiffer319: posts small blind $1
elifnur2008: posts big blind $3
*** HOLE CARDS ***
kiffer319: raises $3 to $6
elifnur2008: calls $3
*** FLOP *** [4d Ks 6c]
elifnur2008: checks
kiffer319: bets $3
elifnur2008: calls $3
*** TURN *** [4d Ks 6c] [Ah]
elifnur2008: checks
kiffer319: bets $6
elifnur2008: folds
Uncalled bet ($6) returned to kiffer319
kiffer319 collected $17.64 from pot
kiffer319: doesn't show hand
*** SUMMARY ***
Total pot $18 | Rake $0.36
Board [4d Ks 6c Ah]
Seat 1: kiffer319 (button) (small blind) collected ($17.64)
Seat 2: elifnur2008 (big blind) folded on the Turn


