PokerStars Hand #173500050701:  Hold'em Limit ($3/$6 USD) - 2017/07/25 14:56:24 ET
Table 'Gothlandia' 6-max Seat #1 is the button
Seat 1: Zubasa07 ($211 in chips)
Seat 2: nedo1414 ($207.04 in chips)
Zubasa07: posts small blind $1
nedo1414: posts big blind $3
*** HOLE CARDS ***
Zubasa07: raises $3 to $6
nedo1414: folds
Uncalled bet ($3) returned to Zubasa07
Zubasa07 collected $6 from pot
Zubasa07: doesn't show hand
*** SUMMARY ***
Total pot $6 | Rake $0
Seat 1: Zubasa07 (button) (small blind) collected ($6)
Seat 2: nedo1414 (big blind) folded before Flop


PokerStars Hand #173508364711:  Hold'em Limit ($3/$6 USD) - 2017/07/25 17:45:14 ET
Table 'Gothlandia' 6-max Seat #2 is the button
Seat 1: Jesper0808 ($87.92 in chips)
Seat 2: nedo1414 ($625.78 in chips)
nedo1414: posts small blind $1
Iseethelight: is sitting out
Jesper0808: posts big blind $3
*** HOLE CARDS ***
nedo1414: folds
Uncalled bet ($2) returned to Jesper0808
Jesper0808 collected $2 from pot
Jesper0808: doesn't show hand
*** SUMMARY ***
Total pot $2 | Rake $0
Seat 1: Jesper0808 (big blind) collected ($2)
Seat 2: nedo1414 (button) (small blind) folded before Flop


PokerStars Hand #173508397528:  Hold'em Limit ($3/$6 USD) - 2017/07/25 17:45:56 ET
Table 'Gothlandia' 6-max Seat #2 is the button
Seat 1: Jesper0808 ($121.42 in chips)
Seat 2: nedo1414 ($591.78 in chips)
nedo1414: posts small blind $1
Jesper0808: posts big blind $3
*** HOLE CARDS ***
nedo1414: raises $3 to $6
Jesper0808: folds
Uncalled bet ($3) returned to nedo1414
nedo1414 collected $6 from pot
nedo1414: doesn't show hand
*** SUMMARY ***
Total pot $6 | Rake $0
Seat 1: Jesper0808 (big blind) folded before Flop
Seat 2: nedo1414 (button) (small blind) collected ($6)


PokerStars Hand #173508402397:  Hold'em Limit ($3/$6 USD) - 2017/07/25 17:46:03 ET
Table 'Gothlandia' 6-max Seat #1 is the button
Seat 1: Jesper0808 ($118.42 in chips)
Seat 2: nedo1414 ($594.78 in chips)
Jesper0808: posts small blind $1
nedo1414: posts big blind $3
*** HOLE CARDS ***
Jesper0808: raises $3 to $6
nedo1414: raises $3 to $9
Jesper0808: calls $3
*** FLOP *** [Tc 2h 5h]
nedo1414: bets $3
Jesper0808: calls $3
*** TURN *** [Tc 2h 5h] [Kc]
nedo1414: bets $6
Jesper0808: raises $6 to $12
nedo1414: folds
Uncalled bet ($6) returned to Jesper0808
Jesper0808 collected $35.50 from pot
Jesper0808: doesn't show hand
*** SUMMARY ***
Total pot $36 | Rake $0.50
Board [Tc 2h 5h Kc]
Seat 1: Jesper0808 (button) (small blind) collected ($35.50)
Seat 2: nedo1414 (big blind) folded on the Turn


PokerStars Hand #173508368824:  Hold'em Limit ($3/$6 USD) - 2017/07/25 17:45:19 ET
Table 'Gothlandia' 6-max Seat #1 is the button
Seat 1: Jesper0808 ($88.92 in chips)
Seat 2: nedo1414 ($624.78 in chips)
Jesper0808: posts small blind $1
nedo1414: posts big blind $3
*** HOLE CARDS ***
Jesper0808: raises $3 to $6
nedo1414: raises $3 to $9
Jesper0808: raises $3 to $12
Betting is capped
nedo1414: calls $3
*** FLOP *** [Kc 2s Ad]
nedo1414: bets $3
Jesper0808: calls $3
*** TURN *** [Kc 2s Ad] [6h]
nedo1414: bets $6
Jesper0808: raises $6 to $12
nedo1414: calls $6
*** RIVER *** [Kc 2s Ad 6h] [8d]
nedo1414: checks
Jesper0808: bets $6
nedo1414: calls $6
*** SHOW DOWN ***
Jesper0808: shows [Ah Td] (a pair of Aces)
nedo1414: mucks hand
Jesper0808 collected $65.50 from pot
*** SUMMARY ***
Total pot $66 | Rake $0.50
Board [Kc 2s Ad 6h 8d]
Seat 1: Jesper0808 (button) (small blind) showed [Ah Td] and won ($65.50) with a pair of Aces
Seat 2: nedo1414 (big blind) mucked


PokerStars Hand #173508449289:  Hold'em Limit ($3/$6 USD) - 2017/07/25 17:47:03 ET
Table 'Gothlandia' 6-max Seat #1 is the button
Seat 1: Jesper0808 ($150.42 in chips)
Seat 2: nedo1414 ($561.78 in chips)
Jesper0808: posts small blind $1
nedo1414: posts big blind $3
*** HOLE CARDS ***
Jesper0808: raises $3 to $6
nedo1414: calls $3
*** FLOP *** [Qh 9c 6d]
nedo1414: checks
Jesper0808: bets $3
nedo1414: calls $3
*** TURN *** [Qh 9c 6d] [8s]
nedo1414: checks
Jesper0808: bets $6
nedo1414: raises $6 to $12
Jesper0808: raises $6 to $18
nedo1414: calls $6
*** RIVER *** [Qh 9c 6d 8s] [5c]
sokol-max-PS joins the table at seat #3
nedo1414: checks
Jesper0808: bets $6
nedo1414: raises $6 to $12
Jesper0808: calls $6
*** SHOW DOWN ***
nedo1414: shows [7c 8d] (a straight, Five to Nine)
Jesper0808: mucks hand
nedo1414 collected $77.50 from pot
*** SUMMARY ***
Total pot $78 | Rake $0.50
Board [Qh 9c 6d 8s 5c]
Seat 1: Jesper0808 (button) (small blind) mucked
Seat 2: nedo1414 (big blind) showed [7c 8d] and won ($77.50) with a straight, Five to Nine


PokerStars Hand #173508418929:  Hold'em Limit ($3/$6 USD) - 2017/07/25 17:46:24 ET
Table 'Gothlandia' 6-max Seat #2 is the button
Seat 1: Jesper0808 ($135.92 in chips)
Seat 2: nedo1414 ($576.78 in chips)
nedo1414: posts small blind $1
Kosova1968 was removed from the table for failing to post
Jesper0808: posts big blind $3
*** HOLE CARDS ***
nedo1414: raises $3 to $6
Jesper0808: calls $3
*** FLOP *** [5s 6d 9c]
Jesper0808: checks
nedo1414: bets $3
Jesper0808: calls $3
*** TURN *** [5s 6d 9c] [Kd]
Jesper0808: checks
nedo1414: bets $6
Jesper0808: calls $6
*** RIVER *** [5s 6d 9c Kd] [4h]
Jesper0808: checks
nedo1414: checks
*** SHOW DOWN ***
Jesper0808: shows [3h 4c] (a pair of Fours)
nedo1414: mucks hand
Jesper0808 collected $29.50 from pot
protriin leaves the table
*** SUMMARY ***
Total pot $30 | Rake $0.50
Board [5s 6d 9c Kd 4h]
Seat 1: Jesper0808 (big blind) showed [3h 4c] and won ($29.50) with a pair of Fours
Seat 2: nedo1414 (button) (small blind) mucked


PokerStars Hand #173511488572:  Hold'em Limit ($3/$6 USD) - 2017/07/25 18:56:29 ET
Table 'Gothlandia' 6-max Seat #4 is the button
Seat 2: Iseethelight ($157.10 in chips)
Seat 4: Actionni13 ($162.69 in chips)
Actionni13: posts small blind $1
Iseethelight: posts big blind $3
*** HOLE CARDS ***
Actionni13: raises $3 to $6
Iseethelight: folds
Uncalled bet ($3) returned to Actionni13
Actionni13 collected $6 from pot
Actionni13: doesn't show hand
*** SUMMARY ***
Total pot $6 | Rake $0
Seat 2: Iseethelight (big blind) folded before Flop
Seat 4: Actionni13 (button) (small blind) collected ($6)


