PokerStars Hand #171543462625:  Hold'em Limit ($3/$6 USD) - 2017/06/09 7:08:58 ET
Table 'Gothlandia' 6-max Seat #6 is the button
Seat 5: Adrienn99 ($54 in chips)
Seat 6: Agrotait ($72 in chips)
Agrotait: posts small blind $1
TbIP-TbIP 88: is sitting out
TbIP-TbIP 88 leaves the table
Adrienn99: posts big blind $3
*** HOLE CARDS ***
DismasX joins the table at seat #1
Agrotait: folds
Uncalled bet ($2) returned to Adrienn99
Adrienn99 collected $2 from pot
Adrienn99: doesn't show hand
*** SUMMARY ***
Total pot $2 | Rake $0
Seat 5: Adrienn99 (big blind) collected ($2)
Seat 6: Agrotait (button) (small blind) folded before Flop


PokerStars Hand #171543466987:  Hold'em Limit ($3/$6 USD) - 2017/06/09 7:09:09 ET
Table 'Gothlandia' 6-max Seat #5 is the button
Seat 5: Adrienn99 ($55 in chips)
Seat 6: Agrotait ($71 in chips)
Adrienn99: posts small blind $1
Agrotait: posts big blind $3
*** HOLE CARDS ***
Adrienn99: calls $2
Agrotait: checks
*** FLOP *** [6s 7d 5c]
Agrotait: bets $3
Adrienn99: folds
Uncalled bet ($3) returned to Agrotait
Agrotait collected $5.88 from pot
Agrotait: doesn't show hand
*** SUMMARY ***
Total pot $6 | Rake $0.12
Board [6s 7d 5c]
Seat 5: Adrienn99 (button) (small blind) folded on the Flop
Seat 6: Agrotait (big blind) collected ($5.88)


PokerStars Hand #171543683411:  Hold'em Limit ($3/$6 USD) - 2017/06/09 7:18:02 ET
Table 'Gothlandia' 6-max Seat #4 is the button
Seat 3: Hadart ($160.87 in chips)
Seat 4: dobber888 ($40.53 in chips)
dobber888: posts small blind $1
Hadart: posts big blind $3
*** HOLE CARDS ***
DismasX leaves the table
dobber888: raises $3 to $6
Hadart: folds
Uncalled bet ($3) returned to dobber888
dobber888 collected $6 from pot
dobber888: doesn't show hand
*** SUMMARY ***
Total pot $6 | Rake $0
Seat 3: Hadart (big blind) folded before Flop
Seat 4: dobber888 (button) (small blind) collected ($6)


PokerStars Hand #171543655776:  Hold'em Limit ($3/$6 USD) - 2017/06/09 7:16:54 ET
Table 'Gothlandia' 6-max Seat #4 is the button
Seat 3: Hadart ($146.35 in chips)
Seat 4: dobber888 ($55.53 in chips)
dobber888: posts small blind $1
Agrotait: is sitting out
DismasX: is sitting out
Hadart: posts big blind $3
*** HOLE CARDS ***
Agrotait leaves the table
dobber888: calls $2
Hadart: checks
*** FLOP *** [5c 3s Qs]
Hadart: checks
dobber888: bets $3
Hadart: calls $3
*** TURN *** [5c 3s Qs] [9c]
Hadart: checks
dobber888: bets $6
Hadart: calls $6
*** RIVER *** [5c 3s Qs 9c] [Jh]
Hadart: checks
dobber888: checks
*** SHOW DOWN ***
Hadart: shows [Ks 5h] (a pair of Fives)
dobber888: mucks hand
Hadart collected $23.52 from pot
*** SUMMARY ***
Total pot $24 | Rake $0.48
Board [5c 3s Qs 9c Jh]
Seat 3: Hadart (big blind) showed [Ks 5h] and won ($23.52) with a pair of Fives
Seat 4: dobber888 (button) (small blind) mucked


PokerStars Hand #171543674459:  Hold'em Limit ($3/$6 USD) - 2017/06/09 7:17:40 ET
Table 'Gothlandia' 6-max Seat #3 is the button
Seat 3: Hadart ($157.87 in chips)
Seat 4: dobber888 ($43.53 in chips)
Hadart: posts small blind $1
dobber888: posts big blind $3
*** HOLE CARDS ***
Hadart: raises $3 to $6
dobber888: folds
Uncalled bet ($3) returned to Hadart
Hadart collected $6 from pot
Hadart: doesn't show hand
*** SUMMARY ***
Total pot $6 | Rake $0
Seat 3: Hadart (button) (small blind) collected ($6)
Seat 4: dobber888 (big blind) folded before Flop


PokerStars Hand #171543689909:  Hold'em Limit ($3/$6 USD) - 2017/06/09 7:18:17 ET
Table 'Gothlandia' 6-max Seat #3 is the button
Seat 3: Hadart ($157.87 in chips)
Seat 4: dobber888 ($43.53 in chips)
Hadart: posts small blind $1
dobber888: posts big blind $3
*** HOLE CARDS ***
Hadart: folds
Uncalled bet ($2) returned to dobber888
dobber888 collected $2 from pot
dobber888: doesn't show hand
*** SUMMARY ***
Total pot $2 | Rake $0
Seat 3: Hadart (button) (small blind) folded before Flop
Seat 4: dobber888 (big blind) collected ($2)


PokerStars Hand #171543691905:  Hold'em Limit ($3/$6 USD) - 2017/06/09 7:18:23 ET
Table 'Gothlandia' 6-max Seat #4 is the button
Seat 3: Hadart ($156.87 in chips)
Seat 4: dobber888 ($44.53 in chips)
dobber888: posts small blind $1
Hadart: posts big blind $3
*** HOLE CARDS ***
dobber888: folds
Uncalled bet ($2) returned to Hadart
dobber888 leaves the table
Hadart collected $2 from pot
Hadart: doesn't show hand
*** SUMMARY ***
Total pot $2 | Rake $0
Seat 3: Hadart (big blind) collected ($2)
Seat 4: dobber888 (button) (small blind) folded before Flop


