PokerStars Hand #149374080739:  Hold'em Limit ($3/$6 USD) - 2016/02/24 23:24:21 ET
Table 'Gotha' 6-max Seat #1 is the button
Seat 1: LifeisagameX ($60 in chips)
Seat 5: HaekJiu ($120 in chips)
LifeisagameX: posts small blind $1
HaekJiu: posts big blind $3
*** HOLE CARDS ***
LifeisagameX: raises $3 to $6
HaekJiu: calls $3
*** FLOP *** [7h Qd 6c]
HaekJiu: checks
LifeisagameX: checks
*** TURN *** [7h Qd 6c] [6h]
HaekJiu: bets $6
LifeisagameX: calls $6
*** RIVER *** [7h Qd 6c 6h] [Tc]
HaekJiu: bets $6
LifeisagameX: raises $6 to $12
HaekJiu: folds
Uncalled bet ($6) returned to LifeisagameX
LifeisagameX collected $35.50 from pot
LifeisagameX: doesn't show hand
*** SUMMARY ***
Total pot $36 | Rake $0.50
Board [7h Qd 6c 6h Tc]
Seat 1: LifeisagameX (button) (small blind) collected ($35.50)
Seat 5: HaekJiu (big blind) folded on the River


PokerStars Hand #149374091110:  Hold'em Limit ($3/$6 USD) - 2016/02/24 23:24:55 ET
Table 'Gotha' 6-max Seat #5 is the button
Seat 1: LifeisagameX ($77.50 in chips)
Seat 5: HaekJiu ($102 in chips)
HaekJiu: posts small blind $1
LifeisagameX: posts big blind $3
*** HOLE CARDS ***
HaekJiu: raises $3 to $6
LifeisagameX: raises $3 to $9
HaekJiu: calls $3
*** FLOP *** [Td 8s Jc]
LifeisagameX: bets $3
HaekJiu: folds
Uncalled bet ($3) returned to LifeisagameX
LifeisagameX collected $17.64 from pot
LifeisagameX: doesn't show hand
samba68 joins the table at seat #3
*** SUMMARY ***
Total pot $18 | Rake $0.36
Board [Td 8s Jc]
Seat 1: LifeisagameX (big blind) collected ($17.64)
Seat 5: HaekJiu (button) (small blind) folded on the Flop


PokerStars Hand #149374123829:  Hold'em Limit ($3/$6 USD) - 2016/02/24 23:26:43 ET
Table 'Gotha' 6-max Seat #3 is the button
Seat 3: samba68 ($121.11 in chips)
Seat 5: HaekJiu ($116.17 in chips)
samba68: posts small blind $1
HaekJiu: posts big blind $3
*** HOLE CARDS ***
samba68: raises $3 to $6
HaekJiu: calls $3
*** FLOP *** [Th 5c 2c]
HaekJiu: checks
samba68: bets $3
HaekJiu: raises $3 to $6
LifeisagameX leaves the table
samba68: calls $3
*** TURN *** [Th 5c 2c] [9h]
HaekJiu: bets $6
samba68: calls $6
*** RIVER *** [Th 5c 2c 9h] [3s]
HaekJiu: bets $6
samba68: calls $6
*** SHOW DOWN ***
HaekJiu: shows [Jc 3c] (a pair of Threes)
samba68: shows [7s 7d] (a pair of Sevens)
samba68 collected $47.50 from pot
*** SUMMARY ***
Total pot $48 | Rake $0.50
Board [Th 5c 2c 9h 3s]
Seat 3: samba68 (button) (small blind) showed [7s 7d] and won ($47.50) with a pair of Sevens
Seat 5: HaekJiu (big blind) showed [Jc 3c] and lost with a pair of Threes


PokerStars Hand #149374145405:  Hold'em Limit ($3/$6 USD) - 2016/02/24 23:27:55 ET
Table 'Gotha' 6-max Seat #3 is the button
Seat 3: samba68 ($94.61 in chips)
Seat 5: HaekJiu ($141.19 in chips)
samba68: posts small blind $1
HaekJiu: posts big blind $3
*** HOLE CARDS ***
samba68: raises $3 to $6
HaekJiu: folds
Uncalled bet ($3) returned to samba68
samba68 collected $6 from pot
samba68: doesn't show hand
*** SUMMARY ***
Total pot $6 | Rake $0
Seat 3: samba68 (button) (small blind) collected ($6)
Seat 5: HaekJiu (big blind) folded before Flop


PokerStars Hand #149374139563:  Hold'em Limit ($3/$6 USD) - 2016/02/24 23:27:36 ET
Table 'Gotha' 6-max Seat #5 is the button
Seat 3: samba68 ($130.61 in chips)
Seat 5: HaekJiu ($105.69 in chips)
HaekJiu: posts small blind $1
samba68: posts big blind $3
*** HOLE CARDS ***
HaekJiu: raises $3 to $6
samba68: raises $3 to $9
HaekJiu: calls $3
*** FLOP *** [8h Js 8c]
samba68: bets $3
HaekJiu: calls $3
*** TURN *** [8h Js 8c] [Ad]
samba68: bets $6
HaekJiu: raises $6 to $12
samba68: raises $6 to $18
HaekJiu: calls $6
*** RIVER *** [8h Js 8c Ad] [6d]
samba68: bets $6
HaekJiu: calls $6
*** SHOW DOWN ***
samba68: shows [Qh 2h] (a pair of Eights)
HaekJiu: shows [Ac 3s] (two pair, Aces and Eights)
HaekJiu collected $71.50 from pot
*** SUMMARY ***
Total pot $72 | Rake $0.50
Board [8h Js 8c Ad 6d]
Seat 3: samba68 (big blind) showed [Qh 2h] and lost with a pair of Eights
Seat 5: HaekJiu (button) (small blind) showed [Ac 3s] and won ($71.50) with two pair, Aces and Eights


PokerStars Hand #149374137976:  Hold'em Limit ($3/$6 USD) - 2016/02/24 23:27:31 ET
Table 'Gotha' 6-max Seat #3 is the button
Seat 3: samba68 ($131.61 in chips)
Seat 5: HaekJiu ($104.69 in chips)
samba68: posts small blind $1
HaekJiu: posts big blind $3
*** HOLE CARDS ***
samba68: folds
Uncalled bet ($2) returned to HaekJiu
HaekJiu collected $2 from pot
HaekJiu: doesn't show hand
*** SUMMARY ***
Total pot $2 | Rake $0
Seat 3: samba68 (button) (small blind) folded before Flop
Seat 5: HaekJiu (big blind) collected ($2)


PokerStars Hand #149374134430:  Hold'em Limit ($3/$6 USD) - 2016/02/24 23:27:19 ET
Table 'Gotha' 6-max Seat #5 is the button
Seat 3: samba68 ($137.61 in chips)
Seat 5: HaekJiu ($98.93 in chips)
HaekJiu: posts small blind $1
samba68: posts big blind $3
*** HOLE CARDS ***
HaekJiu: raises $3 to $6
samba68: calls $3
*** FLOP *** [3c Qs Ts]
samba68: checks
HaekJiu: bets $3
samba68: folds
Uncalled bet ($3) returned to HaekJiu
HaekJiu collected $11.76 from pot
HaekJiu: doesn't show hand
*** SUMMARY ***
Total pot $12 | Rake $0.24
Board [3c Qs Ts]
Seat 3: samba68 (big blind) folded on the Flop
Seat 5: HaekJiu (button) (small blind) collected ($11.76)


PokerStars Hand #149374132788:  Hold'em Limit ($3/$6 USD) - 2016/02/24 23:27:13 ET
Table 'Gotha' 6-max Seat #3 is the button
Seat 3: samba68 ($138.61 in chips)
Seat 5: HaekJiu ($97.93 in chips)
samba68: posts small blind $1
HaekJiu: posts big blind $3
*** HOLE CARDS ***
samba68: folds
Uncalled bet ($2) returned to HaekJiu
HaekJiu collected $2 from pot
HaekJiu: doesn't show hand
*** SUMMARY ***
Total pot $2 | Rake $0
Seat 3: samba68 (button) (small blind) folded before Flop
Seat 5: HaekJiu (big blind) collected ($2)


PokerStars Hand #149374129429:  Hold'em Limit ($3/$6 USD) - 2016/02/24 23:27:02 ET
Table 'Gotha' 6-max Seat #5 is the button
Seat 3: samba68 ($144.61 in chips)
Seat 5: HaekJiu ($92.17 in chips)
HaekJiu: posts small blind $1
samba68: posts big blind $3
*** HOLE CARDS ***
HaekJiu: raises $3 to $6
samba68: calls $3
*** FLOP *** [Jc As 3s]
samba68: checks
HaekJiu: bets $3
samba68: folds
Uncalled bet ($3) returned to HaekJiu
HaekJiu collected $11.76 from pot
HaekJiu: doesn't show hand
*** SUMMARY ***
Total pot $12 | Rake $0.24
Board [Jc As 3s]
Seat 3: samba68 (big blind) folded on the Flop
Seat 5: HaekJiu (button) (small blind) collected ($11.76)


PokerStars Hand #149374147202:  Hold'em Limit ($3/$6 USD) - 2016/02/24 23:28:01 ET
Table 'Gotha' 6-max Seat #5 is the button
Seat 3: samba68 ($97.61 in chips)
Seat 5: HaekJiu ($138.19 in chips)
HaekJiu: posts small blind $1
samba68: posts big blind $3
*** HOLE CARDS ***
HaekJiu: raises $3 to $6
samba68: raises $3 to $9
HaekJiu: calls $3
*** FLOP *** [4c Kh Jh]
samba68: bets $3
HaekJiu: calls $3
*** TURN *** [4c Kh Jh] [4s]
samba68: bets $6
HaekJiu: raises $6 to $12
samba68: calls $6
*** RIVER *** [4c Kh Jh 4s] [9s]
samba68: checks
HaekJiu: bets $6
samba68: calls $6
*** SHOW DOWN ***
HaekJiu: shows [Jc Ah] (two pair, Jacks and Fours)
samba68: shows [3c Kc] (two pair, Kings and Fours)
samba68 collected $59.50 from pot
*** SUMMARY ***
Total pot $60 | Rake $0.50
Board [4c Kh Jh 4s 9s]
Seat 3: samba68 (big blind) showed [3c Kc] and won ($59.50) with two pair, Kings and Fours
Seat 5: HaekJiu (button) (small blind) showed [Jc Ah] and lost with two pair, Jacks and Fours


PokerStars Hand #149374162027:  Hold'em Limit ($3/$6 USD) - 2016/02/24 23:28:51 ET
Table 'Gotha' 6-max Seat #3 is the button
Seat 3: samba68 ($108.87 in chips)
Seat 5: HaekJiu ($125.69 in chips)
samba68: posts small blind $1
HaekJiu: posts big blind $3
*** HOLE CARDS ***
samba68: folds
Uncalled bet ($2) returned to HaekJiu
HaekJiu collected $2 from pot
HaekJiu: doesn't show hand
*** SUMMARY ***
Total pot $2 | Rake $0
Seat 3: samba68 (button) (small blind) folded before Flop
Seat 5: HaekJiu (big blind) collected ($2)


PokerStars Hand #149374158778:  Hold'em Limit ($3/$6 USD) - 2016/02/24 23:28:40 ET
Table 'Gotha' 6-max Seat #5 is the button
Seat 3: samba68 ($103.11 in chips)
Seat 5: HaekJiu ($131.69 in chips)
HaekJiu: posts small blind $1
samba68: posts big blind $3
*** HOLE CARDS ***
HaekJiu: raises $3 to $6
samba68: calls $3
*** FLOP *** [3s Th 3d]
samba68: checks
HaekJiu: checks
*** TURN *** [3s Th 3d] [2c]
samba68: bets $6
HaekJiu: folds
Uncalled bet ($6) returned to samba68
samba68 collected $11.76 from pot
samba68: doesn't show hand
*** SUMMARY ***
Total pot $12 | Rake $0.24
Board [3s Th 3d 2c]
Seat 3: samba68 (big blind) collected ($11.76)
Seat 5: HaekJiu (button) (small blind) folded on the Turn


PokerStars Hand #149374153553:  Hold'em Limit ($3/$6 USD) - 2016/02/24 23:28:23 ET
Table 'Gotha' 6-max Seat #3 is the button
Seat 3: samba68 ($127.11 in chips)
Seat 5: HaekJiu ($108.19 in chips)
samba68: posts small blind $1
HaekJiu: posts big blind $3
*** HOLE CARDS ***
samba68: raises $3 to $6
HaekJiu: raises $3 to $9
samba68: calls $3
*** FLOP *** [9h 8d Ts]
HaekJiu: bets $3
samba68: calls $3
*** TURN *** [9h 8d Ts] [3h]
HaekJiu: bets $6
samba68: calls $6
*** RIVER *** [9h 8d Ts 3h] [Qc]
HaekJiu: bets $6
samba68: calls $6
*** SHOW DOWN ***
HaekJiu: shows [Jh As] (a straight, Eight to Queen)
samba68: mucks hand
HaekJiu collected $47.50 from pot
*** SUMMARY ***
Total pot $48 | Rake $0.50
Board [9h 8d Ts 3h Qc]
Seat 3: samba68 (button) (small blind) mucked
Seat 5: HaekJiu (big blind) showed [Jh As] and won ($47.50) with a straight, Eight to Queen


PokerStars Hand #149374163986:  Hold'em Limit ($3/$6 USD) - 2016/02/24 23:28:57 ET
Table 'Gotha' 6-max Seat #5 is the button
Seat 3: samba68 ($107.87 in chips)
Seat 5: HaekJiu ($126.69 in chips)
HaekJiu: posts small blind $1
samba68: posts big blind $3
*** HOLE CARDS ***
HaekJiu: raises $3 to $6
samba68: folds
Uncalled bet ($3) returned to HaekJiu
HaekJiu collected $6 from pot
HaekJiu: doesn't show hand
*** SUMMARY ***
Total pot $6 | Rake $0
Seat 3: samba68 (big blind) folded before Flop
Seat 5: HaekJiu (button) (small blind) collected ($6)


PokerStars Hand #149374178703:  Hold'em Limit ($3/$6 USD) - 2016/02/24 23:29:46 ET
Table 'Gotha' 6-max Seat #5 is the button
Seat 3: samba68 ($139.37 in chips)
Seat 5: HaekJiu ($94.45 in chips)
HaekJiu: posts small blind $1
samba68: posts big blind $3
*** HOLE CARDS ***
HaekJiu: raises $3 to $6
samba68: folds
Uncalled bet ($3) returned to HaekJiu
HaekJiu collected $6 from pot
HaekJiu: doesn't show hand
*** SUMMARY ***
Total pot $6 | Rake $0
Seat 3: samba68 (big blind) folded before Flop
Seat 5: HaekJiu (button) (small blind) collected ($6)


PokerStars Hand #149374175707:  Hold'em Limit ($3/$6 USD) - 2016/02/24 23:29:36 ET
Table 'Gotha' 6-max Seat #3 is the button
Seat 3: samba68 ($140.37 in chips)
Seat 5: HaekJiu ($93.45 in chips)
samba68: posts small blind $1
HaekJiu: posts big blind $3
*** HOLE CARDS ***
samba68: folds
Uncalled bet ($2) returned to HaekJiu
HaekJiu collected $2 from pot
HaekJiu: doesn't show hand
*** SUMMARY ***
Total pot $2 | Rake $0
Seat 3: samba68 (button) (small blind) folded before Flop
Seat 5: HaekJiu (big blind) collected ($2)


PokerStars Hand #149374172381:  Hold'em Limit ($3/$6 USD) - 2016/02/24 23:29:25 ET
Table 'Gotha' 6-max Seat #5 is the button
Seat 3: samba68 ($146.37 in chips)
Seat 5: HaekJiu ($87.69 in chips)
HaekJiu: posts small blind $1
samba68: posts big blind $3
*** HOLE CARDS ***
HaekJiu: raises $3 to $6
samba68: calls $3
*** FLOP *** [As 6h 8d]
samba68: checks
HaekJiu: bets $3
samba68: folds
Uncalled bet ($3) returned to HaekJiu
HaekJiu collected $11.76 from pot
HaekJiu: doesn't show hand
*** SUMMARY ***
Total pot $12 | Rake $0.24
Board [As 6h 8d]
Seat 3: samba68 (big blind) folded on the Flop
Seat 5: HaekJiu (button) (small blind) collected ($11.76)


PokerStars Hand #149374166193:  Hold'em Limit ($3/$6 USD) - 2016/02/24 23:29:05 ET
Table 'Gotha' 6-max Seat #3 is the button
Seat 3: samba68 ($104.87 in chips)
Seat 5: HaekJiu ($129.69 in chips)
samba68: posts small blind $1
HaekJiu: posts big blind $3
*** HOLE CARDS ***
samba68: raises $3 to $6
HaekJiu: calls $3
*** FLOP *** [4c 6c 7d]
HaekJiu: checks
samba68: bets $3
HaekJiu: raises $3 to $6
samba68: raises $3 to $9
HaekJiu: raises $3 to $12
Betting is capped
samba68: calls $3
*** TURN *** [4c 6c 7d] [6d]
HaekJiu: bets $6
samba68: raises $6 to $12
HaekJiu: calls $6
*** RIVER *** [4c 6c 7d 6d] [Ac]
HaekJiu: bets $6
samba68: raises $6 to $12
HaekJiu: calls $6
*** SHOW DOWN ***
samba68: shows [7s 6h] (a full house, Sixes full of Sevens)
HaekJiu: mucks hand
samba68 collected $83.50 from pot
*** SUMMARY ***
Total pot $84 | Rake $0.50
Board [4c 6c 7d 6d Ac]
Seat 3: samba68 (button) (small blind) showed [7s 6h] and won ($83.50) with a full house, Sixes full of Sevens
Seat 5: HaekJiu (big blind) mucked


PokerStars Hand #149374181345:  Hold'em Limit ($3/$6 USD) - 2016/02/24 23:29:55 ET
Table 'Gotha' 6-max Seat #3 is the button
Seat 3: samba68 ($136.37 in chips)
Seat 5: HaekJiu ($97.45 in chips)
samba68: posts small blind $1
HaekJiu: posts big blind $3
*** HOLE CARDS ***
samba68: raises $3 to $6
HaekJiu: calls $3
*** FLOP *** [Jc 5d Qh]
HaekJiu: checks
samba68: bets $3
HaekJiu: folds
Uncalled bet ($3) returned to samba68
samba68 collected $11.76 from pot
samba68: doesn't show hand
*** SUMMARY ***
Total pot $12 | Rake $0.24
Board [Jc 5d Qh]
Seat 3: samba68 (button) (small blind) collected ($11.76)
Seat 5: HaekJiu (big blind) folded on the Flop


PokerStars Hand #149374193199:  Hold'em Limit ($3/$6 USD) - 2016/02/24 23:30:35 ET
Table 'Gotha' 6-max Seat #5 is the button
Seat 3: samba68 ($165.63 in chips)
Seat 5: HaekJiu ($67.45 in chips)
HaekJiu: posts small blind $1
samba68: posts big blind $3
*** HOLE CARDS ***
HaekJiu: folds
Uncalled bet ($2) returned to samba68
samba68 collected $2 from pot
samba68: doesn't show hand
*** SUMMARY ***
Total pot $2 | Rake $0
Seat 3: samba68 (big blind) collected ($2)
Seat 5: HaekJiu (button) (small blind) folded before Flop


PokerStars Hand #149374186900:  Hold'em Limit ($3/$6 USD) - 2016/02/24 23:30:14 ET
Table 'Gotha' 6-max Seat #3 is the button
Seat 3: samba68 ($139.13 in chips)
Seat 5: HaekJiu ($94.45 in chips)
samba68: posts small blind $1
HaekJiu: posts big blind $3
*** HOLE CARDS ***
samba68: raises $3 to $6
HaekJiu: raises $3 to $9
samba68: raises $3 to $12
Betting is capped
HaekJiu: calls $3
*** FLOP *** [Kc Td 6s]
HaekJiu: checks
samba68: bets $3
HaekJiu: calls $3
*** TURN *** [Kc Td 6s] [6h]
HaekJiu: checks
samba68: bets $6
HaekJiu: calls $6
*** RIVER *** [Kc Td 6s 6h] [Th]
HaekJiu: checks
samba68: bets $6
HaekJiu: calls $6
*** SHOW DOWN ***
samba68: shows [Ah As] (two pair, Aces and Tens)
HaekJiu: mucks hand
samba68 collected $53.50 from pot
*** SUMMARY ***
Total pot $54 | Rake $0.50
Board [Kc Td 6s 6h Th]
Seat 3: samba68 (button) (small blind) showed [Ah As] and won ($53.50) with two pair, Aces and Tens
Seat 5: HaekJiu (big blind) mucked


PokerStars Hand #149374184596:  Hold'em Limit ($3/$6 USD) - 2016/02/24 23:30:06 ET
Table 'Gotha' 6-max Seat #5 is the button
Seat 3: samba68 ($142.13 in chips)
Seat 5: HaekJiu ($91.45 in chips)
HaekJiu: posts small blind $1
samba68: posts big blind $3
*** HOLE CARDS ***
HaekJiu: raises $3 to $6
samba68: folds
Uncalled bet ($3) returned to HaekJiu
HaekJiu collected $6 from pot
HaekJiu: doesn't show hand
*** SUMMARY ***
Total pot $6 | Rake $0
Seat 3: samba68 (big blind) folded before Flop
Seat 5: HaekJiu (button) (small blind) collected ($6)


PokerStars Hand #149374194681:  Hold'em Limit ($3/$6 USD) - 2016/02/24 23:30:40 ET
Table 'Gotha' 6-max Seat #3 is the button
Seat 3: samba68 ($166.63 in chips)
Seat 5: HaekJiu ($66.45 in chips)
samba68: posts small blind $1
HaekJiu: posts big blind $3
*** HOLE CARDS ***
samba68: raises $3 to $6
HaekJiu: raises $3 to $9
samba68: calls $3
*** FLOP *** [2c 7s 8h]
HaekJiu: bets $3
samba68: calls $3
*** TURN *** [2c 7s 8h] [5c]
HaekJiu: bets $6
samba68: calls $6
*** RIVER *** [2c 7s 8h 5c] [9h]
HaekJiu: checks
samba68: bets $6
HaekJiu: folds
Uncalled bet ($6) returned to samba68
samba68 collected $35.50 from pot
samba68: doesn't show hand
*** SUMMARY ***
Total pot $36 | Rake $0.50
Board [2c 7s 8h 5c 9h]
Seat 3: samba68 (button) (small blind) collected ($35.50)
Seat 5: HaekJiu (big blind) folded on the River


PokerStars Hand #149374200739:  Hold'em Limit ($3/$6 USD) - 2016/02/24 23:31:00 ET
Table 'Gotha' 6-max Seat #5 is the button
Seat 3: samba68 ($184.13 in chips)
Seat 5: HaekJiu ($48.45 in chips)
HaekJiu: posts small blind $1
samba68: posts big blind $3
*** HOLE CARDS ***
HaekJiu: raises $3 to $6
samba68: raises $3 to $9
HaekJiu: calls $3
*** FLOP *** [Tc Kc 9d]
samba68: checks
HaekJiu: checks
*** TURN *** [Tc Kc 9d] [5s]
samba68: bets $6
HaekJiu: folds
Uncalled bet ($6) returned to samba68
samba68 collected $17.64 from pot
samba68: doesn't show hand
*** SUMMARY ***
Total pot $18 | Rake $0.36
Board [Tc Kc 9d 5s]
Seat 3: samba68 (big blind) collected ($17.64)
Seat 5: HaekJiu (button) (small blind) folded on the Turn


PokerStars Hand #149376989380:  Hold'em Limit ($3/$6 USD) - 2016/02/25 2:21:43 ET
Table 'Gotha' 6-max Seat #3 is the button
Seat 2: 7Phenom1991 ($72 in chips)
Seat 3: flex331969 ($110 in chips)
flex331969: posts small blind $1
7Phenom1991: posts big blind $3
*** HOLE CARDS ***
flex331969: raises $3 to $6
7Phenom1991: calls $3
*** FLOP *** [Ah 5s Ad]
7Phenom1991: checks
flex331969: bets $3
7Phenom1991: calls $3
*** TURN *** [Ah 5s Ad] [Ks]
7Phenom1991: checks
manly70 joins the table at seat #6
flex331969: bets $6
7Phenom1991: calls $6
*** RIVER *** [Ah 5s Ad Ks] [Tc]
7Phenom1991: checks
flex331969: bets $6
7Phenom1991: calls $6
*** SHOW DOWN ***
flex331969: shows [Kd As] (a full house, Aces full of Kings)
7Phenom1991: mucks hand
flex331969 collected $41.50 from pot
*** SUMMARY ***
Total pot $42 | Rake $0.50
Board [Ah 5s Ad Ks Tc]
Seat 2: 7Phenom1991 (big blind) mucked
Seat 3: flex331969 (button) (small blind) showed [Kd As] and won ($41.50) with a full house, Aces full of Kings


PokerStars Hand #149377009452:  Hold'em Limit ($3/$6 USD) - 2016/02/25 2:22:52 ET
Table 'Gotha' 6-max Seat #2 is the button
Seat 2: 7Phenom1991 ($72 in chips)
Seat 3: flex331969 ($130.50 in chips)
7Phenom1991: posts small blind $1
flex331969: posts big blind $3
*** HOLE CARDS ***
7Phenom1991: raises $3 to $6
flex331969: calls $3
*** FLOP *** [9d 3c Ts]
MTails leaves the table
flex331969: checks
7Phenom1991: bets $3
flex331969: folds
Uncalled bet ($3) returned to 7Phenom1991
7Phenom1991 collected $11.76 from pot
*** SUMMARY ***
Total pot $12 | Rake $0.24
Board [9d 3c Ts]
Seat 2: 7Phenom1991 (button) (small blind) collected ($11.76)
Seat 3: flex331969 (big blind) folded on the Flop


PokerStars Hand #149377118450:  Hold'em Limit ($3/$6 USD) - 2016/02/25 2:29:04 ET
Table 'Gotha' 6-max Seat #6 is the button
Seat 4: xcgxcg2005 ($156 in chips)
Seat 6: manly70 ($43.83 in chips)
manly70: posts small blind $1
flex331969: is sitting out
xcgxcg2005: posts big blind $3
*** HOLE CARDS ***
manly70: raises $3 to $6
xcgxcg2005: folds
Uncalled bet ($3) returned to manly70
manly70 collected $6 from pot
*** SUMMARY ***
Total pot $6 | Rake $0
Seat 4: xcgxcg2005 (big blind) folded before Flop
Seat 6: manly70 (button) (small blind) collected ($6)


PokerStars Hand #149377608318:  Hold'em Limit ($3/$6 USD) - 2016/02/25 2:56:21 ET
Table 'Gotha' 6-max Seat #1 is the button
Seat 1: ivooo33 ($65.54 in chips)
Seat 4: MTails ($120 in chips)
ivooo33: posts small blind $1
MTails: posts big blind $3
*** HOLE CARDS ***
ivooo33: calls $2
MTails: raises $3 to $6
ivooo33: calls $3
*** FLOP *** [Kc Tc 2h]
MTails: bets $3
Kosova1968 joins the table at seat #5
ivooo33: raises $3 to $6
MTails: calls $3
*** TURN *** [Kc Tc 2h] [8h]
MTails: checks
ivooo33: bets $6
MTails: raises $6 to $12
ivooo33: folds
Uncalled bet ($6) returned to MTails
MTails collected $35.50 from pot
*** SUMMARY ***
Total pot $36 | Rake $0.50
Board [Kc Tc 2h 8h]
Seat 1: ivooo33 (button) (small blind) folded on the Turn
Seat 4: MTails (big blind) collected ($35.50)


PokerStars Hand #149377700075:  Hold'em Limit ($3/$6 USD) - 2016/02/25 3:01:44 ET
Table 'Gotha' 6-max Seat #5 is the button
Seat 5: Kosova1968 ($64.41 in chips)
Seat 6: DismasX ($122.49 in chips)
Kosova1968: posts small blind $1
DismasX: posts big blind $3
*** HOLE CARDS ***
Kosova1968: folds
Uncalled bet ($2) returned to DismasX
DismasX collected $2 from pot
DismasX: doesn't show hand
*** SUMMARY ***
Total pot $2 | Rake $0
Seat 5: Kosova1968 (button) (small blind) folded before Flop
Seat 6: DismasX (big blind) collected ($2)


PokerStars Hand #149377697957:  Hold'em Limit ($3/$6 USD) - 2016/02/25 3:01:37 ET
Table 'Gotha' 6-max Seat #6 is the button
Seat 5: Kosova1968 ($63.41 in chips)
Seat 6: DismasX ($123.49 in chips)
DismasX: posts small blind $1
Kosova1968: posts big blind $3
*** HOLE CARDS ***
DismasX: folds
Uncalled bet ($2) returned to Kosova1968
Kosova1968 collected $2 from pot
*** SUMMARY ***
Total pot $2 | Rake $0
Seat 5: Kosova1968 (big blind) collected ($2)
Seat 6: DismasX (button) (small blind) folded before Flop


PokerStars Hand #149377701483:  Hold'em Limit ($3/$6 USD) - 2016/02/25 3:01:49 ET
Table 'Gotha' 6-max Seat #6 is the button
Seat 5: Kosova1968 ($63.41 in chips)
Seat 6: DismasX ($123.49 in chips)
DismasX: posts small blind $1
Kosova1968: posts big blind $3
*** HOLE CARDS ***
DismasX: folds
Uncalled bet ($2) returned to Kosova1968
Kosova1968 collected $2 from pot
*** SUMMARY ***
Total pot $2 | Rake $0
Seat 5: Kosova1968 (big blind) collected ($2)
Seat 6: DismasX (button) (small blind) folded before Flop


PokerStars Hand #149377704152:  Hold'em Limit ($3/$6 USD) - 2016/02/25 3:01:57 ET
Table 'Gotha' 6-max Seat #5 is the button
Seat 5: Kosova1968 ($64.41 in chips)
Seat 6: DismasX ($122.49 in chips)
Kosova1968: posts small blind $1
DismasX: posts big blind $3
*** HOLE CARDS ***
ivooo33 leaves the table
Kosova1968: folds
Uncalled bet ($2) returned to DismasX
DismasX collected $2 from pot
DismasX: doesn't show hand
*** SUMMARY ***
Total pot $2 | Rake $0
Seat 5: Kosova1968 (button) (small blind) folded before Flop
Seat 6: DismasX (big blind) collected ($2)


PokerStars Hand #149377720645:  Hold'em Limit ($3/$6 USD) - 2016/02/25 3:02:51 ET
Table 'Gotha' 6-max Seat #5 is the button
Seat 5: Kosova1968 ($63.16 in chips)
Seat 6: DismasX ($123.24 in chips)
Kosova1968: posts small blind $1
DismasX: posts big blind $3
*** HOLE CARDS ***
Kosova1968: raises $3 to $6
DismasX: calls $3
*** FLOP *** [Kd 5c Jc]
DismasX: checks
Kosova1968: bets $3
DismasX: calls $3
*** TURN *** [Kd 5c Jc] [Qs]
DismasX: checks
Kosova1968: bets $6
DismasX: calls $6
*** RIVER *** [Kd 5c Jc Qs] [8s]
DismasX: checks
Kosova1968: bets $6
DismasX: calls $6
*** SHOW DOWN ***
Kosova1968: shows [Kh 9d] (a pair of Kings)
DismasX: mucks hand
Kosova1968 collected $41.50 from pot
*** SUMMARY ***
Total pot $42 | Rake $0.50
Board [Kd 5c Jc Qs 8s]
Seat 5: Kosova1968 (button) (small blind) showed [Kh 9d] and won ($41.50) with a pair of Kings
Seat 6: DismasX (big blind) mucked


PokerStars Hand #149377727017:  Hold'em Limit ($3/$6 USD) - 2016/02/25 3:03:11 ET
Table 'Gotha' 6-max Seat #6 is the button
Seat 5: Kosova1968 ($83.66 in chips)
Seat 6: DismasX ($102.24 in chips)
DismasX: posts small blind $1
Kosova1968: posts big blind $3
*** HOLE CARDS ***
DismasX: folds
Uncalled bet ($2) returned to Kosova1968
Kosova1968 collected $2 from pot
*** SUMMARY ***
Total pot $2 | Rake $0
Seat 5: Kosova1968 (big blind) collected ($2)
Seat 6: DismasX (button) (small blind) folded before Flop


PokerStars Hand #149377705580:  Hold'em Limit ($3/$6 USD) - 2016/02/25 3:02:02 ET
Table 'Gotha' 6-max Seat #6 is the button
Seat 5: Kosova1968 ($63.41 in chips)
Seat 6: DismasX ($123.49 in chips)
DismasX: posts small blind $1
Kosova1968: posts big blind $3
*** HOLE CARDS ***
DismasX: raises $3 to $6
Kosova1968: calls $3
*** FLOP *** [4s 8d 3d]
Kosova1968: checks
DismasX: bets $3
Kosova1968: calls $3
*** TURN *** [4s 8d 3d] [6c]
Kosova1968: checks
DismasX: bets $6
Kosova1968: calls $6
*** RIVER *** [4s 8d 3d 6c] [Jc]
Kosova1968: checks
DismasX: bets $6
Kosova1968: raises $6 to $12
DismasX: calls $6
*** SHOW DOWN ***
Kosova1968: shows [9h Jd] (a pair of Jacks)
DismasX: shows [Js 9d] (a pair of Jacks)
Kosova1968 collected $26.75 from pot
DismasX collected $26.75 from pot
*** SUMMARY ***
Total pot $54 | Rake $0.50
Board [4s 8d 3d 6c Jc]
Seat 5: Kosova1968 (big blind) showed [9h Jd] and won ($26.75) with a pair of Jacks
Seat 6: DismasX (button) (small blind) showed [Js 9d] and won ($26.75) with a pair of Jacks


PokerStars Hand #149377728468:  Hold'em Limit ($3/$6 USD) - 2016/02/25 3:03:15 ET
Table 'Gotha' 6-max Seat #5 is the button
Seat 5: Kosova1968 ($84.66 in chips)
Seat 6: DismasX ($101.24 in chips)
Kosova1968: posts small blind $1
DismasX: posts big blind $3
*** HOLE CARDS ***
Kosova1968: raises $3 to $6
DismasX: calls $3
*** FLOP *** [2d Ah Tc]
DismasX: checks
Kosova1968: checks
*** TURN *** [2d Ah Tc] [Td]
DismasX: checks
Kosova1968: bets $6
DismasX: folds
Uncalled bet ($6) returned to Kosova1968
Kosova1968 collected $11.76 from pot
*** SUMMARY ***
Total pot $12 | Rake $0.24
Board [2d Ah Tc Td]
Seat 5: Kosova1968 (button) (small blind) collected ($11.76)
Seat 6: DismasX (big blind) folded on the Turn


PokerStars Hand #149377735692:  Hold'em Limit ($3/$6 USD) - 2016/02/25 3:03:38 ET
Table 'Gotha' 6-max Seat #6 is the button
Seat 5: Kosova1968 ($90.42 in chips)
Seat 6: DismasX ($95.24 in chips)
DismasX: posts small blind $1
Kosova1968: posts big blind $3
*** HOLE CARDS ***
DismasX: folds
Uncalled bet ($2) returned to Kosova1968
Kosova1968 collected $2 from pot
*** SUMMARY ***
Total pot $2 | Rake $0
Seat 5: Kosova1968 (big blind) collected ($2)
Seat 6: DismasX (button) (small blind) folded before Flop


PokerStars Hand #149377744288:  Hold'em Limit ($3/$6 USD) - 2016/02/25 3:04:06 ET
Table 'Gotha' 6-max Seat #6 is the button
Seat 5: Kosova1968 ($67.42 in chips)
Seat 6: DismasX ($117.74 in chips)
DismasX: posts small blind $1
Kosova1968: posts big blind $3
*** HOLE CARDS ***
DismasX: folds
Uncalled bet ($2) returned to Kosova1968
Kosova1968 collected $2 from pot
*** SUMMARY ***
Total pot $2 | Rake $0
Seat 5: Kosova1968 (big blind) collected ($2)
Seat 6: DismasX (button) (small blind) folded before Flop


PokerStars Hand #149377737270:  Hold'em Limit ($3/$6 USD) - 2016/02/25 3:03:44 ET
Table 'Gotha' 6-max Seat #5 is the button
Seat 5: Kosova1968 ($91.42 in chips)
Seat 6: DismasX ($94.24 in chips)
Kosova1968: posts small blind $1
DismasX: posts big blind $3
*** HOLE CARDS ***
Kosova1968: raises $3 to $6
DismasX: calls $3
*** FLOP *** [7c 6c Ah]
DismasX: checks
Kosova1968: checks
*** TURN *** [7c 6c Ah] [3c]
DismasX: bets $6
Kosova1968: calls $6
*** RIVER *** [7c 6c Ah 3c] [2d]
DismasX: bets $6
Kosova1968: raises $6 to $12
DismasX: calls $6
*** SHOW DOWN ***
Kosova1968: shows [Th Tc] (a pair of Tens)
DismasX: shows [As 4h] (a pair of Aces)
DismasX collected $47.50 from pot
*** SUMMARY ***
Total pot $48 | Rake $0.50
Board [7c 6c Ah 3c 2d]
Seat 5: Kosova1968 (button) (small blind) showed [Th Tc] and lost with a pair of Tens
Seat 6: DismasX (big blind) showed [As 4h] and won ($47.50) with a pair of Aces


PokerStars Hand #149377747153:  Hold'em Limit ($3/$6 USD) - 2016/02/25 3:04:15 ET
Table 'Gotha' 6-max Seat #6 is the button
Seat 5: Kosova1968 ($67.42 in chips)
Seat 6: DismasX ($117.74 in chips)
DismasX: posts small blind $1
Kosova1968: posts big blind $3
*** HOLE CARDS ***
DismasX: folds
Uncalled bet ($2) returned to Kosova1968
Kosova1968 collected $2 from pot
*** SUMMARY ***
Total pot $2 | Rake $0
Seat 5: Kosova1968 (big blind) collected ($2)
Seat 6: DismasX (button) (small blind) folded before Flop


PokerStars Hand #149377745777:  Hold'em Limit ($3/$6 USD) - 2016/02/25 3:04:11 ET
Table 'Gotha' 6-max Seat #5 is the button
Seat 5: Kosova1968 ($68.42 in chips)
Seat 6: DismasX ($116.74 in chips)
Kosova1968: posts small blind $1
DismasX: posts big blind $3
*** HOLE CARDS ***
Kosova1968: folds
Uncalled bet ($2) returned to DismasX
DismasX collected $2 from pot
DismasX: doesn't show hand
*** SUMMARY ***
Total pot $2 | Rake $0
Seat 5: Kosova1968 (button) (small blind) folded before Flop
Seat 6: DismasX (big blind) collected ($2)


PokerStars Hand #149377748671:  Hold'em Limit ($3/$6 USD) - 2016/02/25 3:04:20 ET
Table 'Gotha' 6-max Seat #5 is the button
Seat 5: Kosova1968 ($68.42 in chips)
Seat 6: DismasX ($116.74 in chips)
Kosova1968: posts small blind $1
DismasX: posts big blind $3
*** HOLE CARDS ***
Kosova1968: raises $3 to $6
DismasX: calls $3
*** FLOP *** [4c 2h 6c]
DismasX: checks
Kosova1968: checks
*** TURN *** [4c 2h 6c] [4h]
DismasX: bets $6
Kosova1968: raises $6 to $12
DismasX: calls $6
*** RIVER *** [4c 2h 6c 4h] [Th]
DismasX: bets $6
Kosova1968: raises $6 to $12
DismasX: folds
Uncalled bet ($6) returned to Kosova1968
Kosova1968 collected $47.50 from pot
*** SUMMARY ***
Total pot $48 | Rake $0.50
Board [4c 2h 6c 4h Th]
Seat 5: Kosova1968 (button) (small blind) collected ($47.50)
Seat 6: DismasX (big blind) folded on the River


PokerStars Hand #149377754785:  Hold'em Limit ($3/$6 USD) - 2016/02/25 3:04:39 ET
Table 'Gotha' 6-max Seat #6 is the button
Seat 5: Kosova1968 ($91.92 in chips)
Seat 6: DismasX ($92.74 in chips)
DismasX: posts small blind $1
Kosova1968: posts big blind $3
*** HOLE CARDS ***
DismasX: folds
Uncalled bet ($2) returned to Kosova1968
Kosova1968 collected $2 from pot
*** SUMMARY ***
Total pot $2 | Rake $0
Seat 5: Kosova1968 (big blind) collected ($2)
Seat 6: DismasX (button) (small blind) folded before Flop


PokerStars Hand #149377756172:  Hold'em Limit ($3/$6 USD) - 2016/02/25 3:04:43 ET
Table 'Gotha' 6-max Seat #5 is the button
Seat 5: Kosova1968 ($92.92 in chips)
Seat 6: DismasX ($91.74 in chips)
Kosova1968: posts small blind $1
DismasX: posts big blind $3
*** HOLE CARDS ***
Kosova1968: raises $3 to $6
DismasX: calls $3
*** FLOP *** [5h Jd 3d]
DismasX: checks
Kosova1968: checks
*** TURN *** [5h Jd 3d] [Qs]
DismasX: checks
Kosova1968: bets $6
DismasX: folds
Uncalled bet ($6) returned to Kosova1968
Kosova1968 collected $11.76 from pot
*** SUMMARY ***
Total pot $12 | Rake $0.24
Board [5h Jd 3d Qs]
Seat 5: Kosova1968 (button) (small blind) collected ($11.76)
Seat 6: DismasX (big blind) folded on the Turn


PokerStars Hand #149377761057:  Hold'em Limit ($3/$6 USD) - 2016/02/25 3:04:58 ET
Table 'Gotha' 6-max Seat #6 is the button
Seat 5: Kosova1968 ($98.68 in chips)
Seat 6: DismasX ($85.74 in chips)
DismasX: posts small blind $1
Kosova1968: posts big blind $3
*** HOLE CARDS ***
DismasX: folds
Uncalled bet ($2) returned to Kosova1968
Kosova1968 collected $2 from pot
*** SUMMARY ***
Total pot $2 | Rake $0
Seat 5: Kosova1968 (big blind) collected ($2)
Seat 6: DismasX (button) (small blind) folded before Flop


PokerStars Hand #149377762529:  Hold'em Limit ($3/$6 USD) - 2016/02/25 3:05:03 ET
Table 'Gotha' 6-max Seat #5 is the button
Seat 5: Kosova1968 ($99.68 in chips)
Seat 6: DismasX ($84.74 in chips)
Kosova1968: posts small blind $1
DismasX: posts big blind $3
*** HOLE CARDS ***
Kosova1968: raises $3 to $6
DismasX: calls $3
*** FLOP *** [Qc 6c Jh]
DismasX: checks
Kosova1968: checks
*** TURN *** [Qc 6c Jh] [Qs]
DismasX: checks
Kosova1968: bets $6
DismasX: folds
Uncalled bet ($6) returned to Kosova1968
Kosova1968 collected $11.76 from pot
*** SUMMARY ***
Total pot $12 | Rake $0.24
Board [Qc 6c Jh Qs]
Seat 5: Kosova1968 (button) (small blind) collected ($11.76)
Seat 6: DismasX (big blind) folded on the Turn


PokerStars Hand #149377767993:  Hold'em Limit ($3/$6 USD) - 2016/02/25 3:05:21 ET
Table 'Gotha' 6-max Seat #6 is the button
Seat 5: Kosova1968 ($105.44 in chips)
Seat 6: DismasX ($78.74 in chips)
DismasX: posts small blind $1
Kosova1968: posts big blind $3
*** HOLE CARDS ***
DismasX: folds
Uncalled bet ($2) returned to Kosova1968
Kosova1968 collected $2 from pot
*** SUMMARY ***
Total pot $2 | Rake $0
Seat 5: Kosova1968 (big blind) collected ($2)
Seat 6: DismasX (button) (small blind) folded before Flop


PokerStars Hand #149377776341:  Hold'em Limit ($3/$6 USD) - 2016/02/25 3:05:47 ET
Table 'Gotha' 6-max Seat #6 is the button
Seat 5: Kosova1968 ($129.94 in chips)
Seat 6: DismasX ($72 in chips)
DismasX: posts small blind $1
Kosova1968: posts big blind $3
*** HOLE CARDS ***
DismasX: folds
Uncalled bet ($2) returned to Kosova1968
Kosova1968 collected $2 from pot
*** SUMMARY ***
Total pot $2 | Rake $0
Seat 5: Kosova1968 (big blind) collected ($2)
Seat 6: DismasX (button) (small blind) folded before Flop


PokerStars Hand #149377769383:  Hold'em Limit ($3/$6 USD) - 2016/02/25 3:05:25 ET
Table 'Gotha' 6-max Seat #5 is the button
Seat 5: Kosova1968 ($106.44 in chips)
Seat 6: DismasX ($77.74 in chips)
Kosova1968: posts small blind $1
DismasX: posts big blind $3
*** HOLE CARDS ***
Kosova1968: raises $3 to $6
DismasX: raises $3 to $9
Kosova1968: calls $3
*** FLOP *** [5s 5h Kc]
DismasX: bets $3
Kosova1968: calls $3
*** TURN *** [5s 5h Kc] [9c]
DismasX: bets $6
Kosova1968: calls $6
*** RIVER *** [5s 5h Kc 9c] [6h]
DismasX: checks
Kosova1968: bets $6
DismasX: calls $6
*** SHOW DOWN ***
Kosova1968: shows [9h Kd] (two pair, Kings and Nines)
DismasX: mucks hand
Kosova1968 collected $47.50 from pot
*** SUMMARY ***
Total pot $48 | Rake $0.50
Board [5s 5h Kc 9c 6h]
Seat 5: Kosova1968 (button) (small blind) showed [9h Kd] and won ($47.50) with two pair, Kings and Nines
Seat 6: DismasX (big blind) mucked


PokerStars Hand #149377777776:  Hold'em Limit ($3/$6 USD) - 2016/02/25 3:05:51 ET
Table 'Gotha' 6-max Seat #5 is the button
Seat 5: Kosova1968 ($130.94 in chips)
Seat 6: DismasX ($72 in chips)
Kosova1968: posts small blind $1
DismasX: posts big blind $3
*** HOLE CARDS ***
Kosova1968: raises $3 to $6
DismasX: calls $3
*** FLOP *** [Jh Qc 9d]
DismasX: checks
Kosova1968: checks
*** TURN *** [Jh Qc 9d] [9c]
DismasX: checks
Kosova1968: bets $6
DismasX: folds
Uncalled bet ($6) returned to Kosova1968
Kosova1968 collected $11.76 from pot
*** SUMMARY ***
Total pot $12 | Rake $0.24
Board [Jh Qc 9d 9c]
Seat 5: Kosova1968 (button) (small blind) collected ($11.76)
Seat 6: DismasX (big blind) folded on the Turn


PokerStars Hand #149377782941:  Hold'em Limit ($3/$6 USD) - 2016/02/25 3:06:07 ET
Table 'Gotha' 6-max Seat #6 is the button
Seat 5: Kosova1968 ($136.70 in chips)
Seat 6: DismasX ($72 in chips)
DismasX: posts small blind $1
Kosova1968: posts big blind $3
*** HOLE CARDS ***
DismasX: raises $3 to $6
Kosova1968: raises $3 to $9
DismasX: calls $3
*** FLOP *** [8s Td 7c]
Kosova1968: checks
DismasX: bets $3
Kosova1968: calls $3
*** TURN *** [8s Td 7c] [5s]
Kosova1968: checks
DismasX: bets $6
Kosova1968: calls $6
*** RIVER *** [8s Td 7c 5s] [4h]
Kosova1968: checks
DismasX: bets $6
Kosova1968: raises $6 to $12
DismasX: calls $6
*** SHOW DOWN ***
Kosova1968: shows [6c Ah] (a straight, Four to Eight)
DismasX: mucks hand
Kosova1968 collected $59.50 from pot
*** SUMMARY ***
Total pot $60 | Rake $0.50
Board [8s Td 7c 5s 4h]
Seat 5: Kosova1968 (big blind) showed [6c Ah] and won ($59.50) with a straight, Four to Eight
Seat 6: DismasX (button) (small blind) mucked


PokerStars Hand #149377790912:  Hold'em Limit ($3/$6 USD) - 2016/02/25 3:06:33 ET
Table 'Gotha' 6-max Seat #5 is the button
Seat 5: Kosova1968 ($166.20 in chips)
Seat 6: DismasX ($72 in chips)
Kosova1968: posts small blind $1
DismasX: posts big blind $3
*** HOLE CARDS ***
Kosova1968: raises $3 to $6
DismasX: raises $3 to $9
Kosova1968: calls $3
*** FLOP *** [Qd As 8d]
DismasX: bets $3
Kosova1968: folds
Uncalled bet ($3) returned to DismasX
DismasX collected $17.64 from pot
DismasX: doesn't show hand
*** SUMMARY ***
Total pot $18 | Rake $0.36
Board [Qd As 8d]
Seat 5: Kosova1968 (button) (small blind) folded on the Flop
Seat 6: DismasX (big blind) collected ($17.64)


PokerStars Hand #149377795723:  Hold'em Limit ($3/$6 USD) - 2016/02/25 3:06:48 ET
Table 'Gotha' 6-max Seat #6 is the button
Seat 5: Kosova1968 ($157.20 in chips)
Seat 6: DismasX ($80.64 in chips)
DismasX: posts small blind $1
Kosova1968: posts big blind $3
*** HOLE CARDS ***
DismasX: raises $3 to $6
Kosova1968: folds
Uncalled bet ($3) returned to DismasX
DismasX collected $6 from pot
DismasX: doesn't show hand
*** SUMMARY ***
Total pot $6 | Rake $0
Seat 5: Kosova1968 (big blind) folded before Flop
Seat 6: DismasX (button) (small blind) collected ($6)


PokerStars Hand #149377798102:  Hold'em Limit ($3/$6 USD) - 2016/02/25 3:06:55 ET
Table 'Gotha' 6-max Seat #5 is the button
Seat 5: Kosova1968 ($154.20 in chips)
Seat 6: DismasX ($83.64 in chips)
Kosova1968: posts small blind $1
DismasX: posts big blind $3
*** HOLE CARDS ***
Kosova1968: calls $2
DismasX: raises $3 to $6
Kosova1968: calls $3
*** FLOP *** [Kh 3s 2d]
DismasX: bets $3
Kosova1968: raises $3 to $6
DismasX: calls $3
*** TURN *** [Kh 3s 2d] [Tc]
DismasX: checks
Kosova1968: checks
*** RIVER *** [Kh 3s 2d Tc] [3h]
DismasX: checks
Kosova1968: bets $6
DismasX: calls $6
*** SHOW DOWN ***
Kosova1968: shows [Ad 3c] (three of a kind, Threes)
DismasX: mucks hand
Kosova1968 collected $35.50 from pot
*** SUMMARY ***
Total pot $36 | Rake $0.50
Board [Kh 3s 2d Tc 3h]
Seat 5: Kosova1968 (button) (small blind) showed [Ad 3c] and won ($35.50) with three of a kind, Threes
Seat 6: DismasX (big blind) mucked


PokerStars Hand #149377813055:  Hold'em Limit ($3/$6 USD) - 2016/02/25 3:07:42 ET
Table 'Gotha' 6-max Seat #5 is the button
Seat 5: Kosova1968 ($147.70 in chips)
Seat 6: DismasX ($95.50 in chips)
Kosova1968: posts small blind $1
DismasX: posts big blind $3
*** HOLE CARDS ***
Kosova1968: calls $2
DismasX: raises $3 to $6
Kosova1968: calls $3
*** FLOP *** [Qs 7h Kc]
DismasX: bets $3
Kosova1968: folds [Ad]
Uncalled bet ($3) returned to DismasX
DismasX collected $11.76 from pot
DismasX: doesn't show hand
*** SUMMARY ***
Total pot $12 | Rake $0.24
Board [Qs 7h Kc]
Seat 5: Kosova1968 (button) (small blind) folded on the Flop
Seat 6: DismasX (big blind) collected ($11.76)


PokerStars Hand #149377804612:  Hold'em Limit ($3/$6 USD) - 2016/02/25 3:07:15 ET
Table 'Gotha' 6-max Seat #6 is the button
Seat 5: Kosova1968 ($171.70 in chips)
Seat 6: DismasX ($72 in chips)
DismasX: posts small blind $1
Kosova1968: posts big blind $3
*** HOLE CARDS ***
DismasX: raises $3 to $6
Kosova1968: raises $3 to $9
DismasX: calls $3
*** FLOP *** [5d 2c 5h]
Kosova1968: bets $3
DismasX: calls $3
*** TURN *** [5d 2c 5h] [Jc]
Kosova1968: checks
DismasX: bets $6
Kosova1968: calls $6
*** RIVER *** [5d 2c 5h Jc] [9h]
Kosova1968: checks
DismasX: bets $6
Kosova1968: calls $6
*** SHOW DOWN ***
DismasX: shows [Jd As] (two pair, Jacks and Fives)
Kosova1968: shows [2s 4c] (two pair, Fives and Deuces)
DismasX collected $47.50 from pot
*** SUMMARY ***
Total pot $48 | Rake $0.50
Board [5d 2c 5h Jc 9h]
Seat 5: Kosova1968 (big blind) showed [2s 4c] and lost with two pair, Fives and Deuces
Seat 6: DismasX (button) (small blind) showed [Jd As] and won ($47.50) with two pair, Jacks and Fives


PokerStars Hand #149377817798:  Hold'em Limit ($3/$6 USD) - 2016/02/25 3:07:57 ET
Table 'Gotha' 6-max Seat #6 is the button
Seat 5: Kosova1968 ($141.70 in chips)
Seat 6: DismasX ($101.26 in chips)
DismasX: posts small blind $1
Kosova1968: posts big blind $3
*** HOLE CARDS ***
DismasX: raises $3 to $6
Kosova1968: calls $3
*** FLOP *** [Qc 6s 7c]
Kosova1968: checks
DismasX: bets $3
Kosova1968: calls $3
*** TURN *** [Qc 6s 7c] [8s]
Kosova1968: checks
DismasX: checks
*** RIVER *** [Qc 6s 7c 8s] [2c]
Kosova1968: bets $6
DismasX: calls $6
*** SHOW DOWN ***
Kosova1968: shows [8h 5h] (a pair of Eights)
DismasX: mucks hand
Kosova1968 collected $29.50 from pot
*** SUMMARY ***
Total pot $30 | Rake $0.50
Board [Qc 6s 7c 8s 2c]
Seat 5: Kosova1968 (big blind) showed [8h 5h] and won ($29.50) with a pair of Eights
Seat 6: DismasX (button) (small blind) mucked


PokerStars Hand #149377829816:  Hold'em Limit ($3/$6 USD) - 2016/02/25 3:08:34 ET
Table 'Gotha' 6-max Seat #6 is the button
Seat 5: Kosova1968 ($161.96 in chips)
Seat 6: DismasX ($80.26 in chips)
DismasX: posts small blind $1
Kosova1968: posts big blind $3
*** HOLE CARDS ***
DismasX: raises $3 to $6
Kosova1968: calls $3
*** FLOP *** [3d Kd 9c]
Kosova1968: bets $3
DismasX: calls $3
*** TURN *** [3d Kd 9c] [7s]
Kosova1968: checks
DismasX: bets $6
Kosova1968: calls $6
*** RIVER *** [3d Kd 9c 7s] [7c]
Kosova1968: checks
DismasX: bets $6
Kosova1968: folds
Uncalled bet ($6) returned to DismasX
DismasX collected $29.50 from pot
DismasX: doesn't show hand
*** SUMMARY ***
Total pot $30 | Rake $0.50
Board [3d Kd 9c 7s 7c]
Seat 5: Kosova1968 (big blind) folded on the River
Seat 6: DismasX (button) (small blind) collected ($29.50)


PokerStars Hand #149377825933:  Hold'em Limit ($3/$6 USD) - 2016/02/25 3:08:22 ET
Table 'Gotha' 6-max Seat #5 is the button
Seat 5: Kosova1968 ($156.20 in chips)
Seat 6: DismasX ($86.26 in chips)
Kosova1968: posts small blind $1
DismasX: posts big blind $3
*** HOLE CARDS ***
Kosova1968: raises $3 to $6
DismasX: calls $3
*** FLOP *** [7c Qs Ah]
DismasX: checks
Kosova1968: bets $3
DismasX: folds
Uncalled bet ($3) returned to Kosova1968
Kosova1968 collected $11.76 from pot
*** SUMMARY ***
Total pot $12 | Rake $0.24
Board [7c Qs Ah]
Seat 5: Kosova1968 (button) (small blind) collected ($11.76)
Seat 6: DismasX (big blind) folded on the Flop


PokerStars Hand #149377838241:  Hold'em Limit ($3/$6 USD) - 2016/02/25 3:09:00 ET
Table 'Gotha' 6-max Seat #5 is the button
Seat 5: Kosova1968 ($146.96 in chips)
Seat 6: DismasX ($94.76 in chips)
Kosova1968: posts small blind $1
DismasX: posts big blind $3
*** HOLE CARDS ***
Kosova1968: folds
Uncalled bet ($2) returned to DismasX
DismasX collected $2 from pot
DismasX: doesn't show hand
*** SUMMARY ***
Total pot $2 | Rake $0
Seat 5: Kosova1968 (button) (small blind) folded before Flop
Seat 6: DismasX (big blind) collected ($2)


PokerStars Hand #149377839677:  Hold'em Limit ($3/$6 USD) - 2016/02/25 3:09:04 ET
Table 'Gotha' 6-max Seat #6 is the button
Seat 5: Kosova1968 ($145.96 in chips)
Seat 6: DismasX ($95.76 in chips)
DismasX: posts small blind $1
Kosova1968: posts big blind $3
*** HOLE CARDS ***
DismasX: raises $3 to $6
Kosova1968: calls $3
*** FLOP *** [9c Js 7h]
Kosova1968: checks
DismasX: bets $3
Kosova1968: raises $3 to $6
DismasX: calls $3
*** TURN *** [9c Js 7h] [8d]
Kosova1968: bets $6
DismasX: calls $6
*** RIVER *** [9c Js 7h 8d] [2s]
Kosova1968: bets $6
DismasX: folds
Uncalled bet ($6) returned to Kosova1968
Kosova1968 collected $35.50 from pot
*** SUMMARY ***
Total pot $36 | Rake $0.50
Board [9c Js 7h 8d 2s]
Seat 5: Kosova1968 (big blind) collected ($35.50)
Seat 6: DismasX (button) (small blind) folded on the River


PokerStars Hand #149377850250:  Hold'em Limit ($3/$6 USD) - 2016/02/25 3:09:37 ET
Table 'Gotha' 6-max Seat #6 is the button
Seat 5: Kosova1968 ($169.22 in chips)
Seat 6: DismasX ($72 in chips)
DismasX: posts small blind $1
Kosova1968: posts big blind $3
*** HOLE CARDS ***
DismasX: raises $3 to $6
Kosova1968: raises $3 to $9
DismasX: calls $3
*** FLOP *** [Tc Qd 9d]
Kosova1968: checks
DismasX: bets $3
Kosova1968: raises $3 to $6
DismasX: calls $3
*** TURN *** [Tc Qd 9d] [Qs]
Kosova1968: checks
DismasX: bets $6
Kosova1968: calls $6
*** RIVER *** [Tc Qd 9d Qs] [7d]
Kosova1968: checks
DismasX: bets $6
Kosova1968: raises $6 to $12
DismasX: calls $6
*** SHOW DOWN ***
Kosova1968: shows [6d 8s] (a straight, Six to Ten)
DismasX: mucks hand
Kosova1968 collected $65.50 from pot
*** SUMMARY ***
Total pot $66 | Rake $0.50
Board [Tc Qd 9d Qs 7d]
Seat 5: Kosova1968 (big blind) showed [6d 8s] and won ($65.50) with a straight, Six to Ten
Seat 6: DismasX (button) (small blind) mucked


PokerStars Hand #149377859597:  Hold'em Limit ($3/$6 USD) - 2016/02/25 3:10:06 ET
Table 'Gotha' 6-max Seat #5 is the button
Seat 5: Kosova1968 ($201.72 in chips)
Seat 6: DismasX ($72 in chips)
Kosova1968: posts small blind $1
DismasX: posts big blind $3
*** HOLE CARDS ***
Kosova1968: raises $3 to $6
DismasX: calls $3
*** FLOP *** [Jc Ad Th]
DismasX: checks
Kosova1968: checks
*** TURN *** [Jc Ad Th] [Jh]
DismasX: bets $6
Kosova1968: calls $6
*** RIVER *** [Jc Ad Th Jh] [Kd]
DismasX: checks
Kosova1968: bets $6
DismasX: calls $6
*** SHOW DOWN ***
Kosova1968: shows [As Kh] (two pair, Aces and Kings)
DismasX: shows [3c Js] (three of a kind, Jacks)
DismasX collected $35.50 from pot
*** SUMMARY ***
Total pot $36 | Rake $0.50
Board [Jc Ad Th Jh Kd]
Seat 5: Kosova1968 (button) (small blind) showed [As Kh] and lost with two pair, Aces and Kings
Seat 6: DismasX (big blind) showed [3c Js] and won ($35.50) with three of a kind, Jacks


PokerStars Hand #149377864971:  Hold'em Limit ($3/$6 USD) - 2016/02/25 3:10:22 ET
Table 'Gotha' 6-max Seat #6 is the button
Seat 5: Kosova1968 ($183.72 in chips)
Seat 6: DismasX ($89.50 in chips)
DismasX: posts small blind $1
Kosova1968: posts big blind $3
*** HOLE CARDS ***
DismasX: folds
Uncalled bet ($2) returned to Kosova1968
Kosova1968 collected $2 from pot
*** SUMMARY ***
Total pot $2 | Rake $0
Seat 5: Kosova1968 (big blind) collected ($2)
Seat 6: DismasX (button) (small blind) folded before Flop


PokerStars Hand #149377847263:  Hold'em Limit ($3/$6 USD) - 2016/02/25 3:09:27 ET
Table 'Gotha' 6-max Seat #5 is the button
Seat 5: Kosova1968 ($163.46 in chips)
Seat 6: DismasX ($77.76 in chips)
Kosova1968: posts small blind $1
DismasX: posts big blind $3
*** HOLE CARDS ***
Kosova1968: raises $3 to $6
DismasX: calls $3
*** FLOP *** [7c Ks 8h]
DismasX: checks
Kosova1968: bets $3
DismasX: folds
Uncalled bet ($3) returned to Kosova1968
Kosova1968 collected $11.76 from pot
*** SUMMARY ***
Total pot $12 | Rake $0.24
Board [7c Ks 8h]
Seat 5: Kosova1968 (button) (small blind) collected ($11.76)
Seat 6: DismasX (big blind) folded on the Flop


PokerStars Hand #149377879628:  Hold'em Limit ($3/$6 USD) - 2016/02/25 3:11:08 ET
Table 'Gotha' 6-max Seat #5 is the button
Seat 5: Kosova1968 ($222.72 in chips)
Seat 6: DismasX ($72 in chips)
Kosova1968: posts small blind $1
DismasX: posts big blind $3
*** HOLE CARDS ***
Kosova1968: raises $3 to $6
DismasX: folds
Uncalled bet ($3) returned to Kosova1968
Kosova1968 collected $6 from pot
*** SUMMARY ***
Total pot $6 | Rake $0
Seat 5: Kosova1968 (button) (small blind) collected ($6)
Seat 6: DismasX (big blind) folded before Flop


PokerStars Hand #149377872089:  Hold'em Limit ($3/$6 USD) - 2016/02/25 3:10:44 ET
Table 'Gotha' 6-max Seat #6 is the button
Seat 5: Kosova1968 ($199.22 in chips)
Seat 6: DismasX ($73.50 in chips)
DismasX: posts small blind $1
Kosova1968: posts big blind $3
*** HOLE CARDS ***
DismasX: raises $3 to $6
Kosova1968: raises $3 to $9
DismasX: calls $3
*** FLOP *** [7s 9s 7d]
Kosova1968: bets $3
DismasX: calls $3
*** TURN *** [7s 9s 7d] [Th]
Kosova1968: bets $6
DismasX: raises $6 to $12
Kosova1968: calls $6
*** RIVER *** [7s 9s 7d Th] [8h]
Kosova1968: checks
DismasX: checks
*** SHOW DOWN ***
Kosova1968: shows [7h Ad] (three of a kind, Sevens)
DismasX: mucks hand
Kosova1968 collected $47.50 from pot
*** SUMMARY ***
Total pot $48 | Rake $0.50
Board [7s 9s 7d Th 8h]
Seat 5: Kosova1968 (big blind) showed [7h Ad] and won ($47.50) with three of a kind, Sevens
Seat 6: DismasX (button) (small blind) mucked


PokerStars Hand #149377866346:  Hold'em Limit ($3/$6 USD) - 2016/02/25 3:10:27 ET
Table 'Gotha' 6-max Seat #5 is the button
Seat 5: Kosova1968 ($184.72 in chips)
Seat 6: DismasX ($88.50 in chips)
Kosova1968: posts small blind $1
DismasX: posts big blind $3
*** HOLE CARDS ***
Kosova1968: raises $3 to $6
DismasX: calls $3
*** FLOP *** [Jc 3h 3s]
DismasX: checks
Kosova1968: bets $3
DismasX: calls $3
*** TURN *** [Jc 3h 3s] [Qs]
DismasX: checks
Kosova1968: checks
*** RIVER *** [Jc 3h 3s Qs] [Td]
DismasX: bets $6
Kosova1968: calls $6
*** SHOW DOWN ***
DismasX: shows [9d Js] (two pair, Jacks and Threes)
Kosova1968: shows [Jd Ac] (two pair, Jacks and Threes - Ace kicker)
Kosova1968 collected $29.50 from pot
*** SUMMARY ***
Total pot $30 | Rake $0.50
Board [Jc 3h 3s Qs Td]
Seat 5: Kosova1968 (button) (small blind) showed [Jd Ac] and won ($29.50) with two pair, Jacks and Threes
Seat 6: DismasX (big blind) showed [9d Js] and lost with two pair, Jacks and Threes


PokerStars Hand #149377881219:  Hold'em Limit ($3/$6 USD) - 2016/02/25 3:11:13 ET
Table 'Gotha' 6-max Seat #6 is the button
Seat 5: Kosova1968 ($225.72 in chips)
Seat 6: DismasX ($72 in chips)
DismasX: posts small blind $1
Kosova1968: posts big blind $3
*** HOLE CARDS ***
DismasX: raises $3 to $6
Kosova1968: raises $3 to $9
DismasX: calls $3
*** FLOP *** [Ac Jd 8c]
Kosova1968: bets $3
DismasX: calls $3
*** TURN *** [Ac Jd 8c] [As]
Kosova1968: checks
DismasX: bets $6
Kosova1968: calls $6
*** RIVER *** [Ac Jd 8c As] [Qs]
Kosova1968: checks
DismasX: checks
*** SHOW DOWN ***
Kosova1968: shows [4c 9c] (a pair of Aces)
DismasX: shows [6h 8s] (two pair, Aces and Eights)
DismasX collected $35.50 from pot
*** SUMMARY ***
Total pot $36 | Rake $0.50
Board [Ac Jd 8c As Qs]
Seat 5: Kosova1968 (big blind) showed [4c 9c] and lost with a pair of Aces
Seat 6: DismasX (button) (small blind) showed [6h 8s] and won ($35.50) with two pair, Aces and Eights


PokerStars Hand #149377888008:  Hold'em Limit ($3/$6 USD) - 2016/02/25 3:11:34 ET
Table 'Gotha' 6-max Seat #5 is the button
Seat 5: Kosova1968 ($207.72 in chips)
Seat 6: DismasX ($89.50 in chips)
Kosova1968: posts small blind $1
DismasX: posts big blind $3
*** HOLE CARDS ***
Kosova1968: calls $2
DismasX: raises $3 to $6
Kosova1968: calls $3
*** FLOP *** [6h Ac 3h]
DismasX: bets $3
Kosova1968: calls $3
*** TURN *** [6h Ac 3h] [7c]
DismasX: bets $6
Kosova1968: calls $6
*** RIVER *** [6h Ac 3h 7c] [8d]
DismasX: checks
Kosova1968: bets $6
DismasX: calls $6
*** SHOW DOWN ***
Kosova1968: shows [6s Kh] (a pair of Sixes)
DismasX: shows [Kd 7d] (a pair of Sevens)
DismasX collected $41.50 from pot
*** SUMMARY ***
Total pot $42 | Rake $0.50
Board [6h Ac 3h 7c 8d]
Seat 5: Kosova1968 (button) (small blind) showed [6s Kh] and lost with a pair of Sixes
Seat 6: DismasX (big blind) showed [Kd 7d] and won ($41.50) with a pair of Sevens


PokerStars Hand #149377893607:  Hold'em Limit ($3/$6 USD) - 2016/02/25 3:11:51 ET
Table 'Gotha' 6-max Seat #6 is the button
Seat 5: Kosova1968 ($186.72 in chips)
Seat 6: DismasX ($110 in chips)
DismasX: posts small blind $1
Kosova1968: posts big blind $3
*** HOLE CARDS ***
DismasX: raises $3 to $6
Kosova1968: calls $3
*** FLOP *** [4s 3c 3s]
Kosova1968: checks
DismasX: checks
*** TURN *** [4s 3c 3s] [Th]
Kosova1968: bets $6
DismasX: raises $6 to $12
Kosova1968: calls $6
*** RIVER *** [4s 3c 3s Th] [Qd]
Kosova1968: checks
DismasX: bets $6
Kosova1968: calls $6
*** SHOW DOWN ***
DismasX: shows [Ts Kh] (two pair, Tens and Threes)
Kosova1968: shows [7s 7c] (two pair, Sevens and Threes)
DismasX collected $47.50 from pot
*** SUMMARY ***
Total pot $48 | Rake $0.50
Board [4s 3c 3s Th Qd]
Seat 5: Kosova1968 (big blind) showed [7s 7c] and lost with two pair, Sevens and Threes
Seat 6: DismasX (button) (small blind) showed [Ts Kh] and won ($47.50) with two pair, Tens and Threes


PokerStars Hand #149377910269:  Hold'em Limit ($3/$6 USD) - 2016/02/25 3:12:42 ET
Table 'Gotha' 6-max Seat #5 is the button
Seat 5: Kosova1968 ($139.72 in chips)
Seat 6: DismasX ($156 in chips)
Kosova1968: posts small blind $1
DismasX: posts big blind $3
*** HOLE CARDS ***
Kosova1968: raises $3 to $6
DismasX: calls $3
*** FLOP *** [9h 6h 4c]
DismasX: checks
Kosova1968: checks
*** TURN *** [9h 6h 4c] [4d]
DismasX: bets $6
Kosova1968: calls $6
*** RIVER *** [9h 6h 4c 4d] [Qs]
DismasX: bets $6
Kosova1968: raises $6 to $12
DismasX: folds
Uncalled bet ($6) returned to Kosova1968
Kosova1968 collected $35.50 from pot
*** SUMMARY ***
Total pot $36 | Rake $0.50
Board [9h 6h 4c 4d Qs]
Seat 5: Kosova1968 (button) (small blind) collected ($35.50)
Seat 6: DismasX (big blind) folded on the River


PokerStars Hand #149377908881:  Hold'em Limit ($3/$6 USD) - 2016/02/25 3:12:38 ET
Table 'Gotha' 6-max Seat #6 is the button
Seat 5: Kosova1968 ($138.72 in chips)
Seat 6: DismasX ($157 in chips)
DismasX: posts small blind $1
Kosova1968: posts big blind $3
*** HOLE CARDS ***
DismasX: folds
Uncalled bet ($2) returned to Kosova1968
Kosova1968 collected $2 from pot
*** SUMMARY ***
Total pot $2 | Rake $0
Seat 5: Kosova1968 (big blind) collected ($2)
Seat 6: DismasX (button) (small blind) folded before Flop


PokerStars Hand #149377899610:  Hold'em Limit ($3/$6 USD) - 2016/02/25 3:12:09 ET
Table 'Gotha' 6-max Seat #5 is the button
Seat 5: Kosova1968 ($162.72 in chips)
Seat 6: DismasX ($133.50 in chips)
Kosova1968: posts small blind $1
DismasX: posts big blind $3
*** HOLE CARDS ***
Kosova1968: calls $2
DismasX: raises $3 to $6
Kosova1968: raises $3 to $9
DismasX: calls $3
*** FLOP *** [2h 9c Tc]
DismasX: checks
Kosova1968: bets $3
DismasX: raises $3 to $6
Kosova1968: raises $3 to $9
DismasX: calls $3
*** TURN *** [2h 9c Tc] [Qs]
DismasX: checks
Kosova1968: checks
*** RIVER *** [2h 9c Tc Qs] [6s]
DismasX: bets $6
Kosova1968: calls $6
*** SHOW DOWN ***
DismasX: shows [9h Th] (two pair, Tens and Nines)
Kosova1968: mucks hand
DismasX collected $47.50 from pot
*** SUMMARY ***
Total pot $48 | Rake $0.50
Board [2h 9c Tc Qs 6s]
Seat 5: Kosova1968 (button) (small blind) mucked
Seat 6: DismasX (big blind) showed [9h Th] and won ($47.50) with two pair, Tens and Nines


PokerStars Hand #149377924428:  Hold'em Limit ($3/$6 USD) - 2016/02/25 3:13:26 ET
Table 'Gotha' 6-max Seat #5 is the button
Seat 5: Kosova1968 ($177.72 in chips)
Seat 6: DismasX ($117 in chips)
Kosova1968: posts small blind $1
DismasX: posts big blind $3
*** HOLE CARDS ***
Kosova1968: raises $3 to $6
DismasX: folds
Uncalled bet ($3) returned to Kosova1968
Kosova1968 collected $6 from pot
*** SUMMARY ***
Total pot $6 | Rake $0
Seat 5: Kosova1968 (button) (small blind) collected ($6)
Seat 6: DismasX (big blind) folded before Flop


PokerStars Hand #149377917319:  Hold'em Limit ($3/$6 USD) - 2016/02/25 3:13:04 ET
Table 'Gotha' 6-max Seat #6 is the button
Seat 5: Kosova1968 ($157.22 in chips)
Seat 6: DismasX ($138 in chips)
DismasX: posts small blind $1
Kosova1968: posts big blind $3
*** HOLE CARDS ***
DismasX: raises $3 to $6
Kosova1968: raises $3 to $9
DismasX: calls $3
*** FLOP *** [2h Ah 6h]
Kosova1968: bets $3
DismasX: raises $3 to $6
Kosova1968: calls $3
*** TURN *** [2h Ah 6h] [4h]
Kosova1968: checks
DismasX: bets $6
Kosova1968: calls $6
*** RIVER *** [2h Ah 6h 4h] [6c]
Kosova1968: checks
DismasX: checks
*** SHOW DOWN ***
Kosova1968: shows [Jh Qc] (a flush, Ace high)
DismasX: mucks hand
Kosova1968 collected $41.50 from pot
*** SUMMARY ***
Total pot $42 | Rake $0.50
Board [2h Ah 6h 4h 6c]
Seat 5: Kosova1968 (big blind) showed [Jh Qc] and won ($41.50) with a flush, Ace high
Seat 6: DismasX (button) (small blind) mucked


PokerStars Hand #149377926471:  Hold'em Limit ($3/$6 USD) - 2016/02/25 3:13:32 ET
Table 'Gotha' 6-max Seat #6 is the button
Seat 5: Kosova1968 ($180.72 in chips)
Seat 6: DismasX ($114 in chips)
DismasX: posts small blind $1
Kosova1968: posts big blind $3
*** HOLE CARDS ***
DismasX: raises $3 to $6
Kosova1968: folds
Uncalled bet ($3) returned to DismasX
DismasX collected $6 from pot
DismasX: doesn't show hand
*** SUMMARY ***
Total pot $6 | Rake $0
Seat 5: Kosova1968 (big blind) folded before Flop
Seat 6: DismasX (button) (small blind) collected ($6)


PokerStars Hand #149377936846:  Hold'em Limit ($3/$6 USD) - 2016/02/25 3:14:03 ET
Table 'Gotha' 6-max Seat #6 is the button
Seat 5: Kosova1968 ($201.22 in chips)
Seat 6: DismasX ($93 in chips)
DismasX: posts small blind $1
Kosova1968: posts big blind $3
*** HOLE CARDS ***
DismasX: folds
Uncalled bet ($2) returned to Kosova1968
Kosova1968 collected $2 from pot
*** SUMMARY ***
Total pot $2 | Rake $0
Seat 5: Kosova1968 (big blind) collected ($2)
Seat 6: DismasX (button) (small blind) folded before Flop


PokerStars Hand #149377929165:  Hold'em Limit ($3/$6 USD) - 2016/02/25 3:13:40 ET
Table 'Gotha' 6-max Seat #5 is the button
Seat 5: Kosova1968 ($177.72 in chips)
Seat 6: DismasX ($117 in chips)
Kosova1968: posts small blind $1
DismasX: posts big blind $3
*** HOLE CARDS ***
Kosova1968: raises $3 to $6
DismasX: raises $3 to $9
Kosova1968: calls $3
*** FLOP *** [9d Qh Ah]
DismasX: bets $3
Kosova1968: calls $3
*** TURN *** [9d Qh Ah] [3d]
DismasX: checks
Kosova1968: bets $6
DismasX: calls $6
*** RIVER *** [9d Qh Ah 3d] [4d]
DismasX: checks
Kosova1968: bets $6
DismasX: calls $6
*** SHOW DOWN ***
Kosova1968: shows [5d Qd] (a flush, Queen high)
DismasX: mucks hand
Kosova1968 collected $47.50 from pot
*** SUMMARY ***
Total pot $48 | Rake $0.50
Board [9d Qh Ah 3d 4d]
Seat 5: Kosova1968 (button) (small blind) showed [5d Qd] and won ($47.50) with a flush, Queen high
Seat 6: DismasX (big blind) mucked


PokerStars Hand #149377947100:  Hold'em Limit ($3/$6 USD) - 2016/02/25 3:14:35 ET
Table 'Gotha' 6-max Seat #6 is the button
Seat 5: Kosova1968 ($193.22 in chips)
Seat 6: DismasX ($100.64 in chips)
DismasX: posts small blind $1
Kosova1968: posts big blind $3
*** HOLE CARDS ***
DismasX: raises $3 to $6
Kosova1968: calls $3
*** FLOP *** [2d 5c 6d]
Kosova1968: checks
DismasX: bets $3
Kosova1968: calls $3
*** TURN *** [2d 5c 6d] [7s]
Kosova1968: checks
DismasX: bets $6
Kosova1968: raises $6 to $12
DismasX: calls $6
*** RIVER *** [2d 5c 6d 7s] [2c]
Kosova1968: checks
DismasX: bets $6
Kosova1968: raises $6 to $12
DismasX: calls $6
*** SHOW DOWN ***
Kosova1968: shows [Jh 8c] (a pair of Deuces)
DismasX: shows [Qh Qs] (two pair, Queens and Deuces)
DismasX collected $65.50 from pot
*** SUMMARY ***
Total pot $66 | Rake $0.50
Board [2d 5c 6d 7s 2c]
Seat 5: Kosova1968 (big blind) showed [Jh 8c] and lost with a pair of Deuces
Seat 6: DismasX (button) (small blind) showed [Qh Qs] and won ($65.50) with two pair, Queens and Deuces


PokerStars Hand #149377955140:  Hold'em Limit ($3/$6 USD) - 2016/02/25 3:14:59 ET
Table 'Gotha' 6-max Seat #5 is the button
Seat 5: Kosova1968 ($160.22 in chips)
Seat 6: DismasX ($133.14 in chips)
Kosova1968: posts small blind $1
DismasX: posts big blind $3
*** HOLE CARDS ***
Kosova1968: raises $3 to $6
DismasX: calls $3
*** FLOP *** [3s 3d Kh]
DismasX: checks
Kosova1968: checks
*** TURN *** [3s 3d Kh] [9d]
DismasX: checks
Kosova1968: bets $6
DismasX: folds
Uncalled bet ($6) returned to Kosova1968
Kosova1968 collected $11.76 from pot
*** SUMMARY ***
Total pot $12 | Rake $0.24
Board [3s 3d Kh 9d]
Seat 5: Kosova1968 (button) (small blind) collected ($11.76)
Seat 6: DismasX (big blind) folded on the Turn


PokerStars Hand #149377938356:  Hold'em Limit ($3/$6 USD) - 2016/02/25 3:14:08 ET
Table 'Gotha' 6-max Seat #5 is the button
Seat 5: Kosova1968 ($202.22 in chips)
Seat 6: DismasX ($92 in chips)
Kosova1968: posts small blind $1
DismasX: posts big blind $3
*** HOLE CARDS ***
Kosova1968: calls $2
DismasX: raises $3 to $6
Kosova1968: calls $3
*** FLOP *** [8c 6h 5d]
DismasX: bets $3
Kosova1968: calls $3
*** TURN *** [8c 6h 5d] [Tc]
DismasX: checks
Kosova1968: checks
*** RIVER *** [8c 6h 5d Tc] [3h]
DismasX: checks
Kosova1968: checks
*** SHOW DOWN ***
DismasX: shows [Kh Jc] (high card King)
Kosova1968: shows [7d Qh] (high card Queen)
DismasX collected $17.64 from pot
*** SUMMARY ***
Total pot $18 | Rake $0.36
Board [8c 6h 5d Tc 3h]
Seat 5: Kosova1968 (button) (small blind) showed [7d Qh] and lost with high card Queen
Seat 6: DismasX (big blind) showed [Kh Jc] and won ($17.64) with high card King


PokerStars Hand #149377967295:  Hold'em Limit ($3/$6 USD) - 2016/02/25 3:15:35 ET
Table 'Gotha' 6-max Seat #5 is the button
Seat 5: Kosova1968 ($204.48 in chips)
Seat 6: DismasX ($88.14 in chips)
Kosova1968: posts small blind $1
DismasX: posts big blind $3
*** HOLE CARDS ***
Kosova1968: raises $3 to $6
DismasX: raises $3 to $9
Kosova1968: calls $3
*** FLOP *** [Jd Tc Kc]
DismasX: bets $3
Kosova1968: raises $3 to $6
DismasX: calls $3
*** TURN *** [Jd Tc Kc] [6d]
DismasX: checks
Kosova1968: checks
*** RIVER *** [Jd Tc Kc 6d] [8h]
DismasX: checks
Kosova1968: checks
*** SHOW DOWN ***
DismasX: shows [Ad 7h] (high card Ace)
Kosova1968: shows [6c Qh] (a pair of Sixes)
Kosova1968 collected $29.50 from pot
*** SUMMARY ***
Total pot $30 | Rake $0.50
Board [Jd Tc Kc 6d 8h]
Seat 5: Kosova1968 (button) (small blind) showed [6c Qh] and won ($29.50) with a pair of Sixes
Seat 6: DismasX (big blind) showed [Ad 7h] and lost with high card Ace


PokerStars Hand #149377959272:  Hold'em Limit ($3/$6 USD) - 2016/02/25 3:15:11 ET
Table 'Gotha' 6-max Seat #6 is the button
Seat 5: Kosova1968 ($165.98 in chips)
Seat 6: DismasX ($127.14 in chips)
DismasX: posts small blind $1
Kosova1968: posts big blind $3
*** HOLE CARDS ***
DismasX: raises $3 to $6
Kosova1968: calls $3
*** FLOP *** [4h 4s Ts]
Kosova1968: bets $3
DismasX: calls $3
*** TURN *** [4h 4s Ts] [3s]
Kosova1968: bets $6
DismasX: calls $6
*** RIVER *** [4h 4s Ts 3s] [8h]
Kosova1968: bets $6
DismasX: raises $6 to $12
Kosova1968: raises $6 to $18
DismasX: raises $6 to $24
Betting is capped
Kosova1968: calls $6
*** SHOW DOWN ***
DismasX: shows [6c 5h] (a pair of Fours)
Kosova1968: shows [4c 8s] (a full house, Fours full of Eights)
Kosova1968 collected $77.50 from pot
*** SUMMARY ***
Total pot $78 | Rake $0.50
Board [4h 4s Ts 3s 8h]
Seat 5: Kosova1968 (big blind) showed [4c 8s] and won ($77.50) with a full house, Fours full of Eights
Seat 6: DismasX (button) (small blind) showed [6c 5h] and lost with a pair of Fours


PokerStars Hand #149377990232:  Hold'em Limit ($3/$6 USD) - 2016/02/25 3:16:45 ET
Table 'Gotha' 6-max Seat #6 is the button
Seat 5: Kosova1968 ($205.98 in chips)
Seat 6: DismasX ($85.66 in chips)
DismasX: posts small blind $1
Kosova1968: posts big blind $3
*** HOLE CARDS ***
DismasX: raises $3 to $6
Kosova1968: raises $3 to $9
DismasX: calls $3
*** FLOP *** [2h 9s 5d]
Kosova1968: checks
DismasX: bets $3
Kosova1968: calls $3
*** TURN *** [2h 9s 5d] [3h]
Kosova1968: checks
DismasX: bets $6
Kosova1968: calls $6
*** RIVER *** [2h 9s 5d 3h] [Kd]
Kosova1968: checks
DismasX: checks
*** SHOW DOWN ***
Kosova1968: shows [Td Js] (high card King)
DismasX: shows [4s 4c] (a pair of Fours)
DismasX collected $35.50 from pot
*** SUMMARY ***
Total pot $36 | Rake $0.50
Board [2h 9s 5d 3h Kd]
Seat 5: Kosova1968 (big blind) showed [Td Js] and lost with high card King
Seat 6: DismasX (button) (small blind) showed [4s 4c] and won ($35.50) with a pair of Fours


PokerStars Hand #149377999184:  Hold'em Limit ($3/$6 USD) - 2016/02/25 3:17:12 ET
Table 'Gotha' 6-max Seat #5 is the button
Seat 5: Kosova1968 ($187.98 in chips)
Seat 6: DismasX ($103.16 in chips)
Kosova1968: posts small blind $1
DismasX: posts big blind $3
*** HOLE CARDS ***
Kosova1968: raises $3 to $6
DismasX: calls $3
*** FLOP *** [6h 5c Td]
DismasX: checks
Kosova1968: bets $3
DismasX: folds
Uncalled bet ($3) returned to Kosova1968
Kosova1968 collected $11.76 from pot
BrutalNuts96 joins the table at seat #3
*** SUMMARY ***
Total pot $12 | Rake $0.24
Board [6h 5c Td]
Seat 5: Kosova1968 (button) (small blind) collected ($11.76)
Seat 6: DismasX (big blind) folded on the Flop


PokerStars Hand #149377988889:  Hold'em Limit ($3/$6 USD) - 2016/02/25 3:16:41 ET
Table 'Gotha' 6-max Seat #5 is the button
Seat 5: Kosova1968 ($206.98 in chips)
Seat 6: DismasX ($84.66 in chips)
Kosova1968: posts small blind $1
DismasX: posts big blind $3
*** HOLE CARDS ***
Kosova1968: folds
Uncalled bet ($2) returned to DismasX
DismasX collected $2 from pot
DismasX: doesn't show hand
*** SUMMARY ***
Total pot $2 | Rake $0
Seat 5: Kosova1968 (button) (small blind) folded before Flop
Seat 6: DismasX (big blind) collected ($2)


PokerStars Hand #149377978909:  Hold'em Limit ($3/$6 USD) - 2016/02/25 3:16:11 ET
Table 'Gotha' 6-max Seat #6 is the button
Seat 5: Kosova1968 ($218.98 in chips)
Seat 6: DismasX ($73.14 in chips)
DismasX: posts small blind $1
Kosova1968: posts big blind $3
*** HOLE CARDS ***
DismasX: raises $3 to $6
Kosova1968: raises $3 to $9
DismasX: calls $3
*** FLOP *** [Ts Td Ah]
Kosova1968: checks
DismasX: bets $3
Kosova1968: calls $3
*** TURN *** [Ts Td Ah] [Jh]
Kosova1968: checks
DismasX: bets $6
Kosova1968: folds
Uncalled bet ($6) returned to DismasX
DismasX collected $23.52 from pot
DismasX: doesn't show hand
*** SUMMARY ***
Total pot $24 | Rake $0.48
Board [Ts Td Ah Jh]
Seat 5: Kosova1968 (big blind) folded on the Turn
Seat 6: DismasX (button) (small blind) collected ($23.52)


PokerStars Hand #149378139169:  Hold'em Limit ($3/$6 USD) - 2016/02/25 3:24:12 ET
Table 'Gotha' 6-max Seat #6 is the button
Seat 3: BrutalNuts96 ($63.49 in chips)
Seat 6: DismasX ($93.01 in chips)
DismasX: posts small blind $1
BrutalNuts96: posts big blind $3
*** HOLE CARDS ***
DismasX: raises $3 to $6
BrutalNuts96: calls $3
*** FLOP *** [Tc 5d 8h]
BrutalNuts96: checks
DismasX: bets $3
BrutalNuts96: calls $3
*** TURN *** [Tc 5d 8h] [6c]
BrutalNuts96: checks
DismasX: bets $6
BrutalNuts96: folds
Uncalled bet ($6) returned to DismasX
DismasX collected $17.64 from pot
DismasX: doesn't show hand
*** SUMMARY ***
Total pot $18 | Rake $0.36
Board [Tc 5d 8h 6c]
Seat 3: BrutalNuts96 (big blind) folded on the Turn
Seat 6: DismasX (button) (small blind) collected ($17.64)


PokerStars Hand #149378150283:  Hold'em Limit ($3/$6 USD) - 2016/02/25 3:24:45 ET
Table 'Gotha' 6-max Seat #6 is the button
Seat 3: BrutalNuts96 ($77.99 in chips)
Seat 6: DismasX ($77.65 in chips)
DismasX: posts small blind $1
BrutalNuts96: posts big blind $3
*** HOLE CARDS ***
DismasX: folds
Uncalled bet ($2) returned to BrutalNuts96
BrutalNuts96 collected $2 from pot
BrutalNuts96: doesn't show hand
*** SUMMARY ***
Total pot $2 | Rake $0
Seat 3: BrutalNuts96 (big blind) collected ($2)
Seat 6: DismasX (button) (small blind) folded before Flop


PokerStars Hand #149378144070:  Hold'em Limit ($3/$6 USD) - 2016/02/25 3:24:27 ET
Table 'Gotha' 6-max Seat #3 is the button
Seat 3: BrutalNuts96 ($54.49 in chips)
Seat 6: DismasX ($101.65 in chips)
BrutalNuts96: posts small blind $1
DismasX: posts big blind $3
*** HOLE CARDS ***
BrutalNuts96: raises $3 to $6
DismasX: raises $3 to $9
BrutalNuts96: calls $3
*** FLOP *** [Qd Qs Jc]
DismasX: bets $3
BrutalNuts96: calls $3
*** TURN *** [Qd Qs Jc] [Tc]
DismasX: checks
BrutalNuts96: bets $6
DismasX: calls $6
*** RIVER *** [Qd Qs Jc Tc] [6c]
DismasX: checks
BrutalNuts96: bets $6
DismasX: calls $6
*** SHOW DOWN ***
BrutalNuts96: shows [8s 9s] (a straight, Eight to Queen)
DismasX: mucks hand
BrutalNuts96 collected $47.50 from pot
*** SUMMARY ***
Total pot $48 | Rake $0.50
Board [Qd Qs Jc Tc 6c]
Seat 3: BrutalNuts96 (button) (small blind) showed [8s 9s] and won ($47.50) with a straight, Eight to Queen
Seat 6: DismasX (big blind) mucked


PokerStars Hand #149378642701:  Hold'em Limit ($3/$6 USD) - 2016/02/25 3:48:55 ET
Table 'Gotha' 6-max Seat #2 is the button
Seat 1: Sagar_7 ($209.03 in chips)
Seat 2: Nirelle ($108.32 in chips)
Nirelle: posts small blind $1
DismasX: is sitting out
Sagar_7: posts big blind $3
*** HOLE CARDS ***
DismasX leaves the table
Nirelle: raises $3 to $6
Sagar_7: folds
Uncalled bet ($3) returned to Nirelle
Nirelle collected $6 from pot
Nirelle: doesn't show hand
*** SUMMARY ***
Total pot $6 | Rake $0
Seat 1: Sagar_7 (big blind) folded before Flop
Seat 2: Nirelle (button) (small blind) collected ($6)


