PokerStars Hand #167614861500:  Hold'em Limit ($3/$6 USD) - 2017/03/15 9:35:06 ET
Table 'Gothlandia' 6-max Seat #4 is the button
Seat 2: Mendeman ($96.39 in chips)
Seat 4: Ale4o ($121 in chips)
Ale4o: posts small blind $1
Mendeman: posts big blind $3
*** HOLE CARDS ***
Ale4o: raises $3 to $6
Mendeman: calls $3
*** FLOP *** [Jh 8h 2s]
Mendeman: checks
Ale4o: bets $3
Mendeman: folds
Uncalled bet ($3) returned to Ale4o
Ale4o collected $11.76 from pot
Ale4o: doesn't show hand
*** SUMMARY ***
Total pot $12 | Rake $0.24
Board [Jh 8h 2s]
Seat 2: Mendeman (big blind) folded on the Flop
Seat 4: Ale4o (button) (small blind) collected ($11.76)


PokerStars Hand #167614852436:  Hold'em Limit ($3/$6 USD) - 2017/03/15 9:34:50 ET
Table 'Gothlandia' 6-max Seat #2 is the button
Seat 2: Mendeman ($97.39 in chips)
Seat 4: Ale4o ($120 in chips)
Mendeman: posts small blind $1
sim5sim5: is sitting out
sim5sim5 leaves the table
Ale4o: posts big blind $3
*** HOLE CARDS ***
Mendeman: folds
Uncalled bet ($2) returned to Ale4o
Ale4o collected $2 from pot
Ale4o: doesn't show hand
*** SUMMARY ***
Total pot $2 | Rake $0
Seat 2: Mendeman (button) (small blind) folded before Flop
Seat 4: Ale4o (big blind) collected ($2)


PokerStars Hand #167614907411:  Hold'em Limit ($3/$6 USD) - 2017/03/15 9:36:30 ET
Table 'Gothlandia' 6-max Seat #4 is the button
Seat 2: Mendeman ($66.39 in chips)
Seat 4: Ale4o ($150.26 in chips)
Ale4o: posts small blind $1
Mendeman: posts big blind $3
*** HOLE CARDS ***
Ale4o: raises $3 to $6
Mendeman: raises $3 to $9
Ale4o: calls $3
*** FLOP *** [Ac 7c Tc]
Mendeman: bets $3
Ale4o: folds
Uncalled bet ($3) returned to Mendeman
Mendeman collected $17.64 from pot
Mendeman: doesn't show hand
*** SUMMARY ***
Total pot $18 | Rake $0.36
Board [Ac 7c Tc]
Seat 2: Mendeman (big blind) collected ($17.64)
Seat 4: Ale4o (button) (small blind) folded on the Flop


PokerStars Hand #167614874637:  Hold'em Limit ($3/$6 USD) - 2017/03/15 9:35:30 ET
Table 'Gothlandia' 6-max Seat #2 is the button
Seat 2: Mendeman ($90.39 in chips)
Seat 4: Ale4o ($126.76 in chips)
Mendeman: posts small blind $1
Ale4o: posts big blind $3
*** HOLE CARDS ***
Mendeman: raises $3 to $6
Ale4o: calls $3
*** FLOP *** [9s 8d 5h]
Ale4o: bets $3
Mendeman: raises $3 to $6
Ale4o: calls $3
*** TURN *** [9s 8d 5h] [5c]
Ale4o: checks
Mendeman: bets $6
Ale4o: calls $6
*** RIVER *** [9s 8d 5h 5c] [9h]
Ale4o: bets $6
Mendeman: calls $6
*** SHOW DOWN ***
Ale4o: shows [Ad 9c] (a full house, Nines full of Fives)
Mendeman: mucks hand
B_loJkl joins the table at seat #3
Ale4o collected $47.50 from pot
*** SUMMARY ***
Total pot $48 | Rake $0.50
Board [9s 8d 5h 5c 9h]
Seat 2: Mendeman (button) (small blind) mucked
Seat 4: Ale4o (big blind) showed [Ad 9c] and won ($47.50) with a full house, Nines full of Fives


PokerStars Hand #167615100026:  Hold'em Limit ($3/$6 USD) - 2017/03/15 9:42:20 ET
Table 'Gothlandia' 6-max Seat #4 is the button
Seat 2: KIT426 ($120 in chips)
Seat 4: Ale4o ($121.52 in chips)
Ale4o: posts small blind $1
KIT426: posts big blind $3
*** HOLE CARDS ***
Ale4o: raises $3 to $6
KIT426: folds
Uncalled bet ($3) returned to Ale4o
Ale4o collected $6 from pot
Ale4o: doesn't show hand
*** SUMMARY ***
Total pot $6 | Rake $0
Seat 2: KIT426 (big blind) folded before Flop
Seat 4: Ale4o (button) (small blind) collected ($6)


PokerStars Hand #167615158269:  Hold'em Limit ($3/$6 USD) - 2017/03/15 9:44:04 ET
Table 'Gothlandia' 6-max Seat #2 is the button
Seat 2: KIT426 ($88 in chips)
Seat 3: B_loJkl ($107.29 in chips)
KIT426: posts small blind $1
B_loJkl: posts big blind $3
*** HOLE CARDS ***
KIT426: calls $2
B_loJkl: checks
*** FLOP *** [8d 5s 3s]
B_loJkl: checks
KIT426: bets $3
B_loJkl: calls $3
*** TURN *** [8d 5s 3s] [Ah]
B_loJkl: checks
Chrisgalo33 joins the table at seat #5
KIT426: bets $6
B_loJkl: folds
Uncalled bet ($6) returned to KIT426
KIT426 collected $11.76 from pot
*** SUMMARY ***
Total pot $12 | Rake $0.24
Board [8d 5s 3s Ah]
Seat 2: KIT426 (button) (small blind) collected ($11.76)
Seat 3: B_loJkl (big blind) folded on the Turn


PokerStars Hand #167615153035:  Hold'em Limit ($3/$6 USD) - 2017/03/15 9:43:55 ET
Table 'Gothlandia' 6-max Seat #3 is the button
Seat 2: KIT426 ($91 in chips)
Seat 3: B_loJkl ($104.29 in chips)
B_loJkl: posts small blind $1
Ale4o: is sitting out
KIT426: posts big blind $3
*** HOLE CARDS ***
Ale4o leaves the table
B_loJkl: raises $3 to $6
KIT426: folds
Uncalled bet ($3) returned to B_loJkl
B_loJkl collected $6 from pot
B_loJkl: doesn't show hand
*** SUMMARY ***
Total pot $6 | Rake $0
Seat 2: KIT426 (big blind) folded before Flop
Seat 3: B_loJkl (button) (small blind) collected ($6)


PokerStars Hand #167615207285:  Hold'em Limit ($3/$6 USD) - 2017/03/15 9:45:32 ET
Table 'Gothlandia' 6-max Seat #5 is the button
Seat 2: KIT426 ($120.23 in chips)
Seat 5: Chrisgalo33 ($14.06 in chips)
Chrisgalo33: posts small blind $1
KIT426: posts big blind $3
*** HOLE CARDS ***
Chrisgalo33: folds
Uncalled bet ($2) returned to KIT426
KIT426 collected $2 from pot
*** SUMMARY ***
Total pot $2 | Rake $0
Seat 2: KIT426 (big blind) collected ($2)
Seat 5: Chrisgalo33 (button) (small blind) folded before Flop


PokerStars Hand #167615200646:  Hold'em Limit ($3/$6 USD) - 2017/03/15 9:45:20 ET
Table 'Gothlandia' 6-max Seat #2 is the button
Seat 2: KIT426 ($114.47 in chips)
Seat 5: Chrisgalo33 ($20.06 in chips)
KIT426: posts small blind $1
B_loJkl: is sitting out
Chrisgalo33: posts big blind $3
*** HOLE CARDS ***
KIT426: raises $3 to $6
Chrisgalo33: calls $3
*** FLOP *** [2s Qd 4h]
Chrisgalo33: checks
KIT426: bets $3
Chrisgalo33: folds
Uncalled bet ($3) returned to KIT426
KIT426 collected $11.76 from pot
*** SUMMARY ***
Total pot $12 | Rake $0.24
Board [2s Qd 4h]
Seat 2: KIT426 (button) (small blind) collected ($11.76)
Seat 5: Chrisgalo33 (big blind) folded on the Flop


PokerStars Hand #167615283100:  Hold'em Limit ($3/$6 USD) - 2017/03/15 9:47:47 ET
Table 'Gothlandia' 6-max Seat #3 is the button
Seat 2: KIT426 ($135.70 in chips)
Seat 3: B_loJkl ($96.59 in chips)
B_loJkl: posts small blind $1
KIT426: posts big blind $3
*** HOLE CARDS ***
B_loJkl: folds
Uncalled bet ($2) returned to KIT426
KIT426 collected $2 from pot
*** SUMMARY ***
Total pot $2 | Rake $0
Seat 2: KIT426 (big blind) collected ($2)
Seat 3: B_loJkl (button) (small blind) folded before Flop


PokerStars Hand #167615286351:  Hold'em Limit ($3/$6 USD) - 2017/03/15 9:47:53 ET
Table 'Gothlandia' 6-max Seat #2 is the button
Seat 2: KIT426 ($136.70 in chips)
Seat 3: B_loJkl ($95.59 in chips)
KIT426: posts small blind $1
B_loJkl: posts big blind $3
*** HOLE CARDS ***
KIT426: raises $3 to $6
B_loJkl: calls $3
*** FLOP *** [Jh Td Jc]
B_loJkl: checks
KIT426: bets $3
Chrisgalo33 leaves the table
B_loJkl: folds
Uncalled bet ($3) returned to KIT426
KIT426 collected $11.76 from pot
*** SUMMARY ***
Total pot $12 | Rake $0.24
Board [Jh Td Jc]
Seat 2: KIT426 (button) (small blind) collected ($11.76)
Seat 3: B_loJkl (big blind) folded on the Flop


PokerStars Hand #167615299822:  Hold'em Limit ($3/$6 USD) - 2017/03/15 9:48:17 ET
Table 'Gothlandia' 6-max Seat #3 is the button
Seat 2: KIT426 ($142.46 in chips)
Seat 3: B_loJkl ($89.59 in chips)
B_loJkl: posts small blind $1
KIT426: posts big blind $3
*** HOLE CARDS ***
B_loJkl: raises $3 to $6
KIT426: calls $3
*** FLOP *** [As 8d Th]
KIT426: checks
B_loJkl: bets $3
KIT426: calls $3
*** TURN *** [As 8d Th] [3d]
KIT426: checks
B_loJkl: checks
*** RIVER *** [As 8d Th 3d] [4s]
KIT426: checks
B_loJkl: checks
*** SHOW DOWN ***
KIT426: shows [Ks Jc] (high card Ace)
B_loJkl: shows [4c Qc] (a pair of Fours)
B_loJkl collected $17.64 from pot
*** SUMMARY ***
Total pot $18 | Rake $0.36
Board [As 8d Th 3d 4s]
Seat 2: KIT426 (big blind) showed [Ks Jc] and lost with high card Ace
Seat 3: B_loJkl (button) (small blind) showed [4c Qc] and won ($17.64) with a pair of Fours


PokerStars Hand #167615325184:  Hold'em Limit ($3/$6 USD) - 2017/03/15 9:49:02 ET
Table 'Gothlandia' 6-max Seat #3 is the button
Seat 2: KIT426 ($124.46 in chips)
Seat 3: B_loJkl ($106.87 in chips)
B_loJkl: posts small blind $1
KIT426: posts big blind $3
*** HOLE CARDS ***
B_loJkl: raises $3 to $6
KIT426: raises $3 to $9
B_loJkl: calls $3
*** FLOP *** [4d Qd 5c]
KIT426: bets $3
B_loJkl: calls $3
*** TURN *** [4d Qd 5c] [6h]
KIT426: bets $6
B_loJkl: folds
Uncalled bet ($6) returned to KIT426
KIT426 collected $23.52 from pot
*** SUMMARY ***
Total pot $24 | Rake $0.48
Board [4d Qd 5c 6h]
Seat 2: KIT426 (big blind) collected ($23.52)
Seat 3: B_loJkl (button) (small blind) folded on the Turn


PokerStars Hand #167615337407:  Hold'em Limit ($3/$6 USD) - 2017/03/15 9:49:24 ET
Table 'Gothlandia' 6-max Seat #2 is the button
Seat 2: KIT426 ($135.98 in chips)
Seat 3: B_loJkl ($94.87 in chips)
KIT426: posts small blind $1
B_loJkl: posts big blind $3
*** HOLE CARDS ***
KIT426: raises $3 to $6
B_loJkl: calls $3
*** FLOP *** [7c 7s 3h]
B_loJkl: checks
KIT426: bets $3
B_loJkl: folds
Uncalled bet ($3) returned to KIT426
KIT426 collected $11.76 from pot
*** SUMMARY ***
Total pot $12 | Rake $0.24
Board [7c 7s 3h]
Seat 2: KIT426 (button) (small blind) collected ($11.76)
Seat 3: B_loJkl (big blind) folded on the Flop


PokerStars Hand #167615311500:  Hold'em Limit ($3/$6 USD) - 2017/03/15 9:48:38 ET
Table 'Gothlandia' 6-max Seat #2 is the button
Seat 2: KIT426 ($133.46 in chips)
Seat 3: B_loJkl ($98.23 in chips)
KIT426: posts small blind $1
B_loJkl: posts big blind $3
*** HOLE CARDS ***
KIT426: calls $2
B_loJkl: checks
*** FLOP *** [Qs 9s 6d]
B_loJkl: checks
KIT426: bets $3
B_loJkl: raises $3 to $6
KIT426: calls $3
*** TURN *** [Qs 9s 6d] [Jc]
B_loJkl: bets $6
KIT426: folds
Uncalled bet ($6) returned to B_loJkl
B_loJkl collected $17.64 from pot
B_loJkl: doesn't show hand
*** SUMMARY ***
Total pot $18 | Rake $0.36
Board [Qs 9s 6d Jc]
Seat 2: KIT426 (button) (small blind) folded on the Turn
Seat 3: B_loJkl (big blind) collected ($17.64)


PokerStars Hand #167615364446:  Hold'em Limit ($3/$6 USD) - 2017/03/15 9:50:13 ET
Table 'Gothlandia' 6-max Seat #2 is the button
Seat 2: KIT426 ($156.24 in chips)
Seat 3: B_loJkl ($73.87 in chips)
KIT426: posts small blind $1
B_loJkl: posts big blind $3
*** HOLE CARDS ***
KIT426: folds
Uncalled bet ($2) returned to B_loJkl
B_loJkl collected $2 from pot
B_loJkl: doesn't show hand
*** SUMMARY ***
Total pot $2 | Rake $0
Seat 2: KIT426 (button) (small blind) folded before Flop
Seat 3: B_loJkl (big blind) collected ($2)


PokerStars Hand #167615367360:  Hold'em Limit ($3/$6 USD) - 2017/03/15 9:50:18 ET
Table 'Gothlandia' 6-max Seat #3 is the button
Seat 2: KIT426 ($155.24 in chips)
Seat 3: B_loJkl ($74.87 in chips)
B_loJkl: posts small blind $1
KIT426: posts big blind $3
*** HOLE CARDS ***
B_loJkl: folds
Uncalled bet ($2) returned to KIT426
KIT426 collected $2 from pot
*** SUMMARY ***
Total pot $2 | Rake $0
Seat 2: KIT426 (big blind) collected ($2)
Seat 3: B_loJkl (button) (small blind) folded before Flop


PokerStars Hand #167615390447:  Hold'em Limit ($3/$6 USD) - 2017/03/15 9:50:59 ET
Table 'Gothlandia' 6-max Seat #3 is the button
Seat 2: KIT426 ($153.24 in chips)
Seat 3: B_loJkl ($76.75 in chips)
B_loJkl: posts small blind $1
KIT426: posts big blind $3
*** HOLE CARDS ***
B_loJkl: folds
Uncalled bet ($2) returned to KIT426
KIT426 collected $2 from pot
*** SUMMARY ***
Total pot $2 | Rake $0
Seat 2: KIT426 (big blind) collected ($2)
Seat 3: B_loJkl (button) (small blind) folded before Flop


PokerStars Hand #167615374976:  Hold'em Limit ($3/$6 USD) - 2017/03/15 9:50:31 ET
Table 'Gothlandia' 6-max Seat #2 is the button
Seat 2: KIT426 ($156.24 in chips)
Seat 3: B_loJkl ($73.87 in chips)
KIT426: posts small blind $1
B_loJkl: posts big blind $3
*** HOLE CARDS ***
KIT426: calls $2
B_loJkl: checks
*** FLOP *** [5h 2h 7d]
B_loJkl: bets $3
KIT426: folds
Uncalled bet ($3) returned to B_loJkl
B_loJkl collected $5.88 from pot
B_loJkl: doesn't show hand
*** SUMMARY ***
Total pot $6 | Rake $0.12
Board [5h 2h 7d]
Seat 2: KIT426 (button) (small blind) folded on the Flop
Seat 3: B_loJkl (big blind) collected ($5.88)


PokerStars Hand #167615393373:  Hold'em Limit ($3/$6 USD) - 2017/03/15 9:51:04 ET
Table 'Gothlandia' 6-max Seat #2 is the button
Seat 2: KIT426 ($154.24 in chips)
Seat 3: B_loJkl ($75.75 in chips)
KIT426: posts small blind $1
B_loJkl: posts big blind $3
*** HOLE CARDS ***
KIT426: calls $2
B_loJkl: raises $3 to $6
KIT426: calls $3
*** FLOP *** [8h 2d 6s]
B_loJkl: bets $3
KIT426: raises $3 to $6
B_loJkl: calls $3
*** TURN *** [8h 2d 6s] [4s]
B_loJkl: checks
KIT426: bets $6
B_loJkl: calls $6
*** RIVER *** [8h 2d 6s 4s] [7c]
B_loJkl: checks
KIT426: checks
*** SHOW DOWN ***
B_loJkl: shows [Kd 4c] (a pair of Fours)
KIT426: shows [8s Kc] (a pair of Eights)
KIT426 collected $35.50 from pot
*** SUMMARY ***
Total pot $36 | Rake $0.50
Board [8h 2d 6s 4s 7c]
Seat 2: KIT426 (button) (small blind) showed [8s Kc] and won ($35.50) with a pair of Eights
Seat 3: B_loJkl (big blind) showed [Kd 4c] and lost with a pair of Fours


PokerStars Hand #167615418465:  Hold'em Limit ($3/$6 USD) - 2017/03/15 9:51:49 ET
Table 'Gothlandia' 6-max Seat #2 is the button
Seat 2: KIT426 ($168.74 in chips)
Seat 3: B_loJkl ($60.75 in chips)
KIT426: posts small blind $1
B_loJkl: posts big blind $3
*** HOLE CARDS ***
KIT426: calls $2
B_loJkl: raises $3 to $6
KIT426: calls $3
*** FLOP *** [5s 7h Ah]
B_loJkl: bets $3
KIT426: folds
Uncalled bet ($3) returned to B_loJkl
B_loJkl collected $11.76 from pot
B_loJkl: doesn't show hand
*** SUMMARY ***
Total pot $12 | Rake $0.24
Board [5s 7h Ah]
Seat 2: KIT426 (button) (small blind) folded on the Flop
Seat 3: B_loJkl (big blind) collected ($11.76)


PokerStars Hand #167615429440:  Hold'em Limit ($3/$6 USD) - 2017/03/15 9:52:09 ET
Table 'Gothlandia' 6-max Seat #3 is the button
Seat 2: KIT426 ($162.74 in chips)
Seat 3: B_loJkl ($66.51 in chips)
B_loJkl: posts small blind $1
KIT426: posts big blind $3
*** HOLE CARDS ***
B_loJkl: raises $3 to $6
KIT426: calls $3
*** FLOP *** [As 3d Qc]
KIT426: checks
B_loJkl: checks
*** TURN *** [As 3d Qc] [4h]
KIT426: checks
B_loJkl: bets $6
KIT426: folds
Uncalled bet ($6) returned to B_loJkl
B_loJkl collected $11.76 from pot
B_loJkl: doesn't show hand
*** SUMMARY ***
Total pot $12 | Rake $0.24
Board [As 3d Qc 4h]
Seat 2: KIT426 (big blind) folded on the Turn
Seat 3: B_loJkl (button) (small blind) collected ($11.76)


PokerStars Hand #167615476536:  Hold'em Limit ($3/$6 USD) - 2017/03/15 9:53:34 ET
Table 'Gothlandia' 6-max Seat #3 is the button
Seat 2: KIT426 ($159.62 in chips)
Seat 3: B_loJkl ($69.27 in chips)
B_loJkl: posts small blind $1
KIT426: posts big blind $3
*** HOLE CARDS ***
B_loJkl: raises $3 to $6
KIT426: folds
Uncalled bet ($3) returned to B_loJkl
B_loJkl collected $6 from pot
B_loJkl: doesn't show hand
*** SUMMARY ***
Total pot $6 | Rake $0
Seat 2: KIT426 (big blind) folded before Flop
Seat 3: B_loJkl (button) (small blind) collected ($6)


PokerStars Hand #167615448305:  Hold'em Limit ($3/$6 USD) - 2017/03/15 9:52:43 ET
Table 'Gothlandia' 6-max Seat #2 is the button
Seat 2: KIT426 ($156.74 in chips)
Seat 3: B_loJkl ($72.27 in chips)
KIT426: posts small blind $1
B_loJkl: posts big blind $3
*** HOLE CARDS ***
KIT426: calls $2
B_loJkl: checks
*** FLOP *** [Tc 9h 2c]
B_loJkl: checks
KIT426: checks
*** TURN *** [Tc 9h 2c] [Th]
B_loJkl: checks
KIT426: checks
*** RIVER *** [Tc 9h 2c Th] [Js]
B_loJkl: checks
KIT426: bets $6
B_loJkl: folds
Uncalled bet ($6) returned to KIT426
KIT426 collected $5.88 from pot
*** SUMMARY ***
Total pot $6 | Rake $0.12
Board [Tc 9h 2c Th Js]
Seat 2: KIT426 (button) (small blind) collected ($5.88)
Seat 3: B_loJkl (big blind) folded on the River


PokerStars Hand #167615512437:  Hold'em Limit ($3/$6 USD) - 2017/03/15 9:54:21 ET
Table 'Gothlandia' 6-max Seat #3 is the button
Seat 2: KIT426 ($159.50 in chips)
Seat 3: B_loJkl ($69.27 in chips)
B_loJkl: posts small blind $1
KIT426: posts big blind $3
*** HOLE CARDS ***
B_loJkl: raises $3 to $6
KIT426: calls $3
*** FLOP *** [Ks 7h Kh]
KIT426: checks
B_loJkl: bets $3
KIT426: folds
Uncalled bet ($3) returned to B_loJkl
B_loJkl collected $11.76 from pot
B_loJkl: doesn't show hand
*** SUMMARY ***
Total pot $12 | Rake $0.24
Board [Ks 7h Kh]
Seat 2: KIT426 (big blind) folded on the Flop
Seat 3: B_loJkl (button) (small blind) collected ($11.76)


PokerStars Hand #167615490303:  Hold'em Limit ($3/$6 USD) - 2017/03/15 9:53:42 ET
Table 'Gothlandia' 6-max Seat #2 is the button
Seat 2: KIT426 ($156.62 in chips)
Seat 3: B_loJkl ($72.27 in chips)
KIT426: posts small blind $1
B_loJkl: posts big blind $3
*** HOLE CARDS ***
KIT426: calls $2
B_loJkl: checks
*** FLOP *** [8h 9h 6h]
B_loJkl: checks
KIT426: checks
*** TURN *** [8h 9h 6h] [Jd]
B_loJkl: checks
KIT426: checks
*** RIVER *** [8h 9h 6h Jd] [2s]
B_loJkl: checks
KIT426: checks
*** SHOW DOWN ***
B_loJkl: shows [Qs 3c] (high card Queen)
KIT426: shows [Ac Tc] (high card Ace)
KIT426 collected $5.88 from pot
*** SUMMARY ***
Total pot $6 | Rake $0.12
Board [8h 9h 6h Jd 2s]
Seat 2: KIT426 (button) (small blind) showed [Ac Tc] and won ($5.88) with high card Ace
Seat 3: B_loJkl (big blind) showed [Qs 3c] and lost with high card Queen


PokerStars Hand #167615542906:  Hold'em Limit ($3/$6 USD) - 2017/03/15 9:55:16 ET
Table 'Gothlandia' 6-max Seat #3 is the button
Seat 2: KIT426 ($147.50 in chips)
Seat 3: B_loJkl ($80.79 in chips)
B_loJkl: posts small blind $1
KIT426: posts big blind $3
*** HOLE CARDS ***
B_loJkl: folds
Uncalled bet ($2) returned to KIT426
KIT426 collected $2 from pot
*** SUMMARY ***
Total pot $2 | Rake $0
Seat 2: KIT426 (big blind) collected ($2)
Seat 3: B_loJkl (button) (small blind) folded before Flop


PokerStars Hand #167615524437:  Hold'em Limit ($3/$6 USD) - 2017/03/15 9:54:43 ET
Table 'Gothlandia' 6-max Seat #2 is the button
Seat 2: KIT426 ($153.50 in chips)
Seat 3: B_loJkl ($75.03 in chips)
KIT426: posts small blind $1
B_loJkl: posts big blind $3
*** HOLE CARDS ***
KIT426: calls $2
B_loJkl: raises $3 to $6
KIT426: calls $3
*** FLOP *** [Jh 6d Th]
B_loJkl: bets $3
KIT426: folds
Uncalled bet ($3) returned to B_loJkl
B_loJkl collected $11.76 from pot
B_loJkl: doesn't show hand
*** SUMMARY ***
Total pot $12 | Rake $0.24
Board [Jh 6d Th]
Seat 2: KIT426 (button) (small blind) folded on the Flop
Seat 3: B_loJkl (big blind) collected ($11.76)


PokerStars Hand #167615601142:  Hold'em Limit ($3/$6 USD) - 2017/03/15 9:57:16 ET
Table 'Gothlandia' 6-max Seat #2 is the button
Seat 2: KIT426 ($133.38 in chips)
Seat 3: B_loJkl ($94.19 in chips)
KIT426: posts small blind $1
B_loJkl: posts big blind $3
*** HOLE CARDS ***
KIT426: raises $3 to $6
B_loJkl: calls $3
*** FLOP *** [3h Ah Tc]
B_loJkl: checks
KIT426: bets $3
B_loJkl: calls $3
*** TURN *** [3h Ah Tc] [Td]
B_loJkl: checks
KIT426: bets $6
B_loJkl: calls $6
*** RIVER *** [3h Ah Tc Td] [8s]
B_loJkl: checks
KIT426: checks
*** SHOW DOWN ***
B_loJkl: shows [Jc Kh] (a pair of Tens)
KIT426: shows [9d Ad] (two pair, Aces and Tens)
KIT426 collected $29.50 from pot
*** SUMMARY ***
Total pot $30 | Rake $0.50
Board [3h Ah Tc Td 8s]
Seat 2: KIT426 (button) (small blind) showed [9d Ad] and won ($29.50) with two pair, Aces and Tens
Seat 3: B_loJkl (big blind) showed [Jc Kh] and lost with a pair of Tens


PokerStars Hand #167615594599:  Hold'em Limit ($3/$6 USD) - 2017/03/15 9:57:02 ET
Table 'Gothlandia' 6-max Seat #2 is the button
Seat 2: KIT426 ($137.38 in chips)
Seat 3: B_loJkl ($90.19 in chips)
KIT426: posts small blind $1
B_loJkl: posts big blind $3
*** HOLE CARDS ***
KIT426: folds
Uncalled bet ($2) returned to B_loJkl
B_loJkl collected $2 from pot
B_loJkl: doesn't show hand
*** SUMMARY ***
Total pot $2 | Rake $0
Seat 2: KIT426 (button) (small blind) folded before Flop
Seat 3: B_loJkl (big blind) collected ($2)


PokerStars Hand #167615590115:  Hold'em Limit ($3/$6 USD) - 2017/03/15 9:56:53 ET
Table 'Gothlandia' 6-max Seat #3 is the button
Seat 2: KIT426 ($136.38 in chips)
Seat 3: B_loJkl ($91.19 in chips)
B_loJkl: posts small blind $1
KIT426: posts big blind $3
*** HOLE CARDS ***
B_loJkl: folds
Uncalled bet ($2) returned to KIT426
KIT426 collected $2 from pot
*** SUMMARY ***
Total pot $2 | Rake $0
Seat 2: KIT426 (big blind) collected ($2)
Seat 3: B_loJkl (button) (small blind) folded before Flop


PokerStars Hand #167615596853:  Hold'em Limit ($3/$6 USD) - 2017/03/15 9:57:07 ET
Table 'Gothlandia' 6-max Seat #3 is the button
Seat 2: KIT426 ($136.38 in chips)
Seat 3: B_loJkl ($91.19 in chips)
B_loJkl: posts small blind $1
KIT426: posts big blind $3
*** HOLE CARDS ***
B_loJkl: raises $3 to $6
KIT426: folds
Uncalled bet ($3) returned to B_loJkl
B_loJkl collected $6 from pot
B_loJkl: doesn't show hand
*** SUMMARY ***
Total pot $6 | Rake $0
Seat 2: KIT426 (big blind) folded before Flop
Seat 3: B_loJkl (button) (small blind) collected ($6)


PokerStars Hand #167615611789:  Hold'em Limit ($3/$6 USD) - 2017/03/15 9:57:38 ET
Table 'Gothlandia' 6-max Seat #3 is the button
Seat 2: KIT426 ($147.88 in chips)
Seat 3: B_loJkl ($79.19 in chips)
B_loJkl: posts small blind $1
KIT426: posts big blind $3
*** HOLE CARDS ***
B_loJkl: folds
Uncalled bet ($2) returned to KIT426
KIT426 collected $2 from pot
*** SUMMARY ***
Total pot $2 | Rake $0
Seat 2: KIT426 (big blind) collected ($2)
Seat 3: B_loJkl (button) (small blind) folded before Flop


PokerStars Hand #167615579606:  Hold'em Limit ($3/$6 USD) - 2017/03/15 9:56:32 ET
Table 'Gothlandia' 6-max Seat #2 is the button
Seat 2: KIT426 ($145.38 in chips)
Seat 3: B_loJkl ($82.55 in chips)
KIT426: posts small blind $1
B_loJkl: posts big blind $3
*** HOLE CARDS ***
KIT426: raises $3 to $6
B_loJkl: calls $3
*** FLOP *** [5h Jd 9c]
B_loJkl: checks
KIT426: bets $3
B_loJkl: raises $3 to $6
KIT426: folds
Uncalled bet ($3) returned to B_loJkl
B_loJkl collected $17.64 from pot
B_loJkl: doesn't show hand
*** SUMMARY ***
Total pot $18 | Rake $0.36
Board [5h Jd 9c]
Seat 2: KIT426 (button) (small blind) folded on the Flop
Seat 3: B_loJkl (big blind) collected ($17.64)


PokerStars Hand #167615626522:  Hold'em Limit ($3/$6 USD) - 2017/03/15 9:58:08 ET
Table 'Gothlandia' 6-max Seat #3 is the button
Seat 2: KIT426 ($127.88 in chips)
Seat 3: B_loJkl ($98.69 in chips)
B_loJkl: posts small blind $1
KIT426: posts big blind $3
*** HOLE CARDS ***
B_loJkl: raises $3 to $6
KIT426: folds
Uncalled bet ($3) returned to B_loJkl
B_loJkl collected $6 from pot
B_loJkl: doesn't show hand
*** SUMMARY ***
Total pot $6 | Rake $0
Seat 2: KIT426 (big blind) folded before Flop
Seat 3: B_loJkl (button) (small blind) collected ($6)


PokerStars Hand #167615629870:  Hold'em Limit ($3/$6 USD) - 2017/03/15 9:58:15 ET
Table 'Gothlandia' 6-max Seat #2 is the button
Seat 2: KIT426 ($124.88 in chips)
Seat 3: B_loJkl ($101.69 in chips)
KIT426: posts small blind $1
B_loJkl: posts big blind $3
*** HOLE CARDS ***
KIT426: folds
Uncalled bet ($2) returned to B_loJkl
B_loJkl collected $2 from pot
B_loJkl: doesn't show hand
*** SUMMARY ***
Total pot $2 | Rake $0
Seat 2: KIT426 (button) (small blind) folded before Flop
Seat 3: B_loJkl (big blind) collected ($2)


PokerStars Hand #167615632054:  Hold'em Limit ($3/$6 USD) - 2017/03/15 9:58:20 ET
Table 'Gothlandia' 6-max Seat #3 is the button
Seat 2: KIT426 ($123.88 in chips)
Seat 3: B_loJkl ($102.69 in chips)
B_loJkl: posts small blind $1
KIT426: posts big blind $3
*** HOLE CARDS ***
B_loJkl: raises $3 to $6
KIT426: calls $3
*** FLOP *** [7s Qs Ad]
KIT426: checks
B_loJkl: bets $3
KIT426: calls $3
*** TURN *** [7s Qs Ad] [3s]
KIT426: checks
B_loJkl: checks
*** RIVER *** [7s Qs Ad 3s] [Qd]
KIT426: checks
B_loJkl: checks
*** SHOW DOWN ***
KIT426: shows [7d Qc] (a full house, Queens full of Sevens)
B_loJkl: mucks hand
KIT426 collected $17.64 from pot
*** SUMMARY ***
Total pot $18 | Rake $0.36
Board [7s Qs Ad 3s Qd]
Seat 2: KIT426 (big blind) showed [7d Qc] and won ($17.64) with a full house, Queens full of Sevens
Seat 3: B_loJkl (button) (small blind) mucked


PokerStars Hand #167615614212:  Hold'em Limit ($3/$6 USD) - 2017/03/15 9:57:43 ET
Table 'Gothlandia' 6-max Seat #2 is the button
Seat 2: KIT426 ($148.88 in chips)
Seat 3: B_loJkl ($78.19 in chips)
KIT426: posts small blind $1
B_loJkl: posts big blind $3
*** HOLE CARDS ***
KIT426: calls $2
B_loJkl: raises $3 to $6
KIT426: calls $3
*** FLOP *** [7h 3d 5d]
B_loJkl: bets $3
KIT426: calls $3
*** TURN *** [7h 3d 5d] [Th]
B_loJkl: checks
KIT426: bets $6
B_loJkl: calls $6
*** RIVER *** [7h 3d 5d Th] [Tc]
B_loJkl: checks
KIT426: bets $6
B_loJkl: calls $6
*** SHOW DOWN ***
KIT426: shows [Jh Qc] (a pair of Tens)
B_loJkl: shows [8h Ks] (a pair of Tens - King kicker)
B_loJkl collected $41.50 from pot
*** SUMMARY ***
Total pot $42 | Rake $0.50
Board [7h 3d 5d Th Tc]
Seat 2: KIT426 (button) (small blind) showed [Jh Qc] and lost with a pair of Tens
Seat 3: B_loJkl (big blind) showed [8h Ks] and won ($41.50) with a pair of Tens


PokerStars Hand #167615650593:  Hold'em Limit ($3/$6 USD) - 2017/03/15 9:58:58 ET
Table 'Gothlandia' 6-max Seat #3 is the button
Seat 2: KIT426 ($138.28 in chips)
Seat 3: B_loJkl ($87.69 in chips)
B_loJkl: posts small blind $1
KIT426: posts big blind $3
*** HOLE CARDS ***
B_loJkl: folds
Uncalled bet ($2) returned to KIT426
KIT426 collected $2 from pot
*** SUMMARY ***
Total pot $2 | Rake $0
Seat 2: KIT426 (big blind) collected ($2)
Seat 3: B_loJkl (button) (small blind) folded before Flop


PokerStars Hand #167615640710:  Hold'em Limit ($3/$6 USD) - 2017/03/15 9:58:38 ET
Table 'Gothlandia' 6-max Seat #2 is the button
Seat 2: KIT426 ($132.52 in chips)
Seat 3: B_loJkl ($93.69 in chips)
KIT426: posts small blind $1
B_loJkl: posts big blind $3
*** HOLE CARDS ***
KIT426: raises $3 to $6
B_loJkl: calls $3
*** FLOP *** [2c Ks 2s]
B_loJkl: checks
KIT426: bets $3
B_loJkl: folds
Uncalled bet ($3) returned to KIT426
KIT426 collected $11.76 from pot
*** SUMMARY ***
Total pot $12 | Rake $0.24
Board [2c Ks 2s]
Seat 2: KIT426 (button) (small blind) collected ($11.76)
Seat 3: B_loJkl (big blind) folded on the Flop


PokerStars Hand #167615666614:  Hold'em Limit ($3/$6 USD) - 2017/03/15 9:59:30 ET
Table 'Gothlandia' 6-max Seat #3 is the button
Seat 2: KIT426 ($127.28 in chips)
Seat 3: B_loJkl ($98.21 in chips)
B_loJkl: posts small blind $1
KIT426: posts big blind $3
*** HOLE CARDS ***
B_loJkl: raises $3 to $6
KIT426: folds
Uncalled bet ($3) returned to B_loJkl
B_loJkl collected $6 from pot
B_loJkl: doesn't show hand
*** SUMMARY ***
Total pot $6 | Rake $0
Seat 2: KIT426 (big blind) folded before Flop
Seat 3: B_loJkl (button) (small blind) collected ($6)


PokerStars Hand #167615653460:  Hold'em Limit ($3/$6 USD) - 2017/03/15 9:59:04 ET
Table 'Gothlandia' 6-max Seat #2 is the button
Seat 2: KIT426 ($139.28 in chips)
Seat 3: B_loJkl ($86.69 in chips)
KIT426: posts small blind $1
B_loJkl: posts big blind $3
*** HOLE CARDS ***
KIT426: raises $3 to $6
B_loJkl: raises $3 to $9
KIT426: calls $3
*** FLOP *** [Qh 7d 4s]
B_loJkl: bets $3
KIT426: calls $3
*** TURN *** [Qh 7d 4s] [8s]
B_loJkl: bets $6
KIT426: folds
Uncalled bet ($6) returned to B_loJkl
B_loJkl collected $23.52 from pot
B_loJkl: doesn't show hand
*** SUMMARY ***
Total pot $24 | Rake $0.48
Board [Qh 7d 4s 8s]
Seat 2: KIT426 (button) (small blind) folded on the Turn
Seat 3: B_loJkl (big blind) collected ($23.52)


PokerStars Hand #167615677573:  Hold'em Limit ($3/$6 USD) - 2017/03/15 9:59:53 ET
Table 'Gothlandia' 6-max Seat #3 is the button
Seat 2: KIT426 ($132.92 in chips)
Seat 3: B_loJkl ($92.21 in chips)
B_loJkl: posts small blind $1
KIT426: posts big blind $3
*** HOLE CARDS ***
B_loJkl: raises $3 to $6
KIT426: calls $3
*** FLOP *** [6h Tc 7d]
KIT426: checks
B_loJkl: bets $3
KIT426: calls $3
*** TURN *** [6h Tc 7d] [5s]
KIT426: checks
B_loJkl: bets $6
KIT426: folds
Uncalled bet ($6) returned to B_loJkl
B_loJkl collected $17.64 from pot
B_loJkl: doesn't show hand
*** SUMMARY ***
Total pot $18 | Rake $0.36
Board [6h Tc 7d 5s]
Seat 2: KIT426 (big blind) folded on the Turn
Seat 3: B_loJkl (button) (small blind) collected ($17.64)


PokerStars Hand #167615685904:  Hold'em Limit ($3/$6 USD) - 2017/03/15 10:00:09 ET
Table 'Gothlandia' 6-max Seat #2 is the button
Seat 2: KIT426 ($123.92 in chips)
Seat 3: B_loJkl ($100.85 in chips)
KIT426: posts small blind $1
B_loJkl: posts big blind $3
*** HOLE CARDS ***
KIT426: folds
Uncalled bet ($2) returned to B_loJkl
B_loJkl collected $2 from pot
B_loJkl: doesn't show hand
*** SUMMARY ***
Total pot $2 | Rake $0
Seat 2: KIT426 (button) (small blind) folded before Flop
Seat 3: B_loJkl (big blind) collected ($2)


PokerStars Hand #167615670598:  Hold'em Limit ($3/$6 USD) - 2017/03/15 9:59:38 ET
Table 'Gothlandia' 6-max Seat #2 is the button
Seat 2: KIT426 ($124.28 in chips)
Seat 3: B_loJkl ($101.21 in chips)
KIT426: posts small blind $1
B_loJkl: posts big blind $3
*** HOLE CARDS ***
KIT426: raises $3 to $6
B_loJkl: calls $3
*** FLOP *** [2s 2d 3c]
B_loJkl: checks
KIT426: bets $3
B_loJkl: calls $3
*** TURN *** [2s 2d 3c] [Jd]
B_loJkl: checks
KIT426: bets $6
B_loJkl: folds
Uncalled bet ($6) returned to KIT426
KIT426 collected $17.64 from pot
*** SUMMARY ***
Total pot $18 | Rake $0.36
Board [2s 2d 3c Jd]
Seat 2: KIT426 (button) (small blind) collected ($17.64)
Seat 3: B_loJkl (big blind) folded on the Turn


PokerStars Hand #167615688415:  Hold'em Limit ($3/$6 USD) - 2017/03/15 10:00:14 ET
Table 'Gothlandia' 6-max Seat #3 is the button
Seat 2: KIT426 ($122.92 in chips)
Seat 3: B_loJkl ($101.85 in chips)
B_loJkl: posts small blind $1
KIT426: posts big blind $3
*** HOLE CARDS ***
B_loJkl: raises $3 to $6
KIT426: calls $3
*** FLOP *** [Jc Jd 7d]
KIT426: checks
B_loJkl: bets $3
KIT426: raises $3 to $6
B_loJkl: calls $3
*** TURN *** [Jc Jd 7d] [8c]
KIT426: bets $6
B_loJkl: raises $6 to $12
KIT426: folds
Uncalled bet ($6) returned to B_loJkl
B_loJkl collected $35.50 from pot
B_loJkl: doesn't show hand
*** SUMMARY ***
Total pot $36 | Rake $0.50
Board [Jc Jd 7d 8c]
Seat 2: KIT426 (big blind) folded on the Turn
Seat 3: B_loJkl (button) (small blind) collected ($35.50)


PokerStars Hand #167615725236:  Hold'em Limit ($3/$6 USD) - 2017/03/15 10:01:25 ET
Table 'Gothlandia' 6-max Seat #3 is the button
Seat 2: KIT426 ($148.92 in chips)
Seat 3: B_loJkl ($74.35 in chips)
B_loJkl: posts small blind $1
KIT426: posts big blind $3
*** HOLE CARDS ***
B_loJkl: raises $3 to $6
KIT426: folds
Uncalled bet ($3) returned to B_loJkl
B_loJkl collected $6 from pot
B_loJkl: doesn't show hand
*** SUMMARY ***
Total pot $6 | Rake $0
Seat 2: KIT426 (big blind) folded before Flop
Seat 3: B_loJkl (button) (small blind) collected ($6)


PokerStars Hand #167615716285:  Hold'em Limit ($3/$6 USD) - 2017/03/15 10:01:08 ET
Table 'Gothlandia' 6-max Seat #2 is the button
Seat 2: KIT426 ($122.42 in chips)
Seat 3: B_loJkl ($101.35 in chips)
KIT426: posts small blind $1
B_loJkl: posts big blind $3
*** HOLE CARDS ***
KIT426: raises $3 to $6
B_loJkl: calls $3
*** FLOP *** [Js 5d Qh]
B_loJkl: checks
KIT426: bets $3
B_loJkl: calls $3
*** TURN *** [Js 5d Qh] [Kh]
B_loJkl: checks
KIT426: bets $6
B_loJkl: raises $6 to $12
KIT426: calls $6
*** RIVER *** [Js 5d Qh Kh] [Jc]
B_loJkl: bets $6
KIT426: raises $6 to $12
B_loJkl: folds
Uncalled bet ($6) returned to KIT426
KIT426 collected $53.50 from pot
*** SUMMARY ***
Total pot $54 | Rake $0.50
Board [Js 5d Qh Kh Jc]
Seat 2: KIT426 (button) (small blind) collected ($53.50)
Seat 3: B_loJkl (big blind) folded on the River


PokerStars Hand #167615713251:  Hold'em Limit ($3/$6 USD) - 2017/03/15 10:01:03 ET
Table 'Gothlandia' 6-max Seat #3 is the button
Seat 2: KIT426 ($125.42 in chips)
Seat 3: B_loJkl ($98.35 in chips)
B_loJkl: posts small blind $1
KIT426: posts big blind $3
*** HOLE CARDS ***
B_loJkl: raises $3 to $6
KIT426: folds
Uncalled bet ($3) returned to B_loJkl
B_loJkl collected $6 from pot
B_loJkl: doesn't show hand
*** SUMMARY ***
Total pot $6 | Rake $0
Seat 2: KIT426 (big blind) folded before Flop
Seat 3: B_loJkl (button) (small blind) collected ($6)


PokerStars Hand #167615695929:  Hold'em Limit ($3/$6 USD) - 2017/03/15 10:00:29 ET
Table 'Gothlandia' 6-max Seat #2 is the button
Seat 2: KIT426 ($104.92 in chips)
Seat 3: B_loJkl ($119.35 in chips)
KIT426: posts small blind $1
B_loJkl: posts big blind $3
*** HOLE CARDS ***
KIT426: raises $3 to $6
B_loJkl: calls $3
*** FLOP *** [Th 8c 2c]
B_loJkl: checks
KIT426: bets $3
B_loJkl: calls $3
*** TURN *** [Th 8c 2c] [Td]
B_loJkl: checks
KIT426: bets $6
B_loJkl: calls $6
*** RIVER *** [Th 8c 2c Td] [5c]
B_loJkl: bets $6
KIT426: calls $6
*** SHOW DOWN ***
B_loJkl: shows [4c 8h] (two pair, Tens and Eights)
KIT426: shows [Qh 8d] (two pair, Tens and Eights - Queen kicker)
KIT426 collected $41.50 from pot
*** SUMMARY ***
Total pot $42 | Rake $0.50
Board [Th 8c 2c Td 5c]
Seat 2: KIT426 (button) (small blind) showed [Qh 8d] and won ($41.50) with two pair, Tens and Eights
Seat 3: B_loJkl (big blind) showed [4c 8h] and lost with two pair, Tens and Eights


PokerStars Hand #167615728257:  Hold'em Limit ($3/$6 USD) - 2017/03/15 10:01:31 ET
Table 'Gothlandia' 6-max Seat #2 is the button
Seat 2: KIT426 ($145.92 in chips)
Seat 3: B_loJkl ($77.35 in chips)
KIT426: posts small blind $1
B_loJkl: posts big blind $3
*** HOLE CARDS ***
KIT426: raises $3 to $6
B_loJkl: calls $3
*** FLOP *** [Jc 7d Kc]
Pelurile joins the table at seat #4
B_loJkl: checks
KIT426: bets $3
B_loJkl: calls $3
*** TURN *** [Jc 7d Kc] [Qc]
B_loJkl: checks
KIT426: checks
*** RIVER *** [Jc 7d Kc Qc] [9s]
B_loJkl: checks
KIT426: bets $6
B_loJkl: folds
Uncalled bet ($6) returned to KIT426
KIT426 collected $17.64 from pot
*** SUMMARY ***
Total pot $18 | Rake $0.36
Board [Jc 7d Kc Qc 9s]
Seat 2: KIT426 (button) (small blind) collected ($17.64)
Seat 3: B_loJkl (big blind) folded on the River


