PokerStars Hand #145300650785:  Hold'em Limit ($3/$6 USD) - 2015/12/13 16:51:24 ET
Table 'Gotho' 2-max Seat #1 is the button
Seat 1: elifnur2008 ($86.64 in chips)
Seat 2: ninanina75 ($73.45 in chips)
elifnur2008: posts small blind $1
ninanina75: posts big blind $3
*** HOLE CARDS ***
elifnur2008: folds
Uncalled bet ($2) returned to ninanina75
ninanina75 collected $2 from pot
ninanina75: doesn't show hand
*** SUMMARY ***
Total pot $2 | Rake $0
Seat 1: elifnur2008 (button) (small blind) folded before Flop
Seat 2: ninanina75 (big blind) collected ($2)


PokerStars Hand #145300638966:  Hold'em Limit ($3/$6 USD) - 2015/12/13 16:51:12 ET
Table 'Gotho' 2-max Seat #2 is the button
Seat 1: elifnur2008 ($78 in chips)
Seat 2: ninanina75 ($82.45 in chips)
ninanina75: posts small blind $1
elifnur2008: posts big blind $3
*** HOLE CARDS ***
ninanina75: raises $3 to $6
elifnur2008: raises $3 to $9
ninanina75: calls $3
*** FLOP *** [Qs Qd 6s]
elifnur2008: bets $3
ninanina75: folds
Uncalled bet ($3) returned to elifnur2008
elifnur2008 collected $17.64 from pot
elifnur2008: doesn't show hand
*** SUMMARY ***
Total pot $18 | Rake $0.36
Board [Qs Qd 6s]
Seat 1: elifnur2008 (big blind) collected ($17.64)
Seat 2: ninanina75 (button) (small blind) folded on the Flop


PokerStars Hand #145300656270:  Hold'em Limit ($3/$6 USD) - 2015/12/13 16:51:30 ET
Table 'Gotho' 2-max Seat #2 is the button
Seat 1: elifnur2008 ($85.64 in chips)
Seat 2: ninanina75 ($74.45 in chips)
ninanina75: posts small blind $1
elifnur2008: posts big blind $3
*** HOLE CARDS ***
ninanina75: raises $3 to $6
elifnur2008: raises $3 to $9
ninanina75: calls $3
*** FLOP *** [5s 5d 6d]
elifnur2008: bets $3
ninanina75: calls $3
*** TURN *** [5s 5d 6d] [Kh]
elifnur2008: bets $6
ninanina75: folds
Uncalled bet ($6) returned to elifnur2008
elifnur2008 collected $23.52 from pot
elifnur2008: doesn't show hand
*** SUMMARY ***
Total pot $24 | Rake $0.48
Board [5s 5d 6d Kh]
Seat 1: elifnur2008 (big blind) collected ($23.52)
Seat 2: ninanina75 (button) (small blind) folded on the Turn


PokerStars Hand #145300675808:  Hold'em Limit ($3/$6 USD) - 2015/12/13 16:51:49 ET
Table 'Gotho' 2-max Seat #1 is the button
Seat 1: elifnur2008 ($97.16 in chips)
Seat 2: ninanina75 ($62.45 in chips)
elifnur2008: posts small blind $1
ninanina75: posts big blind $3
*** HOLE CARDS ***
elifnur2008: raises $3 to $6
ninanina75: folds
Uncalled bet ($3) returned to elifnur2008
elifnur2008 collected $6 from pot
elifnur2008: doesn't show hand
*** SUMMARY ***
Total pot $6 | Rake $0
Seat 1: elifnur2008 (button) (small blind) collected ($6)
Seat 2: ninanina75 (big blind) folded before Flop


PokerStars Hand #145300700931:  Hold'em Limit ($3/$6 USD) - 2015/12/13 16:52:15 ET
Table 'Gotho' 2-max Seat #1 is the button
Seat 1: elifnur2008 ($91.16 in chips)
Seat 2: ninanina75 ($68.09 in chips)
elifnur2008: posts small blind $1
ninanina75: posts big blind $3
*** HOLE CARDS ***
elifnur2008: folds
Uncalled bet ($2) returned to ninanina75
ninanina75 collected $2 from pot
ninanina75: doesn't show hand
*** SUMMARY ***
Total pot $2 | Rake $0
Seat 1: elifnur2008 (button) (small blind) folded before Flop
Seat 2: ninanina75 (big blind) collected ($2)


PokerStars Hand #145300683012:  Hold'em Limit ($3/$6 USD) - 2015/12/13 16:51:57 ET
Table 'Gotho' 2-max Seat #2 is the button
Seat 1: elifnur2008 ($100.16 in chips)
Seat 2: ninanina75 ($59.45 in chips)
ninanina75: posts small blind $1
elifnur2008: posts big blind $3
*** HOLE CARDS ***
ninanina75: raises $3 to $6
elifnur2008: calls $3
*** FLOP *** [5c 3c Ac]
elifnur2008: checks
ninanina75: bets $3
elifnur2008: calls $3
*** TURN *** [5c 3c Ac] [2d]
elifnur2008: checks
ninanina75: bets $6
elifnur2008: folds
Uncalled bet ($6) returned to ninanina75
ninanina75 collected $17.64 from pot
ninanina75: doesn't show hand
*** SUMMARY ***
Total pot $18 | Rake $0.36
Board [5c 3c Ac 2d]
Seat 1: elifnur2008 (big blind) folded on the Turn
Seat 2: ninanina75 (button) (small blind) collected ($17.64)


PokerStars Hand #145300705353:  Hold'em Limit ($3/$6 USD) - 2015/12/13 16:52:19 ET
Table 'Gotho' 2-max Seat #2 is the button
Seat 1: elifnur2008 ($90.16 in chips)
Seat 2: ninanina75 ($69.09 in chips)
ninanina75: posts small blind $1
elifnur2008: posts big blind $3
*** HOLE CARDS ***
ninanina75: raises $3 to $6
elifnur2008: folds
Uncalled bet ($3) returned to ninanina75
ninanina75 collected $6 from pot
ninanina75: doesn't show hand
*** SUMMARY ***
Total pot $6 | Rake $0
Seat 1: elifnur2008 (big blind) folded before Flop
Seat 2: ninanina75 (button) (small blind) collected ($6)


PokerStars Hand #145300711814:  Hold'em Limit ($3/$6 USD) - 2015/12/13 16:52:26 ET
Table 'Gotho' 2-max Seat #1 is the button
Seat 1: elifnur2008 ($87.16 in chips)
Seat 2: ninanina75 ($72.09 in chips)
elifnur2008: posts small blind $1
ninanina75: posts big blind $3
*** HOLE CARDS ***
elifnur2008: raises $3 to $6
ninanina75: raises $3 to $9
elifnur2008: raises $3 to $12
Betting is capped
ninanina75: calls $3
*** FLOP *** [5d 6d 3c]
ninanina75: bets $3
elifnur2008: calls $3
*** TURN *** [5d 6d 3c] [6c]
ninanina75: bets $6
elifnur2008: calls $6
*** RIVER *** [5d 6d 3c 6c] [Kc]
ninanina75: bets $6
elifnur2008: raises $6 to $12
ninanina75: raises $6 to $18
elifnur2008: calls $6
*** SHOW DOWN ***
ninanina75: shows [Js Kd] (two pair, Kings and Sixes)
elifnur2008: shows [Kh Qc] (two pair, Kings and Sixes - Queen kicker)
elifnur2008 collected $77.50 from pot
*** SUMMARY ***
Total pot $78 | Rake $0.50
Board [5d 6d 3c 6c Kc]
Seat 1: elifnur2008 (button) (small blind) showed [Kh Qc] and won ($77.50) with two pair, Kings and Sixes
Seat 2: ninanina75 (big blind) showed [Js Kd] and lost with two pair, Kings and Sixes


PokerStars Hand #145300732470:  Hold'em Limit ($3/$6 USD) - 2015/12/13 16:52:47 ET
Table 'Gotho' 2-max Seat #2 is the button
Seat 1: elifnur2008 ($125.66 in chips)
Seat 2: ninanina75 ($33.09 in chips)
ninanina75: posts small blind $1
elifnur2008: posts big blind $3
*** HOLE CARDS ***
ninanina75: raises $3 to $6
elifnur2008: raises $3 to $9
ninanina75: calls $3
*** FLOP *** [2s 6c Td]
elifnur2008: bets $3
ninanina75: calls $3
*** TURN *** [2s 6c Td] [Jd]
elifnur2008: bets $6
ninanina75: calls $6
*** RIVER *** [2s 6c Td Jd] [7s]
elifnur2008: bets $6
ninanina75: calls $6
*** SHOW DOWN ***
elifnur2008: shows [As Jh] (a pair of Jacks)
ninanina75: mucks hand
elifnur2008 collected $47.50 from pot
*** SUMMARY ***
Total pot $48 | Rake $0.50
Board [2s 6c Td Jd 7s]
Seat 1: elifnur2008 (big blind) showed [As Jh] and won ($47.50) with a pair of Jacks
Seat 2: ninanina75 (button) (small blind) mucked


PokerStars Hand #145300750321:  Hold'em Limit ($3/$6 USD) - 2015/12/13 16:53:05 ET
Table 'Gotho' 2-max Seat #1 is the button
Seat 1: elifnur2008 ($149.16 in chips)
Seat 2: ninanina75 ($9.09 in chips)
elifnur2008: posts small blind $1
ninanina75: posts big blind $3
*** HOLE CARDS ***
elifnur2008: raises $3 to $6
ninanina75: calls $3
*** FLOP *** [5h Td 9c]
ninanina75: checks
elifnur2008: bets $3
ninanina75: raises $0.09 to $3.09 and is all-in
elifnur2008: calls $0.09
*** TURN *** [5h Td 9c] [Qd]
*** RIVER *** [5h Td 9c Qd] [3c]
*** SHOW DOWN ***
ninanina75: shows [8s 6c] (high card Queen)
elifnur2008: shows [6s Kh] (high card King)
elifnur2008 collected $17.82 from pot
*** SUMMARY ***
Total pot $18.18 | Rake $0.36
Board [5h Td 9c Qd 3c]
Seat 1: elifnur2008 (button) (small blind) showed [6s Kh] and won ($17.82) with high card King
Seat 2: ninanina75 (big blind) showed [8s 6c] and lost with high card Queen


