PokerStars Hand #149018042122:  Hold'em Limit ($3/$6 USD) - 2016/02/18 13:12:25 ET
Table 'Gotho II' 10-max Seat #6 is the button
Seat 3: Vianna25 ($139.25 in chips)
Seat 6: Great_Kang ($121 in chips)
Great_Kang: posts small blind $1
Vianna25: posts big blind $3
*** HOLE CARDS ***
Great_Kang: raises $3 to $6
Vianna25: calls $3
*** FLOP *** [7d 5c Ah]
Vianna25: bets $3
Great_Kang: folds
Uncalled bet ($3) returned to Vianna25
Vianna25 collected $11.76 from pot
Vianna25: doesn't show hand
*** SUMMARY ***
Total pot $12 | Rake $0.24
Board [7d 5c Ah]
Seat 3: Vianna25 (big blind) collected ($11.76)
Seat 6: Great_Kang (button) (small blind) folded on the Flop


PokerStars Hand #149018036479:  Hold'em Limit ($3/$6 USD) - 2016/02/18 13:12:19 ET
Table 'Gotho II' 10-max Seat #3 is the button
Seat 3: Vianna25 ($140.25 in chips)
Seat 6: Great_Kang ($120 in chips)
Vianna25: posts small blind $1
Great_Kang: posts big blind $3
*** HOLE CARDS ***
Vianna25: folds
Uncalled bet ($2) returned to Great_Kang
Great_Kang collected $2 from pot
Great_Kang: doesn't show hand
*** SUMMARY ***
Total pot $2 | Rake $0
Seat 3: Vianna25 (button) (small blind) folded before Flop
Seat 6: Great_Kang (big blind) collected ($2)


PokerStars Hand #149018013507:  Hold'em Limit ($3/$6 USD) - 2016/02/18 13:11:56 ET
Table 'Gotho II' 10-max Seat #6 is the button
Seat 3: Vianna25 ($140.50 in chips)
Seat 6: Great_Kang ($120 in chips)
Great_Kang: posts small blind $1
Vianna25: posts big blind $3
*** HOLE CARDS ***
Great_Kang: raises $3 to $6
Vianna25: calls $3
*** FLOP *** [3c 3h Td]
Vianna25: checks
Great_Kang: bets $3
Vianna25: calls $3
*** TURN *** [3c 3h Td] [Jd]
Vianna25: bets $6
Great_Kang: calls $6
*** RIVER *** [3c 3h Td Jd] [Jh]
Vianna25: bets $6
Great_Kang: calls $6
*** SHOW DOWN ***
Vianna25: shows [6h Ad] (two pair, Jacks and Threes)
Great_Kang: shows [4h As] (two pair, Jacks and Threes)
Vianna25 collected $20.75 from pot
Great_Kang collected $20.75 from pot
*** SUMMARY ***
Total pot $42 | Rake $0.50
Board [3c 3h Td Jd Jh]
Seat 3: Vianna25 (big blind) showed [6h Ad] and won ($20.75) with two pair, Jacks and Threes
Seat 6: Great_Kang (button) (small blind) showed [4h As] and won ($20.75) with two pair, Jacks and Threes


PokerStars Hand #149018106186:  Hold'em Limit ($3/$6 USD) - 2016/02/18 13:13:30 ET
Table 'Gotho II' 10-max Seat #6 is the button
Seat 3: Vianna25 ($117.01 in chips)
Seat 6: Great_Kang ($150.50 in chips)
Great_Kang: posts small blind $1
Vianna25: posts big blind $3
*** HOLE CARDS ***
Great_Kang: raises $3 to $6
Vianna25: calls $3
*** FLOP *** [Kd 5d 9d]
Vianna25: bets $3
Great_Kang: calls $3
*** TURN *** [Kd 5d 9d] [5h]
Vianna25: bets $6
Great_Kang: folds
Uncalled bet ($6) returned to Vianna25
Vianna25 collected $17.64 from pot
Vianna25: doesn't show hand
*** SUMMARY ***
Total pot $18 | Rake $0.36
Board [Kd 5d 9d 5h]
Seat 3: Vianna25 (big blind) collected ($17.64)
Seat 6: Great_Kang (button) (small blind) folded on the Turn


PokerStars Hand #149018100137:  Hold'em Limit ($3/$6 USD) - 2016/02/18 13:13:24 ET
Table 'Gotho II' 10-max Seat #3 is the button
Seat 3: Vianna25 ($118.01 in chips)
Seat 6: Great_Kang ($149.50 in chips)
Vianna25: posts small blind $1
Great_Kang: posts big blind $3
*** HOLE CARDS ***
Vianna25: folds
Uncalled bet ($2) returned to Great_Kang
Great_Kang collected $2 from pot
Great_Kang: doesn't show hand
*** SUMMARY ***
Total pot $2 | Rake $0
Seat 3: Vianna25 (button) (small blind) folded before Flop
Seat 6: Great_Kang (big blind) collected ($2)


PokerStars Hand #149018077289:  Hold'em Limit ($3/$6 USD) - 2016/02/18 13:13:01 ET
Table 'Gotho II' 10-max Seat #6 is the button
Seat 3: Vianna25 ($148.01 in chips)
Seat 6: Great_Kang ($120 in chips)
Great_Kang: posts small blind $1
Vianna25: posts big blind $3
*** HOLE CARDS ***
Great_Kang: raises $3 to $6
Vianna25: raises $3 to $9
Great_Kang: calls $3
*** FLOP *** [4d 3c 9d]
Vianna25: bets $3
Great_Kang: calls $3
*** TURN *** [4d 3c 9d] [Kh]
Vianna25: bets $6
Great_Kang: raises $6 to $12
Vianna25: calls $6
*** RIVER *** [4d 3c 9d Kh] [Qc]
Vianna25: bets $6
Great_Kang: calls $6
*** SHOW DOWN ***
Vianna25: shows [Ad Th] (high card Ace)
Great_Kang: shows [Jd Kd] (a pair of Kings)
Great_Kang collected $59.50 from pot
*** SUMMARY ***
Total pot $60 | Rake $0.50
Board [4d 3c 9d Kh Qc]
Seat 3: Vianna25 (big blind) showed [Ad Th] and lost with high card Ace
Seat 6: Great_Kang (button) (small blind) showed [Jd Kd] and won ($59.50) with a pair of Kings


PokerStars Hand #149018069072:  Hold'em Limit ($3/$6 USD) - 2016/02/18 13:12:53 ET
Table 'Gotho II' 10-max Seat #3 is the button
Seat 3: Vianna25 ($145.01 in chips)
Seat 6: Great_Kang ($120 in chips)
Vianna25: posts small blind $1
Great_Kang: posts big blind $3
*** HOLE CARDS ***
Vianna25: raises $3 to $6
Great_Kang: folds
Uncalled bet ($3) returned to Vianna25
Vianna25 collected $6 from pot
Vianna25: doesn't show hand
*** SUMMARY ***
Total pot $6 | Rake $0
Seat 3: Vianna25 (button) (small blind) collected ($6)
Seat 6: Great_Kang (big blind) folded before Flop


PokerStars Hand #149018130675:  Hold'em Limit ($3/$6 USD) - 2016/02/18 13:13:55 ET
Table 'Gotho II' 10-max Seat #6 is the button
Seat 3: Vianna25 ($124.65 in chips)
Seat 6: Great_Kang ($142.50 in chips)
Great_Kang: posts small blind $1
Vianna25: posts big blind $3
*** HOLE CARDS ***
Great_Kang: raises $3 to $6
Vianna25: calls $3
*** FLOP *** [5c Qd 4d]
Vianna25: bets $3
Great_Kang: calls $3
*** TURN *** [5c Qd 4d] [Ad]
Vianna25: bets $6
Great_Kang: raises $6 to $12
Zubasa07 joins the table at seat #4
Vianna25: calls $6
*** RIVER *** [5c Qd 4d Ad] [8c]
Vianna25: bets $6
Great_Kang: calls $6
*** SHOW DOWN ***
Vianna25: shows [5s 9d] (a pair of Fives)
Great_Kang: shows [Jd Ah] (a pair of Aces)
Great_Kang collected $53.50 from pot
*** SUMMARY ***
Total pot $54 | Rake $0.50
Board [5c Qd 4d Ad 8c]
Seat 3: Vianna25 (big blind) showed [5s 9d] and lost with a pair of Fives
Seat 6: Great_Kang (button) (small blind) showed [Jd Ah] and won ($53.50) with a pair of Aces


PokerStars Hand #149018125009:  Hold'em Limit ($3/$6 USD) - 2016/02/18 13:13:49 ET
Table 'Gotho II' 10-max Seat #3 is the button
Seat 3: Vianna25 ($125.65 in chips)
Seat 6: Great_Kang ($141.50 in chips)
Vianna25: posts small blind $1
Great_Kang: posts big blind $3
*** HOLE CARDS ***
Vianna25: folds
Uncalled bet ($2) returned to Great_Kang
Great_Kang collected $2 from pot
Great_Kang: doesn't show hand
*** SUMMARY ***
Total pot $2 | Rake $0
Seat 3: Vianna25 (button) (small blind) folded before Flop
Seat 6: Great_Kang (big blind) collected ($2)


PokerStars Hand #149019242738:  Hold'em Limit ($3/$6 USD) - 2016/02/18 13:32:50 ET
Table 'Gotho II' 10-max Seat #4 is the button
Seat 3: Vianna25 ($132.25 in chips)
Seat 4: Zubasa07 ($495.74 in chips)
Zubasa07: posts small blind $1
Great_Kang: is sitting out
Vianna25: posts big blind $3
*** HOLE CARDS ***
Zubasa07: folds
Uncalled bet ($2) returned to Vianna25
Vianna25 collected $2 from pot
Vianna25: doesn't show hand
*** SUMMARY ***
Total pot $2 | Rake $0
Seat 3: Vianna25 (big blind) collected ($2)
Seat 4: Zubasa07 (button) (small blind) folded before Flop


PokerStars Hand #149019247680:  Hold'em Limit ($3/$6 USD) - 2016/02/18 13:32:55 ET
Table 'Gotho II' 10-max Seat #3 is the button
Seat 3: Vianna25 ($133.25 in chips)
Seat 4: Zubasa07 ($494.74 in chips)
Vianna25: posts small blind $1
Zubasa07: posts big blind $3
*** HOLE CARDS ***
Vianna25: raises $3 to $6
Zubasa07: calls $3
*** FLOP *** [8s 3d 8h]
Zubasa07: checks
Vianna25: bets $3
Zubasa07: folds
Uncalled bet ($3) returned to Vianna25
Vianna25 collected $11.76 from pot
Vianna25: doesn't show hand
*** SUMMARY ***
Total pot $12 | Rake $0.24
Board [8s 3d 8h]
Seat 3: Vianna25 (button) (small blind) collected ($11.76)
Seat 4: Zubasa07 (big blind) folded on the Flop


PokerStars Hand #149019258278:  Hold'em Limit ($3/$6 USD) - 2016/02/18 13:33:06 ET
Table 'Gotho II' 10-max Seat #4 is the button
Seat 3: Vianna25 ($139.01 in chips)
Seat 4: Zubasa07 ($488.74 in chips)
Zubasa07: posts small blind $1
Vianna25: posts big blind $3
*** HOLE CARDS ***
Zubasa07: raises $3 to $6
Vianna25: calls $3
*** FLOP *** [Th 2s 9c]
Vianna25: bets $3
Zubasa07: calls $3
*** TURN *** [Th 2s 9c] [Ah]
Vianna25: bets $6
Zubasa07: raises $6 to $12
Vianna25: calls $6
*** RIVER *** [Th 2s 9c Ah] [9h]
Vianna25: bets $6
Zubasa07: calls $6
*** SHOW DOWN ***
Vianna25: shows [Jc 2c] (two pair, Nines and Deuces)
Zubasa07: shows [As 6c] (two pair, Aces and Nines)
Zubasa07 collected $53.50 from pot
*** SUMMARY ***
Total pot $54 | Rake $0.50
Board [Th 2s 9c Ah 9h]
Seat 3: Vianna25 (big blind) showed [Jc 2c] and lost with two pair, Nines and Deuces
Seat 4: Zubasa07 (button) (small blind) showed [As 6c] and won ($53.50) with two pair, Aces and Nines


PokerStars Hand #149019285433:  Hold'em Limit ($3/$6 USD) - 2016/02/18 13:33:34 ET
Table 'Gotho II' 10-max Seat #3 is the button
Seat 3: Vianna25 ($112.01 in chips)
Seat 4: Zubasa07 ($515.24 in chips)
Vianna25: posts small blind $1
Zubasa07: posts big blind $3
*** HOLE CARDS ***
Vianna25: raises $3 to $6
Zubasa07: calls $3
*** FLOP *** [As 9c 4s]
Zubasa07: checks
Vianna25: checks
*** TURN *** [As 9c 4s] [Kd]
Zubasa07: checks
Vianna25: bets $6
Zubasa07: calls $6
*** RIVER *** [As 9c 4s Kd] [Jh]
Zubasa07: checks
Vianna25: bets $6
Zubasa07: calls $6
*** SHOW DOWN ***
Vianna25: shows [Qs Ad] (a pair of Aces)
Zubasa07: mucks hand
Vianna25 collected $35.50 from pot
*** SUMMARY ***
Total pot $36 | Rake $0.50
Board [As 9c 4s Kd Jh]
Seat 3: Vianna25 (button) (small blind) showed [Qs Ad] and won ($35.50) with a pair of Aces
Seat 4: Zubasa07 (big blind) mucked


PokerStars Hand #149019305686:  Hold'em Limit ($3/$6 USD) - 2016/02/18 13:33:54 ET
Table 'Gotho II' 10-max Seat #4 is the button
Seat 3: Vianna25 ($129.51 in chips)
Seat 4: Zubasa07 ($497.24 in chips)
Zubasa07: posts small blind $1
Vianna25: posts big blind $3
*** HOLE CARDS ***
Zubasa07: raises $3 to $6
Vianna25: calls $3
*** FLOP *** [6h Td 8s]
Vianna25: checks
Zubasa07: checks
*** TURN *** [6h Td 8s] [Qh]
Vianna25: bets $6
Zubasa07: folds
Uncalled bet ($6) returned to Vianna25
Vianna25 collected $11.76 from pot
Vianna25: doesn't show hand
*** SUMMARY ***
Total pot $12 | Rake $0.24
Board [6h Td 8s Qh]
Seat 3: Vianna25 (big blind) collected ($11.76)
Seat 4: Zubasa07 (button) (small blind) folded on the Turn


PokerStars Hand #149019334479:  Hold'em Limit ($3/$6 USD) - 2016/02/18 13:34:24 ET
Table 'Gotho II' 10-max Seat #3 is the button
Seat 3: Vianna25 ($135.27 in chips)
Seat 4: Zubasa07 ($491.24 in chips)
Vianna25: posts small blind $1
Zubasa07: posts big blind $3
*** HOLE CARDS ***
Vianna25: calls $2
Zubasa07: checks
*** FLOP *** [2d 7c 3c]
Zubasa07: checks
Vianna25: bets $3
Zubasa07: folds
Uncalled bet ($3) returned to Vianna25
Vianna25 collected $5.88 from pot
Vianna25: doesn't show hand
*** SUMMARY ***
Total pot $6 | Rake $0.12
Board [2d 7c 3c]
Seat 3: Vianna25 (button) (small blind) collected ($5.88)
Seat 4: Zubasa07 (big blind) folded on the Flop


PokerStars Hand #149019598396:  Hold'em Limit ($3/$6 USD) - 2016/02/18 13:38:54 ET
Table 'Gotho II' 10-max Seat #2 is the button
Seat 2: serega111181 ($27.24 in chips)
Seat 6: Great_Kang ($161.05 in chips)
serega111181: posts small blind $1
Zubasa07: is sitting out
Great_Kang: posts big blind $3
*** HOLE CARDS ***
serega111181: raises $3 to $6
Great_Kang: raises $3 to $9
serega111181: calls $3
*** FLOP *** [Ts 8h Js]
Great_Kang: bets $3
serega111181: calls $3
*** TURN *** [Ts 8h Js] [Qd]
Great_Kang: checks
serega111181: checks
*** RIVER *** [Ts 8h Js Qd] [8c]
Great_Kang: bets $6
serega111181: folds
Uncalled bet ($6) returned to Great_Kang
Great_Kang collected $23.52 from pot
Great_Kang: doesn't show hand
*** SUMMARY ***
Total pot $24 | Rake $0.48
Board [Ts 8h Js Qd 8c]
Seat 2: serega111181 (button) (small blind) folded on the River
Seat 6: Great_Kang (big blind) collected ($23.52)


PokerStars Hand #149019625236:  Hold'em Limit ($3/$6 USD) - 2016/02/18 13:39:21 ET
Table 'Gotho II' 10-max Seat #6 is the button
Seat 2: serega111181 ($15.24 in chips)
Seat 6: Great_Kang ($172.57 in chips)
Great_Kang: posts small blind $1
serega111181: posts big blind $3
*** HOLE CARDS ***
Great_Kang: raises $3 to $6
serega111181: folds
Uncalled bet ($3) returned to Great_Kang
Great_Kang collected $6 from pot
Great_Kang: doesn't show hand
*** SUMMARY ***
Total pot $6 | Rake $0
Seat 2: serega111181 (big blind) folded before Flop
Seat 6: Great_Kang (button) (small blind) collected ($6)


PokerStars Hand #149019632725:  Hold'em Limit ($3/$6 USD) - 2016/02/18 13:39:29 ET
Table 'Gotho II' 10-max Seat #2 is the button
Seat 2: serega111181 ($12.24 in chips)
Seat 6: Great_Kang ($175.57 in chips)
serega111181: posts small blind $1
Great_Kang: posts big blind $3
*** HOLE CARDS ***
serega111181: raises $3 to $6
Great_Kang: calls $3
*** FLOP *** [Kc 8h 9s]
Great_Kang: checks
serega111181: checks
*** TURN *** [Kc 8h 9s] [Qd]
Great_Kang: checks
serega111181: bets $6
Great_Kang: calls $6
*** RIVER *** [Kc 8h 9s Qd] [Td]
Great_Kang: checks
serega111181: checks
*** SHOW DOWN ***
Great_Kang: shows [2c 9c] (a pair of Nines)
serega111181: shows [Ks 6d] (a pair of Kings)
serega111181 collected $23.52 from pot
*** SUMMARY ***
Total pot $24 | Rake $0.48
Board [Kc 8h 9s Qd Td]
Seat 2: serega111181 (button) (small blind) showed [Ks 6d] and won ($23.52) with a pair of Kings
Seat 6: Great_Kang (big blind) showed [2c 9c] and lost with a pair of Nines


PokerStars Hand #149019652659:  Hold'em Limit ($3/$6 USD) - 2016/02/18 13:39:49 ET
Table 'Gotho II' 10-max Seat #6 is the button
Seat 2: serega111181 ($23.76 in chips)
Seat 6: Great_Kang ($163.57 in chips)
Great_Kang: posts small blind $1
serega111181: posts big blind $3
*** HOLE CARDS ***
Great_Kang: raises $3 to $6
serega111181: folds
Uncalled bet ($3) returned to Great_Kang
Great_Kang collected $6 from pot
Great_Kang: doesn't show hand
*** SUMMARY ***
Total pot $6 | Rake $0
Seat 2: serega111181 (big blind) folded before Flop
Seat 6: Great_Kang (button) (small blind) collected ($6)


PokerStars Hand #149019659925:  Hold'em Limit ($3/$6 USD) - 2016/02/18 13:39:56 ET
Table 'Gotho II' 10-max Seat #2 is the button
Seat 2: serega111181 ($20.76 in chips)
Seat 6: Great_Kang ($166.57 in chips)
serega111181: posts small blind $1
Great_Kang: posts big blind $3
*** HOLE CARDS ***
serega111181: raises $3 to $6
Great_Kang: calls $3
*** FLOP *** [2h Qh Qs]
Zubasa07 leaves the table
Great_Kang: checks
serega111181: checks
*** TURN *** [2h Qh Qs] [7c]
Great_Kang: bets $6
serega111181: raises $6 to $12
Great_Kang: calls $6
*** RIVER *** [2h Qh Qs 7c] [Kd]
Great_Kang: checks
serega111181: checks
*** SHOW DOWN ***
Great_Kang: shows [Jd 2d] (two pair, Queens and Deuces)
serega111181: mucks hand
Great_Kang collected $35.50 from pot
*** SUMMARY ***
Total pot $36 | Rake $0.50
Board [2h Qh Qs 7c Kd]
Seat 2: serega111181 (button) (small blind) mucked
Seat 6: Great_Kang (big blind) showed [Jd 2d] and won ($35.50) with two pair, Queens and Deuces


