PokerStars Hand #152320736302:  Hold'em Limit ($3/$6 USD) - 2016/04/23 7:29:14 ET
Table 'Gotha' 6-max Seat #1 is the button
Seat 1: davyyyyyyy ($30.07 in chips)
Seat 4: VolkovDmitri ($120 in chips)
davyyyyyyy: posts small blind $1
VolkovDmitri: posts big blind $3
*** HOLE CARDS ***
davyyyyyyy: folds
Uncalled bet ($2) returned to VolkovDmitri
davyyyyyyy leaves the table
VolkovDmitri collected $2 from pot
VolkovDmitri: doesn't show hand
*** SUMMARY ***
Total pot $2 | Rake $0
Seat 1: davyyyyyyy (button) (small blind) folded before Flop
Seat 4: VolkovDmitri (big blind) collected ($2)


PokerStars Hand #152320891729:  Hold'em Limit ($3/$6 USD) - 2016/04/23 7:34:17 ET
Table 'Gotha' 6-max Seat #4 is the button
Seat 3: maksikavs ($104.55 in chips)
Seat 4: VolkovDmitri ($131.52 in chips)
VolkovDmitri: posts small blind $1
maksikavs: posts big blind $3
*** HOLE CARDS ***
VolkovDmitri: folds
Uncalled bet ($2) returned to maksikavs
maksikavs collected $2 from pot
maksikavs: doesn't show hand
*** SUMMARY ***
Total pot $2 | Rake $0
Seat 3: maksikavs (big blind) collected ($2)
Seat 4: VolkovDmitri (button) (small blind) folded before Flop


PokerStars Hand #152320883408:  Hold'em Limit ($3/$6 USD) - 2016/04/23 7:34:01 ET
Table 'Gotha' 6-max Seat #3 is the button
Seat 3: maksikavs ($116.55 in chips)
Seat 4: VolkovDmitri ($120 in chips)
maksikavs: posts small blind $1
VolkovDmitri: posts big blind $3
*** HOLE CARDS ***
maksikavs: raises $3 to $6
VolkovDmitri: raises $3 to $9
maksikavs: calls $3
*** FLOP *** [3d 6c 9h]
VolkovDmitri: bets $3
maksikavs: calls $3
*** TURN *** [3d 6c 9h] [3h]
VolkovDmitri: bets $6
maksikavs: folds
Uncalled bet ($6) returned to VolkovDmitri
VolkovDmitri collected $23.52 from pot
VolkovDmitri: doesn't show hand
*** SUMMARY ***
Total pot $24 | Rake $0.48
Board [3d 6c 9h 3h]
Seat 3: maksikavs (button) (small blind) folded on the Turn
Seat 4: VolkovDmitri (big blind) collected ($23.52)


PokerStars Hand #152320868287:  Hold'em Limit ($3/$6 USD) - 2016/04/23 7:33:32 ET
Table 'Gotha' 6-max Seat #4 is the button
Seat 3: maksikavs ($102.05 in chips)
Seat 4: VolkovDmitri ($121 in chips)
VolkovDmitri: posts small blind $1
maksikavs: posts big blind $3
*** HOLE CARDS ***
VolkovDmitri: raises $3 to $6
maksikavs: calls $3
*** FLOP *** [Ks Kh 9h]
maksikavs: checks
VolkovDmitri: bets $3
maksikavs: calls $3
*** TURN *** [Ks Kh 9h] [Qh]
maksikavs: checks
VolkovDmitri: checks
*** RIVER *** [Ks Kh 9h Qh] [2s]
maksikavs: bets $6
VolkovDmitri: calls $6
*** SHOW DOWN ***
maksikavs: shows [6c 9d] (two pair, Kings and Nines)
VolkovDmitri: mucks hand
maksikavs collected $29.50 from pot
*** SUMMARY ***
Total pot $30 | Rake $0.50
Board [Ks Kh 9h Qh 2s]
Seat 3: maksikavs (big blind) showed [6c 9d] and won ($29.50) with two pair, Kings and Nines
Seat 4: VolkovDmitri (button) (small blind) mucked


PokerStars Hand #152320910987:  Hold'em Limit ($3/$6 USD) - 2016/04/23 7:34:55 ET
Table 'Gotha' 6-max Seat #4 is the button
Seat 3: maksikavs ($126.05 in chips)
Seat 4: VolkovDmitri ($120 in chips)
VolkovDmitri: posts small blind $1
maksikavs: posts big blind $3
*** HOLE CARDS ***
VolkovDmitri: raises $3 to $6
maksikavs: calls $3
*** FLOP *** [As 5c 3d]
maksikavs: checks
VolkovDmitri: bets $3
maksikavs: calls $3
*** TURN *** [As 5c 3d] [Td]
maksikavs: checks
VolkovDmitri: bets $6
maksikavs: raises $6 to $12
VolkovDmitri: raises $6 to $18
LEXA425 joins the table at seat #5
maksikavs: calls $6
*** RIVER *** [As 5c 3d Td] [9s]
maksikavs: checks
VolkovDmitri: bets $6
maksikavs: calls $6
*** SHOW DOWN ***
VolkovDmitri: shows [Th 5d] (two pair, Tens and Fives)
maksikavs: mucks hand
VolkovDmitri collected $65.50 from pot
*** SUMMARY ***
Total pot $66 | Rake $0.50
Board [As 5c 3d Td 9s]
Seat 3: maksikavs (big blind) mucked
Seat 4: VolkovDmitri (button) (small blind) showed [Th 5d] and won ($65.50) with two pair, Tens and Fives


PokerStars Hand #152320894631:  Hold'em Limit ($3/$6 USD) - 2016/04/23 7:34:23 ET
Table 'Gotha' 6-max Seat #3 is the button
Seat 3: maksikavs ($105.55 in chips)
Seat 4: VolkovDmitri ($130.52 in chips)
maksikavs: posts small blind $1
VolkovDmitri: posts big blind $3
*** HOLE CARDS ***
maksikavs: raises $3 to $6
VolkovDmitri: raises $3 to $9
maksikavs: calls $3
*** FLOP *** [4d Js 4h]
VolkovDmitri: bets $3
maksikavs: raises $3 to $6
VolkovDmitri: calls $3
*** TURN *** [4d Js 4h] [Tc]
VolkovDmitri: checks
maksikavs: bets $6
VolkovDmitri: calls $6
*** RIVER *** [4d Js 4h Tc] [7d]
VolkovDmitri: checks
maksikavs: bets $6
VolkovDmitri: folds
Uncalled bet ($6) returned to maksikavs
maksikavs collected $41.50 from pot
maksikavs: doesn't show hand
*** SUMMARY ***
Total pot $42 | Rake $0.50
Board [4d Js 4h Tc 7d]
Seat 3: maksikavs (button) (small blind) collected ($41.50)
Seat 4: VolkovDmitri (big blind) folded on the River


PokerStars Hand #152320933282:  Hold'em Limit ($3/$6 USD) - 2016/04/23 7:35:38 ET
Table 'Gotha' 6-max Seat #3 is the button
Seat 3: maksikavs ($93.05 in chips)
Seat 4: VolkovDmitri ($152.50 in chips)
maksikavs: posts small blind $1
VolkovDmitri: posts big blind $3
*** HOLE CARDS ***
maksikavs: raises $3 to $6
VolkovDmitri: calls $3
*** FLOP *** [Tc Td 7s]
VolkovDmitri: checks
maksikavs: bets $3
VolkovDmitri: calls $3
*** TURN *** [Tc Td 7s] [4c]
VolkovDmitri: checks
maksikavs: bets $6
VolkovDmitri: calls $6
*** RIVER *** [Tc Td 7s 4c] [9h]
VolkovDmitri: checks
maksikavs: bets $6
VolkovDmitri: folds
Uncalled bet ($6) returned to maksikavs
maksikavs collected $29.50 from pot
maksikavs: doesn't show hand
*** SUMMARY ***
Total pot $30 | Rake $0.50
Board [Tc Td 7s 4c 9h]
Seat 3: maksikavs (button) (small blind) collected ($29.50)
Seat 4: VolkovDmitri (big blind) folded on the River


PokerStars Hand #152321470170:  Hold'em Limit ($3/$6 USD) - 2016/04/23 7:52:12 ET
Table 'Gotha' 6-max Seat #5 is the button
Seat 4: VolkovDmitri ($120 in chips)
Seat 5: LEXA425 ($107.10 in chips)
LEXA425: posts small blind $1
TNTBack: is sitting out
VolkovDmitri: posts big blind $3
*** HOLE CARDS ***
TNTBack leaves the table
LEXA425: raises $3 to $6
VolkovDmitri: raises $3 to $9
LEXA425: calls $3
*** FLOP *** [4c 3s 5h]
VolkovDmitri: bets $3
LEXA425: calls $3
*** TURN *** [4c 3s 5h] [Ts]
VolkovDmitri: bets $6
LEXA425: folds
Uncalled bet ($6) returned to VolkovDmitri
VolkovDmitri collected $23.52 from pot
VolkovDmitri: doesn't show hand
*** SUMMARY ***
Total pot $24 | Rake $0.48
Board [4c 3s 5h Ts]
Seat 4: VolkovDmitri (big blind) collected ($23.52)
Seat 5: LEXA425 (button) (small blind) folded on the Turn


PokerStars Hand #152321497891:  Hold'em Limit ($3/$6 USD) - 2016/04/23 7:53:04 ET
Table 'Gotha' 6-max Seat #5 is the button
Seat 4: VolkovDmitri ($120 in chips)
Seat 5: LEXA425 ($115.60 in chips)
LEXA425: posts small blind $1
VolkovDmitri: posts big blind $3
*** HOLE CARDS ***
LEXA425: folds
Uncalled bet ($2) returned to VolkovDmitri
VolkovDmitri collected $2 from pot
VolkovDmitri: doesn't show hand
*** SUMMARY ***
Total pot $2 | Rake $0
Seat 4: VolkovDmitri (big blind) collected ($2)
Seat 5: LEXA425 (button) (small blind) folded before Flop


PokerStars Hand #152321480623:  Hold'em Limit ($3/$6 USD) - 2016/04/23 7:52:32 ET
Table 'Gotha' 6-max Seat #4 is the button
Seat 4: VolkovDmitri ($131.52 in chips)
Seat 5: LEXA425 ($95.10 in chips)
VolkovDmitri: posts small blind $1
LEXA425: posts big blind $3
*** HOLE CARDS ***
VolkovDmitri: raises $3 to $6
LEXA425: calls $3
*** FLOP *** [Ac 9h Th]
LEXA425: checks
VolkovDmitri: bets $3
LEXA425: calls $3
*** TURN *** [Ac 9h Th] [8s]
LEXA425: checks
VolkovDmitri: bets $6
LEXA425: calls $6
*** RIVER *** [Ac 9h Th 8s] [As]
LEXA425: checks
VolkovDmitri: bets $6
LEXA425: calls $6
*** SHOW DOWN ***
VolkovDmitri: shows [Tc 5s] (two pair, Aces and Tens)
LEXA425: shows [Jd Td] (two pair, Aces and Tens - Jack kicker)
LEXA425 collected $41.50 from pot
*** SUMMARY ***
Total pot $42 | Rake $0.50
Board [Ac 9h Th 8s As]
Seat 4: VolkovDmitri (button) (small blind) showed [Tc 5s] and lost with two pair, Aces and Tens
Seat 5: LEXA425 (big blind) showed [Jd Td] and won ($41.50) with two pair, Aces and Tens


PokerStars Hand #152321500569:  Hold'em Limit ($3/$6 USD) - 2016/04/23 7:53:09 ET
Table 'Gotha' 6-max Seat #4 is the button
Seat 4: VolkovDmitri ($121 in chips)
Seat 5: LEXA425 ($114.60 in chips)
VolkovDmitri: posts small blind $1
LEXA425: posts big blind $3
*** HOLE CARDS ***
VolkovDmitri: raises $3 to $6
LEXA425: folds
Uncalled bet ($3) returned to VolkovDmitri
VolkovDmitri collected $6 from pot
VolkovDmitri: doesn't show hand
*** SUMMARY ***
Total pot $6 | Rake $0
Seat 4: VolkovDmitri (button) (small blind) collected ($6)
Seat 5: LEXA425 (big blind) folded before Flop


PokerStars Hand #152321504735:  Hold'em Limit ($3/$6 USD) - 2016/04/23 7:53:17 ET
Table 'Gotha' 6-max Seat #5 is the button
Seat 4: VolkovDmitri ($124 in chips)
Seat 5: LEXA425 ($111.60 in chips)
LEXA425: posts small blind $1
VolkovDmitri: posts big blind $3
*** HOLE CARDS ***
LEXA425: folds
Uncalled bet ($2) returned to VolkovDmitri
VolkovDmitri collected $2 from pot
VolkovDmitri: doesn't show hand
*** SUMMARY ***
Total pot $2 | Rake $0
Seat 4: VolkovDmitri (big blind) collected ($2)
Seat 5: LEXA425 (button) (small blind) folded before Flop


PokerStars Hand #152321507600:  Hold'em Limit ($3/$6 USD) - 2016/04/23 7:53:22 ET
Table 'Gotha' 6-max Seat #4 is the button
Seat 4: VolkovDmitri ($125 in chips)
Seat 5: LEXA425 ($110.60 in chips)
VolkovDmitri: posts small blind $1
LEXA425: posts big blind $3
*** HOLE CARDS ***
VolkovDmitri: raises $3 to $6
LEXA425: calls $3
*** FLOP *** [Qc 2h 2d]
LEXA425: checks
VolkovDmitri: bets $3
LEXA425: calls $3
*** TURN *** [Qc 2h 2d] [Jd]
LEXA425: checks
VolkovDmitri: checks
*** RIVER *** [Qc 2h 2d Jd] [5s]
LEXA425: checks
VolkovDmitri: checks
*** SHOW DOWN ***
LEXA425: shows [Tc 8c] (a pair of Deuces)
VolkovDmitri: shows [9h Kc] (a pair of Deuces - King kicker)
VolkovDmitri collected $17.64 from pot
*** SUMMARY ***
Total pot $18 | Rake $0.36
Board [Qc 2h 2d Jd 5s]
Seat 4: VolkovDmitri (button) (small blind) showed [9h Kc] and won ($17.64) with a pair of Deuces
Seat 5: LEXA425 (big blind) showed [Tc 8c] and lost with a pair of Deuces


PokerStars Hand #152321532867:  Hold'em Limit ($3/$6 USD) - 2016/04/23 7:54:09 ET
Table 'Gotha' 6-max Seat #4 is the button
Seat 4: VolkovDmitri ($157.14 in chips)
Seat 5: LEXA425 ($77.60 in chips)
VolkovDmitri: posts small blind $1
LEXA425: posts big blind $3
*** HOLE CARDS ***
VolkovDmitri: raises $3 to $6
LEXA425: calls $3
*** FLOP *** [Jd Jc Ah]
LEXA425: checks
VolkovDmitri: bets $3
LEXA425: folds
Uncalled bet ($3) returned to VolkovDmitri
VolkovDmitri collected $11.76 from pot
VolkovDmitri: doesn't show hand
*** SUMMARY ***
Total pot $12 | Rake $0.24
Board [Jd Jc Ah]
Seat 4: VolkovDmitri (button) (small blind) collected ($11.76)
Seat 5: LEXA425 (big blind) folded on the Flop


PokerStars Hand #152321518329:  Hold'em Limit ($3/$6 USD) - 2016/04/23 7:53:42 ET
Table 'Gotha' 6-max Seat #5 is the button
Seat 4: VolkovDmitri ($133.64 in chips)
Seat 5: LEXA425 ($101.60 in chips)
LEXA425: posts small blind $1
VolkovDmitri: posts big blind $3
*** HOLE CARDS ***
LEXA425: raises $3 to $6
VolkovDmitri: calls $3
*** FLOP *** [6d 7c 7s]
VolkovDmitri: checks
davyyyyyyy joins the table at seat #6
LEXA425: bets $3
VolkovDmitri: raises $3 to $6
LEXA425: calls $3
*** TURN *** [6d 7c 7s] [2d]
VolkovDmitri: bets $6
LEXA425: calls $6
*** RIVER *** [6d 7c 7s 2d] [9d]
VolkovDmitri: bets $6
LEXA425: calls $6
*** SHOW DOWN ***
VolkovDmitri: shows [7h Jd] (three of a kind, Sevens)
LEXA425: mucks hand
VolkovDmitri collected $47.50 from pot
*** SUMMARY ***
Total pot $48 | Rake $0.50
Board [6d 7c 7s 2d 9d]
Seat 4: VolkovDmitri (big blind) showed [7h Jd] and won ($47.50) with three of a kind, Sevens
Seat 5: LEXA425 (button) (small blind) mucked


PokerStars Hand #152322043572:  Hold'em Limit ($3/$6 USD) - 2016/04/23 8:10:15 ET
Table 'Gotha' 6-max Seat #3 is the button
Seat 1: craaa ($150.93 in chips)
Seat 3: fsreibnitz ($128.37 in chips)
fsreibnitz: posts small blind $1
YseRussia: is sitting out
craaa: posts big blind $3
*** HOLE CARDS ***
fsreibnitz: folds
Uncalled bet ($2) returned to craaa
YseRussia leaves the table
craaa collected $2 from pot
craaa: doesn't show hand
*** SUMMARY ***
Total pot $2 | Rake $0
Seat 1: craaa (big blind) collected ($2)
Seat 3: fsreibnitz (button) (small blind) folded before Flop


