PokerStars Hand #160931869386:  Hold'em Limit ($3/$6 USD) - 2016/11/05 8:30:41 ET
Table 'Goto' 6-max Seat #4 is the button
Seat 3: kurt183 ($78.67 in chips)
Seat 4: Agrotait ($66 in chips)
Agrotait: posts small blind $1
kurt183: posts big blind $3
*** HOLE CARDS ***
Agrotait: raises $3 to $6
kurt183: folds
Uncalled bet ($3) returned to Agrotait
Agrotait collected $6 from pot
Agrotait: doesn't show hand
*** SUMMARY ***
Total pot $6 | Rake $0
Seat 3: kurt183 (big blind) folded before Flop
Seat 4: Agrotait (button) (small blind) collected ($6)


PokerStars Hand #160931861219:  Hold'em Limit ($3/$6 USD) - 2016/11/05 8:30:27 ET
Table 'Goto' 6-max Seat #3 is the button
Seat 3: kurt183 ($72.91 in chips)
Seat 4: Agrotait ($72 in chips)
kurt183: posts small blind $1
Agrotait: posts big blind $3
*** HOLE CARDS ***
kurt183: raises $3 to $6
Agrotait: calls $3
*** FLOP *** [4h Tc Jd]
Agrotait: checks
kurt183: bets $3
Agrotait: folds
Uncalled bet ($3) returned to kurt183
kurt183 collected $11.76 from pot
kurt183: doesn't show hand
*** SUMMARY ***
Total pot $12 | Rake $0.24
Board [4h Tc Jd]
Seat 3: kurt183 (button) (small blind) collected ($11.76)
Seat 4: Agrotait (big blind) folded on the Flop


PokerStars Hand #160931874858:  Hold'em Limit ($3/$6 USD) - 2016/11/05 8:30:50 ET
Table 'Goto' 6-max Seat #3 is the button
Seat 3: kurt183 ($75.67 in chips)
Seat 4: Agrotait ($69 in chips)
kurt183: posts small blind $1
Agrotait: posts big blind $3
*** HOLE CARDS ***
kurt183: raises $3 to $6
Agrotait: calls $3
*** FLOP *** [4c 9h Kd]
Agrotait: checks
kurt183: bets $3
Psynto joins the table at seat #5
Agrotait: calls $3
*** TURN *** [4c 9h Kd] [8d]
Agrotait: checks
kurt183: bets $6
Agrotait: folds
Uncalled bet ($6) returned to kurt183
kurt183 collected $17.64 from pot
kurt183: doesn't show hand
*** SUMMARY ***
Total pot $18 | Rake $0.36
Board [4c 9h Kd 8d]
Seat 3: kurt183 (button) (small blind) collected ($17.64)
Seat 4: Agrotait (big blind) folded on the Turn


