PokerStars Hand #148056836233:  Hold'em Limit ($3/$6 USD) - 2016/02/01 11:51:11 ET
Table 'Graffias IV' 6-max Seat #3 is the button
Seat 3: Simpiwe ($120 in chips)
Seat 4: SmellyToes4u ($165.43 in chips)
Simpiwe: posts small blind $1
SmellyToes4u: posts big blind $3
*** HOLE CARDS ***
Simpiwe: folds
Uncalled bet ($2) returned to SmellyToes4u
SmellyToes4u collected $2 from pot
SmellyToes4u: doesn't show hand
*** SUMMARY ***
Total pot $2 | Rake $0
Seat 3: Simpiwe (button) (small blind) folded before Flop
Seat 4: SmellyToes4u (big blind) collected ($2)


PokerStars Hand #148056848005:  Hold'em Limit ($3/$6 USD) - 2016/02/01 11:51:25 ET
Table 'Graffias IV' 6-max Seat #3 is the button
Seat 3: Simpiwe ($116 in chips)
Seat 4: SmellyToes4u ($169.43 in chips)
Simpiwe: posts small blind $1
SmellyToes4u: posts big blind $3
*** HOLE CARDS ***
Simpiwe: folds
Uncalled bet ($2) returned to SmellyToes4u
SmellyToes4u collected $2 from pot
SmellyToes4u: doesn't show hand
*** SUMMARY ***
Total pot $2 | Rake $0
Seat 3: Simpiwe (button) (small blind) folded before Flop
Seat 4: SmellyToes4u (big blind) collected ($2)


PokerStars Hand #148056842047:  Hold'em Limit ($3/$6 USD) - 2016/02/01 11:51:18 ET
Table 'Graffias IV' 6-max Seat #4 is the button
Seat 3: Simpiwe ($119 in chips)
Seat 4: SmellyToes4u ($166.43 in chips)
SmellyToes4u: posts small blind $1
Simpiwe: posts big blind $3
*** HOLE CARDS ***
SmellyToes4u: raises $3 to $6
Simpiwe: folds
Uncalled bet ($3) returned to SmellyToes4u
SmellyToes4u collected $6 from pot
SmellyToes4u: doesn't show hand
*** SUMMARY ***
Total pot $6 | Rake $0
Seat 3: Simpiwe (big blind) folded before Flop
Seat 4: SmellyToes4u (button) (small blind) collected ($6)


PokerStars Hand #148056856426:  Hold'em Limit ($3/$6 USD) - 2016/02/01 11:51:35 ET
Table 'Graffias IV' 6-max Seat #3 is the button
Seat 3: Simpiwe ($112 in chips)
Seat 4: SmellyToes4u ($173.43 in chips)
Simpiwe: posts small blind $1
SmellyToes4u: posts big blind $3
*** HOLE CARDS ***
Simpiwe: folds
Uncalled bet ($2) returned to SmellyToes4u
SmellyToes4u collected $2 from pot
SmellyToes4u: doesn't show hand
*** SUMMARY ***
Total pot $2 | Rake $0
Seat 3: Simpiwe (button) (small blind) folded before Flop
Seat 4: SmellyToes4u (big blind) collected ($2)


PokerStars Hand #148056851622:  Hold'em Limit ($3/$6 USD) - 2016/02/01 11:51:29 ET
Table 'Graffias IV' 6-max Seat #4 is the button
Seat 3: Simpiwe ($115 in chips)
Seat 4: SmellyToes4u ($170.43 in chips)
SmellyToes4u: posts small blind $1
Simpiwe: posts big blind $3
*** HOLE CARDS ***
SmellyToes4u: raises $3 to $6
Simpiwe: folds
Uncalled bet ($3) returned to SmellyToes4u
SmellyToes4u collected $6 from pot
SmellyToes4u: doesn't show hand
*** SUMMARY ***
Total pot $6 | Rake $0
Seat 3: Simpiwe (big blind) folded before Flop
Seat 4: SmellyToes4u (button) (small blind) collected ($6)


PokerStars Hand #148056859993:  Hold'em Limit ($3/$6 USD) - 2016/02/01 11:51:39 ET
Table 'Graffias IV' 6-max Seat #4 is the button
Seat 3: Simpiwe ($111 in chips)
Seat 4: SmellyToes4u ($174.43 in chips)
SmellyToes4u: posts small blind $1
Simpiwe: posts big blind $3
*** HOLE CARDS ***
SmellyToes4u: folds
Uncalled bet ($2) returned to Simpiwe
Simpiwe collected $2 from pot
Simpiwe: doesn't show hand
*** SUMMARY ***
Total pot $2 | Rake $0
Seat 3: Simpiwe (big blind) collected ($2)
Seat 4: SmellyToes4u (button) (small blind) folded before Flop


PokerStars Hand #148056891918:  Hold'em Limit ($3/$6 USD) - 2016/02/01 11:52:16 ET
Table 'Graffias IV' 6-max Seat #4 is the button
Seat 3: Simpiwe ($124.50 in chips)
Seat 4: SmellyToes4u ($159.95 in chips)
SmellyToes4u: posts small blind $1
Simpiwe: posts big blind $3
*** HOLE CARDS ***
SmellyToes4u: folds
Uncalled bet ($2) returned to Simpiwe
Simpiwe collected $2 from pot
Simpiwe: doesn't show hand
*** SUMMARY ***
Total pot $2 | Rake $0
Seat 3: Simpiwe (big blind) collected ($2)
Seat 4: SmellyToes4u (button) (small blind) folded before Flop


PokerStars Hand #148056879626:  Hold'em Limit ($3/$6 USD) - 2016/02/01 11:52:01 ET
Table 'Graffias IV' 6-max Seat #3 is the button
Seat 3: Simpiwe ($101 in chips)
Seat 4: SmellyToes4u ($183.95 in chips)
Simpiwe: posts small blind $1
SmellyToes4u: posts big blind $3
*** HOLE CARDS ***
Simpiwe: raises $3 to $6
SmellyToes4u: calls $3
*** FLOP *** [9h 4s 5s]
SmellyToes4u: checks
Simpiwe: checks
*** TURN *** [9h 4s 5s] [2h]
SmellyToes4u: bets $6
Simpiwe: calls $6
*** RIVER *** [9h 4s 5s 2h] [Qh]
SmellyToes4u: bets $6
Simpiwe: raises $6 to $12
SmellyToes4u: calls $6
*** SHOW DOWN ***
Simpiwe: shows [Ts Qc] (a pair of Queens)
SmellyToes4u: mucks hand
Simpiwe collected $47.50 from pot
*** SUMMARY ***
Total pot $48 | Rake $0.50
Board [9h 4s 5s 2h Qh]
Seat 3: Simpiwe (button) (small blind) showed [Ts Qc] and won ($47.50) with a pair of Queens
Seat 4: SmellyToes4u (big blind) mucked


PokerStars Hand #148056907984:  Hold'em Limit ($3/$6 USD) - 2016/02/01 11:52:34 ET
Table 'Graffias IV' 6-max Seat #4 is the button
Seat 3: Simpiwe ($146 in chips)
Seat 4: SmellyToes4u ($137.95 in chips)
SmellyToes4u: posts small blind $1
Simpiwe: posts big blind $3
*** HOLE CARDS ***
SmellyToes4u: folds
Uncalled bet ($2) returned to Simpiwe
Simpiwe collected $2 from pot
Simpiwe: doesn't show hand
*** SUMMARY ***
Total pot $2 | Rake $0
Seat 3: Simpiwe (big blind) collected ($2)
Seat 4: SmellyToes4u (button) (small blind) folded before Flop


PokerStars Hand #148056896046:  Hold'em Limit ($3/$6 USD) - 2016/02/01 11:52:20 ET
Table 'Graffias IV' 6-max Seat #3 is the button
Seat 3: Simpiwe ($125.50 in chips)
Seat 4: SmellyToes4u ($158.95 in chips)
Simpiwe: posts small blind $1
SmellyToes4u: posts big blind $3
*** HOLE CARDS ***
Simpiwe: calls $2
SmellyToes4u: checks
*** FLOP *** [9s Ah 6d]
SmellyToes4u: checks
Simpiwe: bets $3
SmellyToes4u: raises $3 to $6
Simpiwe: calls $3
*** TURN *** [9s Ah 6d] [7h]
SmellyToes4u: bets $6
Simpiwe: calls $6
*** RIVER *** [9s Ah 6d 7h] [3h]
SmellyToes4u: checks
Simpiwe: bets $6
SmellyToes4u: calls $6
*** SHOW DOWN ***
Simpiwe: shows [Kc 9h] (a pair of Nines)
SmellyToes4u: mucks hand
Simpiwe collected $41.50 from pot
*** SUMMARY ***
Total pot $42 | Rake $0.50
Board [9s Ah 6d 7h 3h]
Seat 3: Simpiwe (button) (small blind) showed [Kc 9h] and won ($41.50) with a pair of Nines
Seat 4: SmellyToes4u (big blind) mucked


PokerStars Hand #148056912762:  Hold'em Limit ($3/$6 USD) - 2016/02/01 11:52:39 ET
Table 'Graffias IV' 6-max Seat #3 is the button
Seat 3: Simpiwe ($147 in chips)
Seat 4: SmellyToes4u ($136.95 in chips)
Simpiwe: posts small blind $1
SmellyToes4u: posts big blind $3
*** HOLE CARDS ***
Simpiwe: folds
Uncalled bet ($2) returned to SmellyToes4u
SmellyToes4u collected $2 from pot
SmellyToes4u: doesn't show hand
*** SUMMARY ***
Total pot $2 | Rake $0
Seat 3: Simpiwe (button) (small blind) folded before Flop
Seat 4: SmellyToes4u (big blind) collected ($2)


PokerStars Hand #148056874604:  Hold'em Limit ($3/$6 USD) - 2016/02/01 11:51:56 ET
Table 'Graffias IV' 6-max Seat #4 is the button
Seat 3: Simpiwe ($100 in chips)
Seat 4: SmellyToes4u ($184.95 in chips)
SmellyToes4u: posts small blind $1
Simpiwe: posts big blind $3
*** HOLE CARDS ***
SmellyToes4u: folds
Uncalled bet ($2) returned to Simpiwe
Simpiwe collected $2 from pot
Simpiwe: doesn't show hand
*** SUMMARY ***
Total pot $2 | Rake $0
Seat 3: Simpiwe (big blind) collected ($2)
Seat 4: SmellyToes4u (button) (small blind) folded before Flop


PokerStars Hand #148056863562:  Hold'em Limit ($3/$6 USD) - 2016/02/01 11:51:43 ET
Table 'Graffias IV' 6-max Seat #3 is the button
Seat 3: Simpiwe ($112 in chips)
Seat 4: SmellyToes4u ($173.43 in chips)
Simpiwe: posts small blind $1
SmellyToes4u: posts big blind $3
*** HOLE CARDS ***
Simpiwe: raises $3 to $6
SmellyToes4u: raises $3 to $9
Simpiwe: calls $3
*** FLOP *** [Ad 2d Ah]
SmellyToes4u: bets $3
Simpiwe: calls $3
*** TURN *** [Ad 2d Ah] [Kc]
SmellyToes4u: bets $6
Simpiwe: folds
Uncalled bet ($6) returned to SmellyToes4u
SmellyToes4u collected $23.52 from pot
SmellyToes4u: doesn't show hand
*** SUMMARY ***
Total pot $24 | Rake $0.48
Board [Ad 2d Ah Kc]
Seat 3: Simpiwe (button) (small blind) folded on the Turn
Seat 4: SmellyToes4u (big blind) collected ($23.52)


PokerStars Hand #148056929661:  Hold'em Limit ($3/$6 USD) - 2016/02/01 11:52:59 ET
Table 'Graffias IV' 6-max Seat #3 is the button
Seat 3: Simpiwe ($160.50 in chips)
Seat 4: SmellyToes4u ($122.95 in chips)
Simpiwe: posts small blind $1
SmellyToes4u: posts big blind $3
*** HOLE CARDS ***
Simpiwe: raises $3 to $6
SmellyToes4u: raises $3 to $9
Simpiwe: calls $3
*** FLOP *** [Qh Td 9d]
SmellyToes4u: bets $3
Simpiwe: calls $3
*** TURN *** [Qh Td 9d] [3s]
SmellyToes4u: bets $6
Simpiwe: folds
Uncalled bet ($6) returned to SmellyToes4u
SmellyToes4u collected $23.52 from pot
SmellyToes4u: doesn't show hand
*** SUMMARY ***
Total pot $24 | Rake $0.48
Board [Qh Td 9d 3s]
Seat 3: Simpiwe (button) (small blind) folded on the Turn
Seat 4: SmellyToes4u (big blind) collected ($23.52)


PokerStars Hand #148056940439:  Hold'em Limit ($3/$6 USD) - 2016/02/01 11:53:11 ET
Table 'Graffias IV' 6-max Seat #4 is the button
Seat 3: Simpiwe ($148.50 in chips)
Seat 4: SmellyToes4u ($134.47 in chips)
SmellyToes4u: posts small blind $1
Simpiwe: posts big blind $3
*** HOLE CARDS ***
SmellyToes4u: folds
Uncalled bet ($2) returned to Simpiwe
Simpiwe collected $2 from pot
Simpiwe: doesn't show hand
*** SUMMARY ***
Total pot $2 | Rake $0
Seat 3: Simpiwe (big blind) collected ($2)
Seat 4: SmellyToes4u (button) (small blind) folded before Flop


PokerStars Hand #148056944528:  Hold'em Limit ($3/$6 USD) - 2016/02/01 11:53:16 ET
Table 'Graffias IV' 6-max Seat #3 is the button
Seat 3: Simpiwe ($149.50 in chips)
Seat 4: SmellyToes4u ($133.47 in chips)
Simpiwe: posts small blind $1
SmellyToes4u: posts big blind $3
*** HOLE CARDS ***
Simpiwe: raises $3 to $6
SmellyToes4u: calls $3
*** FLOP *** [8s 3d 3h]
SmellyToes4u: checks
Simpiwe: checks
*** TURN *** [8s 3d 3h] [Th]
SmellyToes4u: checks
Simpiwe: checks
*** RIVER *** [8s 3d 3h Th] [Kc]
SmellyToes4u: bets $6
Simpiwe: folds
Uncalled bet ($6) returned to SmellyToes4u
SmellyToes4u collected $11.76 from pot
SmellyToes4u: doesn't show hand
*** SUMMARY ***
Total pot $12 | Rake $0.24
Board [8s 3d 3h Th Kc]
Seat 3: Simpiwe (button) (small blind) folded on the River
Seat 4: SmellyToes4u (big blind) collected ($11.76)


PokerStars Hand #148056956495:  Hold'em Limit ($3/$6 USD) - 2016/02/01 11:53:29 ET
Table 'Graffias IV' 6-max Seat #4 is the button
Seat 3: Simpiwe ($143.50 in chips)
Seat 4: SmellyToes4u ($139.23 in chips)
SmellyToes4u: posts small blind $1
Simpiwe: posts big blind $3
*** HOLE CARDS ***
SmellyToes4u: raises $3 to $6
Simpiwe: raises $3 to $9
SmellyToes4u: calls $3
*** FLOP *** [8s Ad 8d]
Simpiwe: bets $3
SmellyToes4u: folds
Uncalled bet ($3) returned to Simpiwe
Simpiwe collected $17.64 from pot
Simpiwe: doesn't show hand
*** SUMMARY ***
Total pot $18 | Rake $0.36
Board [8s Ad 8d]
Seat 3: Simpiwe (big blind) collected ($17.64)
Seat 4: SmellyToes4u (button) (small blind) folded on the Flop


PokerStars Hand #148056917145:  Hold'em Limit ($3/$6 USD) - 2016/02/01 11:52:44 ET
Table 'Graffias IV' 6-max Seat #4 is the button
Seat 3: Simpiwe ($146 in chips)
Seat 4: SmellyToes4u ($137.95 in chips)
SmellyToes4u: posts small blind $1
Simpiwe: posts big blind $3
*** HOLE CARDS ***
SmellyToes4u: raises $3 to $6
Simpiwe: calls $3
*** FLOP *** [2s 2h 8d]
Simpiwe: checks
SmellyToes4u: bets $3
Simpiwe: calls $3
*** TURN *** [2s 2h 8d] [5h]
Simpiwe: checks
SmellyToes4u: bets $6
Simpiwe: raises $6 to $12
SmellyToes4u: folds
Uncalled bet ($6) returned to Simpiwe
Simpiwe collected $29.50 from pot
Simpiwe: doesn't show hand
*** SUMMARY ***
Total pot $30 | Rake $0.50
Board [2s 2h 8d 5h]
Seat 3: Simpiwe (big blind) collected ($29.50)
Seat 4: SmellyToes4u (button) (small blind) folded on the Turn


PokerStars Hand #148056983870:  Hold'em Limit ($3/$6 USD) - 2016/02/01 11:54:01 ET
Table 'Graffias IV' 6-max Seat #4 is the button
Seat 3: Simpiwe ($140.14 in chips)
Seat 4: SmellyToes4u ($141.75 in chips)
SmellyToes4u: posts small blind $1
Simpiwe: posts big blind $3
*** HOLE CARDS ***
SmellyToes4u: raises $3 to $6
Simpiwe: calls $3
*** FLOP *** [Jd Kd 8c]
Simpiwe: checks
SmellyToes4u: bets $3
Simpiwe: calls $3
*** TURN *** [Jd Kd 8c] [2h]
Simpiwe: checks
SmellyToes4u: bets $6
Simpiwe: calls $6
*** RIVER *** [Jd Kd 8c 2h] [9c]
Simpiwe: checks
SmellyToes4u: bets $6
Simpiwe: calls $6
*** SHOW DOWN ***
SmellyToes4u: shows [Ks Jc] (two pair, Kings and Jacks)
Simpiwe: mucks hand
SmellyToes4u collected $41.50 from pot
*** SUMMARY ***
Total pot $42 | Rake $0.50
Board [Jd Kd 8c 2h 9c]
Seat 3: Simpiwe (big blind) mucked
Seat 4: SmellyToes4u (button) (small blind) showed [Ks Jc] and won ($41.50) with two pair, Kings and Jacks


PokerStars Hand #148056967423:  Hold'em Limit ($3/$6 USD) - 2016/02/01 11:53:42 ET
Table 'Graffias IV' 6-max Seat #3 is the button
Seat 3: Simpiwe ($152.14 in chips)
Seat 4: SmellyToes4u ($130.23 in chips)
Simpiwe: posts small blind $1
SmellyToes4u: posts big blind $3
*** HOLE CARDS ***
Simpiwe: raises $3 to $6
SmellyToes4u: raises $3 to $9
Simpiwe: calls $3
*** FLOP *** [6d Qc 3d]
SmellyToes4u: bets $3
Simpiwe: calls $3
*** TURN *** [6d Qc 3d] [5s]
SmellyToes4u: bets $6
Simpiwe: folds
Uncalled bet ($6) returned to SmellyToes4u
SmellyToes4u collected $23.52 from pot
SmellyToes4u: doesn't show hand
*** SUMMARY ***
Total pot $24 | Rake $0.48
Board [6d Qc 3d 5s]
Seat 3: Simpiwe (button) (small blind) folded on the Turn
Seat 4: SmellyToes4u (big blind) collected ($23.52)


PokerStars Hand #148057028086:  Hold'em Limit ($3/$6 USD) - 2016/02/01 11:54:52 ET
Table 'Graffias IV' 6-max Seat #3 is the button
Seat 3: Simpiwe ($119.14 in chips)
Seat 4: SmellyToes4u ($162.25 in chips)
Simpiwe: posts small blind $1
SmellyToes4u: posts big blind $3
*** HOLE CARDS ***
Simpiwe: raises $3 to $6
SmellyToes4u: calls $3
*** FLOP *** [7s 4h 7d]
SmellyToes4u: checks
Simpiwe: bets $3
SmellyToes4u: raises $3 to $6
Simpiwe: raises $3 to $9
SmellyToes4u: raises $3 to $12
Betting is capped
Simpiwe: calls $3
*** TURN *** [7s 4h 7d] [6d]
SmellyToes4u: bets $6
Simpiwe: calls $6
*** RIVER *** [7s 4h 7d 6d] [8d]
SmellyToes4u: bets $6
Simpiwe: calls $6
*** SHOW DOWN ***
SmellyToes4u: shows [Th 7c] (three of a kind, Sevens)
Simpiwe: mucks hand
SmellyToes4u collected $59.50 from pot
*** SUMMARY ***
Total pot $60 | Rake $0.50
Board [7s 4h 7d 6d 8d]
Seat 3: Simpiwe (button) (small blind) mucked
Seat 4: SmellyToes4u (big blind) showed [Th 7c] and won ($59.50) with three of a kind, Sevens


PokerStars Hand #148057052764:  Hold'em Limit ($3/$6 USD) - 2016/02/01 11:55:21 ET
Table 'Graffias IV' 6-max Seat #4 is the button
Seat 3: Simpiwe ($89.14 in chips)
Seat 4: SmellyToes4u ($191.75 in chips)
SmellyToes4u: posts small blind $1
Simpiwe: posts big blind $3
*** HOLE CARDS ***
SmellyToes4u: raises $3 to $6
Simpiwe: raises $3 to $9
SmellyToes4u: calls $3
*** FLOP *** [7c Ks Ts]
Simpiwe: bets $3
SmellyToes4u: calls $3
*** TURN *** [7c Ks Ts] [6h]
Simpiwe: bets $6
SmellyToes4u: calls $6
*** RIVER *** [7c Ks Ts 6h] [Jd]
Simpiwe: bets $6
SmellyToes4u: calls $6
*** SHOW DOWN ***
Simpiwe: shows [Js Jc] (three of a kind, Jacks)
SmellyToes4u: mucks hand
Simpiwe collected $47.50 from pot
*** SUMMARY ***
Total pot $48 | Rake $0.50
Board [7c Ks Ts 6h Jd]
Seat 3: Simpiwe (big blind) showed [Js Jc] and won ($47.50) with three of a kind, Jacks
Seat 4: SmellyToes4u (button) (small blind) mucked


PokerStars Hand #148057086530:  Hold'em Limit ($3/$6 USD) - 2016/02/01 11:56:07 ET
Table 'Graffias IV' 6-max Seat #4 is the button
Seat 3: Simpiwe ($103.64 in chips)
Seat 4: SmellyToes4u ($176.39 in chips)
SmellyToes4u: posts small blind $1
Simpiwe: posts big blind $3
*** HOLE CARDS ***
GRAILKO joins the table at seat #5
SmellyToes4u: folds
Uncalled bet ($2) returned to Simpiwe
Simpiwe collected $2 from pot
Simpiwe: doesn't show hand
*** SUMMARY ***
Total pot $2 | Rake $0
Seat 3: Simpiwe (big blind) collected ($2)
Seat 4: SmellyToes4u (button) (small blind) folded before Flop


PokerStars Hand #148057092140:  Hold'em Limit ($3/$6 USD) - 2016/02/01 11:56:15 ET
Table 'Graffias IV' 6-max Seat #3 is the button
Seat 3: Simpiwe ($104.64 in chips)
Seat 4: SmellyToes4u ($175.39 in chips)
Simpiwe: posts small blind $1
SmellyToes4u: posts big blind $3
*** HOLE CARDS ***
Simpiwe: raises $3 to $6
SmellyToes4u: calls $3
*** FLOP *** [5c 2d 3d]
SmellyToes4u: checks
Simpiwe: checks
*** TURN *** [5c 2d 3d] [8h]
SmellyToes4u: bets $6
Simpiwe: raises $6 to $12
SmellyToes4u: calls $6
*** RIVER *** [5c 2d 3d 8h] [5d]
SmellyToes4u: checks
Simpiwe: checks
*** SHOW DOWN ***
SmellyToes4u: shows [Qs 4h] (a pair of Fives)
Simpiwe: shows [Kh 7d] (a pair of Fives - King kicker)
Simpiwe collected $35.50 from pot
*** SUMMARY ***
Total pot $36 | Rake $0.50
Board [5c 2d 3d 8h 5d]
Seat 3: Simpiwe (button) (small blind) showed [Kh 7d] and won ($35.50) with a pair of Fives
Seat 4: SmellyToes4u (big blind) showed [Qs 4h] and lost with a pair of Fives


PokerStars Hand #148057071667:  Hold'em Limit ($3/$6 USD) - 2016/02/01 11:55:47 ET
Table 'Graffias IV' 6-max Seat #3 is the button
Seat 3: Simpiwe ($112.64 in chips)
Seat 4: SmellyToes4u ($167.75 in chips)
Simpiwe: posts small blind $1
SmellyToes4u: posts big blind $3
*** HOLE CARDS ***
Simpiwe: raises $3 to $6
SmellyToes4u: calls $3
*** FLOP *** [9s 7h 9h]
SmellyToes4u: checks
Simpiwe: bets $3
SmellyToes4u: calls $3
*** TURN *** [9s 7h 9h] [9d]
SmellyToes4u: checks
Simpiwe: checks
*** RIVER *** [9s 7h 9h 9d] [5s]
SmellyToes4u: bets $6
Simpiwe: folds
Uncalled bet ($6) returned to SmellyToes4u
SmellyToes4u collected $17.64 from pot
SmellyToes4u: doesn't show hand
*** SUMMARY ***
Total pot $18 | Rake $0.36
Board [9s 7h 9h 9d 5s]
Seat 3: Simpiwe (button) (small blind) folded on the River
Seat 4: SmellyToes4u (big blind) collected ($17.64)


PokerStars Hand #148059143334:  Hold'em Limit ($3/$6 USD) - 2016/02/01 12:34:08 ET
Table 'Graffias IV' 6-max Seat #4 is the button
Seat 3: verde7 ($38 in chips)
Seat 4: SashaYuvelir ($80.64 in chips)
SashaYuvelir: posts small blind $1
verde7: posts big blind $3
*** HOLE CARDS ***
SashaYuvelir: raises $3 to $6
verde7: calls $3
*** FLOP *** [Ts 9c Kc]
verde7: checks
SashaYuvelir: bets $3
verde7: calls $3
*** TURN *** [Ts 9c Kc] [9d]
verde7: checks
SashaYuvelir: bets $6
verde7: calls $6
*** RIVER *** [Ts 9c Kc 9d] [3h]
verde7: bets $6
SashaYuvelir: calls $6
*** SHOW DOWN ***
verde7: shows [4c 8c] (a pair of Nines)
SashaYuvelir: shows [3c 8s] (two pair, Nines and Threes)
SashaYuvelir collected $41.50 from pot
*** SUMMARY ***
Total pot $42 | Rake $0.50
Board [Ts 9c Kc 9d 3h]
Seat 3: verde7 (big blind) showed [4c 8c] and lost with a pair of Nines
Seat 4: SashaYuvelir (button) (small blind) showed [3c 8s] and won ($41.50) with two pair, Nines and Threes


PokerStars Hand #148059187119:  Hold'em Limit ($3/$6 USD) - 2016/02/01 12:34:55 ET
Table 'Graffias IV' 6-max Seat #4 is the button
Seat 3: verde7 ($14 in chips)
Seat 4: SashaYuvelir ($104.02 in chips)
SashaYuvelir: posts small blind $1
verde7: posts big blind $3
*** HOLE CARDS ***
SashaYuvelir: raises $3 to $6
verde7: calls $3
*** FLOP *** [Ks 3c 8c]
verde7: checks
SashaYuvelir: bets $3
verde7: folds
Uncalled bet ($3) returned to SashaYuvelir
SashaYuvelir collected $11.76 from pot
SashaYuvelir: doesn't show hand
*** SUMMARY ***
Total pot $12 | Rake $0.24
Board [Ks 3c 8c]
Seat 3: verde7 (big blind) folded on the Flop
Seat 4: SashaYuvelir (button) (small blind) collected ($11.76)


PokerStars Hand #148059198232:  Hold'em Limit ($3/$6 USD) - 2016/02/01 12:35:06 ET
Table 'Graffias IV' 6-max Seat #3 is the button
Seat 3: verde7 ($8 in chips)
Seat 4: SashaYuvelir ($109.78 in chips)
verde7: posts small blind $1
SashaYuvelir: posts big blind $3
*** HOLE CARDS ***
verde7: raises $3 to $6
SashaYuvelir: raises $3 to $9
verde7: calls $2 and is all-in
Uncalled bet ($1) returned to SashaYuvelir
*** FLOP *** [7c 5d Jd]
*** TURN *** [7c 5d Jd] [3d]
*** RIVER *** [7c 5d Jd 3d] [Th]
*** SHOW DOWN ***
SashaYuvelir: shows [Kc Kh] (a pair of Kings)
verde7: shows [Ad 2h] (high card Ace)
SashaYuvelir collected $15.68 from pot
*** SUMMARY ***
Total pot $16 | Rake $0.32
Board [7c 5d Jd 3d Th]
Seat 3: verde7 (button) (small blind) showed [Ad 2h] and lost with high card Ace
Seat 4: SashaYuvelir (big blind) showed [Kc Kh] and won ($15.68) with a pair of Kings


PokerStars Hand #148059169039:  Hold'em Limit ($3/$6 USD) - 2016/02/01 12:34:36 ET
Table 'Graffias IV' 6-max Seat #3 is the button
Seat 3: verde7 ($17 in chips)
Seat 4: SashaYuvelir ($101.14 in chips)
verde7: posts small blind $1
SashaYuvelir: posts big blind $3
*** HOLE CARDS ***
verde7: calls $2
Chessnok joins the table at seat #5
SashaYuvelir: checks
*** FLOP *** [3d 7c 8d]
SashaYuvelir: bets $3
verde7: folds
Uncalled bet ($3) returned to SashaYuvelir
SashaYuvelir collected $5.88 from pot
SashaYuvelir: doesn't show hand
Chessnok leaves the table
*** SUMMARY ***
Total pot $6 | Rake $0.12
Board [3d 7c 8d]
Seat 3: verde7 (button) (small blind) folded on the Flop
Seat 4: SashaYuvelir (big blind) collected ($5.88)


PokerStars Hand #148068303933:  Hold'em Limit ($3/$6 USD) - 2016/02/01 15:01:13 ET
Table 'Graffias IV' 6-max Seat #4 is the button
Seat 4: Chessnok ($137.30 in chips)
Seat 6: bryan00nl ($646.05 in chips)
Chessnok: posts small blind $1
bryan00nl: posts big blind $3
*** HOLE CARDS ***
Chessnok: raises $3 to $6
bryan00nl: calls $3
*** FLOP *** [Ah Qd 4h]
bryan00nl: checks
Chessnok: bets $3
bryan00nl: folds
Uncalled bet ($3) returned to Chessnok
Chessnok collected $11.76 from pot
Chessnok: doesn't show hand
*** SUMMARY ***
Total pot $12 | Rake $0.24
Board [Ah Qd 4h]
Seat 4: Chessnok (button) (small blind) collected ($11.76)
Seat 6: bryan00nl (big blind) folded on the Flop


PokerStars Hand #148068297396:  Hold'em Limit ($3/$6 USD) - 2016/02/01 15:01:07 ET
Table 'Graffias IV' 6-max Seat #6 is the button
Seat 4: Chessnok ($140.30 in chips)
Seat 6: bryan00nl ($643.05 in chips)
bryan00nl: posts small blind $1
Chessnok: posts big blind $3
*** HOLE CARDS ***
bryan00nl: raises $3 to $6
Chessnok: folds
Uncalled bet ($3) returned to bryan00nl
knas4 joins the table at seat #2
bryan00nl collected $6 from pot
bryan00nl: doesn't show hand
*** SUMMARY ***
Total pot $6 | Rake $0
Seat 4: Chessnok (big blind) folded before Flop
Seat 6: bryan00nl (button) (small blind) collected ($6)


PokerStars Hand #148080407557:  Hold'em Limit ($3/$6 USD) - 2016/02/01 18:05:31 ET
Table 'Graffias IV' 6-max Seat #2 is the button
Seat 1: cecildk ($250.55 in chips)
Seat 2: knas4 ($405.38 in chips)
knas4: posts small blind $1
cecildk: posts big blind $3
*** HOLE CARDS ***
knas4: raises $3 to $6
cecildk: folds
Uncalled bet ($3) returned to knas4
knas4 collected $6 from pot
knas4: doesn't show hand
*** SUMMARY ***
Total pot $6 | Rake $0
Seat 1: cecildk (big blind) folded before Flop
Seat 2: knas4 (button) (small blind) collected ($6)


