PokerStars Hand #145886524860:  Hold'em Limit ($3/$6 USD) - 2015/12/25 6:33:29 ET
Table 'Grafias' 6-max Seat #3 is the button
Seat 3: sawka1995 ($100 in chips)
Seat 4: TbIP-TbIP 88 ($72 in chips)
sawka1995: posts small blind $1
TbIP-TbIP 88: posts big blind $3
*** HOLE CARDS ***
sawka1995: folds
Uncalled bet ($2) returned to TbIP-TbIP 88
TbIP-TbIP 88 collected $2 from pot
*** SUMMARY ***
Total pot $2 | Rake $0
Seat 3: sawka1995 (button) (small blind) folded before Flop
Seat 4: TbIP-TbIP 88 (big blind) collected ($2)


PokerStars Hand #145886529581:  Hold'em Limit ($3/$6 USD) - 2015/12/25 6:33:38 ET
Table 'Grafias' 6-max Seat #4 is the button
Seat 3: sawka1995 ($99 in chips)
Seat 4: TbIP-TbIP 88 ($73 in chips)
TbIP-TbIP 88: posts small blind $1
sawka1995: posts big blind $3
*** HOLE CARDS ***
TbIP-TbIP 88: raises $3 to $6
sawka1995: calls $3
*** FLOP *** [Qs 5h 5d]
sawka1995: checks
TbIP-TbIP 88: bets $3
sawka1995: folds
Uncalled bet ($3) returned to TbIP-TbIP 88
TbIP-TbIP 88 collected $11.76 from pot
TbIP-TbIP 88: doesn't show hand
*** SUMMARY ***
Total pot $12 | Rake $0.24
Board [Qs 5h 5d]
Seat 3: sawka1995 (big blind) folded on the Flop
Seat 4: TbIP-TbIP 88 (button) (small blind) collected ($11.76)


PokerStars Hand #145886558644:  Hold'em Limit ($3/$6 USD) - 2015/12/25 6:34:35 ET
Table 'Grafias' 6-max Seat #4 is the button
Seat 3: sawka1995 ($104.50 in chips)
Seat 4: TbIP-TbIP 88 ($74.76 in chips)
TbIP-TbIP 88: posts small blind $1
sawka1995: posts big blind $3
*** HOLE CARDS ***
TbIP-TbIP 88: raises $3 to $6
sawka1995: folds
Uncalled bet ($3) returned to TbIP-TbIP 88
TbIP-TbIP 88 collected $6 from pot
TbIP-TbIP 88: doesn't show hand
*** SUMMARY ***
Total pot $6 | Rake $0
Seat 3: sawka1995 (big blind) folded before Flop
Seat 4: TbIP-TbIP 88 (button) (small blind) collected ($6)


PokerStars Hand #145886536138:  Hold'em Limit ($3/$6 USD) - 2015/12/25 6:33:51 ET
Table 'Grafias' 6-max Seat #3 is the button
Seat 3: sawka1995 ($93 in chips)
Seat 4: TbIP-TbIP 88 ($78.76 in chips)
sawka1995: posts small blind $1
TbIP-TbIP 88: posts big blind $3
*** HOLE CARDS ***
sawka1995: raises $3 to $6
TbIP-TbIP 88: calls $3
*** FLOP *** [7h 4h 5h]
TbIP-TbIP 88: checks
sawka1995: bets $3
TbIP-TbIP 88: calls $3
*** TURN *** [7h 4h 5h] [2d]
TbIP-TbIP 88: checks
sawka1995: bets $6
TbIP-TbIP 88: calls $6
*** RIVER *** [7h 4h 5h 2d] [Qc]
TbIP-TbIP 88: checks
sawka1995: bets $6
TbIP-TbIP 88: folds
Uncalled bet ($6) returned to sawka1995
sawka1995 collected $29.50 from pot
sawka1995: doesn't show hand
*** SUMMARY ***
Total pot $30 | Rake $0.50
Board [7h 4h 5h 2d Qc]
Seat 3: sawka1995 (button) (small blind) collected ($29.50)
Seat 4: TbIP-TbIP 88 (big blind) folded on the River


PokerStars Hand #145886555313:  Hold'em Limit ($3/$6 USD) - 2015/12/25 6:34:28 ET
Table 'Grafias' 6-max Seat #3 is the button
Seat 3: sawka1995 ($101.50 in chips)
Seat 4: TbIP-TbIP 88 ($77.76 in chips)
sawka1995: posts small blind $1
TbIP-TbIP 88: posts big blind $3
*** HOLE CARDS ***
sawka1995: raises $3 to $6
TbIP-TbIP 88: folds
Uncalled bet ($3) returned to sawka1995
sawka1995 collected $6 from pot
sawka1995: doesn't show hand
*** SUMMARY ***
Total pot $6 | Rake $0
Seat 3: sawka1995 (button) (small blind) collected ($6)
Seat 4: TbIP-TbIP 88 (big blind) folded before Flop


PokerStars Hand #145886545855:  Hold'em Limit ($3/$6 USD) - 2015/12/25 6:34:10 ET
Table 'Grafias' 6-max Seat #4 is the button
Seat 3: sawka1995 ($107.50 in chips)
Seat 4: TbIP-TbIP 88 ($72 in chips)
TbIP-TbIP 88: posts small blind $1
sawka1995: posts big blind $3
*** HOLE CARDS ***
TbIP-TbIP 88: raises $3 to $6
sawka1995: calls $3
*** FLOP *** [9d Kh Js]
sawka1995: checks
TbIP-TbIP 88: bets $3
sawka1995: folds
Uncalled bet ($3) returned to TbIP-TbIP 88
TbIP-TbIP 88 collected $11.76 from pot
TbIP-TbIP 88: doesn't show hand
*** SUMMARY ***
Total pot $12 | Rake $0.24
Board [9d Kh Js]
Seat 3: sawka1995 (big blind) folded on the Flop
Seat 4: TbIP-TbIP 88 (button) (small blind) collected ($11.76)


PokerStars Hand #145886574763:  Hold'em Limit ($3/$6 USD) - 2015/12/25 6:35:06 ET
Table 'Grafias' 6-max Seat #4 is the button
Seat 3: sawka1995 ($92.50 in chips)
Seat 4: TbIP-TbIP 88 ($86.40 in chips)
TbIP-TbIP 88: posts small blind $1
sawka1995: posts big blind $3
*** HOLE CARDS ***
TbIP-TbIP 88: raises $3 to $6
sawka1995: folds
Uncalled bet ($3) returned to TbIP-TbIP 88
TbIP-TbIP 88 collected $6 from pot
TbIP-TbIP 88: doesn't show hand
*** SUMMARY ***
Total pot $6 | Rake $0
Seat 3: sawka1995 (big blind) folded before Flop
Seat 4: TbIP-TbIP 88 (button) (small blind) collected ($6)


PokerStars Hand #145886585373:  Hold'em Limit ($3/$6 USD) - 2015/12/25 6:35:27 ET
Table 'Grafias' 6-max Seat #4 is the button
Seat 3: sawka1995 ($80.50 in chips)
Seat 4: TbIP-TbIP 88 ($98.04 in chips)
TbIP-TbIP 88: posts small blind $1
sawka1995: posts big blind $3
*** HOLE CARDS ***
TbIP-TbIP 88: raises $3 to $6
sawka1995: calls $3
*** FLOP *** [7s 5d 4h]
sawka1995: checks
TbIP-TbIP 88: bets $3
sawka1995: calls $3
*** TURN *** [7s 5d 4h] [Jc]
sawka1995: checks
TbIP-TbIP 88: checks
*** RIVER *** [7s 5d 4h Jc] [3s]
sawka1995: checks
TbIP-TbIP 88: checks
*** SHOW DOWN ***
sawka1995: shows [As 2c] (a straight, Ace to Five)
TbIP-TbIP 88: mucks hand
sawka1995 collected $17.64 from pot
*** SUMMARY ***
Total pot $18 | Rake $0.36
Board [7s 5d 4h Jc 3s]
Seat 3: sawka1995 (big blind) showed [As 2c] and won ($17.64) with a straight, Ace to Five
Seat 4: TbIP-TbIP 88 (button) (small blind) mucked


PokerStars Hand #145886578480:  Hold'em Limit ($3/$6 USD) - 2015/12/25 6:35:13 ET
Table 'Grafias' 6-max Seat #3 is the button
Seat 3: sawka1995 ($89.50 in chips)
Seat 4: TbIP-TbIP 88 ($89.40 in chips)
sawka1995: posts small blind $1
TbIP-TbIP 88: posts big blind $3
*** HOLE CARDS ***
sawka1995: raises $3 to $6
TbIP-TbIP 88: raises $3 to $9
sawka1995: calls $3
*** FLOP *** [Ad 4s 9d]
TbIP-TbIP 88: bets $3
sawka1995: folds
Uncalled bet ($3) returned to TbIP-TbIP 88
TbIP-TbIP 88 collected $17.64 from pot
TbIP-TbIP 88: doesn't show hand
*** SUMMARY ***
Total pot $18 | Rake $0.36
Board [Ad 4s 9d]
Seat 3: sawka1995 (button) (small blind) folded on the Flop
Seat 4: TbIP-TbIP 88 (big blind) collected ($17.64)


PokerStars Hand #145886563133:  Hold'em Limit ($3/$6 USD) - 2015/12/25 6:34:44 ET
Table 'Grafias' 6-max Seat #3 is the button
Seat 3: sawka1995 ($101.50 in chips)
Seat 4: TbIP-TbIP 88 ($77.76 in chips)
sawka1995: posts small blind $1
TbIP-TbIP 88: posts big blind $3
*** HOLE CARDS ***
sawka1995: raises $3 to $6
TbIP-TbIP 88: calls $3
*** FLOP *** [8h Tc 9s]
TbIP-TbIP 88: checks
sawka1995: bets $3
TbIP-TbIP 88: calls $3
*** TURN *** [8h Tc 9s] [8d]
TbIP-TbIP 88: bets $6
sawka1995: folds
Uncalled bet ($6) returned to TbIP-TbIP 88
TbIP-TbIP 88 collected $17.64 from pot
TbIP-TbIP 88: doesn't show hand
*** SUMMARY ***
Total pot $18 | Rake $0.36
Board [8h Tc 9s 8d]
Seat 3: sawka1995 (button) (small blind) folded on the Turn
Seat 4: TbIP-TbIP 88 (big blind) collected ($17.64)


PokerStars Hand #145886595241:  Hold'em Limit ($3/$6 USD) - 2015/12/25 6:35:46 ET
Table 'Grafias' 6-max Seat #3 is the button
Seat 3: sawka1995 ($89.14 in chips)
Seat 4: TbIP-TbIP 88 ($89.04 in chips)
sawka1995: posts small blind $1
TbIP-TbIP 88: posts big blind $3
*** HOLE CARDS ***
sawka1995: folds
Uncalled bet ($2) returned to TbIP-TbIP 88
TbIP-TbIP 88 collected $2 from pot
TbIP-TbIP 88: doesn't show hand
*** SUMMARY ***
Total pot $2 | Rake $0
Seat 3: sawka1995 (button) (small blind) folded before Flop
Seat 4: TbIP-TbIP 88 (big blind) collected ($2)


PokerStars Hand #145886609363:  Hold'em Limit ($3/$6 USD) - 2015/12/25 6:36:14 ET
Table 'Grafias' 6-max Seat #3 is the button
Seat 3: sawka1995 ($73.14 in chips)
Seat 4: TbIP-TbIP 88 ($104.54 in chips)
sawka1995: posts small blind $1
TbIP-TbIP 88: posts big blind $3
*** HOLE CARDS ***
sawka1995: raises $3 to $6
TbIP-TbIP 88: raises $3 to $9
sawka1995: calls $3
*** FLOP *** [Qs Td 5h]
TbIP-TbIP 88: bets $3
sawka1995: calls $3
*** TURN *** [Qs Td 5h] [As]
TbIP-TbIP 88: bets $6
sawka1995: calls $6
*** RIVER *** [Qs Td 5h As] [Jh]
TbIP-TbIP 88: checks
sawka1995: bets $6
TbIP-TbIP 88: folds
Uncalled bet ($6) returned to sawka1995
sawka1995 collected $35.50 from pot
sawka1995: doesn't show hand
*** SUMMARY ***
Total pot $36 | Rake $0.50
Board [Qs Td 5h As Jh]
Seat 3: sawka1995 (button) (small blind) collected ($35.50)
Seat 4: TbIP-TbIP 88 (big blind) folded on the River


PokerStars Hand #145886598584:  Hold'em Limit ($3/$6 USD) - 2015/12/25 6:35:53 ET
Table 'Grafias' 6-max Seat #4 is the button
Seat 3: sawka1995 ($88.14 in chips)
Seat 4: TbIP-TbIP 88 ($90.04 in chips)
TbIP-TbIP 88: posts small blind $1
sawka1995: posts big blind $3
*** HOLE CARDS ***
TbIP-TbIP 88: raises $3 to $6
sawka1995: calls $3
*** FLOP *** [9s Ks 2c]
sawka1995: checks
TbIP-TbIP 88: bets $3
sawka1995: calls $3
*** TURN *** [9s Ks 2c] [8c]
sawka1995: checks
TbIP-TbIP 88: checks
*** RIVER *** [9s Ks 2c 8c] [Qd]
sawka1995: checks
TbIP-TbIP 88: bets $6
sawka1995: calls $6
*** SHOW DOWN ***
TbIP-TbIP 88: shows [5s Qc] (a pair of Queens)
sawka1995: mucks hand
TbIP-TbIP 88 collected $29.50 from pot
*** SUMMARY ***
Total pot $30 | Rake $0.50
Board [9s Ks 2c 8c Qd]
Seat 3: sawka1995 (big blind) mucked
Seat 4: TbIP-TbIP 88 (button) (small blind) showed [5s Qc] and won ($29.50) with a pair of Queens


PokerStars Hand #145886622284:  Hold'em Limit ($3/$6 USD) - 2015/12/25 6:36:39 ET
Table 'Grafias' 6-max Seat #4 is the button
Seat 3: sawka1995 ($90.64 in chips)
Seat 4: TbIP-TbIP 88 ($86.54 in chips)
TbIP-TbIP 88: posts small blind $1
sawka1995: posts big blind $3
*** HOLE CARDS ***
TbIP-TbIP 88: raises $3 to $6
sawka1995: calls $3
*** FLOP *** [8c Ts 9h]
sawka1995: bets $3
TbIP-TbIP 88: calls $3
*** TURN *** [8c Ts 9h] [5h]
sawka1995: bets $6
TbIP-TbIP 88: calls $6
*** RIVER *** [8c Ts 9h 5h] [3d]
sawka1995: bets $6
TbIP-TbIP 88: calls $6
*** SHOW DOWN ***
sawka1995: shows [7d Td] (a pair of Tens)
TbIP-TbIP 88: shows [Js Th] (a pair of Tens - Jack kicker)
TbIP-TbIP 88 collected $41.50 from pot
*** SUMMARY ***
Total pot $42 | Rake $0.50
Board [8c Ts 9h 5h 3d]
Seat 3: sawka1995 (big blind) showed [7d Td] and lost with a pair of Tens
Seat 4: TbIP-TbIP 88 (button) (small blind) showed [Js Th] and won ($41.50) with a pair of Tens


PokerStars Hand #145886635242:  Hold'em Limit ($3/$6 USD) - 2015/12/25 6:37:04 ET
Table 'Grafias' 6-max Seat #4 is the button
Seat 3: sawka1995 ($75.40 in chips)
Seat 4: TbIP-TbIP 88 ($101.04 in chips)
TbIP-TbIP 88: posts small blind $1
sawka1995: posts big blind $3
*** HOLE CARDS ***
TbIP-TbIP 88: raises $3 to $6
sawka1995: calls $3
*** FLOP *** [9c 9s 6h]
sawka1995: checks
TbIP-TbIP 88: bets $3
sawka1995: calls $3
*** TURN *** [9c 9s 6h] [8h]
sawka1995: checks
TbIP-TbIP 88: bets $6
sawka1995: calls $6
*** RIVER *** [9c 9s 6h 8h] [Ah]
sawka1995: checks
TbIP-TbIP 88: bets $6
sawka1995: calls $6
*** SHOW DOWN ***
TbIP-TbIP 88: shows [4d 9h] (three of a kind, Nines)
sawka1995: mucks hand
TbIP-TbIP 88 collected $41.50 from pot
*** SUMMARY ***
Total pot $42 | Rake $0.50
Board [9c 9s 6h 8h Ah]
Seat 3: sawka1995 (big blind) mucked
Seat 4: TbIP-TbIP 88 (button) (small blind) showed [4d 9h] and won ($41.50) with three of a kind, Nines


PokerStars Hand #145886629905:  Hold'em Limit ($3/$6 USD) - 2015/12/25 6:36:53 ET
Table 'Grafias' 6-max Seat #3 is the button
Seat 3: sawka1995 ($69.64 in chips)
Seat 4: TbIP-TbIP 88 ($107.04 in chips)
sawka1995: posts small blind $1
TbIP-TbIP 88: posts big blind $3
*** HOLE CARDS ***
sawka1995: raises $3 to $6
TbIP-TbIP 88: calls $3
*** FLOP *** [Kd 4s Ad]
TbIP-TbIP 88: checks
sawka1995: bets $3
TbIP-TbIP 88: folds
Uncalled bet ($3) returned to sawka1995
sawka1995 collected $11.76 from pot
sawka1995: doesn't show hand
*** SUMMARY ***
Total pot $12 | Rake $0.24
Board [Kd 4s Ad]
Seat 3: sawka1995 (button) (small blind) collected ($11.76)
Seat 4: TbIP-TbIP 88 (big blind) folded on the Flop


PokerStars Hand #145886663868:  Hold'em Limit ($3/$6 USD) - 2015/12/25 6:38:00 ET
Table 'Grafias' 6-max Seat #4 is the button
Seat 3: sawka1995 ($42.40 in chips)
Seat 4: TbIP-TbIP 88 ($133.06 in chips)
TbIP-TbIP 88: posts small blind $1
sawka1995: posts big blind $3
*** HOLE CARDS ***
TbIP-TbIP 88: raises $3 to $6
sawka1995: calls $3
*** FLOP *** [Qd 5c Td]
sawka1995: checks
TbIP-TbIP 88: bets $3
sawka1995: calls $3
*** TURN *** [Qd 5c Td] [9h]
sawka1995: checks
TbIP-TbIP 88: bets $6
sawka1995: folds
Uncalled bet ($6) returned to TbIP-TbIP 88
TbIP-TbIP 88 collected $17.64 from pot
TbIP-TbIP 88: doesn't show hand
*** SUMMARY ***
Total pot $18 | Rake $0.36
Board [Qd 5c Td 9h]
Seat 3: sawka1995 (big blind) folded on the Turn
Seat 4: TbIP-TbIP 88 (button) (small blind) collected ($17.64)


PokerStars Hand #145886653810:  Hold'em Limit ($3/$6 USD) - 2015/12/25 6:37:40 ET
Table 'Grafias' 6-max Seat #3 is the button
Seat 3: sawka1995 ($54.40 in chips)
Seat 4: TbIP-TbIP 88 ($121.54 in chips)
sawka1995: posts small blind $1
TbIP-TbIP 88: posts big blind $3
*** HOLE CARDS ***
sawka1995: raises $3 to $6
TbIP-TbIP 88: calls $3
*** FLOP *** [8d 6s 4d]
TbIP-TbIP 88: checks
sawka1995: checks
*** TURN *** [8d 6s 4d] [2d]
TbIP-TbIP 88: bets $6
sawka1995: calls $6
*** RIVER *** [8d 6s 4d 2d] [3d]
TbIP-TbIP 88: checks
sawka1995: checks
*** SHOW DOWN ***
TbIP-TbIP 88: shows [2s Js] (a pair of Deuces)
sawka1995: mucks hand
TbIP-TbIP 88 collected $23.52 from pot
*** SUMMARY ***
Total pot $24 | Rake $0.48
Board [8d 6s 4d 2d 3d]
Seat 3: sawka1995 (button) (small blind) mucked
Seat 4: TbIP-TbIP 88 (big blind) showed [2s Js] and won ($23.52) with a pair of Deuces


PokerStars Hand #145886680997:  Hold'em Limit ($3/$6 USD) - 2015/12/25 6:38:32 ET
Table 'Grafias' 6-max Seat #3 is the button
Seat 3: sawka1995 ($33.40 in chips)
Seat 4: TbIP-TbIP 88 ($141.70 in chips)
sawka1995: posts small blind $1
TbIP-TbIP 88: posts big blind $3
*** HOLE CARDS ***
sawka1995: calls $2
TbIP-TbIP 88: raises $3 to $6
sawka1995: calls $3
*** FLOP *** [Js Qh 8c]
TbIP-TbIP 88: bets $3
sawka1995: folds
Uncalled bet ($3) returned to TbIP-TbIP 88
TbIP-TbIP 88 collected $11.76 from pot
TbIP-TbIP 88: doesn't show hand
*** SUMMARY ***
Total pot $12 | Rake $0.24
Board [Js Qh 8c]
Seat 3: sawka1995 (button) (small blind) folded on the Flop
Seat 4: TbIP-TbIP 88 (big blind) collected ($11.76)


PokerStars Hand #145886711498:  Hold'em Limit ($3/$6 USD) - 2015/12/25 6:39:31 ET
Table 'Grafias' 6-max Seat #3 is the button
Seat 3: sawka1995 ($36.04 in chips)
Seat 4: TbIP-TbIP 88 ($138.46 in chips)
sawka1995: posts small blind $1
TbIP-TbIP 88: posts big blind $3
*** HOLE CARDS ***
sawka1995: folds
Uncalled bet ($2) returned to TbIP-TbIP 88
TbIP-TbIP 88 collected $2 from pot
TbIP-TbIP 88: doesn't show hand
sawka1995 leaves the table
*** SUMMARY ***
Total pot $2 | Rake $0
Seat 3: sawka1995 (button) (small blind) folded before Flop
Seat 4: TbIP-TbIP 88 (big blind) collected ($2)


PokerStars Hand #145886691788:  Hold'em Limit ($3/$6 USD) - 2015/12/25 6:38:53 ET
Table 'Grafias' 6-max Seat #4 is the button
Seat 3: sawka1995 ($27.40 in chips)
Seat 4: TbIP-TbIP 88 ($147.46 in chips)
TbIP-TbIP 88: posts small blind $1
sawka1995: posts big blind $3
*** HOLE CARDS ***
TbIP-TbIP 88: raises $3 to $6
sawka1995: calls $3
*** FLOP *** [7s 4c Td]
sawka1995: checks
naduda1986 joins the table at seat #2
TbIP-TbIP 88: bets $3
sawka1995: calls $3
*** TURN *** [7s 4c Td] [2c]
sawka1995: checks
TbIP-TbIP 88: checks
*** RIVER *** [7s 4c Td 2c] [Qd]
sawka1995: checks
TbIP-TbIP 88: checks
*** SHOW DOWN ***
sawka1995: shows [9d Kc] (high card King)
TbIP-TbIP 88: mucks hand
sawka1995 collected $17.64 from pot
*** SUMMARY ***
Total pot $18 | Rake $0.36
Board [7s 4c Td 2c Qd]
Seat 3: sawka1995 (big blind) showed [9d Kc] and won ($17.64) with high card King
Seat 4: TbIP-TbIP 88 (button) (small blind) mucked


PokerStars Hand #145886713729:  Hold'em Limit ($3/$6 USD) - 2015/12/25 6:39:35 ET
Table 'Grafias' 6-max Seat #4 is the button
Seat 2: naduda1986 ($100.03 in chips)
Seat 4: TbIP-TbIP 88 ($139.46 in chips)
TbIP-TbIP 88: posts small blind $1
naduda1986: posts big blind $3
*** HOLE CARDS ***
TbIP-TbIP 88: raises $3 to $6
naduda1986: calls $3
*** FLOP *** [Ah As Jc]
naduda1986: bets $3
TbIP-TbIP 88: calls $3
*** TURN *** [Ah As Jc] [8d]
naduda1986: bets $6
TbIP-TbIP 88: calls $6
*** RIVER *** [Ah As Jc 8d] [Jh]
naduda1986: bets $6
TbIP-TbIP 88: calls $6
*** SHOW DOWN ***
naduda1986: shows [Td 6s] (two pair, Aces and Jacks)
TbIP-TbIP 88: shows [5h Kc] (two pair, Aces and Jacks - King kicker)
TbIP-TbIP 88 collected $41.50 from pot
*** SUMMARY ***
Total pot $42 | Rake $0.50
Board [Ah As Jc 8d Jh]
Seat 2: naduda1986 (big blind) showed [Td 6s] and lost with two pair, Aces and Jacks
Seat 4: TbIP-TbIP 88 (button) (small blind) showed [5h Kc] and won ($41.50) with two pair, Aces and Jacks


