PokerStars Hand #150641288477:  Hold'em Limit ($3/$6 USD) - 2016/03/20 8:21:59 ET
Table 'Graffias II' 6-max Seat #4 is the button
Seat 1: petestastny ($29.43 in chips)
Seat 4: Agrotait ($80.64 in chips)
Agrotait: posts small blind $1
petestastny: posts big blind $3
*** HOLE CARDS ***
Agrotait: raises $3 to $6
petestastny: raises $3 to $9
Agrotait: calls $3
*** FLOP *** [5s 3s 3d]
petestastny: bets $3
Agrotait: calls $3
*** TURN *** [5s 3s 3d] [9c]
petestastny: bets $6
DismasX joins the table at seat #2
Agrotait: folds
Uncalled bet ($6) returned to petestastny
petestastny collected $23.52 from pot
petestastny: doesn't show hand
*** SUMMARY ***
Total pot $24 | Rake $0.48
Board [5s 3s 3d 9c]
Seat 1: petestastny (big blind) collected ($23.52)
Seat 4: Agrotait (button) (small blind) folded on the Turn


PokerStars Hand #150641272729:  Hold'em Limit ($3/$6 USD) - 2016/03/20 8:21:34 ET
Table 'Graffias II' 6-max Seat #1 is the button
Seat 1: petestastny ($38.43 in chips)
Seat 4: Agrotait ($72 in chips)
petestastny: posts small blind $1
Agrotait: posts big blind $3
*** HOLE CARDS ***
petestastny: raises $3 to $6
Agrotait: calls $3
*** FLOP *** [As 5h 6h]
Agrotait: checks
petestastny: bets $3
Agrotait: calls $3
*** TURN *** [As 5h 6h] [Jh]
Agrotait: checks
petestastny: checks
*** RIVER *** [As 5h 6h Jh] [Qh]
Agrotait: bets $6
petestastny: folds
Uncalled bet ($6) returned to Agrotait
Agrotait collected $17.64 from pot
Agrotait: doesn't show hand
*** SUMMARY ***
Total pot $18 | Rake $0.36
Board [As 5h 6h Jh Qh]
Seat 1: petestastny (button) (small blind) folded on the River
Seat 4: Agrotait (big blind) collected ($17.64)


PokerStars Hand #150641378969:  Hold'em Limit ($3/$6 USD) - 2016/03/20 8:24:18 ET
Table 'Graffias II' 6-max Seat #2 is the button
Seat 1: petestastny ($49.99 in chips)
Seat 2: DismasX ($84.01 in chips)
DismasX: posts small blind $1
petestastny: posts big blind $3
*** HOLE CARDS ***
DismasX: raises $3 to $6
petestastny: raises $3 to $9
DismasX: calls $3
*** FLOP *** [Kh Ad 6s]
petestastny: bets $3
DismasX: folds
Uncalled bet ($3) returned to petestastny
petestastny collected $17.64 from pot
petestastny: doesn't show hand
*** SUMMARY ***
Total pot $18 | Rake $0.36
Board [Kh Ad 6s]
Seat 1: petestastny (big blind) collected ($17.64)
Seat 2: DismasX (button) (small blind) folded on the Flop


PokerStars Hand #150641372393:  Hold'em Limit ($3/$6 USD) - 2016/03/20 8:24:08 ET
Table 'Graffias II' 6-max Seat #1 is the button
Seat 1: petestastny ($44.23 in chips)
Seat 2: DismasX ($90.01 in chips)
petestastny: posts small blind $1
DismasX: posts big blind $3
*** HOLE CARDS ***
petestastny: raises $3 to $6
DismasX: calls $3
*** FLOP *** [8h 2c Qh]
DismasX: checks
petestastny: bets $3
DismasX: folds
Uncalled bet ($3) returned to petestastny
petestastny collected $11.76 from pot
petestastny: doesn't show hand
*** SUMMARY ***
Total pot $12 | Rake $0.24
Board [8h 2c Qh]
Seat 1: petestastny (button) (small blind) collected ($11.76)
Seat 2: DismasX (big blind) folded on the Flop


PokerStars Hand #150641366013:  Hold'em Limit ($3/$6 USD) - 2016/03/20 8:23:58 ET
Table 'Graffias II' 6-max Seat #2 is the button
Seat 1: petestastny ($50.23 in chips)
Seat 2: DismasX ($84.25 in chips)
DismasX: posts small blind $1
Agrotait: is sitting out
petestastny: posts big blind $3
*** HOLE CARDS ***
Agrotait leaves the table
DismasX: raises $3 to $6
petestastny: calls $3
*** FLOP *** [Jh 2s Qc]
petestastny: checks
DismasX: bets $3
petestastny: folds
Uncalled bet ($3) returned to DismasX
DismasX collected $11.76 from pot
DismasX: doesn't show hand
*** SUMMARY ***
Total pot $12 | Rake $0.24
Board [Jh 2s Qc]
Seat 1: petestastny (big blind) folded on the Flop
Seat 2: DismasX (button) (small blind) collected ($11.76)


PokerStars Hand #150641408715:  Hold'em Limit ($3/$6 USD) - 2016/03/20 8:25:03 ET
Table 'Graffias II' 6-max Seat #1 is the button
Seat 1: petestastny ($49.13 in chips)
Seat 2: DismasX ($98.50 in chips)
petestastny: posts small blind $1
DismasX: posts big blind $3
*** HOLE CARDS ***
petestastny: raises $3 to $6
DismasX: calls $3
*** FLOP *** [2s 3d Jh]
DismasX: checks
petestastny: checks
*** TURN *** [2s 3d Jh] [9d]
DismasX: checks
petestastny: checks
*** RIVER *** [2s 3d Jh 9d] [Ts]
DismasX: bets $6
petestastny: folds
Uncalled bet ($6) returned to DismasX
DismasX collected $11.76 from pot
DismasX: doesn't show hand
*** SUMMARY ***
Total pot $12 | Rake $0.24
Board [2s 3d Jh 9d Ts]
Seat 1: petestastny (button) (small blind) folded on the River
Seat 2: DismasX (big blind) collected ($11.76)


PokerStars Hand #150641393344:  Hold'em Limit ($3/$6 USD) - 2016/03/20 8:24:40 ET
Table 'Graffias II' 6-max Seat #2 is the button
Seat 1: petestastny ($76.13 in chips)
Seat 2: DismasX ($72 in chips)
DismasX: posts small blind $1
petestastny: posts big blind $3
*** HOLE CARDS ***
DismasX: raises $3 to $6
petestastny: calls $3
*** FLOP *** [8d 4h 9d]
petestastny: checks
DismasX: bets $3
petestastny: raises $3 to $6
DismasX: raises $3 to $9
petestastny: calls $3
*** TURN *** [8d 4h 9d] [6s]
petestastny: checks
DismasX: checks
*** RIVER *** [8d 4h 9d 6s] [Qh]
petestastny: bets $6
DismasX: raises $6 to $12
petestastny: calls $6
*** SHOW DOWN ***
DismasX: shows [Ad Qd] (a pair of Queens)
petestastny: mucks hand
DismasX collected $53.50 from pot
*** SUMMARY ***
Total pot $54 | Rake $0.50
Board [8d 4h 9d 6s Qh]
Seat 1: petestastny (big blind) mucked
Seat 2: DismasX (button) (small blind) showed [Ad Qd] and won ($53.50) with a pair of Queens


PokerStars Hand #150641384652:  Hold'em Limit ($3/$6 USD) - 2016/03/20 8:24:26 ET
Table 'Graffias II' 6-max Seat #1 is the button
Seat 1: petestastny ($58.63 in chips)
Seat 2: DismasX ($75.01 in chips)
petestastny: posts small blind $1
DismasX: posts big blind $3
*** HOLE CARDS ***
petestastny: raises $3 to $6
DismasX: calls $3
*** FLOP *** [9s Tc Jh]
DismasX: checks
petestastny: checks
*** TURN *** [9s Tc Jh] [4d]
DismasX: bets $6
petestastny: calls $6
*** RIVER *** [9s Tc Jh 4d] [7s]
DismasX: bets $6
petestastny: calls $6
*** SHOW DOWN ***
DismasX: shows [Qd 7c] (a pair of Sevens)
petestastny: shows [3d Js] (a pair of Jacks)
petestastny collected $35.50 from pot
*** SUMMARY ***
Total pot $36 | Rake $0.50
Board [9s Tc Jh 4d 7s]
Seat 1: petestastny (button) (small blind) showed [3d Js] and won ($35.50) with a pair of Jacks
Seat 2: DismasX (big blind) showed [Qd 7c] and lost with a pair of Sevens


PokerStars Hand #150641453418:  Hold'em Limit ($3/$6 USD) - 2016/03/20 8:26:12 ET
Table 'Graffias II' 6-max Seat #1 is the button
Seat 1: petestastny ($34.40 in chips)
Seat 2: DismasX ($111.63 in chips)
petestastny: posts small blind $1
DismasX: posts big blind $3
*** HOLE CARDS ***
petestastny: raises $3 to $6
DismasX: calls $3
*** FLOP *** [6s Jc Qs]
DismasX: checks
petestastny: checks
*** TURN *** [6s Jc Qs] [7s]
DismasX: bets $6
petestastny: raises $6 to $12
DismasX: calls $6
*** RIVER *** [6s Jc Qs 7s] [Ks]
DismasX: checks
petestastny: checks
*** SHOW DOWN ***
DismasX: shows [Jd 2d] (a pair of Jacks)
petestastny: mucks hand
DismasX collected $35.50 from pot
*** SUMMARY ***
Total pot $36 | Rake $0.50
Board [6s Jc Qs 7s Ks]
Seat 1: petestastny (button) (small blind) mucked
Seat 2: DismasX (big blind) showed [Jd 2d] and won ($35.50) with a pair of Jacks


PokerStars Hand #150641446270:  Hold'em Limit ($3/$6 USD) - 2016/03/20 8:26:01 ET
Table 'Graffias II' 6-max Seat #2 is the button
Seat 1: petestastny ($25.76 in chips)
Seat 2: DismasX ($120.63 in chips)
DismasX: posts small blind $1
petestastny: posts big blind $3
*** HOLE CARDS ***
DismasX: raises $3 to $6
petestastny: calls $3
*** FLOP *** [Ac 6s Js]
petestastny: checks
DismasX: bets $3
petestastny: raises $3 to $6
DismasX: folds
Uncalled bet ($3) returned to petestastny
petestastny collected $17.64 from pot
petestastny: doesn't show hand
*** SUMMARY ***
Total pot $18 | Rake $0.36
Board [Ac 6s Js]
Seat 1: petestastny (big blind) collected ($17.64)
Seat 2: DismasX (button) (small blind) folded on the Flop


PokerStars Hand #150641443149:  Hold'em Limit ($3/$6 USD) - 2016/03/20 8:25:56 ET
Table 'Graffias II' 6-max Seat #1 is the button
Seat 1: petestastny ($26.76 in chips)
Seat 2: DismasX ($119.63 in chips)
petestastny: posts small blind $1
DismasX: posts big blind $3
*** HOLE CARDS ***
petestastny: folds
Uncalled bet ($2) returned to DismasX
DismasX collected $2 from pot
DismasX: doesn't show hand
*** SUMMARY ***
Total pot $2 | Rake $0
Seat 1: petestastny (button) (small blind) folded before Flop
Seat 2: DismasX (big blind) collected ($2)


PokerStars Hand #150641440204:  Hold'em Limit ($3/$6 USD) - 2016/03/20 8:25:52 ET
Table 'Graffias II' 6-max Seat #2 is the button
Seat 1: petestastny ($25.76 in chips)
Seat 2: DismasX ($120.63 in chips)
DismasX: posts small blind $1
petestastny: posts big blind $3
*** HOLE CARDS ***
DismasX: folds
Uncalled bet ($2) returned to petestastny
petestastny collected $2 from pot
petestastny: doesn't show hand
*** SUMMARY ***
Total pot $2 | Rake $0
Seat 1: petestastny (big blind) collected ($2)
Seat 2: DismasX (button) (small blind) folded before Flop


PokerStars Hand #150641429395:  Hold'em Limit ($3/$6 USD) - 2016/03/20 8:25:35 ET
Table 'Graffias II' 6-max Seat #1 is the button
Seat 1: petestastny ($13.13 in chips)
Seat 2: DismasX ($133.76 in chips)
petestastny: posts small blind $1
DismasX: posts big blind $3
*** HOLE CARDS ***
petestastny: raises $3 to $6
DismasX: calls $3
*** FLOP *** [4s Td Js]
DismasX: checks
petestastny: bets $3
DismasX: calls $3
*** TURN *** [4s Td Js] [9c]
DismasX: checks
petestastny: bets $4.13 and is all-in
DismasX: calls $4.13
*** RIVER *** [4s Td Js 9c] [9d]
*** SHOW DOWN ***
DismasX: shows [Ks 6d] (a pair of Nines)
petestastny: shows [Th 8c] (two pair, Tens and Nines)
petestastny collected $25.76 from pot
*** SUMMARY ***
Total pot $26.26 | Rake $0.50
Board [4s Td Js 9c 9d]
Seat 1: petestastny (button) (small blind) showed [Th 8c] and won ($25.76) with two pair, Tens and Nines
Seat 2: DismasX (big blind) showed [Ks 6d] and lost with a pair of Nines


PokerStars Hand #150641418872:  Hold'em Limit ($3/$6 USD) - 2016/03/20 8:25:19 ET
Table 'Graffias II' 6-max Seat #2 is the button
Seat 1: petestastny ($43.13 in chips)
Seat 2: DismasX ($104.26 in chips)
DismasX: posts small blind $1
petestastny: posts big blind $3
*** HOLE CARDS ***
DismasX: raises $3 to $6
petestastny: raises $3 to $9
DismasX: calls $3
*** FLOP *** [7d 2c 6c]
petestastny: bets $3
DismasX: calls $3
*** TURN *** [7d 2c 6c] [8d]
petestastny: bets $6
DismasX: raises $6 to $12
petestastny: calls $6
*** RIVER *** [7d 2c 6c 8d] [2h]
petestastny: checks
DismasX: bets $6
petestastny: calls $6
*** SHOW DOWN ***
DismasX: shows [9s 8c] (two pair, Eights and Deuces)
petestastny: mucks hand
DismasX collected $59.50 from pot
*** SUMMARY ***
Total pot $60 | Rake $0.50
Board [7d 2c 6c 8d 2h]
Seat 1: petestastny (big blind) mucked
Seat 2: DismasX (button) (small blind) showed [9s 8c] and won ($59.50) with two pair, Eights and Deuces


PokerStars Hand #150641486430:  Hold'em Limit ($3/$6 USD) - 2016/03/20 8:27:03 ET
Table 'Graffias II' 6-max Seat #2 is the button
Seat 1: petestastny ($23.30 in chips)
Seat 2: DismasX ($121.37 in chips)
DismasX: posts small blind $1
petestastny: posts big blind $3
*** HOLE CARDS ***
DismasX: raises $3 to $6
petestastny: calls $3
*** FLOP *** [2s 6h 7s]
petestastny: checks
DismasX: checks
*** TURN *** [2s 6h 7s] [Th]
petestastny: checks
DismasX: bets $6
petestastny: folds
Uncalled bet ($6) returned to DismasX
DismasX collected $11.76 from pot
DismasX: doesn't show hand
*** SUMMARY ***
Total pot $12 | Rake $0.24
Board [2s 6h 7s Th]
Seat 1: petestastny (big blind) folded on the Turn
Seat 2: DismasX (button) (small blind) collected ($11.76)


PokerStars Hand #150641475825:  Hold'em Limit ($3/$6 USD) - 2016/03/20 8:26:47 ET
Table 'Graffias II' 6-max Seat #1 is the button
Seat 1: petestastny ($32.30 in chips)
Seat 2: DismasX ($112.73 in chips)
petestastny: posts small blind $1
DismasX: posts big blind $3
*** HOLE CARDS ***
petestastny: raises $3 to $6
DismasX: calls $3
*** FLOP *** [9c 8c 8s]
DismasX: checks
petestastny: bets $3
DismasX: calls $3
*** TURN *** [9c 8c 8s] [9s]
DismasX: checks
petestastny: checks
*** RIVER *** [9c 8c 8s 9s] [Jh]
DismasX: bets $6
petestastny: folds
Uncalled bet ($6) returned to DismasX
DismasX collected $17.64 from pot
DismasX: doesn't show hand
*** SUMMARY ***
Total pot $18 | Rake $0.36
Board [9c 8c 8s 9s Jh]
Seat 1: petestastny (button) (small blind) folded on the River
Seat 2: DismasX (big blind) collected ($17.64)


PokerStars Hand #150641465158:  Hold'em Limit ($3/$6 USD) - 2016/03/20 8:26:30 ET
Table 'Graffias II' 6-max Seat #2 is the button
Seat 1: petestastny ($16.40 in chips)
Seat 2: DismasX ($129.13 in chips)
DismasX: posts small blind $1
petestastny: posts big blind $3
*** HOLE CARDS ***
DismasX: raises $3 to $6
petestastny: calls $3
*** FLOP *** [Kd Tc 9s]
petestastny: checks
DismasX: bets $3
petestastny: raises $3 to $6
DismasX: raises $3 to $9
petestastny: raises $1.40 to $10.40 and is all-in
Betting is capped
DismasX: calls $1.40
*** TURN *** [Kd Tc 9s] [7d]
*** RIVER *** [Kd Tc 9s 7d] [9h]
*** SHOW DOWN ***
petestastny: shows [9c 6h] (three of a kind, Nines)
DismasX: mucks hand
petestastny collected $32.30 from pot
*** SUMMARY ***
Total pot $32.80 | Rake $0.50
Board [Kd Tc 9s 7d 9h]
Seat 1: petestastny (big blind) showed [9c 6h] and won ($32.30) with three of a kind, Nines
Seat 2: DismasX (button) (small blind) mucked


