PokerStars Hand #176770637927:  Hold'em Limit ($3/$6 USD) - 2017/10/11 6:41:46 ET
Table 'Graffias' 6-max Seat #1 is the button
Seat 1: Juociai ($34.64 in chips)
Seat 2: BelSv ($82 in chips)
Juociai: posts small blind $1
BelSv: posts big blind $3
*** HOLE CARDS ***
Juociai: raises $3 to $6
BelSv: raises $3 to $9
Juociai: calls $3
*** FLOP *** [5h 4s 2h]
BelSv: bets $3
Juociai: calls $3
*** TURN *** [5h 4s 2h] [4d]
BelSv: bets $6
Juociai: calls $6
*** RIVER *** [5h 4s 2h 4d] [7s]
BelSv: bets $6
Juociai: folds
Uncalled bet ($6) returned to BelSv
BelSv collected $35.50 from pot
BelSv: doesn't show hand
*** SUMMARY ***
Total pot $36 | Rake $0.50
Board [5h 4s 2h 4d 7s]
Seat 1: Juociai (button) (small blind) folded on the River
Seat 2: BelSv (big blind) collected ($35.50)


PokerStars Hand #176770647917:  Hold'em Limit ($3/$6 USD) - 2017/10/11 6:42:15 ET
Table 'Graffias' 6-max Seat #1 is the button
Seat 1: Juociai ($28.16 in chips)
Seat 2: BelSv ($87.50 in chips)
Juociai: posts small blind $1
BelSv: posts big blind $3
*** HOLE CARDS ***
Juociai: folds
Uncalled bet ($2) returned to BelSv
BelSv collected $2 from pot
BelSv: doesn't show hand
*** SUMMARY ***
Total pot $2 | Rake $0
Seat 1: Juociai (button) (small blind) folded before Flop
Seat 2: BelSv (big blind) collected ($2)


PokerStars Hand #176770643265:  Hold'em Limit ($3/$6 USD) - 2017/10/11 6:42:01 ET
Table 'Graffias' 6-max Seat #2 is the button
Seat 1: Juociai ($16.64 in chips)
Seat 2: BelSv ($99.50 in chips)
BelSv: posts small blind $1
Juociai: posts big blind $3
*** HOLE CARDS ***
BelSv: raises $3 to $6
Juociai: raises $3 to $9
BelSv: calls $3
*** FLOP *** [Kd 3c 7c]
Juociai: bets $3
BelSv: calls $3
*** TURN *** [Kd 3c 7c] [8d]
Juociai: bets $4.64 and is all-in
BelSv: folds
Uncalled bet ($4.64) returned to Juociai
Juociai collected $23.52 from pot
Juociai: doesn't show hand
*** SUMMARY ***
Total pot $24 | Rake $0.48
Board [Kd 3c 7c 8d]
Seat 1: Juociai (big blind) collected ($23.52)
Seat 2: BelSv (button) (small blind) folded on the Turn


PokerStars Hand #176770634103:  Hold'em Limit ($3/$6 USD) - 2017/10/11 6:41:35 ET
Table 'Graffias' 6-max Seat #1 is the button
Seat 1: Juociai ($38.64 in chips)
Seat 2: BelSv ($78 in chips)
Juociai: posts small blind $1
BelSv: posts big blind $3
*** HOLE CARDS ***
Juociai: folds
Uncalled bet ($2) returned to BelSv
BelSv collected $2 from pot
BelSv: doesn't show hand
*** SUMMARY ***
Total pot $2 | Rake $0
Seat 1: Juociai (button) (small blind) folded before Flop
Seat 2: BelSv (big blind) collected ($2)


PokerStars Hand #176770624657:  Hold'em Limit ($3/$6 USD) - 2017/10/11 6:41:07 ET
Table 'Graffias' 6-max Seat #2 is the button
Seat 1: Juociai ($30 in chips)
Seat 2: BelSv ($78 in chips)
BelSv: posts small blind $1
VolkovDmitri: is sitting out
Juociai: posts big blind $3
*** HOLE CARDS ***
VolkovDmitri leaves the table
BelSv: raises $3 to $6
Juociai: raises $3 to $9
BelSv: calls $3
*** FLOP *** [As Qd 7h]
Juociai: bets $3
BelSv: folds
Uncalled bet ($3) returned to Juociai
Juociai collected $17.64 from pot
Juociai: doesn't show hand
*** SUMMARY ***
Total pot $18 | Rake $0.36
Board [As Qd 7h]
Seat 1: Juociai (big blind) collected ($17.64)
Seat 2: BelSv (button) (small blind) folded on the Flop


PokerStars Hand #176770649476:  Hold'em Limit ($3/$6 USD) - 2017/10/11 6:42:19 ET
Table 'Graffias' 6-max Seat #2 is the button
Seat 1: Juociai ($27.16 in chips)
Seat 2: BelSv ($88.50 in chips)
BelSv: posts small blind $1
Juociai: posts big blind $3
*** HOLE CARDS ***
BelSv: raises $3 to $6
Juociai: folds
Uncalled bet ($3) returned to BelSv
BelSv collected $6 from pot
BelSv: doesn't show hand
*** SUMMARY ***
Total pot $6 | Rake $0
Seat 1: Juociai (big blind) folded before Flop
Seat 2: BelSv (button) (small blind) collected ($6)


PokerStars Hand #176770635885:  Hold'em Limit ($3/$6 USD) - 2017/10/11 6:41:40 ET
Table 'Graffias' 6-max Seat #2 is the button
Seat 1: Juociai ($37.64 in chips)
Seat 2: BelSv ($79 in chips)
BelSv: posts small blind $1
Juociai: posts big blind $3
*** HOLE CARDS ***
BelSv: raises $3 to $6
Juociai: folds
Uncalled bet ($3) returned to BelSv
BelSv collected $6 from pot
BelSv: doesn't show hand
*** SUMMARY ***
Total pot $6 | Rake $0
Seat 1: Juociai (big blind) folded before Flop
Seat 2: BelSv (button) (small blind) collected ($6)


PokerStars Hand #176770651390:  Hold'em Limit ($3/$6 USD) - 2017/10/11 6:42:25 ET
Table 'Graffias' 6-max Seat #1 is the button
Seat 1: Juociai ($24.16 in chips)
Seat 2: BelSv ($91.50 in chips)
Juociai: posts small blind $1
BelSv: posts big blind $3
*** HOLE CARDS ***
Juociai: raises $3 to $6
BelSv: calls $3
*** FLOP *** [Ts Kd Th]
BelSv: checks
Juociai: bets $3
BelSv: folds
Uncalled bet ($3) returned to Juociai
Juociai collected $11.76 from pot
Juociai: doesn't show hand
*** SUMMARY ***
Total pot $12 | Rake $0.24
Board [Ts Kd Th]
Seat 1: Juociai (button) (small blind) collected ($11.76)
Seat 2: BelSv (big blind) folded on the Flop


PokerStars Hand #176770658902:  Hold'em Limit ($3/$6 USD) - 2017/10/11 6:42:47 ET
Table 'Graffias' 6-max Seat #1 is the button
Seat 1: Juociai ($26.92 in chips)
Seat 2: BelSv ($88.50 in chips)
Juociai: posts small blind $1
BelSv: posts big blind $3
*** HOLE CARDS ***
Juociai: raises $3 to $6
BelSv: raises $3 to $9
Juociai: raises $3 to $12
Betting is capped
BelSv: calls $3
*** FLOP *** [5h Ks 8c]
BelSv: bets $3
Juociai: calls $3
*** TURN *** [5h Ks 8c] [3c]
BelSv: bets $6
Juociai: raises $5.92 to $11.92 and is all-in
BelSv: calls $5.92
*** RIVER *** [5h Ks 8c 3c] [6d]
*** SHOW DOWN ***
BelSv: shows [Ad Ah] (a pair of Aces)
Juociai: shows [Qh Qd] (a pair of Queens)
BelSv collected $53.34 from pot
*** SUMMARY ***
Total pot $53.84 | Rake $0.50
Board [5h Ks 8c 3c 6d]
Seat 1: Juociai (button) (small blind) showed [Qh Qd] and lost with a pair of Queens
Seat 2: BelSv (big blind) showed [Ad Ah] and won ($53.34) with a pair of Aces


PokerStars Hand #176770656522:  Hold'em Limit ($3/$6 USD) - 2017/10/11 6:42:40 ET
Table 'Graffias' 6-max Seat #2 is the button
Seat 1: Juociai ($29.92 in chips)
Seat 2: BelSv ($85.50 in chips)
BelSv: posts small blind $1
Juociai: posts big blind $3
*** HOLE CARDS ***
BelSv: raises $3 to $6
Juociai: folds
Uncalled bet ($3) returned to BelSv
BelSv collected $6 from pot
BelSv: doesn't show hand
*** SUMMARY ***
Total pot $6 | Rake $0
Seat 1: Juociai (big blind) folded before Flop
Seat 2: BelSv (button) (small blind) collected ($6)


