PokerStars Hand #169369628325:  Hold'em Limit ($3/$6 USD) - 2017/04/21 17:17:06 ET
Table 'Graffias II' 6-max Seat #5 is the button
Seat 3: OmgMeshok ($34.52 in chips)
Seat 5: GoliafUa ($119 in chips)
GoliafUa: posts small blind $1
OmgMeshok: posts big blind $3
*** HOLE CARDS ***
GoliafUa: folds
Uncalled bet ($2) returned to OmgMeshok
OmgMeshok collected $2 from pot
*** SUMMARY ***
Total pot $2 | Rake $0
Seat 3: OmgMeshok (big blind) collected ($2)
Seat 5: GoliafUa (button) (small blind) folded before Flop


PokerStars Hand #169369617823:  Hold'em Limit ($3/$6 USD) - 2017/04/21 17:16:54 ET
Table 'Graffias II' 6-max Seat #3 is the button
Seat 3: OmgMeshok ($31.64 in chips)
Seat 5: GoliafUa ($122 in chips)
OmgMeshok: posts small blind $1
GoliafUa: posts big blind $3
*** HOLE CARDS ***
OmgMeshok: calls $2
GoliafUa: checks
*** FLOP *** [Kc 4d 6h]
GoliafUa: checks
OmgMeshok: bets $3
GoliafUa: folds
Uncalled bet ($3) returned to OmgMeshok
OmgMeshok collected $5.88 from pot
*** SUMMARY ***
Total pot $6 | Rake $0.12
Board [Kc 4d 6h]
Seat 3: OmgMeshok (button) (small blind) collected ($5.88)
Seat 5: GoliafUa (big blind) folded on the Flop


PokerStars Hand #169369611200:  Hold'em Limit ($3/$6 USD) - 2017/04/21 17:16:46 ET
Table 'Graffias II' 6-max Seat #5 is the button
Seat 3: OmgMeshok ($34.64 in chips)
Seat 5: GoliafUa ($119 in chips)
GoliafUa: posts small blind $1
OmgMeshok: posts big blind $3
*** HOLE CARDS ***
GoliafUa: raises $3 to $6
OmgMeshok: folds
Uncalled bet ($3) returned to GoliafUa
GoliafUa collected $6 from pot
GoliafUa: doesn't show hand
*** SUMMARY ***
Total pot $6 | Rake $0
Seat 3: OmgMeshok (big blind) folded before Flop
Seat 5: GoliafUa (button) (small blind) collected ($6)


PokerStars Hand #169369601410:  Hold'em Limit ($3/$6 USD) - 2017/04/21 17:16:35 ET
Table 'Graffias II' 6-max Seat #3 is the button
Seat 3: OmgMeshok ($31.76 in chips)
Seat 5: GoliafUa ($122 in chips)
OmgMeshok: posts small blind $1
GoliafUa: posts big blind $3
*** HOLE CARDS ***
OmgMeshok: calls $2
GoliafUa: checks
*** FLOP *** [7h 4h 2s]
GoliafUa: checks
OmgMeshok: bets $3
GoliafUa: folds
Uncalled bet ($3) returned to OmgMeshok
OmgMeshok collected $5.88 from pot
*** SUMMARY ***
Total pot $6 | Rake $0.12
Board [7h 4h 2s]
Seat 3: OmgMeshok (button) (small blind) collected ($5.88)
Seat 5: GoliafUa (big blind) folded on the Flop


PokerStars Hand #169369596502:  Hold'em Limit ($3/$6 USD) - 2017/04/21 17:16:29 ET
Table 'Graffias II' 6-max Seat #5 is the button
Seat 3: OmgMeshok ($30.76 in chips)
Seat 5: GoliafUa ($123 in chips)
GoliafUa: posts small blind $1
OmgMeshok: posts big blind $3
*** HOLE CARDS ***
GoliafUa: folds
Uncalled bet ($2) returned to OmgMeshok
OmgMeshok collected $2 from pot
*** SUMMARY ***
Total pot $2 | Rake $0
Seat 3: OmgMeshok (big blind) collected ($2)
Seat 5: GoliafUa (button) (small blind) folded before Flop


PokerStars Hand #169369586886:  Hold'em Limit ($3/$6 USD) - 2017/04/21 17:16:18 ET
Table 'Graffias II' 6-max Seat #3 is the button
Seat 3: OmgMeshok ($33.76 in chips)
Seat 5: GoliafUa ($120 in chips)
OmgMeshok: posts small blind $1
GoliafUa: posts big blind $3
*** HOLE CARDS ***
OmgMeshok: calls $2
GoliafUa: raises $3 to $6
OmgMeshok: folds
Uncalled bet ($3) returned to GoliafUa
GoliafUa collected $6 from pot
GoliafUa: doesn't show hand
*** SUMMARY ***
Total pot $6 | Rake $0
Seat 3: OmgMeshok (button) (small blind) folded before Flop
Seat 5: GoliafUa (big blind) collected ($6)


PokerStars Hand #169369652144:  Hold'em Limit ($3/$6 USD) - 2017/04/21 17:17:34 ET
Table 'Graffias II' 6-max Seat #5 is the button
Seat 3: OmgMeshok ($38.40 in chips)
Seat 5: GoliafUa ($115 in chips)
GoliafUa: posts small blind $1
OmgMeshok: posts big blind $3
*** HOLE CARDS ***
GoliafUa: raises $3 to $6
OmgMeshok: calls $3
*** FLOP *** [4h 7s 6s]
OmgMeshok: bets $3
GoliafUa: calls $3
*** TURN *** [4h 7s 6s] [9h]
OmgMeshok: bets $6
GoliafUa: calls $6
*** RIVER *** [4h 7s 6s 9h] [Kh]
OmgMeshok: bets $6
GoliafUa: raises $6 to $12
OmgMeshok: raises $6 to $18
GoliafUa: calls $6
*** SHOW DOWN ***
OmgMeshok: shows [6d 9d] (two pair, Nines and Sixes)
GoliafUa: mucks hand
OmgMeshok collected $65.50 from pot
*** SUMMARY ***
Total pot $66 | Rake $0.50
Board [4h 7s 6s 9h Kh]
Seat 3: OmgMeshok (big blind) showed [6d 9d] and won ($65.50) with two pair, Nines and Sixes
Seat 5: GoliafUa (button) (small blind) mucked


PokerStars Hand #169369633129:  Hold'em Limit ($3/$6 USD) - 2017/04/21 17:17:12 ET
Table 'Graffias II' 6-max Seat #3 is the button
Seat 3: OmgMeshok ($35.52 in chips)
Seat 5: GoliafUa ($118 in chips)
OmgMeshok: posts small blind $1
GoliafUa: posts big blind $3
*** HOLE CARDS ***
OmgMeshok: calls $2
karambakilla joins the table at seat #4
GoliafUa: checks
*** FLOP *** [Qh 9c Kd]
GoliafUa: checks
OmgMeshok: checks
*** TURN *** [Qh 9c Kd] [2s]
GoliafUa: checks
OmgMeshok: bets $6
GoliafUa: folds
Uncalled bet ($6) returned to OmgMeshok
OmgMeshok collected $5.88 from pot
*** SUMMARY ***
Total pot $6 | Rake $0.12
Board [Qh 9c Kd 2s]
Seat 3: OmgMeshok (button) (small blind) collected ($5.88)
Seat 5: GoliafUa (big blind) folded on the Turn


