PokerStars Hand #151547652788:  Hold'em Limit ($3/$6 USD) - 2016/04/06 22:49:33 ET
Table 'Grafias' 6-max Seat #6 is the button
Seat 1: cim@rron ($100 in chips)
Seat 6: anetkaapro ($72 in chips)
anetkaapro: posts small blind $1
cim@rron: posts big blind $3
*** HOLE CARDS ***
anetkaapro: folds
Uncalled bet ($2) returned to cim@rron
cim@rron collected $2 from pot
cim@rron: doesn't show hand
*** SUMMARY ***
Total pot $2 | Rake $0
Seat 1: cim@rron (big blind) collected ($2)
Seat 6: anetkaapro (button) (small blind) folded before Flop


PokerStars Hand #151547671633:  Hold'em Limit ($3/$6 USD) - 2016/04/06 22:50:32 ET
Table 'Grafias' 6-max Seat #6 is the button
Seat 1: cim@rron ($109.64 in chips)
Seat 6: anetkaapro ($73 in chips)
anetkaapro: posts small blind $1
cim@rron: posts big blind $3
*** HOLE CARDS ***
anetkaapro: raises $3 to $6
cim@rron: calls $3
*** FLOP *** [8c 5h 9d]
cim@rron: checks
anetkaapro: bets $3
cim@rron: calls $3
*** TURN *** [8c 5h 9d] [Kc]
cim@rron: checks
anetkaapro: checks
*** RIVER *** [8c 5h 9d Kc] [Jd]
cim@rron: checks
anetkaapro: checks
*** SHOW DOWN ***
cim@rron: shows [3c 7c] (high card King)
anetkaapro: shows [Ah 6s] (high card Ace)
anetkaapro collected $17.64 from pot
*** SUMMARY ***
Total pot $18 | Rake $0.36
Board [8c 5h 9d Kc Jd]
Seat 1: cim@rron (big blind) showed [3c 7c] and lost with high card King
Seat 6: anetkaapro (button) (small blind) showed [Ah 6s] and won ($17.64) with high card Ace


PokerStars Hand #151547669802:  Hold'em Limit ($3/$6 USD) - 2016/04/06 22:50:26 ET
Table 'Grafias' 6-max Seat #1 is the button
Seat 1: cim@rron ($110.64 in chips)
Seat 6: anetkaapro ($72 in chips)
cim@rron: posts small blind $1
anetkaapro: posts big blind $3
*** HOLE CARDS ***
cim@rron: folds
Uncalled bet ($2) returned to anetkaapro
anetkaapro collected $2 from pot
anetkaapro: doesn't show hand
*** SUMMARY ***
Total pot $2 | Rake $0
Seat 1: cim@rron (button) (small blind) folded before Flop
Seat 6: anetkaapro (big blind) collected ($2)


PokerStars Hand #151547667967:  Hold'em Limit ($3/$6 USD) - 2016/04/06 22:50:20 ET
Table 'Grafias' 6-max Seat #6 is the button
Seat 1: cim@rron ($109.64 in chips)
Seat 6: anetkaapro ($72 in chips)
anetkaapro: posts small blind $1
cim@rron: posts big blind $3
*** HOLE CARDS ***
anetkaapro: folds
Uncalled bet ($2) returned to cim@rron
cim@rron collected $2 from pot
cim@rron: doesn't show hand
*** SUMMARY ***
Total pot $2 | Rake $0
Seat 1: cim@rron (big blind) collected ($2)
Seat 6: anetkaapro (button) (small blind) folded before Flop


PokerStars Hand #151547654963:  Hold'em Limit ($3/$6 USD) - 2016/04/06 22:49:40 ET
Table 'Grafias' 6-max Seat #1 is the button
Seat 1: cim@rron ($101 in chips)
Seat 6: anetkaapro ($72 in chips)
cim@rron: posts small blind $1
anetkaapro: posts big blind $3
*** HOLE CARDS ***
GoliafUa joins the table at seat #2
cim@rron: calls $2
anetkaapro: raises $3 to $6
cim@rron: calls $3
*** FLOP *** [Qd Ad 3h]
anetkaapro: bets $3
cim@rron: calls $3
*** TURN *** [Qd Ad 3h] [9d]
anetkaapro: checks
cim@rron: checks
*** RIVER *** [Qd Ad 3h 9d] [3d]
anetkaapro: checks
cim@rron: checks
*** SHOW DOWN ***
anetkaapro: shows [Ts 8s] (a pair of Threes)
cim@rron: shows [5s Jh] (a pair of Threes - Ace+Queen+Jack kicker)
cim@rron collected $17.64 from pot
*** SUMMARY ***
Total pot $18 | Rake $0.36
Board [Qd Ad 3h 9d 3d]
Seat 1: cim@rron (button) (small blind) showed [5s Jh] and won ($17.64) with a pair of Threes
Seat 6: anetkaapro (big blind) showed [Ts 8s] and lost with a pair of Threes


PokerStars Hand #151547686147:  Hold'em Limit ($3/$6 USD) - 2016/04/06 22:51:16 ET
Table 'Grafias' 6-max Seat #6 is the button
Seat 1: cim@rron ($115.14 in chips)
Seat 6: anetkaapro ($72 in chips)
anetkaapro: posts small blind $1
cim@rron: posts big blind $3
*** HOLE CARDS ***
anetkaapro: raises $3 to $6
cim@rron: calls $3
*** FLOP *** [Td 7d 5s]
cim@rron: bets $3
anetkaapro: calls $3
*** TURN *** [Td 7d 5s] [9c]
cim@rron: bets $6
anetkaapro: calls $6
*** RIVER *** [Td 7d 5s 9c] [2c]
cim@rron: bets $6
anetkaapro: calls $6
*** SHOW DOWN ***
cim@rron: shows [6c 7s] (a pair of Sevens)
anetkaapro: shows [Jc 9s] (a pair of Nines)
anetkaapro collected $41.50 from pot
*** SUMMARY ***
Total pot $42 | Rake $0.50
Board [Td 7d 5s 9c 2c]
Seat 1: cim@rron (big blind) showed [6c 7s] and lost with a pair of Sevens
Seat 6: anetkaapro (button) (small blind) showed [Jc 9s] and won ($41.50) with a pair of Nines


PokerStars Hand #151547678521:  Hold'em Limit ($3/$6 USD) - 2016/04/06 22:50:53 ET
Table 'Grafias' 6-max Seat #1 is the button
Seat 1: cim@rron ($100.64 in chips)
Seat 6: anetkaapro ($81.64 in chips)
cim@rron: posts small blind $1
anetkaapro: posts big blind $3
*** HOLE CARDS ***
cim@rron: calls $2
anetkaapro: raises $3 to $6
cim@rron: calls $3
*** FLOP *** [4d 6h 5h]
anetkaapro: bets $3
cim@rron: calls $3
*** TURN *** [4d 6h 5h] [2c]
anetkaapro: checks
cim@rron: checks
*** RIVER *** [4d 6h 5h 2c] [5d]
anetkaapro: checks
cim@rron: bets $6
anetkaapro: calls $6
*** SHOW DOWN ***
cim@rron: shows [6s 9c] (two pair, Sixes and Fives)
anetkaapro: mucks hand
cim@rron collected $29.50 from pot
*** SUMMARY ***
Total pot $30 | Rake $0.50
Board [4d 6h 5h 2c 5d]
Seat 1: cim@rron (button) (small blind) showed [6s 9c] and won ($29.50) with two pair, Sixes and Fives
Seat 6: anetkaapro (big blind) mucked


PokerStars Hand #151548290515:  Hold'em Limit ($3/$6 USD) - 2016/04/06 23:24:13 ET
Table 'Grafias' 6-max Seat #2 is the button
Seat 2: Mackeral ($43.88 in chips)
Seat 5: VolkovDmitri ($151.86 in chips)
Mackeral: posts small blind $1
VolkovDmitri: posts big blind $3
*** HOLE CARDS ***
Mackeral: raises $3 to $6
VolkovDmitri: calls $3
*** FLOP *** [7d 5s Ac]
VolkovDmitri: checks
Mackeral: bets $3
VolkovDmitri: calls $3
*** TURN *** [7d 5s Ac] [7h]
VolkovDmitri: checks
Mackeral: checks
*** RIVER *** [7d 5s Ac 7h] [Kh]
VolkovDmitri: bets $6
Mackeral: folds
Uncalled bet ($6) returned to VolkovDmitri
VolkovDmitri collected $17.64 from pot
VolkovDmitri: doesn't show hand
*** SUMMARY ***
Total pot $18 | Rake $0.36
Board [7d 5s Ac 7h Kh]
Seat 2: Mackeral (button) (small blind) folded on the River
Seat 5: VolkovDmitri (big blind) collected ($17.64)


PokerStars Hand #151548284370:  Hold'em Limit ($3/$6 USD) - 2016/04/06 23:23:52 ET
Table 'Grafias' 6-max Seat #5 is the button
Seat 2: Mackeral ($49.88 in chips)
Seat 5: VolkovDmitri ($146.10 in chips)
VolkovDmitri: posts small blind $1
cambec: is sitting out
Mackeral: posts big blind $3
*** HOLE CARDS ***
VolkovDmitri: raises $3 to $6
cambec leaves the table
Mackeral: calls $3
*** FLOP *** [Ks 3h 7s]
Mackeral: checks
VolkovDmitri: bets $3
Mackeral: folds
Uncalled bet ($3) returned to VolkovDmitri
VolkovDmitri collected $11.76 from pot
VolkovDmitri: doesn't show hand
*** SUMMARY ***
Total pot $12 | Rake $0.24
Board [Ks 3h 7s]
Seat 2: Mackeral (big blind) folded on the Flop
Seat 5: VolkovDmitri (button) (small blind) collected ($11.76)


PokerStars Hand #151548302237:  Hold'em Limit ($3/$6 USD) - 2016/04/06 23:24:52 ET
Table 'Grafias' 6-max Seat #5 is the button
Seat 2: Mackeral ($34.88 in chips)
Seat 5: VolkovDmitri ($160.50 in chips)
VolkovDmitri: posts small blind $1
Mackeral: posts big blind $3
*** HOLE CARDS ***
VolkovDmitri: raises $3 to $6
Mackeral: calls $3
*** FLOP *** [7h Tc 8h]
Mackeral: checks
VolkovDmitri: bets $3
Mackeral: folds
Uncalled bet ($3) returned to VolkovDmitri
VolkovDmitri collected $11.76 from pot
VolkovDmitri: doesn't show hand
*** SUMMARY ***
Total pot $12 | Rake $0.24
Board [7h Tc 8h]
Seat 2: Mackeral (big blind) folded on the Flop
Seat 5: VolkovDmitri (button) (small blind) collected ($11.76)


PokerStars Hand #151548330595:  Hold'em Limit ($3/$6 USD) - 2016/04/06 23:26:28 ET
Table 'Grafias' 6-max Seat #5 is the button
Seat 2: Mackeral ($41.26 in chips)
Seat 5: VolkovDmitri ($152.88 in chips)
VolkovDmitri: posts small blind $1
Mackeral: posts big blind $3
*** HOLE CARDS ***
VolkovDmitri: raises $3 to $6
Mackeral: calls $3
*** FLOP *** [2s 8c 4h]
Mackeral: bets $3
VolkovDmitri: calls $3
*** TURN *** [2s 8c 4h] [4c]
Mackeral: bets $6
VolkovDmitri: folds
Uncalled bet ($6) returned to Mackeral
Mackeral collected $17.64 from pot
Mackeral: doesn't show hand
*** SUMMARY ***
Total pot $18 | Rake $0.36
Board [2s 8c 4h 4c]
Seat 2: Mackeral (big blind) collected ($17.64)
Seat 5: VolkovDmitri (button) (small blind) folded on the Turn


PokerStars Hand #151548309650:  Hold'em Limit ($3/$6 USD) - 2016/04/06 23:25:18 ET
Table 'Grafias' 6-max Seat #2 is the button
Seat 2: Mackeral ($28.88 in chips)
Seat 5: VolkovDmitri ($166.26 in chips)
Mackeral: posts small blind $1
VolkovDmitri: posts big blind $3
*** HOLE CARDS ***
Mackeral: raises $3 to $6
VolkovDmitri: calls $3
*** FLOP *** [6h 8c 5d]
VolkovDmitri: checks
Mackeral: bets $3
VolkovDmitri: raises $3 to $6
Mackeral: raises $3 to $9
VolkovDmitri: raises $3 to $12
Betting is capped
Mackeral: calls $3
*** TURN *** [6h 8c 5d] [9s]
VolkovDmitri: bets $6
Mackeral: raises $4.88 to $10.88 and is all-in
VolkovDmitri: calls $4.88
*** RIVER *** [6h 8c 5d 9s] [2h]
*** SHOW DOWN ***
VolkovDmitri: shows [6d 8s] (two pair, Eights and Sixes)
Mackeral: shows [Qd 7d] (a straight, Five to Nine)
Mackeral collected $57.26 from pot
*** SUMMARY ***
Total pot $57.76 | Rake $0.50
Board [6h 8c 5d 9s 2h]
Seat 2: Mackeral (button) (small blind) showed [Qd 7d] and won ($57.26) with a straight, Five to Nine
Seat 5: VolkovDmitri (big blind) showed [6d 8s] and lost with two pair, Eights and Sixes


PokerStars Hand #151548321212:  Hold'em Limit ($3/$6 USD) - 2016/04/06 23:25:57 ET
Table 'Grafias' 6-max Seat #5 is the button
Seat 2: Mackeral ($57.26 in chips)
Seat 5: VolkovDmitri ($137.38 in chips)
VolkovDmitri: posts small blind $1
Mackeral: posts big blind $3
*** HOLE CARDS ***
VolkovDmitri: raises $3 to $6
Mackeral: calls $3
*** FLOP *** [Td Jh 3h]
Mackeral: checks
VolkovDmitri: bets $3
Mackeral: calls $3
*** TURN *** [Td Jh 3h] [Kh]
Mackeral: checks
VolkovDmitri: bets $6
Mackeral: calls $6
*** RIVER *** [Td Jh 3h Kh] [Qd]
Mackeral: checks
VolkovDmitri: checks
*** SHOW DOWN ***
Mackeral: shows [Kd 3c] (two pair, Kings and Threes)
VolkovDmitri: shows [Kc Qs] (two pair, Kings and Queens)
VolkovDmitri collected $29.50 from pot
*** SUMMARY ***
Total pot $30 | Rake $0.50
Board [Td Jh 3h Kh Qd]
Seat 2: Mackeral (big blind) showed [Kd 3c] and lost with two pair, Kings and Threes
Seat 5: VolkovDmitri (button) (small blind) showed [Kc Qs] and won ($29.50) with two pair, Kings and Queens


PokerStars Hand #151548328636:  Hold'em Limit ($3/$6 USD) - 2016/04/06 23:26:22 ET
Table 'Grafias' 6-max Seat #2 is the button
Seat 2: Mackeral ($42.26 in chips)
Seat 5: VolkovDmitri ($151.88 in chips)
Mackeral: posts small blind $1
VolkovDmitri: posts big blind $3
*** HOLE CARDS ***
Mackeral: folds
Uncalled bet ($2) returned to VolkovDmitri
VolkovDmitri collected $2 from pot
VolkovDmitri: doesn't show hand
*** SUMMARY ***
Total pot $2 | Rake $0
Seat 2: Mackeral (button) (small blind) folded before Flop
Seat 5: VolkovDmitri (big blind) collected ($2)


PokerStars Hand #151548350000:  Hold'em Limit ($3/$6 USD) - 2016/04/06 23:27:35 ET
Table 'Grafias' 6-max Seat #2 is the button
Seat 2: Mackeral ($49.66 in chips)
Seat 5: VolkovDmitri ($143.64 in chips)
Mackeral: posts small blind $1
VolkovDmitri: posts big blind $3
*** HOLE CARDS ***
Mackeral: folds
Uncalled bet ($2) returned to VolkovDmitri
VolkovDmitri collected $2 from pot
VolkovDmitri: doesn't show hand
*** SUMMARY ***
Total pot $2 | Rake $0
Seat 2: Mackeral (button) (small blind) folded before Flop
Seat 5: VolkovDmitri (big blind) collected ($2)


PokerStars Hand #151548340197:  Hold'em Limit ($3/$6 USD) - 2016/04/06 23:27:01 ET
Table 'Grafias' 6-max Seat #5 is the button
Seat 2: Mackeral ($55.66 in chips)
Seat 5: VolkovDmitri ($137.88 in chips)
VolkovDmitri: posts small blind $1
Mackeral: posts big blind $3
*** HOLE CARDS ***
VolkovDmitri: raises $3 to $6
Mackeral: calls $3
*** FLOP *** [9c 9d Jd]
Mackeral: checks
VolkovDmitri: bets $3
Mackeral: folds
Uncalled bet ($3) returned to VolkovDmitri
VolkovDmitri collected $11.76 from pot
VolkovDmitri: doesn't show hand
*** SUMMARY ***
Total pot $12 | Rake $0.24
Board [9c 9d Jd]
Seat 2: Mackeral (big blind) folded on the Flop
Seat 5: VolkovDmitri (button) (small blind) collected ($11.76)


PokerStars Hand #151548351689:  Hold'em Limit ($3/$6 USD) - 2016/04/06 23:27:41 ET
Table 'Grafias' 6-max Seat #5 is the button
Seat 2: Mackeral ($48.66 in chips)
Seat 5: VolkovDmitri ($144.64 in chips)
VolkovDmitri: posts small blind $1
Mackeral: posts big blind $3
*** HOLE CARDS ***
VolkovDmitri: folds
Uncalled bet ($2) returned to Mackeral
Mackeral collected $2 from pot
Mackeral: doesn't show hand
*** SUMMARY ***
Total pot $2 | Rake $0
Seat 2: Mackeral (big blind) collected ($2)
Seat 5: VolkovDmitri (button) (small blind) folded before Flop


PokerStars Hand #151548336025:  Hold'em Limit ($3/$6 USD) - 2016/04/06 23:26:47 ET
Table 'Grafias' 6-max Seat #2 is the button
Seat 2: Mackeral ($49.90 in chips)
Seat 5: VolkovDmitri ($143.88 in chips)
Mackeral: posts small blind $1
VolkovDmitri: posts big blind $3
*** HOLE CARDS ***
Mackeral: raises $3 to $6
VolkovDmitri: calls $3
*** FLOP *** [Qd 6s Kd]
VolkovDmitri: checks
Mackeral: bets $3
VolkovDmitri: folds
Uncalled bet ($3) returned to Mackeral
Mackeral collected $11.76 from pot
Mackeral: doesn't show hand
*** SUMMARY ***
Total pot $12 | Rake $0.24
Board [Qd 6s Kd]
Seat 2: Mackeral (button) (small blind) collected ($11.76)
Seat 5: VolkovDmitri (big blind) folded on the Flop


PokerStars Hand #151548353580:  Hold'em Limit ($3/$6 USD) - 2016/04/06 23:27:47 ET
Table 'Grafias' 6-max Seat #2 is the button
Seat 2: Mackeral ($49.66 in chips)
Seat 5: VolkovDmitri ($143.64 in chips)
Mackeral: posts small blind $1
VolkovDmitri: posts big blind $3
*** HOLE CARDS ***
Mackeral: raises $3 to $6
VolkovDmitri: calls $3
*** FLOP *** [7s Ah 9c]
VolkovDmitri: checks
Mackeral: bets $3
VolkovDmitri: calls $3
*** TURN *** [7s Ah 9c] [Ac]
VolkovDmitri: checks
Mackeral: bets $6
VolkovDmitri: calls $6
*** RIVER *** [7s Ah 9c Ac] [Jd]
VolkovDmitri: checks
Mackeral: checks
*** SHOW DOWN ***
VolkovDmitri: shows [6d Kd] (a pair of Aces)
Mackeral: shows [Ks 5c] (a pair of Aces)
VolkovDmitri collected $14.75 from pot
Mackeral collected $14.75 from pot
*** SUMMARY ***
Total pot $30 | Rake $0.50
Board [7s Ah 9c Ac Jd]
Seat 2: Mackeral (button) (small blind) showed [Ks 5c] and won ($14.75) with a pair of Aces
Seat 5: VolkovDmitri (big blind) showed [6d Kd] and won ($14.75) with a pair of Aces


PokerStars Hand #151548377995:  Hold'em Limit ($3/$6 USD) - 2016/04/06 23:29:11 ET
Table 'Grafias' 6-max Seat #2 is the button
Seat 2: Mackeral ($43.41 in chips)
Seat 5: VolkovDmitri ($149.15 in chips)
Mackeral: posts small blind $1
VolkovDmitri: posts big blind $3
*** HOLE CARDS ***
Mackeral: folds
Uncalled bet ($2) returned to VolkovDmitri
VolkovDmitri collected $2 from pot
VolkovDmitri: doesn't show hand
*** SUMMARY ***
Total pot $2 | Rake $0
Seat 2: Mackeral (button) (small blind) folded before Flop
Seat 5: VolkovDmitri (big blind) collected ($2)


PokerStars Hand #151548368368:  Hold'em Limit ($3/$6 USD) - 2016/04/06 23:28:37 ET
Table 'Grafias' 6-max Seat #5 is the button
Seat 2: Mackeral ($49.41 in chips)
Seat 5: VolkovDmitri ($143.39 in chips)
VolkovDmitri: posts small blind $1
Mackeral: posts big blind $3
*** HOLE CARDS ***
VolkovDmitri: raises $3 to $6
Mackeral: calls $3
*** FLOP *** [Kd Kh Ac]
Mackeral: checks
VolkovDmitri: bets $3
Mackeral: folds
Uncalled bet ($3) returned to VolkovDmitri
VolkovDmitri collected $11.76 from pot
VolkovDmitri: doesn't show hand
*** SUMMARY ***
Total pot $12 | Rake $0.24
Board [Kd Kh Ac]
Seat 2: Mackeral (big blind) folded on the Flop
Seat 5: VolkovDmitri (button) (small blind) collected ($11.76)


PokerStars Hand #151548401375:  Hold'em Limit ($3/$6 USD) - 2016/04/06 23:30:03 ET
Table 'Grafias' 6-max Seat #2 is the button
Seat 2: Mackeral ($53.93 in chips)
Seat 5: VolkovDmitri ($138.15 in chips)
Mackeral: posts small blind $1
VolkovDmitri: posts big blind $3
*** HOLE CARDS ***
Mackeral: folds
Uncalled bet ($2) returned to VolkovDmitri
VolkovDmitri collected $2 from pot
VolkovDmitri: doesn't show hand
*** SUMMARY ***
Total pot $2 | Rake $0
Seat 2: Mackeral (button) (small blind) folded before Flop
Seat 5: VolkovDmitri (big blind) collected ($2)


PokerStars Hand #151548413484:  Hold'em Limit ($3/$6 USD) - 2016/04/06 23:30:45 ET
Table 'Grafias' 6-max Seat #5 is the button
Seat 2: Mackeral ($60.57 in chips)
Seat 5: VolkovDmitri ($131.15 in chips)
VolkovDmitri: posts small blind $1
Mackeral: posts big blind $3
*** HOLE CARDS ***
VolkovDmitri: raises $3 to $6
Mackeral: folds
Uncalled bet ($3) returned to VolkovDmitri
VolkovDmitri collected $6 from pot
VolkovDmitri: doesn't show hand
*** SUMMARY ***
Total pot $6 | Rake $0
Seat 2: Mackeral (big blind) folded before Flop
Seat 5: VolkovDmitri (button) (small blind) collected ($6)


PokerStars Hand #151548411992:  Hold'em Limit ($3/$6 USD) - 2016/04/06 23:30:40 ET
Table 'Grafias' 6-max Seat #2 is the button
Seat 2: Mackeral ($61.57 in chips)
Seat 5: VolkovDmitri ($130.15 in chips)
Mackeral: posts small blind $1
VolkovDmitri: posts big blind $3
*** HOLE CARDS ***
Mackeral: folds
Uncalled bet ($2) returned to VolkovDmitri
VolkovDmitri collected $2 from pot
VolkovDmitri: doesn't show hand
*** SUMMARY ***
Total pot $2 | Rake $0
Seat 2: Mackeral (button) (small blind) folded before Flop
Seat 5: VolkovDmitri (big blind) collected ($2)


PokerStars Hand #151548402883:  Hold'em Limit ($3/$6 USD) - 2016/04/06 23:30:08 ET
Table 'Grafias' 6-max Seat #5 is the button
Seat 2: Mackeral ($52.93 in chips)
Seat 5: VolkovDmitri ($139.15 in chips)
VolkovDmitri: posts small blind $1
Mackeral: posts big blind $3
*** HOLE CARDS ***
VolkovDmitri: raises $3 to $6
Mackeral: calls $3
*** FLOP *** [Ks 4c 8s]
Mackeral: checks
VolkovDmitri: bets $3
Mackeral: raises $3 to $6
VolkovDmitri: folds
Uncalled bet ($3) returned to Mackeral
Mackeral collected $17.64 from pot
Mackeral: doesn't show hand
*** SUMMARY ***
Total pot $18 | Rake $0.36
Board [Ks 4c 8s]
Seat 2: Mackeral (big blind) collected ($17.64)
Seat 5: VolkovDmitri (button) (small blind) folded on the Flop


PokerStars Hand #151548379708:  Hold'em Limit ($3/$6 USD) - 2016/04/06 23:29:16 ET
Table 'Grafias' 6-max Seat #5 is the button
Seat 2: Mackeral ($42.41 in chips)
Seat 5: VolkovDmitri ($150.15 in chips)
VolkovDmitri: posts small blind $1
Mackeral: posts big blind $3
*** HOLE CARDS ***
VolkovDmitri: raises $3 to $6
Mackeral: raises $3 to $9
VolkovDmitri: calls $3
*** FLOP *** [Ts 2h 4h]
Mackeral: bets $3
VolkovDmitri: calls $3
*** TURN *** [Ts 2h 4h] [Kc]
Mackeral: checks
VolkovDmitri: checks
*** RIVER *** [Ts 2h 4h Kc] [8c]
Mackeral: bets $6
VolkovDmitri: folds
Uncalled bet ($6) returned to Mackeral
Mackeral collected $23.52 from pot
Mackeral: doesn't show hand
*** SUMMARY ***
Total pot $24 | Rake $0.48
Board [Ts 2h 4h Kc 8c]
Seat 2: Mackeral (big blind) collected ($23.52)
Seat 5: VolkovDmitri (button) (small blind) folded on the River


PokerStars Hand #151548415704:  Hold'em Limit ($3/$6 USD) - 2016/04/06 23:30:52 ET
Table 'Grafias' 6-max Seat #2 is the button
Seat 2: Mackeral ($57.57 in chips)
Seat 5: VolkovDmitri ($134.15 in chips)
Mackeral: posts small blind $1
VolkovDmitri: posts big blind $3
*** HOLE CARDS ***
Mackeral: raises $3 to $6
VolkovDmitri: calls $3
*** FLOP *** [7c 3c 2s]
VolkovDmitri: checks
Mackeral: bets $3
VolkovDmitri: raises $3 to $6
Mackeral: calls $3
*** TURN *** [7c 3c 2s] [6h]
VolkovDmitri: bets $6
Mackeral: calls $6
*** RIVER *** [7c 3c 2s 6h] [9s]
VolkovDmitri: bets $6
Mackeral: calls $6
*** SHOW DOWN ***
VolkovDmitri: shows [Tc 6c] (a pair of Sixes)
Mackeral: shows [Kh 7s] (a pair of Sevens)
Mackeral collected $47.50 from pot
*** SUMMARY ***
Total pot $48 | Rake $0.50
Board [7c 3c 2s 6h 9s]
Seat 2: Mackeral (button) (small blind) showed [Kh 7s] and won ($47.50) with a pair of Sevens
Seat 5: VolkovDmitri (big blind) showed [Tc 6c] and lost with a pair of Sixes


PokerStars Hand #151548431568:  Hold'em Limit ($3/$6 USD) - 2016/04/06 23:31:47 ET
Table 'Grafias' 6-max Seat #5 is the button
Seat 2: Mackeral ($81.07 in chips)
Seat 5: VolkovDmitri ($120 in chips)
VolkovDmitri: posts small blind $1
Mackeral: posts big blind $3
*** HOLE CARDS ***
VolkovDmitri: folds
Uncalled bet ($2) returned to Mackeral
Mackeral collected $2 from pot
Mackeral: doesn't show hand
*** SUMMARY ***
Total pot $2 | Rake $0
Seat 2: Mackeral (big blind) collected ($2)
Seat 5: VolkovDmitri (button) (small blind) folded before Flop


PokerStars Hand #151548435086:  Hold'em Limit ($3/$6 USD) - 2016/04/06 23:31:59 ET
Table 'Grafias' 6-max Seat #5 is the button
Seat 2: Mackeral ($81.07 in chips)
Seat 5: VolkovDmitri ($121 in chips)
VolkovDmitri: posts small blind $1
Mackeral: posts big blind $3
*** HOLE CARDS ***
VolkovDmitri: raises $3 to $6
Mackeral: calls $3
*** FLOP *** [Kh 2c Kc]
Mackeral: checks
VolkovDmitri: bets $3
Mackeral: raises $3 to $6
VolkovDmitri: calls $3
*** TURN *** [Kh 2c Kc] [6s]
Mackeral: checks
VolkovDmitri: checks
*** RIVER *** [Kh 2c Kc 6s] [9s]
Mackeral: checks
VolkovDmitri: checks
*** SHOW DOWN ***
Mackeral: shows [Ts 2s] (two pair, Kings and Deuces)
VolkovDmitri: mucks hand
Mackeral collected $23.52 from pot
*** SUMMARY ***
Total pot $24 | Rake $0.48
Board [Kh 2c Kc 6s 9s]
Seat 2: Mackeral (big blind) showed [Ts 2s] and won ($23.52) with two pair, Kings and Deuces
Seat 5: VolkovDmitri (button) (small blind) mucked


PokerStars Hand #151548433404:  Hold'em Limit ($3/$6 USD) - 2016/04/06 23:31:53 ET
Table 'Grafias' 6-max Seat #2 is the button
Seat 2: Mackeral ($82.07 in chips)
Seat 5: VolkovDmitri ($120 in chips)
Mackeral: posts small blind $1
VolkovDmitri: posts big blind $3
*** HOLE CARDS ***
Mackeral: folds
Uncalled bet ($2) returned to VolkovDmitri
VolkovDmitri collected $2 from pot
VolkovDmitri: doesn't show hand
*** SUMMARY ***
Total pot $2 | Rake $0
Seat 2: Mackeral (button) (small blind) folded before Flop
Seat 5: VolkovDmitri (big blind) collected ($2)


PokerStars Hand #151548465181:  Hold'em Limit ($3/$6 USD) - 2016/04/06 23:33:42 ET
Table 'Grafias' 6-max Seat #2 is the button
Seat 2: Mackeral ($92.35 in chips)
Seat 5: VolkovDmitri ($125.76 in chips)
Mackeral: posts small blind $1
VolkovDmitri: posts big blind $3
*** HOLE CARDS ***
Mackeral: folds
Uncalled bet ($2) returned to VolkovDmitri
VolkovDmitri collected $2 from pot
VolkovDmitri: doesn't show hand
*** SUMMARY ***
Total pot $2 | Rake $0
Seat 2: Mackeral (button) (small blind) folded before Flop
Seat 5: VolkovDmitri (big blind) collected ($2)


PokerStars Hand #151548459137:  Hold'em Limit ($3/$6 USD) - 2016/04/06 23:33:22 ET
Table 'Grafias' 6-max Seat #5 is the button
Seat 2: Mackeral ($98.35 in chips)
Seat 5: VolkovDmitri ($120 in chips)
VolkovDmitri: posts small blind $1
Mackeral: posts big blind $3
*** HOLE CARDS ***
VolkovDmitri: raises $3 to $6
Mackeral: calls $3
*** FLOP *** [Jh Ah 4s]
Mackeral: checks
VolkovDmitri: bets $3
Mackeral: folds
Uncalled bet ($3) returned to VolkovDmitri
VolkovDmitri collected $11.76 from pot
VolkovDmitri: doesn't show hand
*** SUMMARY ***
Total pot $12 | Rake $0.24
Board [Jh Ah 4s]
Seat 2: Mackeral (big blind) folded on the Flop
Seat 5: VolkovDmitri (button) (small blind) collected ($11.76)


PokerStars Hand #151548452162:  Hold'em Limit ($3/$6 USD) - 2016/04/06 23:32:58 ET
Table 'Grafias' 6-max Seat #2 is the button
Seat 2: Mackeral ($92.59 in chips)
Seat 5: VolkovDmitri ($120 in chips)
Mackeral: posts small blind $1
VolkovDmitri: posts big blind $3
*** HOLE CARDS ***
Mackeral: raises $3 to $6
VolkovDmitri: calls $3
*** FLOP *** [4d 7d 9h]
VolkovDmitri: checks
Mackeral: bets $3
VolkovDmitri: folds
Uncalled bet ($3) returned to Mackeral
Mackeral collected $11.76 from pot
Mackeral: doesn't show hand
*** SUMMARY ***
Total pot $12 | Rake $0.24
Board [4d 7d 9h]
Seat 2: Mackeral (button) (small blind) collected ($11.76)
Seat 5: VolkovDmitri (big blind) folded on the Flop


PokerStars Hand #151548475151:  Hold'em Limit ($3/$6 USD) - 2016/04/06 23:34:17 ET
Table 'Grafias' 6-max Seat #5 is the button
Seat 2: Mackeral ($81.35 in chips)
Seat 5: VolkovDmitri ($136.40 in chips)
VolkovDmitri: posts small blind $1
Mackeral: posts big blind $3
*** HOLE CARDS ***
VolkovDmitri: raises $3 to $6
Mackeral: calls $3
*** FLOP *** [Qd 6d Jd]
Mackeral: checks
VolkovDmitri: bets $3
Mackeral: folds
Uncalled bet ($3) returned to VolkovDmitri
VolkovDmitri collected $11.76 from pot
VolkovDmitri: doesn't show hand
*** SUMMARY ***
Total pot $12 | Rake $0.24
Board [Qd 6d Jd]
Seat 2: Mackeral (big blind) folded on the Flop
Seat 5: VolkovDmitri (button) (small blind) collected ($11.76)


PokerStars Hand #151548473613:  Hold'em Limit ($3/$6 USD) - 2016/04/06 23:34:12 ET
Table 'Grafias' 6-max Seat #2 is the button
Seat 2: Mackeral ($82.35 in chips)
Seat 5: VolkovDmitri ($135.40 in chips)
Mackeral: posts small blind $1
VolkovDmitri: posts big blind $3
*** HOLE CARDS ***
Mackeral: folds
Uncalled bet ($2) returned to VolkovDmitri
VolkovDmitri collected $2 from pot
VolkovDmitri: doesn't show hand
*** SUMMARY ***
Total pot $2 | Rake $0
Seat 2: Mackeral (button) (small blind) folded before Flop
Seat 5: VolkovDmitri (big blind) collected ($2)


PokerStars Hand #151548467147:  Hold'em Limit ($3/$6 USD) - 2016/04/06 23:33:49 ET
Table 'Grafias' 6-max Seat #5 is the button
Seat 2: Mackeral ($91.35 in chips)
Seat 5: VolkovDmitri ($126.76 in chips)
VolkovDmitri: posts small blind $1
Mackeral: posts big blind $3
*** HOLE CARDS ***
VolkovDmitri: raises $3 to $6
Mackeral: calls $3
*** FLOP *** [Kc 5c 3d]
Mackeral: checks
VolkovDmitri: bets $3
Mackeral: calls $3
*** TURN *** [Kc 5c 3d] [Kd]
Mackeral: checks
VolkovDmitri: bets $6
Mackeral: folds
Uncalled bet ($6) returned to VolkovDmitri
VolkovDmitri collected $17.64 from pot
VolkovDmitri: doesn't show hand
*** SUMMARY ***
Total pot $18 | Rake $0.36
Board [Kc 5c 3d Kd]
Seat 2: Mackeral (big blind) folded on the Turn
Seat 5: VolkovDmitri (button) (small blind) collected ($17.64)


PokerStars Hand #151548485249:  Hold'em Limit ($3/$6 USD) - 2016/04/06 23:34:52 ET
Table 'Grafias' 6-max Seat #2 is the button
Seat 2: Mackeral ($75.35 in chips)
Seat 5: VolkovDmitri ($142.16 in chips)
Mackeral: posts small blind $1
VolkovDmitri: posts big blind $3
*** HOLE CARDS ***
Mackeral: raises $3 to $6
VolkovDmitri: folds
Uncalled bet ($3) returned to Mackeral
Mackeral collected $6 from pot
Mackeral: doesn't show hand
*** SUMMARY ***
Total pot $6 | Rake $0
Seat 2: Mackeral (button) (small blind) collected ($6)
Seat 5: VolkovDmitri (big blind) folded before Flop


PokerStars Hand #151548487175:  Hold'em Limit ($3/$6 USD) - 2016/04/06 23:34:59 ET
Table 'Grafias' 6-max Seat #5 is the button
Seat 2: Mackeral ($78.35 in chips)
Seat 5: VolkovDmitri ($139.16 in chips)
VolkovDmitri: posts small blind $1
Mackeral: posts big blind $3
*** HOLE CARDS ***
VolkovDmitri: raises $3 to $6
Mackeral: calls $3
*** FLOP *** [4s 9c 2s]
Mackeral: checks
VolkovDmitri: bets $3
Mackeral: calls $3
*** TURN *** [4s 9c 2s] [2d]
Mackeral: checks
VolkovDmitri: checks
*** RIVER *** [4s 9c 2s 2d] [5s]
Mackeral: bets $6
VolkovDmitri: folds
Uncalled bet ($6) returned to Mackeral
Mackeral collected $17.64 from pot
Mackeral: doesn't show hand
*** SUMMARY ***
Total pot $18 | Rake $0.36
Board [4s 9c 2s 2d 5s]
Seat 2: Mackeral (big blind) collected ($17.64)
Seat 5: VolkovDmitri (button) (small blind) folded on the River


PokerStars Hand #151548508463:  Hold'em Limit ($3/$6 USD) - 2016/04/06 23:36:12 ET
Table 'Grafias' 6-max Seat #2 is the button
Seat 2: Mackeral ($86.99 in chips)
Seat 5: VolkovDmitri ($130.16 in chips)
Mackeral: posts small blind $1
VolkovDmitri: posts big blind $3
*** HOLE CARDS ***
Mackeral: raises $3 to $6
VolkovDmitri: calls $3
*** FLOP *** [5h Th Qd]
VolkovDmitri: checks
Mackeral: bets $3
VolkovDmitri: folds
Uncalled bet ($3) returned to Mackeral
Mackeral collected $11.76 from pot
Mackeral: doesn't show hand
*** SUMMARY ***
Total pot $12 | Rake $0.24
Board [5h Th Qd]
Seat 2: Mackeral (button) (small blind) collected ($11.76)
Seat 5: VolkovDmitri (big blind) folded on the Flop


PokerStars Hand #151548524978:  Hold'em Limit ($3/$6 USD) - 2016/04/06 23:37:11 ET
Table 'Grafias' 6-max Seat #2 is the button
Seat 2: Mackeral ($86.75 in chips)
Seat 5: VolkovDmitri ($129.92 in chips)
Mackeral: posts small blind $1
VolkovDmitri: posts big blind $3
*** HOLE CARDS ***
Mackeral: folds
Uncalled bet ($2) returned to VolkovDmitri
VolkovDmitri collected $2 from pot
VolkovDmitri: doesn't show hand
*** SUMMARY ***
Total pot $2 | Rake $0
Seat 2: Mackeral (button) (small blind) folded before Flop
Seat 5: VolkovDmitri (big blind) collected ($2)


PokerStars Hand #151548517564:  Hold'em Limit ($3/$6 USD) - 2016/04/06 23:36:44 ET
Table 'Grafias' 6-max Seat #5 is the button
Seat 2: Mackeral ($92.75 in chips)
Seat 5: VolkovDmitri ($124.16 in chips)
VolkovDmitri: posts small blind $1
Mackeral: posts big blind $3
*** HOLE CARDS ***
VolkovDmitri: raises $3 to $6
Mackeral: calls $3
*** FLOP *** [Ac 5h 2h]
Mackeral: checks
VolkovDmitri: bets $3
Mackeral: folds
Uncalled bet ($3) returned to VolkovDmitri
VolkovDmitri collected $11.76 from pot
VolkovDmitri: doesn't show hand
*** SUMMARY ***
Total pot $12 | Rake $0.24
Board [Ac 5h 2h]
Seat 2: Mackeral (big blind) folded on the Flop
Seat 5: VolkovDmitri (button) (small blind) collected ($11.76)


PokerStars Hand #151548526481:  Hold'em Limit ($3/$6 USD) - 2016/04/06 23:37:16 ET
Table 'Grafias' 6-max Seat #5 is the button
Seat 2: Mackeral ($85.75 in chips)
Seat 5: VolkovDmitri ($130.92 in chips)
VolkovDmitri: posts small blind $1
Mackeral: posts big blind $3
*** HOLE CARDS ***
VolkovDmitri: raises $3 to $6
Mackeral: raises $3 to $9
VolkovDmitri: calls $3
*** FLOP *** [Jd Ah As]
Mackeral: bets $3
VolkovDmitri: folds
Uncalled bet ($3) returned to Mackeral
Mackeral collected $17.64 from pot
Mackeral: doesn't show hand
*** SUMMARY ***
Total pot $18 | Rake $0.36
Board [Jd Ah As]
Seat 2: Mackeral (big blind) collected ($17.64)
Seat 5: VolkovDmitri (button) (small blind) folded on the Flop


PokerStars Hand #151548541648:  Hold'em Limit ($3/$6 USD) - 2016/04/06 23:38:09 ET
Table 'Grafias' 6-max Seat #5 is the button
Seat 2: Mackeral ($100.15 in chips)
Seat 5: VolkovDmitri ($120 in chips)
VolkovDmitri: posts small blind $1
Mackeral: posts big blind $3
*** HOLE CARDS ***
VolkovDmitri: raises $3 to $6
Mackeral: folds
Uncalled bet ($3) returned to VolkovDmitri
VolkovDmitri collected $6 from pot
VolkovDmitri: doesn't show hand
*** SUMMARY ***
Total pot $6 | Rake $0
Seat 2: Mackeral (big blind) folded before Flop
Seat 5: VolkovDmitri (button) (small blind) collected ($6)


PokerStars Hand #151548535182:  Hold'em Limit ($3/$6 USD) - 2016/04/06 23:37:46 ET
Table 'Grafias' 6-max Seat #2 is the button
Seat 2: Mackeral ($94.39 in chips)
Seat 5: VolkovDmitri ($121.92 in chips)
Mackeral: posts small blind $1
VolkovDmitri: posts big blind $3
*** HOLE CARDS ***
Mackeral: raises $3 to $6
VolkovDmitri: calls $3
*** FLOP *** [3s 2s 2d]
VolkovDmitri: checks
Mackeral: bets $3
VolkovDmitri: folds
Uncalled bet ($3) returned to Mackeral
Mackeral collected $11.76 from pot
Mackeral: doesn't show hand
*** SUMMARY ***
Total pot $12 | Rake $0.24
Board [3s 2s 2d]
Seat 2: Mackeral (button) (small blind) collected ($11.76)
Seat 5: VolkovDmitri (big blind) folded on the Flop


PokerStars Hand #151548568726:  Hold'em Limit ($3/$6 USD) - 2016/04/06 23:39:45 ET
Table 'Grafias' 6-max Seat #2 is the button
Seat 2: Mackeral ($93.91 in chips)
Seat 5: VolkovDmitri ($128.64 in chips)
Mackeral: posts small blind $1
VolkovDmitri: posts big blind $3
*** HOLE CARDS ***
Mackeral: folds
Uncalled bet ($2) returned to VolkovDmitri
VolkovDmitri collected $2 from pot
VolkovDmitri: doesn't show hand
*** SUMMARY ***
Total pot $2 | Rake $0
Seat 2: Mackeral (button) (small blind) folded before Flop
Seat 5: VolkovDmitri (big blind) collected ($2)


PokerStars Hand #151548557452:  Hold'em Limit ($3/$6 USD) - 2016/04/06 23:39:05 ET
Table 'Grafias' 6-max Seat #5 is the button
Seat 2: Mackeral ($102.91 in chips)
Seat 5: VolkovDmitri ($120 in chips)
VolkovDmitri: posts small blind $1
Mackeral: posts big blind $3
*** HOLE CARDS ***
VolkovDmitri: raises $3 to $6
Mackeral: calls $3
*** FLOP *** [7s Ah 8d]
Mackeral: checks
VolkovDmitri: bets $3
Mackeral: calls $3
*** TURN *** [7s Ah 8d] [5h]
Mackeral: checks
VolkovDmitri: bets $6
Mackeral: folds
Uncalled bet ($6) returned to VolkovDmitri
VolkovDmitri collected $17.64 from pot
VolkovDmitri: doesn't show hand
*** SUMMARY ***
Total pot $18 | Rake $0.36
Board [7s Ah 8d 5h]
Seat 2: Mackeral (big blind) folded on the Turn
Seat 5: VolkovDmitri (button) (small blind) collected ($17.64)


PokerStars Hand #151548543775:  Hold'em Limit ($3/$6 USD) - 2016/04/06 23:38:17 ET
Table 'Grafias' 6-max Seat #2 is the button
Seat 2: Mackeral ($97.15 in chips)
Seat 5: VolkovDmitri ($123 in chips)
Mackeral: posts small blind $1
VolkovDmitri: posts big blind $3
*** HOLE CARDS ***
Mackeral: raises $3 to $6
VolkovDmitri: calls $3
*** FLOP *** [Ts Kc Kd]
VolkovDmitri: checks
Mackeral: bets $3
VolkovDmitri: folds
Uncalled bet ($3) returned to Mackeral
Mackeral collected $11.76 from pot
Mackeral: doesn't show hand
*** SUMMARY ***
Total pot $12 | Rake $0.24
Board [Ts Kc Kd]
Seat 2: Mackeral (button) (small blind) collected ($11.76)
Seat 5: VolkovDmitri (big blind) folded on the Flop


PokerStars Hand #151548570417:  Hold'em Limit ($3/$6 USD) - 2016/04/06 23:39:51 ET
Table 'Grafias' 6-max Seat #5 is the button
Seat 2: Mackeral ($92.91 in chips)
Seat 5: VolkovDmitri ($129.64 in chips)
VolkovDmitri: posts small blind $1
Mackeral: posts big blind $3
*** HOLE CARDS ***
VolkovDmitri: raises $3 to $6
Mackeral: calls $3
*** FLOP *** [Th 6s Ks]
Mackeral: checks
VolkovDmitri: bets $3
Mackeral: calls $3
*** TURN *** [Th 6s Ks] [Td]
Mackeral: checks
VolkovDmitri: checks
*** RIVER *** [Th 6s Ks Td] [7s]
Mackeral: checks
VolkovDmitri: bets $6
Mackeral: calls $6
*** SHOW DOWN ***
VolkovDmitri: shows [Jd 7d] (two pair, Tens and Sevens)
Mackeral: mucks hand
VolkovDmitri collected $29.50 from pot
*** SUMMARY ***
Total pot $30 | Rake $0.50
Board [Th 6s Ks Td 7s]
Seat 2: Mackeral (big blind) mucked
Seat 5: VolkovDmitri (button) (small blind) showed [Jd 7d] and won ($29.50) with two pair, Tens and Sevens


PokerStars Hand #151548587907:  Hold'em Limit ($3/$6 USD) - 2016/04/06 23:40:53 ET
Table 'Grafias' 6-max Seat #5 is the button
Seat 2: Mackeral ($59.91 in chips)
Seat 5: VolkovDmitri ($161.64 in chips)
VolkovDmitri: posts small blind $1
Mackeral: posts big blind $3
*** HOLE CARDS ***
VolkovDmitri: raises $3 to $6
Mackeral: folds
Uncalled bet ($3) returned to VolkovDmitri
VolkovDmitri collected $6 from pot
VolkovDmitri: doesn't show hand
*** SUMMARY ***
Total pot $6 | Rake $0
Seat 2: Mackeral (big blind) folded before Flop
Seat 5: VolkovDmitri (button) (small blind) collected ($6)


PokerStars Hand #151548578026:  Hold'em Limit ($3/$6 USD) - 2016/04/06 23:40:18 ET
Table 'Grafias' 6-max Seat #2 is the button
Seat 2: Mackeral ($77.91 in chips)
Seat 5: VolkovDmitri ($144.14 in chips)
Mackeral: posts small blind $1
VolkovDmitri: posts big blind $3
*** HOLE CARDS ***
Mackeral: raises $3 to $6
VolkovDmitri: calls $3
*** FLOP *** [6c 8c 3s]
VolkovDmitri: checks
Mackeral: checks
*** TURN *** [6c 8c 3s] [4s]
VolkovDmitri: bets $6
Mackeral: calls $6
*** RIVER *** [6c 8c 3s 4s] [Ah]
VolkovDmitri: checks
Mackeral: bets $6
VolkovDmitri: calls $6
*** SHOW DOWN ***
Mackeral: shows [7d Kd] (high card Ace)
VolkovDmitri: shows [4c Jc] (a pair of Fours)
VolkovDmitri collected $35.50 from pot
*** SUMMARY ***
Total pot $36 | Rake $0.50
Board [6c 8c 3s 4s Ah]
Seat 2: Mackeral (button) (small blind) showed [7d Kd] and lost with high card Ace
Seat 5: VolkovDmitri (big blind) showed [4c Jc] and won ($35.50) with a pair of Fours


PokerStars Hand #151548603134:  Hold'em Limit ($3/$6 USD) - 2016/04/06 23:41:46 ET
Table 'Grafias' 6-max Seat #2 is the button
Seat 2: Mackeral ($61.67 in chips)
Seat 5: VolkovDmitri ($159.64 in chips)
Mackeral: posts small blind $1
VolkovDmitri: posts big blind $3
*** HOLE CARDS ***
Mackeral: raises $3 to $6
VolkovDmitri: raises $3 to $9
Mackeral: calls $3
*** FLOP *** [Js Qh Kh]
VolkovDmitri: bets $3
Mackeral: folds
Uncalled bet ($3) returned to VolkovDmitri
VolkovDmitri collected $17.64 from pot
VolkovDmitri: doesn't show hand
*** SUMMARY ***
Total pot $18 | Rake $0.36
Board [Js Qh Kh]
Seat 2: Mackeral (button) (small blind) folded on the Flop
Seat 5: VolkovDmitri (big blind) collected ($17.64)


PokerStars Hand #151548600711:  Hold'em Limit ($3/$6 USD) - 2016/04/06 23:41:38 ET
Table 'Grafias' 6-max Seat #5 is the button
Seat 2: Mackeral ($64.67 in chips)
Seat 5: VolkovDmitri ($156.64 in chips)
VolkovDmitri: posts small blind $1
Mackeral: posts big blind $3
*** HOLE CARDS ***
VolkovDmitri: raises $3 to $6
Mackeral: folds
Uncalled bet ($3) returned to VolkovDmitri
VolkovDmitri collected $6 from pot
VolkovDmitri: doesn't show hand
*** SUMMARY ***
Total pot $6 | Rake $0
Seat 2: Mackeral (big blind) folded before Flop
Seat 5: VolkovDmitri (button) (small blind) collected ($6)


PokerStars Hand #151548598548:  Hold'em Limit ($3/$6 USD) - 2016/04/06 23:41:30 ET
Table 'Grafias' 6-max Seat #2 is the button
Seat 2: Mackeral ($61.67 in chips)
Seat 5: VolkovDmitri ($159.64 in chips)
Mackeral: posts small blind $1
VolkovDmitri: posts big blind $3
*** HOLE CARDS ***
Mackeral: raises $3 to $6
VolkovDmitri: folds
Uncalled bet ($3) returned to Mackeral
Mackeral collected $6 from pot
Mackeral: doesn't show hand
*** SUMMARY ***
Total pot $6 | Rake $0
Seat 2: Mackeral (button) (small blind) collected ($6)
Seat 5: VolkovDmitri (big blind) folded before Flop


PokerStars Hand #151548591109:  Hold'em Limit ($3/$6 USD) - 2016/04/06 23:41:04 ET
Table 'Grafias' 6-max Seat #5 is the button
Seat 2: Mackeral ($55.91 in chips)
Seat 5: VolkovDmitri ($165.64 in chips)
VolkovDmitri: posts small blind $1
Mackeral: posts big blind $3
*** HOLE CARDS ***
VolkovDmitri: raises $3 to $6
Mackeral: calls $3
*** FLOP *** [9d 3h Js]
Mackeral: bets $3
VolkovDmitri: folds
Uncalled bet ($3) returned to Mackeral
Mackeral collected $11.76 from pot
Mackeral: doesn't show hand
*** SUMMARY ***
Total pot $12 | Rake $0.24
Board [9d 3h Js]
Seat 2: Mackeral (big blind) collected ($11.76)
Seat 5: VolkovDmitri (button) (small blind) folded on the Flop


PokerStars Hand #151548589534:  Hold'em Limit ($3/$6 USD) - 2016/04/06 23:40:58 ET
Table 'Grafias' 6-max Seat #2 is the button
Seat 2: Mackeral ($56.91 in chips)
Seat 5: VolkovDmitri ($164.64 in chips)
Mackeral: posts small blind $1
VolkovDmitri: posts big blind $3
*** HOLE CARDS ***
Mackeral: folds
Uncalled bet ($2) returned to VolkovDmitri
VolkovDmitri collected $2 from pot
VolkovDmitri: doesn't show hand
*** SUMMARY ***
Total pot $2 | Rake $0
Seat 2: Mackeral (button) (small blind) folded before Flop
Seat 5: VolkovDmitri (big blind) collected ($2)


PokerStars Hand #151548611115:  Hold'em Limit ($3/$6 USD) - 2016/04/06 23:42:14 ET
Table 'Grafias' 6-max Seat #2 is the button
Seat 2: Mackeral ($61.31 in chips)
Seat 5: VolkovDmitri ($159.28 in chips)
Mackeral: posts small blind $1
VolkovDmitri: posts big blind $3
*** HOLE CARDS ***
Mackeral: raises $3 to $6
VolkovDmitri: calls $3
*** FLOP *** [6d 2h Kc]
VolkovDmitri: checks
Mackeral: bets $3
VolkovDmitri: folds
Uncalled bet ($3) returned to Mackeral
Mackeral collected $11.76 from pot
Mackeral: doesn't show hand
*** SUMMARY ***
Total pot $12 | Rake $0.24
Board [6d 2h Kc]
Seat 2: Mackeral (button) (small blind) collected ($11.76)
Seat 5: VolkovDmitri (big blind) folded on the Flop


PokerStars Hand #151548606852:  Hold'em Limit ($3/$6 USD) - 2016/04/06 23:41:59 ET
Table 'Grafias' 6-max Seat #5 is the button
Seat 2: Mackeral ($52.67 in chips)
Seat 5: VolkovDmitri ($168.28 in chips)
VolkovDmitri: posts small blind $1
Mackeral: posts big blind $3
*** HOLE CARDS ***
VolkovDmitri: raises $3 to $6
Mackeral: raises $3 to $9
VolkovDmitri: calls $3
*** FLOP *** [4d Jd Qs]
Mackeral: bets $3
VolkovDmitri: folds
Uncalled bet ($3) returned to Mackeral
Mackeral collected $17.64 from pot
Mackeral: doesn't show hand
*** SUMMARY ***
Total pot $18 | Rake $0.36
Board [4d Jd Qs]
Seat 2: Mackeral (big blind) collected ($17.64)
Seat 5: VolkovDmitri (button) (small blind) folded on the Flop


PokerStars Hand #151548617786:  Hold'em Limit ($3/$6 USD) - 2016/04/06 23:42:38 ET
Table 'Grafias' 6-max Seat #5 is the button
Seat 2: Mackeral ($67.07 in chips)
Seat 5: VolkovDmitri ($153.28 in chips)
VolkovDmitri: posts small blind $1
Mackeral: posts big blind $3
*** HOLE CARDS ***
VolkovDmitri: raises $3 to $6
Mackeral: calls $3
*** FLOP *** [Kc 4d Jd]
Mackeral: checks
VolkovDmitri: bets $3
Mackeral: folds
Uncalled bet ($3) returned to VolkovDmitri
VolkovDmitri collected $11.76 from pot
VolkovDmitri: doesn't show hand
*** SUMMARY ***
Total pot $12 | Rake $0.24
Board [Kc 4d Jd]
Seat 2: Mackeral (big blind) folded on the Flop
Seat 5: VolkovDmitri (button) (small blind) collected ($11.76)


PokerStars Hand #151548625342:  Hold'em Limit ($3/$6 USD) - 2016/04/06 23:43:05 ET
Table 'Grafias' 6-max Seat #2 is the button
Seat 2: Mackeral ($61.07 in chips)
Seat 5: VolkovDmitri ($159.04 in chips)
Mackeral: posts small blind $1
VolkovDmitri: posts big blind $3
*** HOLE CARDS ***
Mackeral: folds
Uncalled bet ($2) returned to VolkovDmitri
VolkovDmitri collected $2 from pot
VolkovDmitri: doesn't show hand
*** SUMMARY ***
Total pot $2 | Rake $0
Seat 2: Mackeral (button) (small blind) folded before Flop
Seat 5: VolkovDmitri (big blind) collected ($2)


PokerStars Hand #151548626806:  Hold'em Limit ($3/$6 USD) - 2016/04/06 23:43:10 ET
Table 'Grafias' 6-max Seat #5 is the button
Seat 2: Mackeral ($60.07 in chips)
Seat 5: VolkovDmitri ($160.04 in chips)
VolkovDmitri: posts small blind $1
Mackeral: posts big blind $3
*** HOLE CARDS ***
VolkovDmitri: raises $3 to $6
Mackeral: calls $3
*** FLOP *** [7h 6c 7c]
Mackeral: checks
VolkovDmitri: checks
*** TURN *** [7h 6c 7c] [Qd]
Mackeral: checks
VolkovDmitri: bets $6
Mackeral: calls $6
*** RIVER *** [7h 6c 7c Qd] [7d]
Mackeral: checks
VolkovDmitri: bets $6
Mackeral: calls $6
*** SHOW DOWN ***
VolkovDmitri: shows [2s Qc] (a full house, Sevens full of Queens)
Mackeral: mucks hand
VolkovDmitri collected $35.50 from pot
*** SUMMARY ***
Total pot $36 | Rake $0.50
Board [7h 6c 7c Qd 7d]
Seat 2: Mackeral (big blind) mucked
Seat 5: VolkovDmitri (button) (small blind) showed [2s Qc] and won ($35.50) with a full house, Sevens full of Queens


PokerStars Hand #151548636428:  Hold'em Limit ($3/$6 USD) - 2016/04/06 23:43:44 ET
Table 'Grafias' 6-max Seat #2 is the button
Seat 2: Mackeral ($42.07 in chips)
Seat 5: VolkovDmitri ($177.54 in chips)
Mackeral: posts small blind $1
VolkovDmitri: posts big blind $3
*** HOLE CARDS ***
Mackeral: raises $3 to $6
VolkovDmitri: raises $3 to $9
Mackeral: raises $3 to $12
Betting is capped
VolkovDmitri: calls $3
*** FLOP *** [Ah 5d 5h]
VolkovDmitri: checks
Mackeral: bets $3
VolkovDmitri: raises $3 to $6
Mackeral: calls $3
*** TURN *** [Ah 5d 5h] [Th]
VolkovDmitri: bets $6
Mackeral: calls $6
*** RIVER *** [Ah 5d 5h Th] [7h]
VolkovDmitri: bets $6
Mackeral: raises $6 to $12
VolkovDmitri: calls $6
*** SHOW DOWN ***
Mackeral: shows [Kh Ks] (a flush, Ace high)
VolkovDmitri: mucks hand
Mackeral collected $71.50 from pot
*** SUMMARY ***
Total pot $72 | Rake $0.50
Board [Ah 5d 5h Th 7h]
Seat 2: Mackeral (button) (small blind) showed [Kh Ks] and won ($71.50) with a flush, Ace high
Seat 5: VolkovDmitri (big blind) mucked


PokerStars Hand #151548652179:  Hold'em Limit ($3/$6 USD) - 2016/04/06 23:44:40 ET
Table 'Grafias' 6-max Seat #5 is the button
Seat 2: Mackeral ($77.57 in chips)
Seat 5: VolkovDmitri ($141.54 in chips)
VolkovDmitri: posts small blind $1
Mackeral: posts big blind $3
*** HOLE CARDS ***
VolkovDmitri: raises $3 to $6
Mackeral: calls $3
*** FLOP *** [3d 9c 3s]
Mackeral: checks
VolkovDmitri: bets $3
Mackeral: folds
Uncalled bet ($3) returned to VolkovDmitri
VolkovDmitri collected $11.76 from pot
VolkovDmitri: doesn't show hand
*** SUMMARY ***
Total pot $12 | Rake $0.24
Board [3d 9c 3s]
Seat 2: Mackeral (big blind) folded on the Flop
Seat 5: VolkovDmitri (button) (small blind) collected ($11.76)


PokerStars Hand #151548657098:  Hold'em Limit ($3/$6 USD) - 2016/04/06 23:44:57 ET
Table 'Grafias' 6-max Seat #2 is the button
Seat 2: Mackeral ($71.57 in chips)
Seat 5: VolkovDmitri ($147.30 in chips)
Mackeral: posts small blind $1
VolkovDmitri: posts big blind $3
*** HOLE CARDS ***
Mackeral: folds
Uncalled bet ($2) returned to VolkovDmitri
VolkovDmitri collected $2 from pot
VolkovDmitri: doesn't show hand
*** SUMMARY ***
Total pot $2 | Rake $0
Seat 2: Mackeral (button) (small blind) folded before Flop
Seat 5: VolkovDmitri (big blind) collected ($2)


PokerStars Hand #151548658621:  Hold'em Limit ($3/$6 USD) - 2016/04/06 23:45:03 ET
Table 'Grafias' 6-max Seat #5 is the button
Seat 2: Mackeral ($70.57 in chips)
Seat 5: VolkovDmitri ($148.30 in chips)
VolkovDmitri: posts small blind $1
Mackeral: posts big blind $3
*** HOLE CARDS ***
VolkovDmitri: raises $3 to $6
Mackeral: calls $3
*** FLOP *** [7h Js Kh]
Mackeral: checks
VolkovDmitri: bets $3
Mackeral: raises $3 to $6
VolkovDmitri: folds
Uncalled bet ($3) returned to Mackeral
Mackeral collected $17.64 from pot
Mackeral: doesn't show hand
*** SUMMARY ***
Total pot $18 | Rake $0.36
Board [7h Js Kh]
Seat 2: Mackeral (big blind) collected ($17.64)
Seat 5: VolkovDmitri (button) (small blind) folded on the Flop


PokerStars Hand #151548677392:  Hold'em Limit ($3/$6 USD) - 2016/04/06 23:46:09 ET
Table 'Grafias' 6-max Seat #5 is the button
Seat 2: Mackeral ($55.21 in chips)
Seat 5: VolkovDmitri ($162.80 in chips)
VolkovDmitri: posts small blind $1
Mackeral: posts big blind $3
*** HOLE CARDS ***
VolkovDmitri: raises $3 to $6
Mackeral: folds
Uncalled bet ($3) returned to VolkovDmitri
VolkovDmitri collected $6 from pot
VolkovDmitri: doesn't show hand
*** SUMMARY ***
Total pot $6 | Rake $0
Seat 2: Mackeral (big blind) folded before Flop
Seat 5: VolkovDmitri (button) (small blind) collected ($6)


PokerStars Hand #151548667624:  Hold'em Limit ($3/$6 USD) - 2016/04/06 23:45:35 ET
Table 'Grafias' 6-max Seat #2 is the button
Seat 2: Mackeral ($79.21 in chips)
Seat 5: VolkovDmitri ($139.30 in chips)
Mackeral: posts small blind $1
VolkovDmitri: posts big blind $3
*** HOLE CARDS ***
Mackeral: raises $3 to $6
VolkovDmitri: raises $3 to $9
Mackeral: calls $3
*** FLOP *** [3h 3s 7s]
VolkovDmitri: bets $3
Mackeral: calls $3
*** TURN *** [3h 3s 7s] [Kc]
VolkovDmitri: bets $6
Mackeral: calls $6
*** RIVER *** [3h 3s 7s Kc] [2c]
VolkovDmitri: bets $6
Mackeral: calls $6
*** SHOW DOWN ***
VolkovDmitri: shows [Kd Jc] (two pair, Kings and Threes)
Mackeral: mucks hand
VolkovDmitri collected $47.50 from pot
*** SUMMARY ***
Total pot $48 | Rake $0.50
Board [3h 3s 7s Kc 2c]
Seat 2: Mackeral (button) (small blind) mucked
Seat 5: VolkovDmitri (big blind) showed [Kd Jc] and won ($47.50) with two pair, Kings and Threes


PokerStars Hand #151548680206:  Hold'em Limit ($3/$6 USD) - 2016/04/06 23:46:19 ET
Table 'Grafias' 6-max Seat #2 is the button
Seat 2: Mackeral ($52.21 in chips)
Seat 5: VolkovDmitri ($165.80 in chips)
Mackeral: posts small blind $1
VolkovDmitri: posts big blind $3
*** HOLE CARDS ***
Mackeral: raises $3 to $6
VolkovDmitri: calls $3
*** FLOP *** [7c Ac 9c]
carmello774 joins the table at seat #3
VolkovDmitri: checks
Mackeral: bets $3
VolkovDmitri: calls $3
*** TURN *** [7c Ac 9c] [9h]
VolkovDmitri: checks
Mackeral: checks
*** RIVER *** [7c Ac 9c 9h] [Kd]
VolkovDmitri: checks
Mackeral: bets $6
VolkovDmitri: calls $6
*** SHOW DOWN ***
Mackeral: shows [Jh Jd] (two pair, Jacks and Nines)
VolkovDmitri: mucks hand
Mackeral collected $29.50 from pot
*** SUMMARY ***
Total pot $30 | Rake $0.50
Board [7c Ac 9c 9h Kd]
Seat 2: Mackeral (button) (small blind) showed [Jh Jd] and won ($29.50) with two pair, Jacks and Nines
Seat 5: VolkovDmitri (big blind) mucked


PokerStars Hand #151548691644:  Hold'em Limit ($3/$6 USD) - 2016/04/06 23:47:00 ET
Table 'Grafias' 6-max Seat #5 is the button
Seat 2: Mackeral ($66.71 in chips)
Seat 5: VolkovDmitri ($150.80 in chips)
VolkovDmitri: posts small blind $1
Mackeral: posts big blind $3
*** HOLE CARDS ***
VolkovDmitri: folds
Uncalled bet ($2) returned to Mackeral
Mackeral collected $2 from pot
Mackeral: doesn't show hand
*** SUMMARY ***
Total pot $2 | Rake $0
Seat 2: Mackeral (big blind) collected ($2)
Seat 5: VolkovDmitri (button) (small blind) folded before Flop


PokerStars Hand #151548720863:  Hold'em Limit ($3/$6 USD) - 2016/04/06 23:48:43 ET
Table 'Grafias' 6-max Seat #3 is the button
Seat 2: Mackeral ($98.82 in chips)
Seat 3: carmello774 ($101 in chips)
carmello774: posts small blind $1
VolkovDmitri: is sitting out
Mackeral: posts big blind $3
*** HOLE CARDS ***
carmello774: raises $3 to $6
Mackeral: calls $3
*** FLOP *** [Jh Tc 2c]
Mackeral: checks
carmello774: bets $3
Mackeral: calls $3
*** TURN *** [Jh Tc 2c] [6s]
Mackeral: checks
carmello774: checks
*** RIVER *** [Jh Tc 2c 6s] [As]
VolkovDmitri leaves the table
Mackeral: bets $6
carmello774: folds
Uncalled bet ($6) returned to Mackeral
Mackeral collected $17.64 from pot
Mackeral: doesn't show hand
*** SUMMARY ***
Total pot $18 | Rake $0.36
Board [Jh Tc 2c 6s As]
Seat 2: Mackeral (big blind) collected ($17.64)
Seat 3: carmello774 (button) (small blind) folded on the River


PokerStars Hand #151548726913:  Hold'em Limit ($3/$6 USD) - 2016/04/06 23:49:05 ET
Table 'Grafias' 6-max Seat #2 is the button
Seat 2: Mackeral ($107.46 in chips)
Seat 3: carmello774 ($92 in chips)
Mackeral: posts small blind $1
carmello774: posts big blind $3
*** HOLE CARDS ***
Mackeral: raises $3 to $6
carmello774: calls $3
*** FLOP *** [Ts As 5h]
carmello774: checks
Mackeral: bets $3
carmello774: folds
Uncalled bet ($3) returned to Mackeral
Mackeral collected $11.76 from pot
Mackeral: doesn't show hand
*** SUMMARY ***
Total pot $12 | Rake $0.24
Board [Ts As 5h]
Seat 2: Mackeral (button) (small blind) collected ($11.76)
Seat 3: carmello774 (big blind) folded on the Flop


PokerStars Hand #151548732702:  Hold'em Limit ($3/$6 USD) - 2016/04/06 23:49:25 ET
Table 'Grafias' 6-max Seat #2 is the button
Seat 2: Mackeral ($110.22 in chips)
Seat 3: carmello774 ($89 in chips)
Mackeral: posts small blind $1
carmello774: posts big blind $3
*** HOLE CARDS ***
Mackeral: folds
Uncalled bet ($2) returned to carmello774
carmello774 collected $2 from pot
carmello774: doesn't show hand
*** SUMMARY ***
Total pot $2 | Rake $0
Seat 2: Mackeral (button) (small blind) folded before Flop
Seat 3: carmello774 (big blind) collected ($2)


PokerStars Hand #151548730535:  Hold'em Limit ($3/$6 USD) - 2016/04/06 23:49:17 ET
Table 'Grafias' 6-max Seat #3 is the button
Seat 2: Mackeral ($113.22 in chips)
Seat 3: carmello774 ($86 in chips)
carmello774: posts small blind $1
Mackeral: posts big blind $3
*** HOLE CARDS ***
carmello774: raises $3 to $6
Mackeral: folds
Uncalled bet ($3) returned to carmello774
carmello774 collected $6 from pot
carmello774: doesn't show hand
*** SUMMARY ***
Total pot $6 | Rake $0
Seat 2: Mackeral (big blind) folded before Flop
Seat 3: carmello774 (button) (small blind) collected ($6)


PokerStars Hand #151548734437:  Hold'em Limit ($3/$6 USD) - 2016/04/06 23:49:31 ET
Table 'Grafias' 6-max Seat #3 is the button
Seat 2: Mackeral ($109.22 in chips)
Seat 3: carmello774 ($90 in chips)
carmello774: posts small blind $1
Mackeral: posts big blind $3
*** HOLE CARDS ***
carmello774: raises $3 to $6
Mackeral: calls $3
*** FLOP *** [6s Jc 3h]
Mackeral: checks
carmello774: bets $3
Mackeral: folds
Uncalled bet ($3) returned to carmello774
carmello774 collected $11.76 from pot
carmello774: doesn't show hand
*** SUMMARY ***
Total pot $12 | Rake $0.24
Board [6s Jc 3h]
Seat 2: Mackeral (big blind) folded on the Flop
Seat 3: carmello774 (button) (small blind) collected ($11.76)


PokerStars Hand #151548749410:  Hold'em Limit ($3/$6 USD) - 2016/04/06 23:50:24 ET
Table 'Grafias' 6-max Seat #2 is the button
Seat 2: Mackeral ($108.86 in chips)
Seat 3: carmello774 ($89.76 in chips)
Mackeral: posts small blind $1
carmello774: posts big blind $3
*** HOLE CARDS ***
Mackeral: raises $3 to $6
carmello774: raises $3 to $9
Mackeral: calls $3
*** FLOP *** [2h 6d Ks]
carmello774: bets $3
Mackeral: calls $3
*** TURN *** [2h 6d Ks] [4d]
carmello774: bets $6
Mackeral: folds
Uncalled bet ($6) returned to carmello774
carmello774 collected $23.52 from pot
carmello774: doesn't show hand
*** SUMMARY ***
Total pot $24 | Rake $0.48
Board [2h 6d Ks 4d]
Seat 2: Mackeral (button) (small blind) folded on the Turn
Seat 3: carmello774 (big blind) collected ($23.52)


PokerStars Hand #151548739662:  Hold'em Limit ($3/$6 USD) - 2016/04/06 23:49:49 ET
Table 'Grafias' 6-max Seat #2 is the button
Seat 2: Mackeral ($103.22 in chips)
Seat 3: carmello774 ($95.76 in chips)
Mackeral: posts small blind $1
carmello774: posts big blind $3
*** HOLE CARDS ***
Mackeral: raises $3 to $6
carmello774: calls $3
*** FLOP *** [3s 7h 8c]
carmello774: checks
Mackeral: bets $3
carmello774: calls $3
*** TURN *** [3s 7h 8c] [2h]
carmello774: checks
Mackeral: bets $6
carmello774: folds
Uncalled bet ($6) returned to Mackeral
Mackeral collected $17.64 from pot
Mackeral: doesn't show hand
*** SUMMARY ***
Total pot $18 | Rake $0.36
Board [3s 7h 8c 2h]
Seat 2: Mackeral (button) (small blind) collected ($17.64)
Seat 3: carmello774 (big blind) folded on the Turn


PokerStars Hand #151548753855:  Hold'em Limit ($3/$6 USD) - 2016/04/06 23:50:39 ET
Table 'Grafias' 6-max Seat #3 is the button
Seat 2: Mackeral ($96.86 in chips)
Seat 3: carmello774 ($101.28 in chips)
carmello774: posts small blind $1
Mackeral: posts big blind $3
*** HOLE CARDS ***
carmello774: raises $3 to $6
Mackeral: raises $3 to $9
carmello774: calls $3
*** FLOP *** [6h 5c 3c]
Mackeral: bets $3
carmello774: raises $3 to $6
Mackeral: calls $3
*** TURN *** [6h 5c 3c] [5h]
Mackeral: checks
carmello774: bets $6
Mackeral: calls $6
*** RIVER *** [6h 5c 3c 5h] [6s]
Mackeral: checks
carmello774: checks
*** SHOW DOWN ***
Mackeral: shows [Ks Qd] (two pair, Sixes and Fives)
carmello774: mucks hand
Mackeral collected $41.50 from pot
*** SUMMARY ***
Total pot $42 | Rake $0.50
Board [6h 5c 3c 5h 6s]
Seat 2: Mackeral (big blind) showed [Ks Qd] and won ($41.50) with two pair, Sixes and Fives
Seat 3: carmello774 (button) (small blind) mucked


PokerStars Hand #151548744939:  Hold'em Limit ($3/$6 USD) - 2016/04/06 23:50:08 ET
Table 'Grafias' 6-max Seat #3 is the button
Seat 2: Mackeral ($111.86 in chips)
Seat 3: carmello774 ($86.76 in chips)
carmello774: posts small blind $1
Mackeral: posts big blind $3
*** HOLE CARDS ***
carmello774: raises $3 to $6
Mackeral: folds
Uncalled bet ($3) returned to carmello774
carmello774 collected $6 from pot
carmello774: doesn't show hand
*** SUMMARY ***
Total pot $6 | Rake $0
Seat 2: Mackeral (big blind) folded before Flop
Seat 3: carmello774 (button) (small blind) collected ($6)


PokerStars Hand #151548762895:  Hold'em Limit ($3/$6 USD) - 2016/04/06 23:51:11 ET
Table 'Grafias' 6-max Seat #2 is the button
Seat 2: Mackeral ($117.36 in chips)
Seat 3: carmello774 ($80.28 in chips)
Mackeral: posts small blind $1
carmello774: posts big blind $3
*** HOLE CARDS ***
Mackeral: raises $3 to $6
Brama Br joins the table at seat #4
carmello774: calls $3
*** FLOP *** [7d Kc 5c]
carmello774: checks
Mackeral: bets $3
carmello774: calls $3
*** TURN *** [7d Kc 5c] [9h]
carmello774: checks
Mackeral: bets $6
carmello774: calls $6
*** RIVER *** [7d Kc 5c 9h] [8h]
carmello774: bets $6
Mackeral: calls $6
*** SHOW DOWN ***
carmello774: shows [7c 8d] (two pair, Eights and Sevens)
Mackeral: mucks hand
carmello774 collected $41.50 from pot
*** SUMMARY ***
Total pot $42 | Rake $0.50
Board [7d Kc 5c 9h 8h]
Seat 2: Mackeral (button) (small blind) mucked
Seat 3: carmello774 (big blind) showed [7c 8d] and won ($41.50) with two pair, Eights and Sevens


PokerStars Hand #151548759772:  Hold'em Limit ($3/$6 USD) - 2016/04/06 23:51:00 ET
Table 'Grafias' 6-max Seat #2 is the button
Seat 2: Mackeral ($117.36 in chips)
Seat 3: carmello774 ($80.28 in chips)
Mackeral: posts small blind $1
carmello774: posts big blind $3
*** HOLE CARDS ***
Mackeral: folds
Uncalled bet ($2) returned to carmello774
carmello774 collected $2 from pot
carmello774: doesn't show hand
*** SUMMARY ***
Total pot $2 | Rake $0
Seat 2: Mackeral (button) (small blind) folded before Flop
Seat 3: carmello774 (big blind) collected ($2)


PokerStars Hand #151548761221:  Hold'em Limit ($3/$6 USD) - 2016/04/06 23:51:05 ET
Table 'Grafias' 6-max Seat #3 is the button
Seat 2: Mackeral ($116.36 in chips)
Seat 3: carmello774 ($81.28 in chips)
carmello774: posts small blind $1
Mackeral: posts big blind $3
*** HOLE CARDS ***
carmello774: folds
Uncalled bet ($2) returned to Mackeral
Mackeral collected $2 from pot
Mackeral: doesn't show hand
*** SUMMARY ***
Total pot $2 | Rake $0
Seat 2: Mackeral (big blind) collected ($2)
Seat 3: carmello774 (button) (small blind) folded before Flop


PokerStars Hand #151549126247:  Hold'em Limit ($3/$6 USD) - 2016/04/07 0:13:57 ET
Table 'Grafias' 6-max Seat #3 is the button
Seat 2: Mackeral ($71.10 in chips)
Seat 3: carmello774 ($356.91 in chips)
carmello774: posts small blind $1
Mackeral: posts big blind $3
*** HOLE CARDS ***
carmello774: folds
Uncalled bet ($2) returned to Mackeral
Mackeral collected $2 from pot
Mackeral: doesn't show hand
*** SUMMARY ***
Total pot $2 | Rake $0
Seat 2: Mackeral (big blind) collected ($2)
Seat 3: carmello774 (button) (small blind) folded before Flop


PokerStars Hand #151549124829:  Hold'em Limit ($3/$6 USD) - 2016/04/07 0:13:51 ET
Table 'Grafias' 6-max Seat #2 is the button
Seat 2: Mackeral ($72.10 in chips)
Seat 3: carmello774 ($355.91 in chips)
Mackeral: posts small blind $1
carmello774: posts big blind $3
*** HOLE CARDS ***
Mackeral: folds
Uncalled bet ($2) returned to carmello774
carmello774 collected $2 from pot
carmello774: doesn't show hand
*** SUMMARY ***
Total pot $2 | Rake $0
Seat 2: Mackeral (button) (small blind) folded before Flop
Seat 3: carmello774 (big blind) collected ($2)


PokerStars Hand #151549107707:  Hold'em Limit ($3/$6 USD) - 2016/04/07 0:12:46 ET
Table 'Grafias' 6-max Seat #2 is the button
Seat 2: Mackeral ($123.10 in chips)
Seat 3: carmello774 ($305.91 in chips)
Mackeral: posts small blind $1
carmello774: posts big blind $3
*** HOLE CARDS ***
Mackeral: raises $3 to $6
carmello774: raises $3 to $9
Mackeral: calls $3
*** FLOP *** [9d 6c 9c]
carmello774: bets $3
Mackeral: calls $3
*** TURN *** [9d 6c 9c] [Ac]
carmello774: bets $6
Mackeral: calls $6
*** RIVER *** [9d 6c 9c Ac] [7d]
carmello774: bets $6
Mackeral: calls $6
*** SHOW DOWN ***
carmello774: shows [Qh As] (two pair, Aces and Nines)
Mackeral: mucks hand
carmello774 collected $47.50 from pot
*** SUMMARY ***
Total pot $48 | Rake $0.50
Board [9d 6c 9c Ac 7d]
Seat 2: Mackeral (button) (small blind) mucked
Seat 3: carmello774 (big blind) showed [Qh As] and won ($47.50) with two pair, Aces and Nines


PokerStars Hand #151549114333:  Hold'em Limit ($3/$6 USD) - 2016/04/07 0:13:12 ET
Table 'Grafias' 6-max Seat #3 is the button
Seat 2: Mackeral ($99.10 in chips)
Seat 3: carmello774 ($329.41 in chips)
carmello774: posts small blind $1
Mackeral: posts big blind $3
*** HOLE CARDS ***
carmello774: folds
Uncalled bet ($2) returned to Mackeral
Mackeral collected $2 from pot
Mackeral: doesn't show hand
*** SUMMARY ***
Total pot $2 | Rake $0
Seat 2: Mackeral (big blind) collected ($2)
Seat 3: carmello774 (button) (small blind) folded before Flop


PokerStars Hand #151549116661:  Hold'em Limit ($3/$6 USD) - 2016/04/07 0:13:20 ET
Table 'Grafias' 6-max Seat #2 is the button
Seat 2: Mackeral ($100.10 in chips)
Seat 3: carmello774 ($328.41 in chips)
Mackeral: posts small blind $1
carmello774: posts big blind $3
*** HOLE CARDS ***
Mackeral: folds
Uncalled bet ($2) returned to carmello774
carmello774 collected $2 from pot
carmello774: doesn't show hand
*** SUMMARY ***
Total pot $2 | Rake $0
Seat 2: Mackeral (button) (small blind) folded before Flop
Seat 3: carmello774 (big blind) collected ($2)


PokerStars Hand #151549118253:  Hold'em Limit ($3/$6 USD) - 2016/04/07 0:13:26 ET
Table 'Grafias' 6-max Seat #3 is the button
Seat 2: Mackeral ($99.10 in chips)
Seat 3: carmello774 ($329.41 in chips)
carmello774: posts small blind $1
Mackeral: posts big blind $3
*** HOLE CARDS ***
carmello774: raises $3 to $6
Mackeral: calls $3
*** FLOP *** [9h 5c 6d]
Mackeral: bets $3
carmello774: calls $3
*** TURN *** [9h 5c 6d] [Kc]
Mackeral: bets $6
carmello774: raises $6 to $12
Mackeral: calls $6
*** RIVER *** [9h 5c 6d Kc] [5d]
Mackeral: checks
carmello774: bets $6
Mackeral: calls $6
*** SHOW DOWN ***
carmello774: shows [Ks Tc] (two pair, Kings and Fives)
Mackeral: mucks hand
carmello774 collected $53.50 from pot
*** SUMMARY ***
Total pot $54 | Rake $0.50
Board [9h 5c 6d Kc 5d]
Seat 2: Mackeral (big blind) mucked
Seat 3: carmello774 (button) (small blind) showed [Ks Tc] and won ($53.50) with two pair, Kings and Fives


PokerStars Hand #151549127871:  Hold'em Limit ($3/$6 USD) - 2016/04/07 0:14:03 ET
Table 'Grafias' 6-max Seat #2 is the button
Seat 2: Mackeral ($72.10 in chips)
Seat 3: carmello774 ($355.91 in chips)
Mackeral: posts small blind $1
carmello774: posts big blind $3
*** HOLE CARDS ***
Mackeral: folds
Uncalled bet ($2) returned to carmello774
carmello774 collected $2 from pot
carmello774: doesn't show hand
*** SUMMARY ***
Total pot $2 | Rake $0
Seat 2: Mackeral (button) (small blind) folded before Flop
Seat 3: carmello774 (big blind) collected ($2)


PokerStars Hand #151549130057:  Hold'em Limit ($3/$6 USD) - 2016/04/07 0:14:11 ET
Table 'Grafias' 6-max Seat #3 is the button
Seat 2: Mackeral ($71.10 in chips)
Seat 3: carmello774 ($356.91 in chips)
carmello774: posts small blind $1
Mackeral: posts big blind $3
*** HOLE CARDS ***
carmello774: raises $3 to $6
Mackeral: calls $3
*** FLOP *** [3s Tc Ks]
Mackeral: bets $3
carmello774: raises $3 to $6
Mackeral: calls $3
*** TURN *** [3s Tc Ks] [3h]
Mackeral: checks
carmello774: bets $6
Mackeral: folds
Uncalled bet ($6) returned to carmello774
carmello774 collected $23.52 from pot
carmello774: doesn't show hand
*** SUMMARY ***
Total pot $24 | Rake $0.48
Board [3s Tc Ks 3h]
Seat 2: Mackeral (big blind) folded on the Turn
Seat 3: carmello774 (button) (small blind) collected ($23.52)


PokerStars Hand #151549136449:  Hold'em Limit ($3/$6 USD) - 2016/04/07 0:14:36 ET
Table 'Grafias' 6-max Seat #2 is the button
Seat 2: Mackeral ($59.10 in chips)
Seat 3: carmello774 ($368.43 in chips)
Mackeral: posts small blind $1
carmello774: posts big blind $3
*** HOLE CARDS ***
Mackeral: raises $3 to $6
carmello774: folds
Uncalled bet ($3) returned to Mackeral
Mackeral collected $6 from pot
Mackeral: doesn't show hand
*** SUMMARY ***
Total pot $6 | Rake $0
Seat 2: Mackeral (button) (small blind) collected ($6)
Seat 3: carmello774 (big blind) folded before Flop


PokerStars Hand #151549138235:  Hold'em Limit ($3/$6 USD) - 2016/04/07 0:14:42 ET
Table 'Grafias' 6-max Seat #3 is the button
Seat 2: Mackeral ($62.10 in chips)
Seat 3: carmello774 ($365.43 in chips)
carmello774: posts small blind $1
Mackeral: posts big blind $3
*** HOLE CARDS ***
carmello774: raises $3 to $6
Mackeral: calls $3
*** FLOP *** [4c 7h 3d]
Mackeral: checks
carmello774: bets $3
Mackeral: calls $3
*** TURN *** [4c 7h 3d] [6s]
Mackeral: checks
carmello774: checks
*** RIVER *** [4c 7h 3d 6s] [Qh]
Mackeral: checks
carmello774: bets $6
Mackeral: folds
Uncalled bet ($6) returned to carmello774
carmello774 collected $17.64 from pot
carmello774: doesn't show hand
*** SUMMARY ***
Total pot $18 | Rake $0.36
Board [4c 7h 3d 6s Qh]
Seat 2: Mackeral (big blind) folded on the River
Seat 3: carmello774 (button) (small blind) collected ($17.64)


PokerStars Hand #151549151457:  Hold'em Limit ($3/$6 USD) - 2016/04/07 0:15:32 ET
Table 'Grafias' 6-max Seat #3 is the button
Seat 2: Mackeral ($59.74 in chips)
Seat 3: carmello774 ($367.07 in chips)
carmello774: posts small blind $1
Mackeral: posts big blind $3
*** HOLE CARDS ***
carmello774: raises $3 to $6
Mackeral: raises $3 to $9
carmello774: calls $3
*** FLOP *** [9h Kc Ah]
Mackeral: bets $3
carmello774: folds
Uncalled bet ($3) returned to Mackeral
Mackeral collected $17.64 from pot
Mackeral: doesn't show hand
*** SUMMARY ***
Total pot $18 | Rake $0.36
Board [9h Kc Ah]
Seat 2: Mackeral (big blind) collected ($17.64)
Seat 3: carmello774 (button) (small blind) folded on the Flop


PokerStars Hand #151549144164:  Hold'em Limit ($3/$6 USD) - 2016/04/07 0:15:05 ET
Table 'Grafias' 6-max Seat #2 is the button
Seat 2: Mackeral ($53.10 in chips)
Seat 3: carmello774 ($374.07 in chips)
Mackeral: posts small blind $1
carmello774: posts big blind $3
*** HOLE CARDS ***
Mackeral: folds
Uncalled bet ($2) returned to carmello774
carmello774 collected $2 from pot
carmello774: doesn't show hand
*** SUMMARY ***
Total pot $2 | Rake $0
Seat 2: Mackeral (button) (small blind) folded before Flop
Seat 3: carmello774 (big blind) collected ($2)


PokerStars Hand #151549149988:  Hold'em Limit ($3/$6 USD) - 2016/04/07 0:15:27 ET
Table 'Grafias' 6-max Seat #2 is the button
Seat 2: Mackeral ($60.74 in chips)
Seat 3: carmello774 ($366.07 in chips)
Mackeral: posts small blind $1
carmello774: posts big blind $3
*** HOLE CARDS ***
Mackeral: folds
Uncalled bet ($2) returned to carmello774
carmello774 collected $2 from pot
carmello774: doesn't show hand
*** SUMMARY ***
Total pot $2 | Rake $0
Seat 2: Mackeral (button) (small blind) folded before Flop
Seat 3: carmello774 (big blind) collected ($2)


PokerStars Hand #151549145573:  Hold'em Limit ($3/$6 USD) - 2016/04/07 0:15:10 ET
Table 'Grafias' 6-max Seat #3 is the button
Seat 2: Mackeral ($52.10 in chips)
Seat 3: carmello774 ($375.07 in chips)
carmello774: posts small blind $1
Mackeral: posts big blind $3
*** HOLE CARDS ***
carmello774: raises $3 to $6
Mackeral: calls $3
*** FLOP *** [Ac Tc 9s]
Mackeral: checks
carmello774: bets $3
Mackeral: raises $3 to $6
carmello774: folds
Uncalled bet ($3) returned to Mackeral
Mackeral collected $17.64 from pot
Mackeral: doesn't show hand
*** SUMMARY ***
Total pot $18 | Rake $0.36
Board [Ac Tc 9s]
Seat 2: Mackeral (big blind) collected ($17.64)
Seat 3: carmello774 (button) (small blind) folded on the Flop


PokerStars Hand #151549154836:  Hold'em Limit ($3/$6 USD) - 2016/04/07 0:15:45 ET
Table 'Grafias' 6-max Seat #2 is the button
Seat 2: Mackeral ($68.38 in chips)
Seat 3: carmello774 ($358.07 in chips)
Mackeral: posts small blind $1
carmello774: posts big blind $3
*** HOLE CARDS ***
Mackeral: raises $3 to $6
carmello774: calls $3
*** FLOP *** [Qs Ad 7c]
carmello774: checks
Mackeral: checks
*** TURN *** [Qs Ad 7c] [Td]
carmello774: checks
Mackeral: bets $6
carmello774: folds
Uncalled bet ($6) returned to Mackeral
Mackeral collected $11.76 from pot
Mackeral: doesn't show hand
*** SUMMARY ***
Total pot $12 | Rake $0.24
Board [Qs Ad 7c Td]
Seat 2: Mackeral (button) (small blind) collected ($11.76)
Seat 3: carmello774 (big blind) folded on the Turn


PokerStars Hand #151549159211:  Hold'em Limit ($3/$6 USD) - 2016/04/07 0:16:01 ET
Table 'Grafias' 6-max Seat #3 is the button
Seat 2: Mackeral ($74.14 in chips)
Seat 3: carmello774 ($352.07 in chips)
carmello774: posts small blind $1
Mackeral: posts big blind $3
*** HOLE CARDS ***
carmello774: raises $3 to $6
Mackeral: calls $3
*** FLOP *** [7s 9s 9h]
Mackeral: checks
carmello774: bets $3
Mackeral: calls $3
*** TURN *** [7s 9s 9h] [Qd]
Mackeral: checks
carmello774: checks
*** RIVER *** [7s 9s 9h Qd] [3h]
Mackeral: bets $6
carmello774: folds
Uncalled bet ($6) returned to Mackeral
Mackeral collected $17.64 from pot
Mackeral: doesn't show hand
*** SUMMARY ***
Total pot $18 | Rake $0.36
Board [7s 9s 9h Qd 3h]
Seat 2: Mackeral (big blind) collected ($17.64)
Seat 3: carmello774 (button) (small blind) folded on the River


PokerStars Hand #151549165068:  Hold'em Limit ($3/$6 USD) - 2016/04/07 0:16:23 ET
Table 'Grafias' 6-max Seat #2 is the button
Seat 2: Mackeral ($82.78 in chips)
Seat 3: carmello774 ($343.07 in chips)
Mackeral: posts small blind $1
carmello774: posts big blind $3
*** HOLE CARDS ***
Mackeral: folds
Uncalled bet ($2) returned to carmello774
carmello774 collected $2 from pot
carmello774: doesn't show hand
*** SUMMARY ***
Total pot $2 | Rake $0
Seat 2: Mackeral (button) (small blind) folded before Flop
Seat 3: carmello774 (big blind) collected ($2)


PokerStars Hand #151549169672:  Hold'em Limit ($3/$6 USD) - 2016/04/07 0:16:40 ET
Table 'Grafias' 6-max Seat #2 is the button
Seat 2: Mackeral ($87.54 in chips)
Seat 3: carmello774 ($338.07 in chips)
Mackeral: posts small blind $1
carmello774: posts big blind $3
*** HOLE CARDS ***
Mackeral: folds
Uncalled bet ($2) returned to carmello774
carmello774 collected $2 from pot
carmello774: doesn't show hand
*** SUMMARY ***
Total pot $2 | Rake $0
Seat 2: Mackeral (button) (small blind) folded before Flop
Seat 3: carmello774 (big blind) collected ($2)


PokerStars Hand #151549166607:  Hold'em Limit ($3/$6 USD) - 2016/04/07 0:16:29 ET
Table 'Grafias' 6-max Seat #3 is the button
Seat 2: Mackeral ($81.78 in chips)
Seat 3: carmello774 ($344.07 in chips)
carmello774: posts small blind $1
Mackeral: posts big blind $3
*** HOLE CARDS ***
carmello774: raises $3 to $6
Mackeral: calls $3
*** FLOP *** [Ts Jc 9d]
Mackeral: bets $3
carmello774: folds
Uncalled bet ($3) returned to Mackeral
Mackeral collected $11.76 from pot
Mackeral: doesn't show hand
*** SUMMARY ***
Total pot $12 | Rake $0.24
Board [Ts Jc 9d]
Seat 2: Mackeral (big blind) collected ($11.76)
Seat 3: carmello774 (button) (small blind) folded on the Flop


PokerStars Hand #151549182521:  Hold'em Limit ($3/$6 USD) - 2016/04/07 0:17:29 ET
Table 'Grafias' 6-max Seat #2 is the button
Seat 2: Mackeral ($49.54 in chips)
Seat 3: carmello774 ($375.33 in chips)
Mackeral: posts small blind $1
carmello774: posts big blind $3
*** HOLE CARDS ***
Mackeral: raises $3 to $6
carmello774: raises $3 to $9
Mackeral: calls $3
*** FLOP *** [Td 6s 9d]
carmello774: bets $3
Mackeral: calls $3
*** TURN *** [Td 6s 9d] [Ks]
carmello774: bets $6
Mackeral: raises $6 to $12
carmello774: raises $6 to $18
Mackeral: calls $6
*** RIVER *** [Td 6s 9d Ks] [6h]
carmello774: checks
Mackeral: bets $6
carmello774: folds
Uncalled bet ($6) returned to Mackeral
Mackeral collected $59.50 from pot
Mackeral: doesn't show hand
*** SUMMARY ***
Total pot $60 | Rake $0.50
Board [Td 6s 9d Ks 6h]
Seat 2: Mackeral (button) (small blind) collected ($59.50)
Seat 3: carmello774 (big blind) folded on the River


PokerStars Hand #151549171043:  Hold'em Limit ($3/$6 USD) - 2016/04/07 0:16:46 ET
Table 'Grafias' 6-max Seat #3 is the button
Seat 2: Mackeral ($86.54 in chips)
Seat 3: carmello774 ($339.07 in chips)
carmello774: posts small blind $1
Mackeral: posts big blind $3
*** HOLE CARDS ***
carmello774: raises $3 to $6
Mackeral: calls $3
*** FLOP *** [4s 5h 9c]
Mackeral: checks
carmello774: bets $3
Mackeral: raises $3 to $6
carmello774: calls $3
*** TURN *** [4s 5h 9c] [5s]
Mackeral: bets $6
carmello774: raises $6 to $12
Mackeral: calls $6
*** RIVER *** [4s 5h 9c 5s] [6s]
Mackeral: checks
carmello774: bets $6
Mackeral: calls $6
*** SHOW DOWN ***
carmello774: shows [6c 6d] (a full house, Sixes full of Fives)
Mackeral: mucks hand
carmello774 collected $59.50 from pot
*** SUMMARY ***
Total pot $60 | Rake $0.50
Board [4s 5h 9c 5s 6s]
Seat 2: Mackeral (big blind) mucked
Seat 3: carmello774 (button) (small blind) showed [6c 6d] and won ($59.50) with a full house, Sixes full of Fives


PokerStars Hand #151549176688:  Hold'em Limit ($3/$6 USD) - 2016/04/07 0:17:07 ET
Table 'Grafias' 6-max Seat #2 is the button
Seat 2: Mackeral ($56.54 in chips)
Seat 3: carmello774 ($368.57 in chips)
Mackeral: posts small blind $1
carmello774: posts big blind $3
*** HOLE CARDS ***
Mackeral said, "aain donked by you"
Mackeral: folds
Uncalled bet ($2) returned to carmello774
carmello774 collected $2 from pot
carmello774: doesn't show hand
*** SUMMARY ***
Total pot $2 | Rake $0
Seat 2: Mackeral (button) (small blind) folded before Flop
Seat 3: carmello774 (big blind) collected ($2)


PokerStars Hand #151549179445:  Hold'em Limit ($3/$6 USD) - 2016/04/07 0:17:17 ET
Table 'Grafias' 6-max Seat #3 is the button
Seat 2: Mackeral ($55.54 in chips)
Seat 3: carmello774 ($369.57 in chips)
carmello774: posts small blind $1
Mackeral: posts big blind $3
*** HOLE CARDS ***
carmello774: raises $3 to $6
Mackeral: calls $3
*** FLOP *** [2s Th 8h]
Mackeral: checks
carmello774: bets $3
Mackeral: folds
Uncalled bet ($3) returned to carmello774
carmello774 collected $11.76 from pot
carmello774: doesn't show hand
*** SUMMARY ***
Total pot $12 | Rake $0.24
Board [2s Th 8h]
Seat 2: Mackeral (big blind) folded on the Flop
Seat 3: carmello774 (button) (small blind) collected ($11.76)


PokerStars Hand #151549190345:  Hold'em Limit ($3/$6 USD) - 2016/04/07 0:17:59 ET
Table 'Grafias' 6-max Seat #3 is the button
Seat 2: Mackeral ($79.04 in chips)
Seat 3: carmello774 ($345.33 in chips)
carmello774: posts small blind $1
Mackeral: posts big blind $3
*** HOLE CARDS ***
carmello774: raises $3 to $6
Mackeral: calls $3
*** FLOP *** [8d 2h Kh]
Mackeral: checks
carmello774: bets $3
Mackeral: folds
Uncalled bet ($3) returned to carmello774
carmello774 collected $11.76 from pot
carmello774: doesn't show hand
*** SUMMARY ***
Total pot $12 | Rake $0.24
Board [8d 2h Kh]
Seat 2: Mackeral (big blind) folded on the Flop
Seat 3: carmello774 (button) (small blind) collected ($11.76)


PokerStars Hand #151549193762:  Hold'em Limit ($3/$6 USD) - 2016/04/07 0:18:12 ET
Table 'Grafias' 6-max Seat #2 is the button
Seat 2: Mackeral ($73.04 in chips)
Seat 3: carmello774 ($351.09 in chips)
Mackeral: posts small blind $1
carmello774: posts big blind $3
*** HOLE CARDS ***
Mackeral: raises $3 to $6
carmello774: calls $3
*** FLOP *** [4c 9h 3d]
carmello774: checks
Mackeral: bets $3
carmello774: calls $3
*** TURN *** [4c 9h 3d] [6s]
carmello774: checks
Mackeral: checks
*** RIVER *** [4c 9h 3d 6s] [Ts]
carmello774: bets $6
Mackeral: raises $6 to $12
carmello774: calls $6
*** SHOW DOWN ***
Mackeral: shows [Tc Ad] (a pair of Tens)
carmello774: mucks hand
Mackeral collected $41.50 from pot
*** SUMMARY ***
Total pot $42 | Rake $0.50
Board [4c 9h 3d 6s Ts]
Seat 2: Mackeral (button) (small blind) showed [Tc Ad] and won ($41.50) with a pair of Tens
Seat 3: carmello774 (big blind) mucked


PokerStars Hand #151549203465:  Hold'em Limit ($3/$6 USD) - 2016/04/07 0:18:30 ET
Table 'Grafias' 6-max Seat #3 is the button
Seat 2: Mackeral ($93.54 in chips)
Seat 3: carmello774 ($330.09 in chips)
carmello774: posts small blind $1
Mackeral: posts big blind $3
*** HOLE CARDS ***
carmello774: raises $3 to $6
Mackeral: calls $3
*** FLOP *** [9d Jh Td]
Mackeral: checks
carmello774: bets $3
Mackeral: raises $3 to $6
carmello774: calls $3
*** TURN *** [9d Jh Td] [Ac]
Mackeral: checks
carmello774: checks
*** RIVER *** [9d Jh Td Ac] [9h]
Mackeral: bets $6
carmello774: calls $6
*** SHOW DOWN ***
Mackeral: shows [6d Qd] (a pair of Nines)
carmello774: shows [Ts 8s] (two pair, Tens and Nines)
carmello774 collected $35.50 from pot
*** SUMMARY ***
Total pot $36 | Rake $0.50
Board [9d Jh Td Ac 9h]
Seat 2: Mackeral (big blind) showed [6d Qd] and lost with a pair of Nines
Seat 3: carmello774 (button) (small blind) showed [Ts 8s] and won ($35.50) with two pair, Tens and Nines


PokerStars Hand #151549224764:  Hold'em Limit ($3/$6 USD) - 2016/04/07 0:19:51 ET
Table 'Grafias' 6-max Seat #2 is the button
Seat 2: Mackeral ($80.68 in chips)
Seat 3: carmello774 ($341.09 in chips)
Mackeral: posts small blind $1
carmello774: posts big blind $3
*** HOLE CARDS ***
Mackeral: folds
Uncalled bet ($2) returned to carmello774
carmello774 collected $2 from pot
carmello774: doesn't show hand
*** SUMMARY ***
Total pot $2 | Rake $0
Seat 2: Mackeral (button) (small blind) folded before Flop
Seat 3: carmello774 (big blind) collected ($2)


PokerStars Hand #151549221432:  Hold'em Limit ($3/$6 USD) - 2016/04/07 0:19:38 ET
Table 'Grafias' 6-max Seat #3 is the button
Seat 2: Mackeral ($72.04 in chips)
Seat 3: carmello774 ($350.09 in chips)
carmello774: posts small blind $1
Mackeral: posts big blind $3
*** HOLE CARDS ***
carmello774: raises $3 to $6
Mackeral: calls $3
*** FLOP *** [6h Kd 5d]
Mackeral: checks
carmello774: bets $3
Mackeral: raises $3 to $6
carmello774: folds
Uncalled bet ($3) returned to Mackeral
Mackeral collected $17.64 from pot
Mackeral: doesn't show hand
*** SUMMARY ***
Total pot $18 | Rake $0.36
Board [6h Kd 5d]
Seat 2: Mackeral (big blind) collected ($17.64)
Seat 3: carmello774 (button) (small blind) folded on the Flop


PokerStars Hand #151549213960:  Hold'em Limit ($3/$6 USD) - 2016/04/07 0:19:10 ET
Table 'Grafias' 6-max Seat #3 is the button
Seat 2: Mackeral ($93.04 in chips)
Seat 3: carmello774 ($329.59 in chips)
carmello774: posts small blind $1
Mackeral: posts big blind $3
*** HOLE CARDS ***
carmello774: raises $3 to $6
Mackeral: folds
Uncalled bet ($3) returned to carmello774
carmello774 collected $6 from pot
carmello774: doesn't show hand
*** SUMMARY ***
Total pot $6 | Rake $0
Seat 2: Mackeral (big blind) folded before Flop
Seat 3: carmello774 (button) (small blind) collected ($6)


PokerStars Hand #151549209120:  Hold'em Limit ($3/$6 USD) - 2016/04/07 0:18:51 ET
Table 'Grafias' 6-max Seat #2 is the button
Seat 2: Mackeral ($75.54 in chips)
Seat 3: carmello774 ($347.59 in chips)
Mackeral: posts small blind $1
carmello774: posts big blind $3
*** HOLE CARDS ***
Mackeral: raises $3 to $6
carmello774: calls $3
*** FLOP *** [8h 8d Ad]
carmello774: checks
Mackeral: bets $3
carmello774: raises $3 to $6
Mackeral: calls $3
*** TURN *** [8h 8d Ad] [5d]
carmello774: bets $6
Mackeral: raises $6 to $12
carmello774: folds
Uncalled bet ($6) returned to Mackeral
Mackeral collected $35.50 from pot
Mackeral: doesn't show hand
*** SUMMARY ***
Total pot $36 | Rake $0.50
Board [8h 8d Ad 5d]
Seat 2: Mackeral (button) (small blind) collected ($35.50)
Seat 3: carmello774 (big blind) folded on the Turn


PokerStars Hand #151549215808:  Hold'em Limit ($3/$6 USD) - 2016/04/07 0:19:17 ET
Table 'Grafias' 6-max Seat #2 is the button
Seat 2: Mackeral ($90.04 in chips)
Seat 3: carmello774 ($332.59 in chips)
Mackeral: posts small blind $1
carmello774: posts big blind $3
*** HOLE CARDS ***
Mackeral: raises $3 to $6
carmello774: raises $3 to $9
Mackeral: calls $3
*** FLOP *** [8c Qs Qd]
carmello774: bets $3
Mackeral: calls $3
*** TURN *** [8c Qs Qd] [Td]
carmello774: bets $6
Mackeral: calls $6
*** RIVER *** [8c Qs Qd Td] [Js]
carmello774: bets $6
Mackeral: folds
Uncalled bet ($6) returned to carmello774
carmello774 collected $35.50 from pot
carmello774: doesn't show hand
*** SUMMARY ***
Total pot $36 | Rake $0.50
Board [8c Qs Qd Td Js]
Seat 2: Mackeral (button) (small blind) folded on the River
Seat 3: carmello774 (big blind) collected ($35.50)


PokerStars Hand #151549226246:  Hold'em Limit ($3/$6 USD) - 2016/04/07 0:19:56 ET
Table 'Grafias' 6-max Seat #3 is the button
Seat 2: Mackeral ($79.68 in chips)
Seat 3: carmello774 ($342.09 in chips)
carmello774: posts small blind $1
Mackeral: posts big blind $3
*** HOLE CARDS ***
carmello774: raises $3 to $6
Mackeral: folds
Uncalled bet ($3) returned to carmello774
carmello774 collected $6 from pot
carmello774: doesn't show hand
*** SUMMARY ***
Total pot $6 | Rake $0
Seat 2: Mackeral (big blind) folded before Flop
Seat 3: carmello774 (button) (small blind) collected ($6)


PokerStars Hand #151549238571:  Hold'em Limit ($3/$6 USD) - 2016/04/07 0:20:43 ET
Table 'Grafias' 6-max Seat #3 is the button
Seat 2: Mackeral ($49.68 in chips)
Seat 3: carmello774 ($371.35 in chips)
carmello774: posts small blind $1
Mackeral: posts big blind $3
*** HOLE CARDS ***
carmello774: raises $3 to $6
Mackeral: calls $3
*** FLOP *** [Td Jh Jd]
Mackeral: checks
carmello774: bets $3
Mackeral: folds
Uncalled bet ($3) returned to carmello774
carmello774 collected $11.76 from pot
carmello774: doesn't show hand
*** SUMMARY ***
Total pot $12 | Rake $0.24
Board [Td Jh Jd]
Seat 2: Mackeral (big blind) folded on the Flop
Seat 3: carmello774 (button) (small blind) collected ($11.76)


PokerStars Hand #151549228266:  Hold'em Limit ($3/$6 USD) - 2016/04/07 0:20:04 ET
Table 'Grafias' 6-max Seat #2 is the button
Seat 2: Mackeral ($76.68 in chips)
Seat 3: carmello774 ($345.09 in chips)
Mackeral: posts small blind $1
carmello774: posts big blind $3
*** HOLE CARDS ***
Mackeral: raises $3 to $6
carmello774: folds
Uncalled bet ($3) returned to Mackeral
Mackeral collected $6 from pot
Mackeral: doesn't show hand
*** SUMMARY ***
Total pot $6 | Rake $0
Seat 2: Mackeral (button) (small blind) collected ($6)
Seat 3: carmello774 (big blind) folded before Flop


PokerStars Hand #151549229975:  Hold'em Limit ($3/$6 USD) - 2016/04/07 0:20:10 ET
Table 'Grafias' 6-max Seat #3 is the button
Seat 2: Mackeral ($79.68 in chips)
Seat 3: carmello774 ($342.09 in chips)
carmello774: posts small blind $1
Mackeral: posts big blind $3
*** HOLE CARDS ***
carmello774: raises $3 to $6
Mackeral: calls $3
*** FLOP *** [As 6c Kh]
Mackeral: checks
carmello774: bets $3
Mackeral: folds
Uncalled bet ($3) returned to carmello774
carmello774 collected $11.76 from pot
carmello774: doesn't show hand
*** SUMMARY ***
Total pot $12 | Rake $0.24
Board [As 6c Kh]
Seat 2: Mackeral (big blind) folded on the Flop
Seat 3: carmello774 (button) (small blind) collected ($11.76)


PokerStars Hand #151549232760:  Hold'em Limit ($3/$6 USD) - 2016/04/07 0:20:21 ET
Table 'Grafias' 6-max Seat #2 is the button
Seat 2: Mackeral ($73.68 in chips)
Seat 3: carmello774 ($347.85 in chips)
Mackeral: posts small blind $1
carmello774: posts big blind $3
*** HOLE CARDS ***
Mackeral: raises $3 to $6
carmello774: calls $3
*** FLOP *** [2d Qs 2s]
carmello774: checks
Mackeral: bets $3
carmello774: raises $3 to $6
Mackeral: calls $3
*** TURN *** [2d Qs 2s] [Qc]
carmello774: bets $6
Mackeral: calls $6
*** RIVER *** [2d Qs 2s Qc] [3c]
carmello774: bets $6
Mackeral: calls $6
*** SHOW DOWN ***
carmello774: shows [Jh Ah] (two pair, Queens and Deuces)
Mackeral: mucks hand
carmello774 collected $47.50 from pot
*** SUMMARY ***
Total pot $48 | Rake $0.50
Board [2d Qs 2s Qc 3c]
Seat 2: Mackeral (button) (small blind) mucked
Seat 3: carmello774 (big blind) showed [Jh Ah] and won ($47.50) with two pair, Queens and Deuces


PokerStars Hand #151549241561:  Hold'em Limit ($3/$6 USD) - 2016/04/07 0:20:54 ET
Table 'Grafias' 6-max Seat #2 is the button
Seat 2: Mackeral ($43.68 in chips)
Seat 3: carmello774 ($377.11 in chips)
Mackeral: posts small blind $1
carmello774: posts big blind $3
*** HOLE CARDS ***
Mackeral: raises $3 to $6
carmello774: raises $3 to $9
Mackeral: calls $3
*** FLOP *** [8d 7c 9c]
carmello774: checks
Mackeral: bets $3
carmello774: calls $3
*** TURN *** [8d 7c 9c] [Jd]
carmello774: checks
Mackeral: bets $6
carmello774: calls $6
*** RIVER *** [8d 7c 9c Jd] [Jh]
carmello774: checks
Mackeral: bets $6
carmello774: folds
Uncalled bet ($6) returned to Mackeral
Mackeral collected $35.50 from pot
Mackeral: doesn't show hand
*** SUMMARY ***
Total pot $36 | Rake $0.50
Board [8d 7c 9c Jd Jh]
Seat 2: Mackeral (button) (small blind) collected ($35.50)
Seat 3: carmello774 (big blind) folded on the River


PokerStars Hand #151549254153:  Hold'em Limit ($3/$6 USD) - 2016/04/07 0:21:42 ET
Table 'Grafias' 6-max Seat #3 is the button
Seat 2: Mackeral ($83.68 in chips)
Seat 3: carmello774 ($336.11 in chips)
carmello774: posts small blind $1
Mackeral: posts big blind $3
*** HOLE CARDS ***
carmello774: raises $3 to $6
Mackeral: calls $3
*** FLOP *** [Tc 4d 2c]
Mackeral: checks
carmello774: bets $3
Mackeral: calls $3
*** TURN *** [Tc 4d 2c] [7c]
Mackeral: checks
carmello774: bets $6
Mackeral: folds
Uncalled bet ($6) returned to carmello774
carmello774 collected $17.64 from pot
carmello774: doesn't show hand
*** SUMMARY ***
Total pot $18 | Rake $0.36
Board [Tc 4d 2c 7c]
Seat 2: Mackeral (big blind) folded on the Turn
Seat 3: carmello774 (button) (small blind) collected ($17.64)


PokerStars Hand #151549252591:  Hold'em Limit ($3/$6 USD) - 2016/04/07 0:21:36 ET
Table 'Grafias' 6-max Seat #2 is the button
Seat 2: Mackeral ($84.68 in chips)
Seat 3: carmello774 ($335.11 in chips)
Mackeral: posts small blind $1
carmello774: posts big blind $3
*** HOLE CARDS ***
Mackeral: folds
Uncalled bet ($2) returned to carmello774
carmello774 collected $2 from pot
carmello774: doesn't show hand
*** SUMMARY ***
Total pot $2 | Rake $0
Seat 2: Mackeral (button) (small blind) folded before Flop
Seat 3: carmello774 (big blind) collected ($2)


PokerStars Hand #151549247308:  Hold'em Limit ($3/$6 USD) - 2016/04/07 0:21:16 ET
Table 'Grafias' 6-max Seat #3 is the button
Seat 2: Mackeral ($61.18 in chips)
Seat 3: carmello774 ($359.11 in chips)
carmello774: posts small blind $1
Mackeral: posts big blind $3
*** HOLE CARDS ***
carmello774: raises $3 to $6
Mackeral: raises $3 to $9
carmello774: calls $3
*** FLOP *** [Ac 5c Jc]
Mackeral: bets $3
carmello774: calls $3
*** TURN *** [Ac 5c Jc] [5s]
Mackeral: bets $6
carmello774: raises $6 to $12
Mackeral: calls $6
*** RIVER *** [Ac 5c Jc 5s] [4h]
Mackeral: checks
carmello774: checks
*** SHOW DOWN ***
Mackeral: shows [Ad 2h] (two pair, Aces and Fives)
carmello774: mucks hand
Mackeral collected $47.50 from pot
*** SUMMARY ***
Total pot $48 | Rake $0.50
Board [Ac 5c Jc 5s 4h]
Seat 2: Mackeral (big blind) showed [Ad 2h] and won ($47.50) with two pair, Aces and Fives
Seat 3: carmello774 (button) (small blind) mucked


PokerStars Hand #151549268567:  Hold'em Limit ($3/$6 USD) - 2016/04/07 0:22:37 ET
Table 'Grafias' 6-max Seat #2 is the button
Seat 2: Mackeral ($86.18 in chips)
Seat 3: carmello774 ($332.27 in chips)
Mackeral: posts small blind $1
carmello774: posts big blind $3
*** HOLE CARDS ***
Mackeral: raises $3 to $6
carmello774: calls $3
*** FLOP *** [4d 3s Tc]
carmello774: checks
Mackeral: checks
*** TURN *** [4d 3s Tc] [7c]
carmello774: bets $6
Mackeral: calls $6
*** RIVER *** [4d 3s Tc 7c] [Qc]
carmello774: checks
Mackeral: checks
*** SHOW DOWN ***
carmello774: shows [Js 8c] (high card Queen)
Mackeral: shows [5h Ks] (high card King)
Mackeral collected $23.52 from pot
*** SUMMARY ***
Total pot $24 | Rake $0.48
Board [4d 3s Tc 7c Qc]
Seat 2: Mackeral (button) (small blind) showed [5h Ks] and won ($23.52) with high card King
Seat 3: carmello774 (big blind) showed [Js 8c] and lost with high card Queen


PokerStars Hand #151549272556:  Hold'em Limit ($3/$6 USD) - 2016/04/07 0:22:52 ET
Table 'Grafias' 6-max Seat #3 is the button
Seat 2: Mackeral ($97.70 in chips)
Seat 3: carmello774 ($320.27 in chips)
carmello774: posts small blind $1
Mackeral: posts big blind $3
*** HOLE CARDS ***
carmello774: raises $3 to $6
Mackeral: calls $3
*** FLOP *** [Kc 5d Ts]
Mackeral: checks
carmello774: checks
*** TURN *** [Kc 5d Ts] [Js]
Mackeral: bets $6
carmello774: folds
Uncalled bet ($6) returned to Mackeral
Mackeral collected $11.76 from pot
Mackeral: doesn't show hand
*** SUMMARY ***
Total pot $12 | Rake $0.24
Board [Kc 5d Ts Js]
Seat 2: Mackeral (big blind) collected ($11.76)
Seat 3: carmello774 (button) (small blind) folded on the Turn


PokerStars Hand #151549259105:  Hold'em Limit ($3/$6 USD) - 2016/04/07 0:22:01 ET
Table 'Grafias' 6-max Seat #2 is the button
Seat 2: Mackeral ($74.68 in chips)
Seat 3: carmello774 ($344.75 in chips)
Mackeral: posts small blind $1
carmello774: posts big blind $3
*** HOLE CARDS ***
Mackeral: raises $3 to $6
carmello774: raises $3 to $9
Mackeral: calls $3
*** FLOP *** [Kd Td Qc]
carmello774: bets $3
Mackeral: calls $3
*** TURN *** [Kd Td Qc] [As]
carmello774: bets $6
Mackeral: folds
Uncalled bet ($6) returned to carmello774
carmello774 collected $23.52 from pot
carmello774: doesn't show hand
*** SUMMARY ***
Total pot $24 | Rake $0.48
Board [Kd Td Qc As]
Seat 2: Mackeral (button) (small blind) folded on the Turn
Seat 3: carmello774 (big blind) collected ($23.52)


PokerStars Hand #151549263690:  Hold'em Limit ($3/$6 USD) - 2016/04/07 0:22:18 ET
Table 'Grafias' 6-max Seat #3 is the button
Seat 2: Mackeral ($62.68 in chips)
Seat 3: carmello774 ($356.27 in chips)
carmello774: posts small blind $1
Mackeral: posts big blind $3
*** HOLE CARDS ***
carmello774: raises $3 to $6
Mackeral: raises $3 to $9
carmello774: calls $3
*** FLOP *** [Ad 5d Ah]
Mackeral: bets $3
carmello774: calls $3
*** TURN *** [Ad 5d Ah] [Ts]
Mackeral: bets $6
carmello774: calls $6
*** RIVER *** [Ad 5d Ah Ts] [4d]
Mackeral: bets $6
carmello774: calls $6
*** SHOW DOWN ***
Mackeral: shows [9d Jd] (a flush, Ace high)
carmello774: mucks hand
Mackeral collected $47.50 from pot
*** SUMMARY ***
Total pot $48 | Rake $0.50
Board [Ad 5d Ah Ts 4d]
Seat 2: Mackeral (big blind) showed [9d Jd] and won ($47.50) with a flush, Ace high
Seat 3: carmello774 (button) (small blind) mucked


PokerStars Hand #151549288713:  Hold'em Limit ($3/$6 USD) - 2016/04/07 0:23:53 ET
Table 'Grafias' 6-max Seat #2 is the button
Seat 2: Mackeral ($93.96 in chips)
Seat 3: carmello774 ($322.77 in chips)
Mackeral: posts small blind $1
carmello774: posts big blind $3
*** HOLE CARDS ***
Mackeral: raises $3 to $6
carmello774: calls $3
*** FLOP *** [7c Ac 4s]
carmello774: checks
Mackeral: bets $3
carmello774: folds
Uncalled bet ($3) returned to Mackeral
Mackeral collected $11.76 from pot
Mackeral: doesn't show hand
*** SUMMARY ***
Total pot $12 | Rake $0.24
Board [7c Ac 4s]
Seat 2: Mackeral (button) (small blind) collected ($11.76)
Seat 3: carmello774 (big blind) folded on the Flop


PokerStars Hand #151549275787:  Hold'em Limit ($3/$6 USD) - 2016/04/07 0:23:05 ET
Table 'Grafias' 6-max Seat #2 is the button
Seat 2: Mackeral ($103.46 in chips)
Seat 3: carmello774 ($314.27 in chips)
Mackeral: posts small blind $1
carmello774: posts big blind $3
*** HOLE CARDS ***
Mackeral: raises $3 to $6
carmello774: raises $3 to $9
Mackeral: raises $3 to $12
Betting is capped
carmello774: calls $3
*** FLOP *** [As 9s Ac]
carmello774: checks
Mackeral: bets $3
carmello774: calls $3
*** TURN *** [As 9s Ac] [Js]
carmello774: checks
Mackeral: checks
*** RIVER *** [As 9s Ac Js] [Qd]
carmello774: bets $6
Mackeral: calls $6
*** SHOW DOWN ***
carmello774: shows [7d 7c] (two pair, Aces and Sevens)
Mackeral: mucks hand
carmello774 collected $41.50 from pot
*** SUMMARY ***
Total pot $42 | Rake $0.50
Board [As 9s Ac Js Qd]
Seat 2: Mackeral (button) (small blind) mucked
Seat 3: carmello774 (big blind) showed [7d 7c] and won ($41.50) with two pair, Aces and Sevens


PokerStars Hand #151549281389:  Hold'em Limit ($3/$6 USD) - 2016/04/07 0:23:26 ET
Table 'Grafias' 6-max Seat #3 is the button
Seat 2: Mackeral ($82.46 in chips)
Seat 3: carmello774 ($334.77 in chips)
carmello774: posts small blind $1
Mackeral: posts big blind $3
*** HOLE CARDS ***
carmello774: raises $3 to $6
Mackeral: folds
Uncalled bet ($3) returned to carmello774
carmello774 collected $6 from pot
carmello774: doesn't show hand
*** SUMMARY ***
Total pot $6 | Rake $0
Seat 2: Mackeral (big blind) folded before Flop
Seat 3: carmello774 (button) (small blind) collected ($6)


PokerStars Hand #151549282972:  Hold'em Limit ($3/$6 USD) - 2016/04/07 0:23:32 ET
Table 'Grafias' 6-max Seat #2 is the button
Seat 2: Mackeral ($79.46 in chips)
Seat 3: carmello774 ($337.77 in chips)
Mackeral: posts small blind $1
carmello774: posts big blind $3
*** HOLE CARDS ***
Mackeral: raises $3 to $6
carmello774: raises $3 to $9
Mackeral: calls $3
*** FLOP *** [6s 3h Ad]
carmello774: bets $3
Mackeral: calls $3
*** TURN *** [6s 3h Ad] [2d]
carmello774: bets $6
Mackeral: raises $6 to $12
carmello774: folds
Uncalled bet ($6) returned to Mackeral
Mackeral collected $35.50 from pot
Mackeral: doesn't show hand
*** SUMMARY ***
Total pot $36 | Rake $0.50
Board [6s 3h Ad 2d]
Seat 2: Mackeral (button) (small blind) collected ($35.50)
Seat 3: carmello774 (big blind) folded on the Turn


PokerStars Hand #151549287078:  Hold'em Limit ($3/$6 USD) - 2016/04/07 0:23:47 ET
Table 'Grafias' 6-max Seat #3 is the button
Seat 2: Mackeral ($96.96 in chips)
Seat 3: carmello774 ($319.77 in chips)
carmello774: posts small blind $1
Mackeral: posts big blind $3
*** HOLE CARDS ***
carmello774: raises $3 to $6
Mackeral: folds
Uncalled bet ($3) returned to carmello774
carmello774 collected $6 from pot
carmello774: doesn't show hand
*** SUMMARY ***
Total pot $6 | Rake $0
Seat 2: Mackeral (big blind) folded before Flop
Seat 3: carmello774 (button) (small blind) collected ($6)


PokerStars Hand #151549291576:  Hold'em Limit ($3/$6 USD) - 2016/04/07 0:24:04 ET
Table 'Grafias' 6-max Seat #3 is the button
Seat 2: Mackeral ($99.72 in chips)
Seat 3: carmello774 ($316.77 in chips)
carmello774: posts small blind $1
Mackeral: posts big blind $3
*** HOLE CARDS ***
carmello774: raises $3 to $6
Mackeral: calls $3
*** FLOP *** [Kh Ac Jh]
Mackeral: checks
carmello774: bets $3
Mackeral: calls $3
*** TURN *** [Kh Ac Jh] [9c]
Mackeral: checks
carmello774: checks
*** RIVER *** [Kh Ac Jh 9c] [Tc]
Mackeral: bets $6
carmello774: folds
Uncalled bet ($6) returned to Mackeral
Mackeral collected $17.64 from pot
Mackeral: doesn't show hand
*** SUMMARY ***
Total pot $18 | Rake $0.36
Board [Kh Ac Jh 9c Tc]
Seat 2: Mackeral (big blind) collected ($17.64)
Seat 3: carmello774 (button) (small blind) folded on the River


PokerStars Hand #151549302365:  Hold'em Limit ($3/$6 USD) - 2016/04/07 0:24:45 ET
Table 'Grafias' 6-max Seat #3 is the button
Seat 2: Mackeral ($87.36 in chips)
Seat 3: carmello774 ($328.27 in chips)
carmello774: posts small blind $1
Mackeral: posts big blind $3
*** HOLE CARDS ***
carmello774: raises $3 to $6
Mackeral: folds
Uncalled bet ($3) returned to carmello774
carmello774 collected $6 from pot
carmello774: doesn't show hand
*** SUMMARY ***
Total pot $6 | Rake $0
Seat 2: Mackeral (big blind) folded before Flop
Seat 3: carmello774 (button) (small blind) collected ($6)


PokerStars Hand #151549296518:  Hold'em Limit ($3/$6 USD) - 2016/04/07 0:24:23 ET
Table 'Grafias' 6-max Seat #2 is the button
Seat 2: Mackeral ($108.36 in chips)
Seat 3: carmello774 ($307.77 in chips)
Mackeral: posts small blind $1
carmello774: posts big blind $3
*** HOLE CARDS ***
Mackeral: raises $3 to $6
carmello774: calls $3
*** FLOP *** [8h Qs 8c]
carmello774: checks
Mackeral: bets $3
carmello774: raises $3 to $6
Mackeral: raises $3 to $9
carmello774: calls $3
*** TURN *** [8h Qs 8c] [2s]
carmello774: checks
Mackeral: bets $6
carmello774: calls $6
*** RIVER *** [8h Qs 8c 2s] [7s]
carmello774: checks
Mackeral: checks
*** SHOW DOWN ***
carmello774: shows [Ad 9c] (a pair of Eights)
Mackeral: mucks hand
carmello774 collected $41.50 from pot
*** SUMMARY ***
Total pot $42 | Rake $0.50
Board [8h Qs 8c 2s 7s]
Seat 2: Mackeral (button) (small blind) mucked
Seat 3: carmello774 (big blind) showed [Ad 9c] and won ($41.50) with a pair of Eights


PokerStars Hand #151549319071:  Hold'em Limit ($3/$6 USD) - 2016/04/07 0:25:48 ET
Table 'Grafias' 6-max Seat #2 is the button
Seat 2: Mackeral ($54.22 in chips)
Seat 3: carmello774 ($360.41 in chips)
Mackeral: posts small blind $1
carmello774: posts big blind $3
*** HOLE CARDS ***
Mackeral: raises $3 to $6
carmello774: calls $3
*** FLOP *** [4s 9c Td]
carmello774: checks
Mackeral: bets $3
carmello774: raises $3 to $6
Mackeral: raises $3 to $9
carmello774: calls $3
*** TURN *** [4s 9c Td] [2h]
carmello774: checks
Mackeral: bets $6
carmello774: folds
Uncalled bet ($6) returned to Mackeral
Mackeral collected $29.50 from pot
Mackeral: doesn't show hand
*** SUMMARY ***
Total pot $30 | Rake $0.50
Board [4s 9c Td 2h]
Seat 2: Mackeral (button) (small blind) collected ($29.50)
Seat 3: carmello774 (big blind) folded on the Turn


PokerStars Hand #151549312242:  Hold'em Limit ($3/$6 USD) - 2016/04/07 0:25:23 ET
Table 'Grafias' 6-max Seat #3 is the button
Seat 2: Mackeral ($27.36 in chips)
Seat 3: carmello774 ($387.77 in chips)
carmello774: posts small blind $1
Mackeral: posts big blind $3
*** HOLE CARDS ***
carmello774: raises $3 to $6
Mackeral: raises $3 to $9
carmello774: calls $3
*** FLOP *** [4s 4c 9c]
Mackeral: bets $3
carmello774: raises $3 to $6
Mackeral: raises $3 to $9
carmello774: calls $3
*** TURN *** [4s 4c 9c] [6c]
Mackeral: bets $6
carmello774: calls $6
*** RIVER *** [4s 4c 9c 6c] [Jd]
Mackeral: bets $3.36 and is all-in
carmello774: calls $3.36
*** SHOW DOWN ***
Mackeral: shows [6s 6h] (a full house, Sixes full of Fours)
carmello774: shows [Ac 7h] (a pair of Fours)
Mackeral collected $54.22 from pot
*** SUMMARY ***
Total pot $54.72 | Rake $0.50
Board [4s 4c 9c 6c Jd]
Seat 2: Mackeral (big blind) showed [6s 6h] and won ($54.22) with a full house, Sixes full of Fours
Seat 3: carmello774 (button) (small blind) showed [Ac 7h] and lost with a pair of Fours


PokerStars Hand #151549304046:  Hold'em Limit ($3/$6 USD) - 2016/04/07 0:24:52 ET
Table 'Grafias' 6-max Seat #2 is the button
Seat 2: Mackeral ($84.36 in chips)
Seat 3: carmello774 ($331.27 in chips)
Mackeral: posts small blind $1
carmello774: posts big blind $3
*** HOLE CARDS ***
Mackeral: raises $3 to $6
carmello774: raises $3 to $9
Mackeral: calls $3
*** FLOP *** [As Tc 2c]
carmello774: bets $3
Mackeral: raises $3 to $6
carmello774: calls $3
*** TURN *** [As Tc 2c] [Qs]
carmello774: checks
Mackeral: bets $6
carmello774: raises $6 to $12
Mackeral: raises $6 to $18
carmello774: calls $6
*** RIVER *** [As Tc 2c Qs] [3c]
carmello774: checks
Mackeral: bets $6
carmello774: raises $6 to $12
Mackeral: raises $6 to $18
carmello774: raises $6 to $24
Betting is capped
Mackeral: calls $6
*** SHOW DOWN ***
carmello774: shows [9c Ac] (a flush, Ace high)
Mackeral: mucks hand
carmello774 collected $113.50 from pot
*** SUMMARY ***
Total pot $114 | Rake $0.50
Board [As Tc 2c Qs 3c]
Seat 2: Mackeral (button) (small blind) mucked
Seat 3: carmello774 (big blind) showed [9c Ac] and won ($113.50) with a flush, Ace high


PokerStars Hand #151549330182:  Hold'em Limit ($3/$6 USD) - 2016/04/07 0:26:30 ET
Table 'Grafias' 6-max Seat #2 is the button
Seat 2: Mackeral ($62.72 in chips)
Seat 3: carmello774 ($351.17 in chips)
Mackeral: posts small blind $1
carmello774: posts big blind $3
*** HOLE CARDS ***
Mackeral: raises $3 to $6
carmello774: calls $3
*** FLOP *** [Qc Kc 4d]
carmello774: checks
Mackeral: checks
*** TURN *** [Qc Kc 4d] [8d]
carmello774: checks
Mackeral: bets $6
carmello774: raises $6 to $12
Mackeral: calls $6
*** RIVER *** [Qc Kc 4d 8d] [Jd]
carmello774: checks
Mackeral: bets $6
carmello774: calls $6
*** SHOW DOWN ***
Mackeral: shows [Jh Qd] (two pair, Queens and Jacks)
carmello774: mucks hand
Mackeral collected $47.50 from pot
*** SUMMARY ***
Total pot $48 | Rake $0.50
Board [Qc Kc 4d 8d Jd]
Seat 2: Mackeral (button) (small blind) showed [Jh Qd] and won ($47.50) with two pair, Queens and Jacks
Seat 3: carmello774 (big blind) mucked


PokerStars Hand #151549323951:  Hold'em Limit ($3/$6 USD) - 2016/04/07 0:26:07 ET
Table 'Grafias' 6-max Seat #3 is the button
Seat 2: Mackeral ($68.72 in chips)
Seat 3: carmello774 ($345.41 in chips)
carmello774: posts small blind $1
Mackeral: posts big blind $3
*** HOLE CARDS ***
carmello774: raises $3 to $6
Mackeral: folds
Uncalled bet ($3) returned to carmello774
carmello774 collected $6 from pot
carmello774: doesn't show hand
*** SUMMARY ***
Total pot $6 | Rake $0
Seat 2: Mackeral (big blind) folded before Flop
Seat 3: carmello774 (button) (small blind) collected ($6)


PokerStars Hand #151549325635:  Hold'em Limit ($3/$6 USD) - 2016/04/07 0:26:13 ET
Table 'Grafias' 6-max Seat #2 is the button
Seat 2: Mackeral ($65.72 in chips)
Seat 3: carmello774 ($348.41 in chips)
Mackeral: posts small blind $1
carmello774: posts big blind $3
*** HOLE CARDS ***
Mackeral: raises $3 to $6
carmello774: folds
Uncalled bet ($3) returned to Mackeral
Mackeral collected $6 from pot
Mackeral: doesn't show hand
*** SUMMARY ***
Total pot $6 | Rake $0
Seat 2: Mackeral (button) (small blind) collected ($6)
Seat 3: carmello774 (big blind) folded before Flop


PokerStars Hand #151549327504:  Hold'em Limit ($3/$6 USD) - 2016/04/07 0:26:20 ET
Table 'Grafias' 6-max Seat #3 is the button
Seat 2: Mackeral ($68.72 in chips)
Seat 3: carmello774 ($345.41 in chips)
carmello774: posts small blind $1
Mackeral: posts big blind $3
*** HOLE CARDS ***
carmello774: raises $3 to $6
Mackeral: calls $3
*** FLOP *** [Ks Tc 6d]
Mackeral: checks
carmello774: bets $3
Mackeral: folds
Uncalled bet ($3) returned to carmello774
carmello774 collected $11.76 from pot
carmello774: doesn't show hand
*** SUMMARY ***
Total pot $12 | Rake $0.24
Board [Ks Tc 6d]
Seat 2: Mackeral (big blind) folded on the Flop
Seat 3: carmello774 (button) (small blind) collected ($11.76)


PokerStars Hand #151549336456:  Hold'em Limit ($3/$6 USD) - 2016/04/07 0:26:54 ET
Table 'Grafias' 6-max Seat #3 is the button
Seat 2: Mackeral ($86.22 in chips)
Seat 3: carmello774 ($327.17 in chips)
carmello774: posts small blind $1
Mackeral: posts big blind $3
*** HOLE CARDS ***
carmello774: raises $3 to $6
Mackeral: calls $3
*** FLOP *** [Jd Qd Kc]
Mackeral: checks
carmello774: bets $3
Mackeral: folds
Uncalled bet ($3) returned to carmello774
carmello774 collected $11.76 from pot
carmello774: doesn't show hand
*** SUMMARY ***
Total pot $12 | Rake $0.24
Board [Jd Qd Kc]
Seat 2: Mackeral (big blind) folded on the Flop
Seat 3: carmello774 (button) (small blind) collected ($11.76)


PokerStars Hand #151549340760:  Hold'em Limit ($3/$6 USD) - 2016/04/07 0:27:10 ET
Table 'Grafias' 6-max Seat #3 is the button
Seat 2: Mackeral ($79.22 in chips)
Seat 3: carmello774 ($333.93 in chips)
carmello774: posts small blind $1
Mackeral: posts big blind $3
*** HOLE CARDS ***
carmello774: raises $3 to $6
Mackeral: calls $3
*** FLOP *** [Qd Jh 2c]
Mackeral: checks
carmello774: bets $3
Mackeral: calls $3
*** TURN *** [Qd Jh 2c] [8h]
Mackeral: checks
carmello774: bets $6
Mackeral: calls $6
*** RIVER *** [Qd Jh 2c 8h] [8d]
Mackeral: checks
carmello774: bets $6
Mackeral: raises $6 to $12
carmello774: calls $6
*** SHOW DOWN ***
Mackeral: shows [8s 9c] (three of a kind, Eights)
carmello774: mucks hand
Mackeral collected $53.50 from pot
*** SUMMARY ***
Total pot $54 | Rake $0.50
Board [Qd Jh 2c 8h 8d]
Seat 2: Mackeral (big blind) showed [8s 9c] and won ($53.50) with three of a kind, Eights
Seat 3: carmello774 (button) (small blind) mucked


PokerStars Hand #151549351902:  Hold'em Limit ($3/$6 USD) - 2016/04/07 0:27:52 ET
Table 'Grafias' 6-max Seat #3 is the button
Seat 2: Mackeral ($90.72 in chips)
Seat 3: carmello774 ($321.43 in chips)
carmello774: posts small blind $1
Mackeral: posts big blind $3
*** HOLE CARDS ***
carmello774: raises $3 to $6
Mackeral: folds
Uncalled bet ($3) returned to carmello774
carmello774 collected $6 from pot
carmello774: doesn't show hand
*** SUMMARY ***
Total pot $6 | Rake $0
Seat 2: Mackeral (big blind) folded before Flop
Seat 3: carmello774 (button) (small blind) collected ($6)


PokerStars Hand #151549346034:  Hold'em Limit ($3/$6 USD) - 2016/04/07 0:27:30 ET
Table 'Grafias' 6-max Seat #2 is the button
Seat 2: Mackeral ($105.72 in chips)
Seat 3: carmello774 ($306.93 in chips)
Mackeral: posts small blind $1
carmello774: posts big blind $3
*** HOLE CARDS ***
Mackeral: raises $3 to $6
carmello774: raises $3 to $9
Mackeral: raises $3 to $12
Betting is capped
carmello774: calls $3
*** FLOP *** [6h Kd 2d]
carmello774: checks
Mackeral: bets $3
carmello774: calls $3
*** TURN *** [6h Kd 2d] [8h]
carmello774: checks
Mackeral: checks
*** RIVER *** [6h Kd 2d 8h] [9c]
carmello774: checks
Mackeral: checks
*** SHOW DOWN ***
carmello774: shows [3s Ac] (high card Ace)
Mackeral: mucks hand
carmello774 collected $29.50 from pot
*** SUMMARY ***
Total pot $30 | Rake $0.50
Board [6h Kd 2d 8h 9c]
Seat 2: Mackeral (button) (small blind) mucked
Seat 3: carmello774 (big blind) showed [3s Ac] and won ($29.50) with high card Ace


PokerStars Hand #151549339305:  Hold'em Limit ($3/$6 USD) - 2016/04/07 0:27:04 ET
Table 'Grafias' 6-max Seat #2 is the button
Seat 2: Mackeral ($80.22 in chips)
Seat 3: carmello774 ($332.93 in chips)
Mackeral: posts small blind $1
carmello774: posts big blind $3
*** HOLE CARDS ***
Mackeral: folds
Uncalled bet ($2) returned to carmello774
carmello774 collected $2 from pot
carmello774: doesn't show hand
*** SUMMARY ***
Total pot $2 | Rake $0
Seat 2: Mackeral (button) (small blind) folded before Flop
Seat 3: carmello774 (big blind) collected ($2)


PokerStars Hand #151549353339:  Hold'em Limit ($3/$6 USD) - 2016/04/07 0:27:57 ET
Table 'Grafias' 6-max Seat #2 is the button
Seat 2: Mackeral ($87.72 in chips)
Seat 3: carmello774 ($324.43 in chips)
Mackeral: posts small blind $1
carmello774: posts big blind $3
*** HOLE CARDS ***
Mackeral: raises $3 to $6
carmello774: calls $3
*** FLOP *** [4c 6s 6h]
carmello774: bets $3
Mackeral: calls $3
*** TURN *** [4c 6s 6h] [8h]
carmello774: checks
Mackeral: checks
*** RIVER *** [4c 6s 6h 8h] [7d]
carmello774: bets $6
Mackeral: calls $6
*** SHOW DOWN ***
carmello774: shows [3d Qc] (a pair of Sixes)
Mackeral: shows [9c As] (a pair of Sixes - Ace kicker)
Mackeral collected $29.50 from pot
*** SUMMARY ***
Total pot $30 | Rake $0.50
Board [4c 6s 6h 8h 7d]
Seat 2: Mackeral (button) (small blind) showed [9c As] and won ($29.50) with a pair of Sixes
Seat 3: carmello774 (big blind) showed [3d Qc] and lost with a pair of Sixes


PokerStars Hand #151549362954:  Hold'em Limit ($3/$6 USD) - 2016/04/07 0:28:33 ET
Table 'Grafias' 6-max Seat #2 is the button
Seat 2: Mackeral ($119.72 in chips)
Seat 3: carmello774 ($291.43 in chips)
Mackeral: posts small blind $1
carmello774: posts big blind $3
*** HOLE CARDS ***
Mackeral: raises $3 to $6
carmello774: calls $3
*** FLOP *** [Th 6d 3s]
carmello774: checks
Mackeral: bets $3
carmello774: raises $3 to $6
Mackeral: raises $3 to $9
carmello774: calls $3
*** TURN *** [Th 6d 3s] [Js]
carmello774: checks
Mackeral: bets $6
carmello774: folds
Uncalled bet ($6) returned to Mackeral
Mackeral collected $29.50 from pot
Mackeral: doesn't show hand
*** SUMMARY ***
Total pot $30 | Rake $0.50
Board [Th 6d 3s Js]
Seat 2: Mackeral (button) (small blind) collected ($29.50)
Seat 3: carmello774 (big blind) folded on the Turn


PokerStars Hand #151549357723:  Hold'em Limit ($3/$6 USD) - 2016/04/07 0:28:14 ET
Table 'Grafias' 6-max Seat #3 is the button
Seat 2: Mackeral ($102.22 in chips)
Seat 3: carmello774 ($309.43 in chips)
carmello774: posts small blind $1
Mackeral: posts big blind $3
*** HOLE CARDS ***
carmello774: raises $3 to $6
Mackeral: raises $3 to $9
carmello774: calls $3
*** FLOP *** [7c 6h Td]
Mackeral: bets $3
carmello774: calls $3
*** TURN *** [7c 6h Td] [6c]
Mackeral: checks
carmello774: checks
*** RIVER *** [7c 6h Td 6c] [Tc]
Mackeral: bets $6
carmello774: calls $6
*** SHOW DOWN ***
Mackeral: shows [Th Ts] (four of a kind, Tens)
carmello774: mucks hand
Mackeral collected $35.50 from pot
*** SUMMARY ***
Total pot $36 | Rake $0.50
Board [7c 6h Td 6c Tc]
Seat 2: Mackeral (big blind) showed [Th Ts] and won ($35.50) with four of a kind, Tens
Seat 3: carmello774 (button) (small blind) mucked


PokerStars Hand #151549380624:  Hold'em Limit ($3/$6 USD) - 2016/04/07 0:29:40 ET
Table 'Grafias' 6-max Seat #2 is the button
Seat 2: Mackeral ($151.72 in chips)
Seat 3: carmello774 ($257.95 in chips)
Mackeral: posts small blind $1
carmello774: posts big blind $3
*** HOLE CARDS ***
Mackeral: raises $3 to $6
carmello774: folds
Uncalled bet ($3) returned to Mackeral
Mackeral collected $6 from pot
Mackeral: doesn't show hand
*** SUMMARY ***
Total pot $6 | Rake $0
Seat 2: Mackeral (button) (small blind) collected ($6)
Seat 3: carmello774 (big blind) folded before Flop


PokerStars Hand #151549379027:  Hold'em Limit ($3/$6 USD) - 2016/04/07 0:29:34 ET
Table 'Grafias' 6-max Seat #3 is the button
Seat 2: Mackeral ($154.72 in chips)
Seat 3: carmello774 ($254.95 in chips)
carmello774: posts small blind $1
Mackeral: posts big blind $3
*** HOLE CARDS ***
carmello774: raises $3 to $6
Mackeral: folds
Uncalled bet ($3) returned to carmello774
carmello774 collected $6 from pot
carmello774: doesn't show hand
*** SUMMARY ***
Total pot $6 | Rake $0
Seat 2: Mackeral (big blind) folded before Flop
Seat 3: carmello774 (button) (small blind) collected ($6)


PokerStars Hand #151549375331:  Hold'em Limit ($3/$6 USD) - 2016/04/07 0:29:20 ET
Table 'Grafias' 6-max Seat #2 is the button
Seat 2: Mackeral ($166.72 in chips)
Seat 3: carmello774 ($243.43 in chips)
Mackeral: posts small blind $1
carmello774: posts big blind $3
*** HOLE CARDS ***
Mackeral: raises $3 to $6
carmello774: raises $3 to $9
Mackeral: calls $3
*** FLOP *** [Tc 3d Kd]
carmello774: bets $3
Mackeral: calls $3
*** TURN *** [Tc 3d Kd] [7d]
carmello774: bets $6
Mackeral: folds
Uncalled bet ($6) returned to carmello774
carmello774 collected $23.52 from pot
carmello774: doesn't show hand
*** SUMMARY ***
Total pot $24 | Rake $0.48
Board [Tc 3d Kd 7d]
Seat 2: Mackeral (button) (small blind) folded on the Turn
Seat 3: carmello774 (big blind) collected ($23.52)


PokerStars Hand #151549368266:  Hold'em Limit ($3/$6 USD) - 2016/04/07 0:28:53 ET
Table 'Grafias' 6-max Seat #3 is the button
Seat 2: Mackeral ($134.22 in chips)
Seat 3: carmello774 ($276.43 in chips)
carmello774: posts small blind $1
Mackeral: posts big blind $3
*** HOLE CARDS ***
carmello774: raises $3 to $6
Mackeral: calls $3
*** FLOP *** [Td Qd 4d]
Mackeral: checks
carmello774: bets $3
Mackeral: raises $3 to $6
carmello774: raises $3 to $9
Mackeral: calls $3
*** TURN *** [Td Qd 4d] [2s]
Mackeral: bets $6
carmello774: raises $6 to $12
Mackeral: calls $6
*** RIVER *** [Td Qd 4d 2s] [9s]
Mackeral: checks
carmello774: bets $6
Mackeral: calls $6
*** SHOW DOWN ***
carmello774: shows [Qh Ad] (a pair of Queens)
Mackeral: shows [4s Qc] (two pair, Queens and Fours)
Mackeral collected $65.50 from pot
*** SUMMARY ***
Total pot $66 | Rake $0.50
Board [Td Qd 4d 2s 9s]
Seat 2: Mackeral (big blind) showed [4s Qc] and won ($65.50) with two pair, Queens and Fours
Seat 3: carmello774 (button) (small blind) showed [Qh Ad] and lost with a pair of Queens


PokerStars Hand #151549382517:  Hold'em Limit ($3/$6 USD) - 2016/04/07 0:29:47 ET
Table 'Grafias' 6-max Seat #3 is the button
Seat 2: Mackeral ($154.72 in chips)
Seat 3: carmello774 ($254.95 in chips)
carmello774: posts small blind $1
Mackeral: posts big blind $3
*** HOLE CARDS ***
carmello774: raises $3 to $6
Mackeral: calls $3
*** FLOP *** [Th 2s 7s]
Mackeral: checks
carmello774: bets $3
Mackeral: calls $3
*** TURN *** [Th 2s 7s] [Ts]
Mackeral: checks
carmello774: bets $6
Mackeral: calls $6
*** RIVER *** [Th 2s 7s Ts] [Qd]
Mackeral: checks
carmello774: bets $6
Mackeral: calls $6
*** SHOW DOWN ***
carmello774: shows [Jc 7h] (two pair, Tens and Sevens)
Mackeral: shows [5h Qs] (two pair, Queens and Tens)
Mackeral collected $41.50 from pot
*** SUMMARY ***
Total pot $42 | Rake $0.50
Board [Th 2s 7s Ts Qd]
Seat 2: Mackeral (big blind) showed [5h Qs] and won ($41.50) with two pair, Queens and Tens
Seat 3: carmello774 (button) (small blind) showed [Jc 7h] and lost with two pair, Tens and Sevens


PokerStars Hand #151549387446:  Hold'em Limit ($3/$6 USD) - 2016/04/07 0:30:06 ET
Table 'Grafias' 6-max Seat #2 is the button
Seat 2: Mackeral ($175.22 in chips)
Seat 3: carmello774 ($233.95 in chips)
Mackeral: posts small blind $1
carmello774: posts big blind $3
*** HOLE CARDS ***
Mackeral: folds
Uncalled bet ($2) returned to carmello774
carmello774 collected $2 from pot
carmello774: doesn't show hand
*** SUMMARY ***
Total pot $2 | Rake $0
Seat 2: Mackeral (button) (small blind) folded before Flop
Seat 3: carmello774 (big blind) collected ($2)


