PokerStars Hand #159005663168:  Hold'em Limit ($3/$6 USD) - 2016/09/23 18:54:56 ET
Table 'Grano' 6-max Seat #1 is the button
Seat 1: jiajia88 ($34.17 in chips)
Seat 4: ToDaFelt ($120 in chips)
jiajia88: posts small blind $1
ToDaFelt: posts big blind $3
*** HOLE CARDS ***
simper11 leaves the table
jiajia88: folds
Uncalled bet ($2) returned to ToDaFelt
ToDaFelt collected $2 from pot
ToDaFelt: doesn't show hand
*** SUMMARY ***
Total pot $2 | Rake $0
Seat 1: jiajia88 (button) (small blind) folded before Flop
Seat 4: ToDaFelt (big blind) collected ($2)


PokerStars Hand #159005675630:  Hold'em Limit ($3/$6 USD) - 2016/09/23 18:55:18 ET
Table 'Grano' 6-max Seat #4 is the button
Seat 1: jiajia88 ($33.17 in chips)
Seat 4: ToDaFelt ($121 in chips)
ToDaFelt: posts small blind $1
jiajia88: posts big blind $3
*** HOLE CARDS ***
ToDaFelt: raises $3 to $6
jiajia88: calls $3
*** FLOP *** [9d Kh 4h]
jiajia88: checks
Chessnok joins the table at seat #3
ToDaFelt: bets $3
jiajia88: raises $3 to $6
ToDaFelt: calls $3
*** TURN *** [9d Kh 4h] [9h]
jiajia88: bets $6
ToDaFelt: calls $6
*** RIVER *** [9d Kh 4h 9h] [4d]
jiajia88: bets $6
ToDaFelt: calls $6
*** SHOW DOWN ***
jiajia88: shows [Ad 3c] (two pair, Nines and Fours)
ToDaFelt: mucks hand
jiajia88 collected $47.50 from pot
*** SUMMARY ***
Total pot $48 | Rake $0.50
Board [9d Kh 4h 9h 4d]
Seat 1: jiajia88 (big blind) showed [Ad 3c] and won ($47.50) with two pair, Nines and Fours
Seat 4: ToDaFelt (button) (small blind) mucked


