PokerStars Hand #148318579421:  Hold'em Limit ($3/$6 USD) - 2016/02/06 2:29:27 ET
Table 'Grano II' 6-max Seat #2 is the button
Seat 2: parnishka11 ($80 in chips)
Seat 4: Agrotait ($72 in chips)
parnishka11: posts small blind $1
Agrotait: posts big blind $3
*** HOLE CARDS ***
parnishka11: raises $3 to $6
Agrotait: calls $3
*** FLOP *** [Qc Js 7s]
Agrotait: checks
parnishka11: bets $3
Agrotait: calls $3
*** TURN *** [Qc Js 7s] [Ac]
Agrotait: checks
parnishka11: bets $6
Agrotait: calls $6
*** RIVER *** [Qc Js 7s Ac] [9c]
Agrotait: checks
parnishka11: bets $6
Agrotait: folds
Uncalled bet ($6) returned to parnishka11
parnishka11 collected $29.50 from pot
parnishka11: doesn't show hand
*** SUMMARY ***
Total pot $30 | Rake $0.50
Board [Qc Js 7s Ac 9c]
Seat 2: parnishka11 (button) (small blind) collected ($29.50)
Seat 4: Agrotait (big blind) folded on the River


PokerStars Hand #148318592548:  Hold'em Limit ($3/$6 USD) - 2016/02/06 2:30:07 ET
Table 'Grano II' 6-max Seat #4 is the button
Seat 2: parnishka11 ($94.50 in chips)
Seat 4: Agrotait ($72 in chips)
Agrotait: posts small blind $1
parnishka11: posts big blind $3
*** HOLE CARDS ***
Agrotait: folds
Uncalled bet ($2) returned to parnishka11
parnishka11 collected $2 from pot
parnishka11: doesn't show hand
*** SUMMARY ***
Total pot $2 | Rake $0
Seat 2: parnishka11 (big blind) collected ($2)
Seat 4: Agrotait (button) (small blind) folded before Flop


PokerStars Hand #148318595357:  Hold'em Limit ($3/$6 USD) - 2016/02/06 2:30:16 ET
Table 'Grano II' 6-max Seat #2 is the button
Seat 2: parnishka11 ($95.50 in chips)
Seat 4: Agrotait ($71 in chips)
parnishka11: posts small blind $1
Agrotait: posts big blind $3
*** HOLE CARDS ***
parnishka11: folds
Uncalled bet ($2) returned to Agrotait
Agrotait collected $2 from pot
Agrotait: doesn't show hand
*** SUMMARY ***
Total pot $2 | Rake $0
Seat 2: parnishka11 (button) (small blind) folded before Flop
Seat 4: Agrotait (big blind) collected ($2)


PokerStars Hand #148318609265:  Hold'em Limit ($3/$6 USD) - 2016/02/06 2:30:59 ET
Table 'Grano II' 6-max Seat #2 is the button
Seat 2: parnishka11 ($106.02 in chips)
Seat 4: Agrotait ($60 in chips)
parnishka11: posts small blind $1
Agrotait: posts big blind $3
*** HOLE CARDS ***
parnishka11: folds
Uncalled bet ($2) returned to Agrotait
RSA53 joins the table at seat #1
Agrotait collected $2 from pot
Agrotait: doesn't show hand
*** SUMMARY ***
Total pot $2 | Rake $0
Seat 2: parnishka11 (button) (small blind) folded before Flop
Seat 4: Agrotait (big blind) collected ($2)


PokerStars Hand #148318599000:  Hold'em Limit ($3/$6 USD) - 2016/02/06 2:30:27 ET
Table 'Grano II' 6-max Seat #4 is the button
Seat 2: parnishka11 ($94.50 in chips)
Seat 4: Agrotait ($72 in chips)
Agrotait: posts small blind $1
parnishka11: posts big blind $3
*** HOLE CARDS ***
Agrotait: raises $3 to $6
parnishka11: calls $3
*** FLOP *** [4h Qd 2d]
parnishka11: checks
Agrotait: bets $3
parnishka11: raises $3 to $6
Agrotait: calls $3
*** TURN *** [4h Qd 2d] [Ad]
parnishka11: checks
Agrotait: checks
*** RIVER *** [4h Qd 2d Ad] [Th]
parnishka11: bets $6
Agrotait: folds
Uncalled bet ($6) returned to parnishka11
parnishka11 collected $23.52 from pot
parnishka11: doesn't show hand
*** SUMMARY ***
Total pot $24 | Rake $0.48
Board [4h Qd 2d Ad Th]
Seat 2: parnishka11 (big blind) collected ($23.52)
Seat 4: Agrotait (button) (small blind) folded on the River


PokerStars Hand #148319785976:  Hold'em Limit ($3/$6 USD) - 2016/02/06 3:27:50 ET
Table 'Grano II' 6-max Seat #6 is the button
Seat 5: olavike ($79.59 in chips)
Seat 6: veterankwu ($19.57 in chips)
veterankwu: posts small blind $1
bentinck113: is sitting out
olavike: posts big blind $3
*** HOLE CARDS ***
veterankwu: raises $3 to $6
bentinck113 leaves the table
olavike: calls $3
*** FLOP *** [2h Ac 2s]
olavike: checks
veterankwu: bets $3
olavike: folds
Uncalled bet ($3) returned to veterankwu
veterankwu collected $11.76 from pot
*** SUMMARY ***
Total pot $12 | Rake $0.24
Board [2h Ac 2s]
Seat 5: olavike (big blind) folded on the Flop
Seat 6: veterankwu (button) (small blind) collected ($11.76)


