PokerStars Hand #149203094234:  Hold'em Limit ($3/$6 USD) - 2016/02/21 16:41:54 ET
Table 'Granule II' 6-max Seat #1 is the button
Seat 1: Zubasa07 ($505 in chips)
Seat 6: Andredias950 ($115 in chips)
Zubasa07: posts small blind $1
Andredias950: posts big blind $3
*** HOLE CARDS ***
Zubasa07: raises $3 to $6
Andredias950: calls $3
*** FLOP *** [4s Qc Qd]
CatPuppy1999 joins the table at seat #2
Andredias950: checks
Zubasa07: bets $3
Andredias950: calls $3
*** TURN *** [4s Qc Qd] [Ad]
Andredias950: checks
Zubasa07: bets $6
Andredias950: calls $6
*** RIVER *** [4s Qc Qd Ad] [3h]
Andredias950: checks
Yuriy Ceza11 joins the table at seat #5
Zubasa07: checks
*** SHOW DOWN ***
Andredias950: shows [Ah 7h] (two pair, Aces and Queens)
Zubasa07: mucks hand
Andredias950 collected $29.50 from pot
*** SUMMARY ***
Total pot $30 | Rake $0.50
Board [4s Qc Qd Ad 3h]
Seat 1: Zubasa07 (button) (small blind) mucked
Seat 6: Andredias950 (big blind) showed [Ah 7h] and won ($29.50) with two pair, Aces and Queens


PokerStars Hand #149203163665:  Hold'em Limit ($3/$6 USD) - 2016/02/21 16:42:55 ET
Table 'Granule II' 6-max Seat #6 is the button
Seat 1: Zubasa07 ($490 in chips)
Seat 6: Andredias950 ($129.50 in chips)
Andredias950: posts small blind $1
Zubasa07: posts big blind $3
*** HOLE CARDS ***
Andredias950: calls $2
Zubasa07: checks
*** FLOP *** [Js Kc Tc]
Zubasa07: checks
Andredias950: checks
*** TURN *** [Js Kc Tc] [8d]
Zubasa07: checks
Andredias950: checks
*** RIVER *** [Js Kc Tc 8d] [Jd]
Zubasa07: checks
Andredias950: checks
*** SHOW DOWN ***
Zubasa07: shows [7h 4s] (a pair of Jacks)
Andredias950: shows [4h Ad] (a pair of Jacks - Ace kicker)
Andredias950 collected $5.88 from pot
*** SUMMARY ***
Total pot $6 | Rake $0.12
Board [Js Kc Tc 8d Jd]
Seat 1: Zubasa07 (big blind) showed [7h 4s] and lost with a pair of Jacks
Seat 6: Andredias950 (button) (small blind) showed [4h Ad] and won ($5.88) with a pair of Jacks


