PokerStars Hand #176229619333:  Hold'em Limit ($3/$6 USD) - 2017/09/28 12:04:29 ET
Table 'Granule' 10-max Seat #9 is the button
Seat 5: chebob ($99.26 in chips)
Seat 9: krytalex ($97.52 in chips)
krytalex: posts small blind $1
chebob: posts big blind $3
*** HOLE CARDS ***
krytalex: raises $3 to $6
chebob: folds
Uncalled bet ($3) returned to krytalex
krytalex collected $6 from pot
*** SUMMARY ***
Total pot $6 | Rake $0
Seat 5: chebob (big blind) folded before Flop
Seat 9: krytalex (button) (small blind) collected ($6)


PokerStars Hand #176229674462:  Hold'em Limit ($3/$6 USD) - 2017/09/28 12:05:50 ET
Table 'Granule' 10-max Seat #9 is the button
Seat 5: chebob ($108.90 in chips)
Seat 9: krytalex ($87.52 in chips)
krytalex: posts small blind $1
chebob: posts big blind $3
*** HOLE CARDS ***
krytalex: raises $3 to $6
chebob: folds
Uncalled bet ($3) returned to krytalex
krytalex collected $6 from pot
*** SUMMARY ***
Total pot $6 | Rake $0
Seat 5: chebob (big blind) folded before Flop
Seat 9: krytalex (button) (small blind) collected ($6)


PokerStars Hand #176229668098:  Hold'em Limit ($3/$6 USD) - 2017/09/28 12:05:41 ET
Table 'Granule' 10-max Seat #5 is the button
Seat 5: chebob ($105.90 in chips)
Seat 9: krytalex ($90.52 in chips)
chebob: posts small blind $1
krytalex: posts big blind $3
*** HOLE CARDS ***
chebob: raises $3 to $6
krytalex: folds
Uncalled bet ($3) returned to chebob
chebob collected $6 from pot
*** SUMMARY ***
Total pot $6 | Rake $0
Seat 5: chebob (button) (small blind) collected ($6)
Seat 9: krytalex (big blind) folded before Flop


PokerStars Hand #176229662743:  Hold'em Limit ($3/$6 USD) - 2017/09/28 12:05:33 ET
Table 'Granule' 10-max Seat #9 is the button
Seat 5: chebob ($104.90 in chips)
Seat 9: krytalex ($91.52 in chips)
krytalex: posts small blind $1
chebob: posts big blind $3
*** HOLE CARDS ***
krytalex: folds
Uncalled bet ($2) returned to chebob
chebob collected $2 from pot
*** SUMMARY ***
Total pot $2 | Rake $0
Seat 5: chebob (big blind) collected ($2)
Seat 9: krytalex (button) (small blind) folded before Flop


PokerStars Hand #176229657599:  Hold'em Limit ($3/$6 USD) - 2017/09/28 12:05:25 ET
Table 'Granule' 10-max Seat #5 is the button
Seat 5: chebob ($101.90 in chips)
Seat 9: krytalex ($94.52 in chips)
chebob: posts small blind $1
krytalex: posts big blind $3
*** HOLE CARDS ***
chebob: raises $3 to $6
krytalex: folds
Uncalled bet ($3) returned to chebob
chebob collected $6 from pot
*** SUMMARY ***
Total pot $6 | Rake $0
Seat 5: chebob (button) (small blind) collected ($6)
Seat 9: krytalex (big blind) folded before Flop


PokerStars Hand #176229652411:  Hold'em Limit ($3/$6 USD) - 2017/09/28 12:05:18 ET
Table 'Granule' 10-max Seat #9 is the button
Seat 5: chebob ($104.90 in chips)
Seat 9: krytalex ($91.52 in chips)
krytalex: posts small blind $1
chebob: posts big blind $3
*** HOLE CARDS ***
krytalex: raises $3 to $6
chebob: folds
Uncalled bet ($3) returned to krytalex
krytalex collected $6 from pot
*** SUMMARY ***
Total pot $6 | Rake $0
Seat 5: chebob (big blind) folded before Flop
Seat 9: krytalex (button) (small blind) collected ($6)


PokerStars Hand #176229627352:  Hold'em Limit ($3/$6 USD) - 2017/09/28 12:04:41 ET
Table 'Granule' 10-max Seat #5 is the button
Seat 5: chebob ($96.26 in chips)
Seat 9: krytalex ($100.52 in chips)
chebob: posts small blind $1
krytalex: posts big blind $3
*** HOLE CARDS ***
chebob: raises $3 to $6
krytalex: calls $3
*** FLOP *** [Th 4d 8d]
krytalex: checks
chebob: bets $3
krytalex: calls $3
*** TURN *** [Th 4d 8d] [9h]
krytalex: checks
chebob: bets $6
krytalex: folds
Uncalled bet ($6) returned to chebob
chebob collected $17.64 from pot
*** SUMMARY ***
Total pot $18 | Rake $0.36
Board [Th 4d 8d 9h]
Seat 5: chebob (button) (small blind) collected ($17.64)
Seat 9: krytalex (big blind) folded on the Turn


PokerStars Hand #176229678736:  Hold'em Limit ($3/$6 USD) - 2017/09/28 12:05:56 ET
Table 'Granule' 10-max Seat #5 is the button
Seat 5: chebob ($105.90 in chips)
Seat 9: krytalex ($90.52 in chips)
chebob: posts small blind $1
krytalex: posts big blind $3
*** HOLE CARDS ***
zimin10 joins the table at seat #6
chebob: raises $3 to $6
krytalex: calls $3
*** FLOP *** [3s 9s 5s]
krytalex: checks
chebob: checks
*** TURN *** [3s 9s 5s] [Kc]
krytalex: checks
chebob: checks
*** RIVER *** [3s 9s 5s Kc] [Qd]
krytalex: checks
chebob: checks
*** SHOW DOWN ***
krytalex: shows [Ad 8h] (high card Ace)
chebob: shows [3d 6d] (a pair of Threes)
chebob collected $11.76 from pot
*** SUMMARY ***
Total pot $12 | Rake $0.24
Board [3s 9s 5s Kc Qd]
Seat 5: chebob (button) (small blind) showed [3d 6d] and won ($11.76) with a pair of Threes
Seat 9: krytalex (big blind) showed [Ad 8h] and lost with high card Ace


PokerStars Hand #176229720199:  Hold'em Limit ($3/$6 USD) - 2017/09/28 12:06:51 ET
Table 'Granule' 10-max Seat #9 is the button
Seat 5: chebob ($111.66 in chips)
Seat 9: krytalex ($84.52 in chips)
krytalex: posts small blind $1
chebob: posts big blind $3
*** HOLE CARDS ***
krytalex: raises $3 to $6
chebob: folds
Uncalled bet ($3) returned to krytalex
krytalex collected $6 from pot
*** SUMMARY ***
Total pot $6 | Rake $0
Seat 5: chebob (big blind) folded before Flop
Seat 9: krytalex (button) (small blind) collected ($6)


PokerStars Hand #176230187787:  Hold'em Limit ($3/$6 USD) - 2017/09/28 12:18:11 ET
Table 'Granule' 10-max Seat #5 is the button
Seat 5: chebob ($84.05 in chips)
Seat 9: krytalex ($92.74 in chips)
chebob: posts small blind $1
zimin10: is sitting out
krytalex: posts big blind $3
*** HOLE CARDS ***
zimin10 leaves the table
chebob: folds
Uncalled bet ($2) returned to krytalex
krytalex collected $2 from pot
*** SUMMARY ***
Total pot $2 | Rake $0
Seat 5: chebob (button) (small blind) folded before Flop
Seat 9: krytalex (big blind) collected ($2)


PokerStars Hand #176230191357:  Hold'em Limit ($3/$6 USD) - 2017/09/28 12:18:16 ET
Table 'Granule' 10-max Seat #9 is the button
Seat 5: chebob ($83.05 in chips)
Seat 9: krytalex ($93.74 in chips)
krytalex: posts small blind $1
chebob: posts big blind $3
*** HOLE CARDS ***
krytalex: raises $3 to $6
chebob: calls $3
*** FLOP *** [2s Js 9c]
chebob: checks
krytalex: bets $3
chebob: calls $3
*** TURN *** [2s Js 9c] [6d]
chebob: checks
krytalex: bets $6
chebob: calls $6
*** RIVER *** [2s Js 9c 6d] [Kc]
chebob: bets $6
krytalex: raises $6 to $12
chebob: raises $6 to $18
krytalex: calls $6
*** SHOW DOWN ***
chebob: shows [Qh Tc] (a straight, Nine to King)
krytalex: mucks hand
chebob collected $65.50 from pot
*** SUMMARY ***
Total pot $66 | Rake $0.50
Board [2s Js 9c 6d Kc]
Seat 5: chebob (big blind) showed [Qh Tc] and won ($65.50) with a straight, Nine to King
Seat 9: krytalex (button) (small blind) mucked


PokerStars Hand #176230218762:  Hold'em Limit ($3/$6 USD) - 2017/09/28 12:18:56 ET
Table 'Granule' 10-max Seat #9 is the button
Seat 5: chebob ($114.55 in chips)
Seat 9: krytalex ($73 in chips)
krytalex: posts small blind $1
chebob: posts big blind $3
*** HOLE CARDS ***
krytalex: folds
Uncalled bet ($2) returned to chebob
chebob collected $2 from pot
*** SUMMARY ***
Total pot $2 | Rake $0
Seat 5: chebob (big blind) collected ($2)
Seat 9: krytalex (button) (small blind) folded before Flop


PokerStars Hand #176230214534:  Hold'em Limit ($3/$6 USD) - 2017/09/28 12:18:50 ET
Table 'Granule' 10-max Seat #5 is the button
Seat 5: chebob ($115.55 in chips)
Seat 9: krytalex ($72 in chips)
chebob: posts small blind $1
krytalex: posts big blind $3
*** HOLE CARDS ***
chebob: folds
Uncalled bet ($2) returned to krytalex
krytalex collected $2 from pot
*** SUMMARY ***
Total pot $2 | Rake $0
Seat 5: chebob (button) (small blind) folded before Flop
Seat 9: krytalex (big blind) collected ($2)


PokerStars Hand #176230222155:  Hold'em Limit ($3/$6 USD) - 2017/09/28 12:19:01 ET
Table 'Granule' 10-max Seat #5 is the button
Seat 5: chebob ($115.55 in chips)
Seat 9: krytalex ($72 in chips)
chebob: posts small blind $1
krytalex: posts big blind $3
*** HOLE CARDS ***
chebob: folds
Uncalled bet ($2) returned to krytalex
krytalex collected $2 from pot
*** SUMMARY ***
Total pot $2 | Rake $0
Seat 5: chebob (button) (small blind) folded before Flop
Seat 9: krytalex (big blind) collected ($2)


PokerStars Hand #176230225728:  Hold'em Limit ($3/$6 USD) - 2017/09/28 12:19:07 ET
Table 'Granule' 10-max Seat #9 is the button
Seat 5: chebob ($114.55 in chips)
Seat 9: krytalex ($73 in chips)
krytalex: posts small blind $1
chebob: posts big blind $3
*** HOLE CARDS ***
krytalex: raises $3 to $6
chebob: calls $3
*** FLOP *** [Kh Js Jc]
chebob: checks
krytalex: bets $3
chebob: calls $3
*** TURN *** [Kh Js Jc] [8d]
chebob: checks
krytalex: checks
*** RIVER *** [Kh Js Jc 8d] [6h]
chebob: bets $6
krytalex: calls $6
*** SHOW DOWN ***
chebob: shows [Ks Ac] (two pair, Kings and Jacks)
krytalex: mucks hand
chebob collected $29.50 from pot
*** SUMMARY ***
Total pot $30 | Rake $0.50
Board [Kh Js Jc 8d 6h]
Seat 5: chebob (big blind) showed [Ks Ac] and won ($29.50) with two pair, Kings and Jacks
Seat 9: krytalex (button) (small blind) mucked


PokerStars Hand #176230254366:  Hold'em Limit ($3/$6 USD) - 2017/09/28 12:19:49 ET
Table 'Granule' 10-max Seat #5 is the button
Seat 5: chebob ($129.05 in chips)
Seat 9: krytalex ($72 in chips)
chebob: posts small blind $1
krytalex: posts big blind $3
*** HOLE CARDS ***
chebob: raises $3 to $6
krytalex: calls $3
*** FLOP *** [8h Qs 4c]
krytalex: checks
chebob: bets $3
krytalex: raises $3 to $6
chebob: calls $3
*** TURN *** [8h Qs 4c] [Qh]
krytalex: bets $6
chebob: calls $6
*** RIVER *** [8h Qs 4c Qh] [5h]
krytalex: bets $6
chebob: calls $6
*** SHOW DOWN ***
krytalex: shows [Qd 4s] (a full house, Queens full of Fours)
chebob: mucks hand
krytalex collected $47.50 from pot
*** SUMMARY ***
Total pot $48 | Rake $0.50
Board [8h Qs 4c Qh 5h]
Seat 5: chebob (button) (small blind) mucked
Seat 9: krytalex (big blind) showed [Qd 4s] and won ($47.50) with a full house, Queens full of Fours


PokerStars Hand #176230285156:  Hold'em Limit ($3/$6 USD) - 2017/09/28 12:20:34 ET
Table 'Granule' 10-max Seat #5 is the button
Seat 5: chebob ($102.05 in chips)
Seat 9: krytalex ($98.50 in chips)
chebob: posts small blind $1
krytalex: posts big blind $3
*** HOLE CARDS ***
chebob: folds
Uncalled bet ($2) returned to krytalex
krytalex collected $2 from pot
*** SUMMARY ***
Total pot $2 | Rake $0
Seat 5: chebob (button) (small blind) folded before Flop
Seat 9: krytalex (big blind) collected ($2)


PokerStars Hand #176230277215:  Hold'em Limit ($3/$6 USD) - 2017/09/28 12:20:22 ET
Table 'Granule' 10-max Seat #9 is the button
Seat 5: chebob ($105.05 in chips)
Seat 9: krytalex ($95.50 in chips)
krytalex: posts small blind $1
chebob: posts big blind $3
*** HOLE CARDS ***
krytalex: raises $3 to $6
chebob: folds
Uncalled bet ($3) returned to krytalex
krytalex collected $6 from pot
*** SUMMARY ***
Total pot $6 | Rake $0
Seat 5: chebob (big blind) folded before Flop
Seat 9: krytalex (button) (small blind) collected ($6)


PokerStars Hand #176230288917:  Hold'em Limit ($3/$6 USD) - 2017/09/28 12:20:40 ET
Table 'Granule' 10-max Seat #9 is the button
Seat 5: chebob ($101.05 in chips)
Seat 9: krytalex ($99.50 in chips)
krytalex: posts small blind $1
chebob: posts big blind $3
*** HOLE CARDS ***
krytalex: raises $3 to $6
chebob: folds
Uncalled bet ($3) returned to krytalex
krytalex collected $6 from pot
*** SUMMARY ***
Total pot $6 | Rake $0
Seat 5: chebob (big blind) folded before Flop
Seat 9: krytalex (button) (small blind) collected ($6)


PokerStars Hand #176230295219:  Hold'em Limit ($3/$6 USD) - 2017/09/28 12:20:49 ET
Table 'Granule' 10-max Seat #5 is the button
Seat 5: chebob ($98.05 in chips)
Seat 9: krytalex ($102.50 in chips)
chebob: posts small blind $1
krytalex: posts big blind $3
*** HOLE CARDS ***
chebob: raises $3 to $6
krytalex: folds
Uncalled bet ($3) returned to chebob
chebob collected $6 from pot
*** SUMMARY ***
Total pot $6 | Rake $0
Seat 5: chebob (button) (small blind) collected ($6)
Seat 9: krytalex (big blind) folded before Flop


PokerStars Hand #176230333154:  Hold'em Limit ($3/$6 USD) - 2017/09/28 12:21:46 ET
Table 'Granule' 10-max Seat #5 is the button
Seat 5: chebob ($127.55 in chips)
Seat 9: krytalex ($72.50 in chips)
chebob: posts small blind $1
krytalex: posts big blind $3
*** HOLE CARDS ***
chebob: folds
Uncalled bet ($2) returned to krytalex
krytalex collected $2 from pot
*** SUMMARY ***
Total pot $2 | Rake $0
Seat 5: chebob (button) (small blind) folded before Flop
Seat 9: krytalex (big blind) collected ($2)


PokerStars Hand #176230299430:  Hold'em Limit ($3/$6 USD) - 2017/09/28 12:20:55 ET
Table 'Granule' 10-max Seat #9 is the button
Seat 5: chebob ($101.05 in chips)
Seat 9: krytalex ($99.50 in chips)
krytalex: posts small blind $1
chebob: posts big blind $3
*** HOLE CARDS ***
krytalex: raises $3 to $6
chebob: calls $3
*** FLOP *** [Ks Td 4c]
chebob: checks
krytalex: bets $3
chebob: calls $3
*** TURN *** [Ks Td 4c] [9h]
chebob: checks
krytalex: bets $6
chebob: calls $6
*** RIVER *** [Ks Td 4c 9h] [Tc]
chebob: checks
krytalex: bets $6
chebob: raises $6 to $12
krytalex: calls $6
*** SHOW DOWN ***
chebob: shows [6d Ts] (three of a kind, Tens)
krytalex: mucks hand
chebob collected $53.50 from pot
*** SUMMARY ***
Total pot $54 | Rake $0.50
Board [Ks Td 4c 9h Tc]
Seat 5: chebob (big blind) showed [6d Ts] and won ($53.50) with three of a kind, Tens
Seat 9: krytalex (button) (small blind) mucked


PokerStars Hand #176230336931:  Hold'em Limit ($3/$6 USD) - 2017/09/28 12:21:52 ET
Table 'Granule' 10-max Seat #9 is the button
Seat 5: chebob ($126.55 in chips)
Seat 9: krytalex ($73.50 in chips)
krytalex: posts small blind $1
chebob: posts big blind $3
*** HOLE CARDS ***
krytalex: folds
Uncalled bet ($2) returned to chebob
chebob collected $2 from pot
*** SUMMARY ***
Total pot $2 | Rake $0
Seat 5: chebob (big blind) collected ($2)
Seat 9: krytalex (button) (small blind) folded before Flop


PokerStars Hand #176230369315:  Hold'em Limit ($3/$6 USD) - 2017/09/28 12:22:42 ET
Table 'Granule' 10-max Seat #9 is the button
Seat 5: chebob ($144.05 in chips)
Seat 9: krytalex ($73 in chips)
krytalex: posts small blind $1
chebob: posts big blind $3
*** HOLE CARDS ***
krytalex: raises $3 to $6
chebob: folds
Uncalled bet ($3) returned to krytalex
krytalex collected $6 from pot
*** SUMMARY ***
Total pot $6 | Rake $0
Seat 5: chebob (big blind) folded before Flop
Seat 9: krytalex (button) (small blind) collected ($6)


PokerStars Hand #176230364601:  Hold'em Limit ($3/$6 USD) - 2017/09/28 12:22:35 ET
Table 'Granule' 10-max Seat #5 is the button
Seat 5: chebob ($145.05 in chips)
Seat 9: krytalex ($72 in chips)
chebob: posts small blind $1
krytalex: posts big blind $3
*** HOLE CARDS ***
chebob: folds
Uncalled bet ($2) returned to krytalex
krytalex collected $2 from pot
*** SUMMARY ***
Total pot $2 | Rake $0
Seat 5: chebob (button) (small blind) folded before Flop
Seat 9: krytalex (big blind) collected ($2)


PokerStars Hand #176230348522:  Hold'em Limit ($3/$6 USD) - 2017/09/28 12:22:10 ET
Table 'Granule' 10-max Seat #9 is the button
Seat 5: chebob ($130.55 in chips)
Seat 9: krytalex ($72 in chips)
krytalex: posts small blind $1
chebob: posts big blind $3
*** HOLE CARDS ***
krytalex: raises $3 to $6
chebob: calls $3
*** FLOP *** [Kd 2d 2s]
chebob: checks
krytalex: bets $3
chebob: calls $3
*** TURN *** [Kd 2d 2s] [Qc]
chebob: checks
krytalex: checks
*** RIVER *** [Kd 2d 2s Qc] [Ah]
chebob: checks
krytalex: bets $6
chebob: calls $6
*** SHOW DOWN ***
krytalex: shows [9d 8c] (a pair of Deuces)
chebob: shows [Tc Td] (two pair, Tens and Deuces)
chebob collected $29.50 from pot
*** SUMMARY ***
Total pot $30 | Rake $0.50
Board [Kd 2d 2s Qc Ah]
Seat 5: chebob (big blind) showed [Tc Td] and won ($29.50) with two pair, Tens and Deuces
Seat 9: krytalex (button) (small blind) showed [9d 8c] and lost with a pair of Deuces


PokerStars Hand #176230342451:  Hold'em Limit ($3/$6 USD) - 2017/09/28 12:22:01 ET
Table 'Granule' 10-max Seat #5 is the button
Seat 5: chebob ($127.55 in chips)
Seat 9: krytalex ($72.50 in chips)
chebob: posts small blind $1
krytalex: posts big blind $3
*** HOLE CARDS ***
chebob: raises $3 to $6
krytalex: folds
Uncalled bet ($3) returned to chebob
chebob collected $6 from pot
*** SUMMARY ***
Total pot $6 | Rake $0
Seat 5: chebob (button) (small blind) collected ($6)
Seat 9: krytalex (big blind) folded before Flop


PokerStars Hand #176230390803:  Hold'em Limit ($3/$6 USD) - 2017/09/28 12:23:16 ET
Table 'Granule' 10-max Seat #5 is the button
Seat 5: chebob ($137.05 in chips)
Seat 9: krytalex ($80 in chips)
chebob: posts small blind $1
krytalex: posts big blind $3
*** HOLE CARDS ***
chebob: raises $3 to $6
krytalex: folds
Uncalled bet ($3) returned to chebob
chebob collected $6 from pot
*** SUMMARY ***
Total pot $6 | Rake $0
Seat 5: chebob (button) (small blind) collected ($6)
Seat 9: krytalex (big blind) folded before Flop


PokerStars Hand #176230386451:  Hold'em Limit ($3/$6 USD) - 2017/09/28 12:23:09 ET
Table 'Granule' 10-max Seat #9 is the button
Seat 5: chebob ($140.05 in chips)
Seat 9: krytalex ($77 in chips)
krytalex: posts small blind $1
chebob: posts big blind $3
*** HOLE CARDS ***
krytalex: raises $3 to $6
chebob: folds
Uncalled bet ($3) returned to krytalex
krytalex collected $6 from pot
*** SUMMARY ***
Total pot $6 | Rake $0
Seat 5: chebob (big blind) folded before Flop
Seat 9: krytalex (button) (small blind) collected ($6)


PokerStars Hand #176230383043:  Hold'em Limit ($3/$6 USD) - 2017/09/28 12:23:04 ET
Table 'Granule' 10-max Seat #5 is the button
Seat 5: chebob ($141.05 in chips)
Seat 9: krytalex ($76 in chips)
chebob: posts small blind $1
krytalex: posts big blind $3
*** HOLE CARDS ***
chebob: folds
Uncalled bet ($2) returned to krytalex
krytalex collected $2 from pot
*** SUMMARY ***
Total pot $2 | Rake $0
Seat 5: chebob (button) (small blind) folded before Flop
Seat 9: krytalex (big blind) collected ($2)


PokerStars Hand #176230425599:  Hold'em Limit ($3/$6 USD) - 2017/09/28 12:24:11 ET
Table 'Granule' 10-max Seat #5 is the button
Seat 5: chebob ($125.05 in chips)
Seat 9: krytalex ($91.50 in chips)
chebob: posts small blind $1
krytalex: posts big blind $3
*** HOLE CARDS ***
chebob: raises $3 to $6
krytalex: calls $3
*** FLOP *** [8c As Kd]
krytalex: checks
chebob: bets $3
krytalex: calls $3
*** TURN *** [8c As Kd] [4s]
krytalex: checks
chebob: checks
*** RIVER *** [8c As Kd 4s] [Tc]
krytalex: checks
chebob: checks
*** SHOW DOWN ***
krytalex: shows [Ks 6s] (a pair of Kings)
chebob: mucks hand
krytalex collected $17.64 from pot
*** SUMMARY ***
Total pot $18 | Rake $0.36
Board [8c As Kd 4s Tc]
Seat 5: chebob (button) (small blind) mucked
Seat 9: krytalex (big blind) showed [Ks 6s] and won ($17.64) with a pair of Kings


PokerStars Hand #176230404598:  Hold'em Limit ($3/$6 USD) - 2017/09/28 12:23:38 ET
Table 'Granule' 10-max Seat #9 is the button
Seat 5: chebob ($140.05 in chips)
Seat 9: krytalex ($77 in chips)
krytalex: posts small blind $1
chebob: posts big blind $3
*** HOLE CARDS ***
krytalex: raises $3 to $6
chebob: calls $3
*** FLOP *** [8d Qc 5h]
chebob: checks
krytalex: bets $3
chebob: calls $3
*** TURN *** [8d Qc 5h] [9d]
chebob: checks
krytalex: bets $6
chebob: calls $6
*** RIVER *** [8d Qc 5h 9d] [Ad]
chebob: checks
krytalex: checks
*** SHOW DOWN ***
chebob: shows [Jh Kd] (high card Ace)
krytalex: shows [Kc 9s] (a pair of Nines)
krytalex collected $29.50 from pot
*** SUMMARY ***
Total pot $30 | Rake $0.50
Board [8d Qc 5h 9d Ad]
Seat 5: chebob (big blind) showed [Jh Kd] and lost with high card Ace
Seat 9: krytalex (button) (small blind) showed [Kc 9s] and won ($29.50) with a pair of Nines


PokerStars Hand #176230489421:  Hold'em Limit ($3/$6 USD) - 2017/09/28 12:25:51 ET
Table 'Granule' 10-max Seat #9 is the button
Seat 5: chebob ($129.55 in chips)
Seat 9: krytalex ($86.14 in chips)
krytalex: posts small blind $1
chebob: posts big blind $3
*** HOLE CARDS ***
krytalex: folds
Uncalled bet ($2) returned to chebob
chebob collected $2 from pot
*** SUMMARY ***
Total pot $2 | Rake $0
Seat 5: chebob (big blind) collected ($2)
Seat 9: krytalex (button) (small blind) folded before Flop


PokerStars Hand #176230485933:  Hold'em Limit ($3/$6 USD) - 2017/09/28 12:25:45 ET
Table 'Granule' 10-max Seat #5 is the button
Seat 5: chebob ($130.55 in chips)
Seat 9: krytalex ($85.14 in chips)
chebob: posts small blind $1
krytalex: posts big blind $3
*** HOLE CARDS ***
chebob: folds
Uncalled bet ($2) returned to krytalex
krytalex collected $2 from pot
*** SUMMARY ***
Total pot $2 | Rake $0
Seat 5: chebob (button) (small blind) folded before Flop
Seat 9: krytalex (big blind) collected ($2)


PokerStars Hand #176230492472:  Hold'em Limit ($3/$6 USD) - 2017/09/28 12:25:55 ET
Table 'Granule' 10-max Seat #5 is the button
Seat 5: chebob ($130.55 in chips)
Seat 9: krytalex ($85.14 in chips)
chebob: posts small blind $1
krytalex: posts big blind $3
*** HOLE CARDS ***
chebob: raises $3 to $6
krytalex: calls $3
*** FLOP *** [8c 4h Jc]
krytalex: checks
chebob: bets $3
krytalex: calls $3
*** TURN *** [8c 4h Jc] [Th]
krytalex: checks
chebob: checks
*** RIVER *** [8c 4h Jc Th] [8h]
krytalex: bets $6
chebob: raises $6 to $12
krytalex: folds
Uncalled bet ($6) returned to chebob
chebob collected $29.50 from pot
*** SUMMARY ***
Total pot $30 | Rake $0.50
Board [8c 4h Jc Th 8h]
Seat 5: chebob (button) (small blind) collected ($29.50)
Seat 9: krytalex (big blind) folded on the River


PokerStars Hand #176230528073:  Hold'em Limit ($3/$6 USD) - 2017/09/28 12:26:51 ET
Table 'Granule' 10-max Seat #9 is the button
Seat 5: chebob ($145.05 in chips)
Seat 9: krytalex ($72 in chips)
krytalex: posts small blind $1
chebob: posts big blind $3
*** HOLE CARDS ***
krytalex: raises $3 to $6
chebob: calls $3
*** FLOP *** [6s Th Jd]
chebob: checks
krytalex: bets $3
chebob: calls $3
*** TURN *** [6s Th Jd] [2h]
chebob: checks
krytalex: bets $6
chebob: folds
Uncalled bet ($6) returned to krytalex
krytalex collected $17.64 from pot
*** SUMMARY ***
Total pot $18 | Rake $0.36
Board [6s Th Jd 2h]
Seat 5: chebob (big blind) folded on the Turn
Seat 9: krytalex (button) (small blind) collected ($17.64)


PokerStars Hand #176230604451:  Hold'em Limit ($3/$6 USD) - 2017/09/28 12:28:50 ET
Table 'Granule' 10-max Seat #5 is the button
Seat 5: chebob ($153.33 in chips)
Seat 9: krytalex ($72 in chips)
chebob: posts small blind $1
krytalex: posts big blind $3
*** HOLE CARDS ***
chebob: folds
Uncalled bet ($2) returned to krytalex
krytalex collected $2 from pot
*** SUMMARY ***
Total pot $2 | Rake $0
Seat 5: chebob (button) (small blind) folded before Flop
Seat 9: krytalex (big blind) collected ($2)


PokerStars Hand #176230585794:  Hold'em Limit ($3/$6 USD) - 2017/09/28 12:28:21 ET
Table 'Granule' 10-max Seat #9 is the button
Seat 5: chebob ($144.69 in chips)
Seat 9: krytalex ($72 in chips)
krytalex: posts small blind $1
chebob: posts big blind $3
*** HOLE CARDS ***
krytalex: raises $3 to $6
chebob: calls $3
*** FLOP *** [4h 6c Td]
chebob: checks
krytalex: bets $3
chebob: calls $3
*** TURN *** [4h 6c Td] [5h]
chebob: checks
krytalex: checks
*** RIVER *** [4h 6c Td 5h] [4d]
chebob: checks
krytalex: checks
*** SHOW DOWN ***
chebob: shows [Qd 7s] (a pair of Fours)
krytalex: mucks hand
chebob collected $17.64 from pot
*** SUMMARY ***
Total pot $18 | Rake $0.36
Board [4h 6c Td 5h 4d]
Seat 5: chebob (big blind) showed [Qd 7s] and won ($17.64) with a pair of Fours
Seat 9: krytalex (button) (small blind) mucked


PokerStars Hand #176230554057:  Hold'em Limit ($3/$6 USD) - 2017/09/28 12:27:31 ET
Table 'Granule' 10-max Seat #5 is the button
Seat 5: chebob ($136.05 in chips)
Seat 9: krytalex ($80.64 in chips)
chebob: posts small blind $1
krytalex: posts big blind $3
*** HOLE CARDS ***
chebob: raises $3 to $6
krytalex: calls $3
*** FLOP *** [9s 7c As]
krytalex: checks
chebob: bets $3
krytalex: calls $3
*** TURN *** [9s 7c As] [2s]
krytalex: checks
chebob: bets $6
krytalex: folds
Uncalled bet ($6) returned to chebob
chebob collected $17.64 from pot
*** SUMMARY ***
Total pot $18 | Rake $0.36
Board [9s 7c As 2s]
Seat 5: chebob (button) (small blind) collected ($17.64)
Seat 9: krytalex (big blind) folded on the Turn


PokerStars Hand #176230636434:  Hold'em Limit ($3/$6 USD) - 2017/09/28 12:29:40 ET
Table 'Granule' 10-max Seat #9 is the button
Seat 5: chebob ($145.97 in chips)
Seat 9: krytalex ($78.50 in chips)
krytalex: posts small blind $1
chebob: posts big blind $3
*** HOLE CARDS ***
krytalex: folds
Uncalled bet ($2) returned to chebob
chebob collected $2 from pot
*** SUMMARY ***
Total pot $2 | Rake $0
Seat 5: chebob (big blind) collected ($2)
Seat 9: krytalex (button) (small blind) folded before Flop


PokerStars Hand #176230620779:  Hold'em Limit ($3/$6 USD) - 2017/09/28 12:29:15 ET
Table 'Granule' 10-max Seat #5 is the button
Seat 5: chebob ($137.33 in chips)
Seat 9: krytalex ($87.50 in chips)
chebob: posts small blind $1
krytalex: posts big blind $3
*** HOLE CARDS ***
chebob: raises $3 to $6
krytalex: calls $3
*** FLOP *** [Kh 7h Ts]
krytalex: checks
chebob: bets $3
krytalex: calls $3
*** TURN *** [Kh 7h Ts] [9h]
krytalex: checks
chebob: bets $6
krytalex: folds
Uncalled bet ($6) returned to chebob
chebob collected $17.64 from pot
*** SUMMARY ***
Total pot $18 | Rake $0.36
Board [Kh 7h Ts 9h]
Seat 5: chebob (button) (small blind) collected ($17.64)
Seat 9: krytalex (big blind) folded on the Turn


PokerStars Hand #176230607969:  Hold'em Limit ($3/$6 USD) - 2017/09/28 12:28:55 ET
Table 'Granule' 10-max Seat #9 is the button
Seat 5: chebob ($152.33 in chips)
Seat 9: krytalex ($73 in chips)
krytalex: posts small blind $1
chebob: posts big blind $3
*** HOLE CARDS ***
krytalex: raises $3 to $6
chebob: calls $3
*** FLOP *** [2c Kd Ks]
chebob: checks
krytalex: bets $3
chebob: calls $3
*** TURN *** [2c Kd Ks] [Kc]
chebob: checks
krytalex: bets $6
chebob: calls $6
*** RIVER *** [2c Kd Ks Kc] [8s]
chebob: checks
krytalex: bets $6
chebob: folds
Uncalled bet ($6) returned to krytalex
krytalex collected $29.50 from pot
*** SUMMARY ***
Total pot $30 | Rake $0.50
Board [2c Kd Ks Kc 8s]
Seat 5: chebob (big blind) folded on the River
Seat 9: krytalex (button) (small blind) collected ($29.50)


PokerStars Hand #176230647052:  Hold'em Limit ($3/$6 USD) - 2017/09/28 12:29:56 ET
Table 'Granule' 10-max Seat #5 is the button
Seat 5: chebob ($146.97 in chips)
Seat 9: krytalex ($77.50 in chips)
chebob: posts small blind $1
krytalex: posts big blind $3
*** HOLE CARDS ***
chebob: folds
Uncalled bet ($2) returned to krytalex
krytalex collected $2 from pot
*** SUMMARY ***
Total pot $2 | Rake $0
Seat 5: chebob (button) (small blind) folded before Flop
Seat 9: krytalex (big blind) collected ($2)


PokerStars Hand #176230665905:  Hold'em Limit ($3/$6 USD) - 2017/09/28 12:30:26 ET
Table 'Granule' 10-max Seat #9 is the button
Seat 5: chebob ($137.97 in chips)
Seat 9: krytalex ($86.50 in chips)
krytalex: posts small blind $1
chebob: posts big blind $3
*** HOLE CARDS ***
krytalex: raises $3 to $6
chebob: calls $3
*** FLOP *** [Kd 4d 2s]
chebob: checks
krytalex: bets $3
chebob: calls $3
*** TURN *** [Kd 4d 2s] [6c]
chebob: checks
krytalex: checks
*** RIVER *** [Kd 4d 2s 6c] [7d]
chebob: checks
krytalex: checks
*** SHOW DOWN ***
chebob: shows [Qh Ad] (high card Ace)
krytalex: mucks hand
chebob collected $17.64 from pot
*** SUMMARY ***
Total pot $18 | Rake $0.36
Board [Kd 4d 2s 6c 7d]
Seat 5: chebob (big blind) showed [Qh Ad] and won ($17.64) with high card Ace
Seat 9: krytalex (button) (small blind) mucked


PokerStars Hand #176230662493:  Hold'em Limit ($3/$6 USD) - 2017/09/28 12:30:20 ET
Table 'Granule' 10-max Seat #5 is the button
Seat 5: chebob ($138.97 in chips)
Seat 9: krytalex ($85.50 in chips)
chebob: posts small blind $1
krytalex: posts big blind $3
*** HOLE CARDS ***
chebob: folds
Uncalled bet ($2) returned to krytalex
krytalex collected $2 from pot
*** SUMMARY ***
Total pot $2 | Rake $0
Seat 5: chebob (button) (small blind) folded before Flop
Seat 9: krytalex (big blind) collected ($2)


PokerStars Hand #176230658255:  Hold'em Limit ($3/$6 USD) - 2017/09/28 12:30:14 ET
Table 'Granule' 10-max Seat #9 is the button
Seat 5: chebob ($141.97 in chips)
Seat 9: krytalex ($82.50 in chips)
krytalex: posts small blind $1
chebob: posts big blind $3
*** HOLE CARDS ***
krytalex: raises $3 to $6
chebob: folds
Uncalled bet ($3) returned to krytalex
krytalex collected $6 from pot
*** SUMMARY ***
Total pot $6 | Rake $0
Seat 5: chebob (big blind) folded before Flop
Seat 9: krytalex (button) (small blind) collected ($6)


PokerStars Hand #176230655010:  Hold'em Limit ($3/$6 USD) - 2017/09/28 12:30:09 ET
Table 'Granule' 10-max Seat #5 is the button
Seat 5: chebob ($142.97 in chips)
Seat 9: krytalex ($81.50 in chips)
chebob: posts small blind $1
krytalex: posts big blind $3
*** HOLE CARDS ***
chebob: folds
Uncalled bet ($2) returned to krytalex
krytalex collected $2 from pot
*** SUMMARY ***
Total pot $2 | Rake $0
Seat 5: chebob (button) (small blind) folded before Flop
Seat 9: krytalex (big blind) collected ($2)


PokerStars Hand #176230650949:  Hold'em Limit ($3/$6 USD) - 2017/09/28 12:30:03 ET
Table 'Granule' 10-max Seat #9 is the button
Seat 5: chebob ($145.97 in chips)
Seat 9: krytalex ($78.50 in chips)
krytalex: posts small blind $1
chebob: posts big blind $3
*** HOLE CARDS ***
krytalex: raises $3 to $6
chebob: folds
Uncalled bet ($3) returned to krytalex
krytalex collected $6 from pot
*** SUMMARY ***
Total pot $6 | Rake $0
Seat 5: chebob (big blind) folded before Flop
Seat 9: krytalex (button) (small blind) collected ($6)


PokerStars Hand #176230702483:  Hold'em Limit ($3/$6 USD) - 2017/09/28 12:31:23 ET
Table 'Granule' 10-max Seat #5 is the button
Seat 5: chebob ($152.25 in chips)
Seat 9: krytalex ($75 in chips)
chebob: posts small blind $1
krytalex: posts big blind $3
*** HOLE CARDS ***
chebob: raises $3 to $6
krytalex: calls $3
*** FLOP *** [4s 8d 7h]
krytalex: checks
chebob: bets $3
krytalex: calls $3
*** TURN *** [4s 8d 7h] [Qc]
krytalex: checks
chebob: checks
*** RIVER *** [4s 8d 7h Qc] [4h]
krytalex: bets $6
chebob: folds
Uncalled bet ($6) returned to krytalex
krytalex collected $17.64 from pot
*** SUMMARY ***
Total pot $18 | Rake $0.36
Board [4s 8d 7h Qc 4h]
Seat 5: chebob (button) (small blind) folded on the River
Seat 9: krytalex (big blind) collected ($17.64)


PokerStars Hand #176230698670:  Hold'em Limit ($3/$6 USD) - 2017/09/28 12:31:17 ET
Table 'Granule' 10-max Seat #9 is the button
Seat 5: chebob ($155.25 in chips)
Seat 9: krytalex ($72 in chips)
krytalex: posts small blind $1
chebob: posts big blind $3
*** HOLE CARDS ***
krytalex: raises $3 to $6
chebob: folds
Uncalled bet ($3) returned to krytalex
krytalex collected $6 from pot
*** SUMMARY ***
Total pot $6 | Rake $0
Seat 5: chebob (big blind) folded before Flop
Seat 9: krytalex (button) (small blind) collected ($6)


PokerStars Hand #176230686134:  Hold'em Limit ($3/$6 USD) - 2017/09/28 12:30:57 ET
Table 'Granule' 10-max Seat #5 is the button
Seat 5: chebob ($146.61 in chips)
Seat 9: krytalex ($77.50 in chips)
chebob: posts small blind $1
krytalex: posts big blind $3
*** HOLE CARDS ***
chebob: raises $3 to $6
krytalex: calls $3
*** FLOP *** [Ad 8c 2h]
krytalex: checks
chebob: bets $3
krytalex: calls $3
*** TURN *** [Ad 8c 2h] [9c]
krytalex: checks
chebob: checks
*** RIVER *** [Ad 8c 2h 9c] [Th]
krytalex: checks
chebob: checks
*** SHOW DOWN ***
krytalex: shows [Ks 5s] (high card Ace)
chebob: shows [8h 6c] (a pair of Eights)
chebob collected $17.64 from pot
*** SUMMARY ***
Total pot $18 | Rake $0.36
Board [Ad 8c 2h 9c Th]
Seat 5: chebob (button) (small blind) showed [8h 6c] and won ($17.64) with a pair of Eights
Seat 9: krytalex (big blind) showed [Ks 5s] and lost with high card Ace


PokerStars Hand #176230747750:  Hold'em Limit ($3/$6 USD) - 2017/09/28 12:32:33 ET
Table 'Granule' 10-max Seat #9 is the button
Seat 5: chebob ($137 in chips)
Seat 9: krytalex ($89.15 in chips)
krytalex: posts small blind $1
chebob: posts big blind $3
*** HOLE CARDS ***
krytalex: raises $3 to $6
chebob: calls $3
*** FLOP *** [6c 7h 2h]
chebob: checks
krytalex: bets $3
chebob: calls $3
*** TURN *** [6c 7h 2h] [5h]
chebob: checks
krytalex: checks
*** RIVER *** [6c 7h 2h 5h] [6s]
chebob: checks
krytalex: checks
*** SHOW DOWN ***
chebob: shows [Ks 8d] (a pair of Sixes)
krytalex: shows [Td Ad] (a pair of Sixes - Ace kicker)
krytalex collected $17.64 from pot
*** SUMMARY ***
Total pot $18 | Rake $0.36
Board [6c 7h 2h 5h 6s]
Seat 5: chebob (big blind) showed [Ks 8d] and lost with a pair of Sixes
Seat 9: krytalex (button) (small blind) showed [Td Ad] and won ($17.64) with a pair of Sixes


PokerStars Hand #176230734849:  Hold'em Limit ($3/$6 USD) - 2017/09/28 12:32:13 ET
Table 'Granule' 10-max Seat #5 is the button
Seat 5: chebob ($143 in chips)
Seat 9: krytalex ($83.39 in chips)
chebob: posts small blind $1
krytalex: posts big blind $3
*** HOLE CARDS ***
chebob: raises $3 to $6
krytalex: calls $3
*** FLOP *** [Jd 3d 3c]
krytalex: checks
chebob: checks
*** TURN *** [Jd 3d 3c] [8s]
krytalex: checks
chebob: checks
*** RIVER *** [Jd 3d 3c 8s] [4c]
krytalex: checks
chebob: checks
*** SHOW DOWN ***
krytalex: shows [5c Ks] (a pair of Threes)
chebob: mucks hand
krytalex collected $11.76 from pot
*** SUMMARY ***
Total pot $12 | Rake $0.24
Board [Jd 3d 3c 8s 4c]
Seat 5: chebob (button) (small blind) mucked
Seat 9: krytalex (big blind) showed [5c Ks] and won ($11.76) with a pair of Threes


PokerStars Hand #176230722708:  Hold'em Limit ($3/$6 USD) - 2017/09/28 12:31:54 ET
Table 'Granule' 10-max Seat #9 is the button
Seat 5: chebob ($143.25 in chips)
Seat 9: krytalex ($83.64 in chips)
krytalex: posts small blind $1
chebob: posts big blind $3
*** HOLE CARDS ***
krytalex: raises $3 to $6
chebob: calls $3
*** FLOP *** [9c 7c 7s]
chebob: checks
krytalex: bets $3
chebob: calls $3
*** TURN *** [9c 7c 7s] [2s]
chebob: checks
krytalex: bets $6
chebob: calls $6
*** RIVER *** [9c 7c 7s 2s] [Ah]
chebob: bets $6
krytalex: calls $6
*** SHOW DOWN ***
chebob: shows [Ac 4d] (two pair, Aces and Sevens)
krytalex: shows [2h Ad] (two pair, Aces and Sevens)
chebob collected $20.75 from pot
krytalex collected $20.75 from pot
*** SUMMARY ***
Total pot $42 | Rake $0.50
Board [9c 7c 7s 2s Ah]
Seat 5: chebob (big blind) showed [Ac 4d] and won ($20.75) with two pair, Aces and Sevens
Seat 9: krytalex (button) (small blind) showed [2h Ad] and won ($20.75) with two pair, Aces and Sevens


PokerStars Hand #176230761365:  Hold'em Limit ($3/$6 USD) - 2017/09/28 12:32:55 ET
Table 'Granule' 10-max Seat #5 is the button
Seat 5: chebob ($128 in chips)
Seat 9: krytalex ($97.79 in chips)
chebob: posts small blind $1
krytalex: posts big blind $3
*** HOLE CARDS ***
chebob: folds
Uncalled bet ($2) returned to krytalex
krytalex collected $2 from pot
*** SUMMARY ***
Total pot $2 | Rake $0
Seat 5: chebob (button) (small blind) folded before Flop
Seat 9: krytalex (big blind) collected ($2)


PokerStars Hand #176230791111:  Hold'em Limit ($3/$6 USD) - 2017/09/28 12:33:41 ET
Table 'Granule' 10-max Seat #5 is the button
Seat 5: chebob ($122.88 in chips)
Seat 9: krytalex ($102.67 in chips)
chebob: posts small blind $1
krytalex: posts big blind $3
*** HOLE CARDS ***
chebob: raises $3 to $6
krytalex: calls $3
*** FLOP *** [5s 6d Jc]
krytalex: checks
chebob: bets $3
krytalex: folds
Uncalled bet ($3) returned to chebob
chebob collected $11.76 from pot
*** SUMMARY ***
Total pot $12 | Rake $0.24
Board [5s 6d Jc]
Seat 5: chebob (button) (small blind) collected ($11.76)
Seat 9: krytalex (big blind) folded on the Flop


PokerStars Hand #176230787568:  Hold'em Limit ($3/$6 USD) - 2017/09/28 12:33:35 ET
Table 'Granule' 10-max Seat #9 is the button
Seat 5: chebob ($125.88 in chips)
Seat 9: krytalex ($99.67 in chips)
krytalex: posts small blind $1
chebob: posts big blind $3
*** HOLE CARDS ***
krytalex: raises $3 to $6
chebob: folds
Uncalled bet ($3) returned to krytalex
krytalex collected $6 from pot
*** SUMMARY ***
Total pot $6 | Rake $0
Seat 5: chebob (big blind) folded before Flop
Seat 9: krytalex (button) (small blind) collected ($6)


PokerStars Hand #176230780203:  Hold'em Limit ($3/$6 USD) - 2017/09/28 12:33:24 ET
Table 'Granule' 10-max Seat #5 is the button
Seat 5: chebob ($126.88 in chips)
Seat 9: krytalex ($98.67 in chips)
chebob: posts small blind $1
krytalex: posts big blind $3
*** HOLE CARDS ***
chebob: folds
Uncalled bet ($2) returned to krytalex
krytalex collected $2 from pot
*** SUMMARY ***
Total pot $2 | Rake $0
Seat 5: chebob (button) (small blind) folded before Flop
Seat 9: krytalex (big blind) collected ($2)


PokerStars Hand #176230764421:  Hold'em Limit ($3/$6 USD) - 2017/09/28 12:32:59 ET
Table 'Granule' 10-max Seat #9 is the button
Seat 5: chebob ($127 in chips)
Seat 9: krytalex ($98.79 in chips)
krytalex: posts small blind $1
chebob: posts big blind $3
*** HOLE CARDS ***
krytalex: raises $3 to $6
chebob: calls $3
*** FLOP *** [Js Jh 3s]
chebob: checks
krytalex: checks
*** TURN *** [Js Jh 3s] [Ks]
chebob: checks
krytalex: checks
*** RIVER *** [Js Jh 3s Ks] [3d]
chebob: checks
krytalex: checks
*** SHOW DOWN ***
chebob: shows [2c 2d] (two pair, Jacks and Threes)
krytalex: shows [7c Qh] (two pair, Jacks and Threes)
chebob collected $5.88 from pot
krytalex collected $5.88 from pot
*** SUMMARY ***
Total pot $12 | Rake $0.24
Board [Js Jh 3s Ks 3d]
Seat 5: chebob (big blind) showed [2c 2d] and won ($5.88) with two pair, Jacks and Threes
Seat 9: krytalex (button) (small blind) showed [7c Qh] and won ($5.88) with two pair, Jacks and Threes


PokerStars Hand #176230800991:  Hold'em Limit ($3/$6 USD) - 2017/09/28 12:33:56 ET
Table 'Granule' 10-max Seat #9 is the button
Seat 5: chebob ($128.64 in chips)
Seat 9: krytalex ($96.67 in chips)
krytalex: posts small blind $1
chebob: posts big blind $3
*** HOLE CARDS ***
krytalex: raises $3 to $6
chebob: folds
Uncalled bet ($3) returned to krytalex
krytalex collected $6 from pot
*** SUMMARY ***
Total pot $6 | Rake $0
Seat 5: chebob (big blind) folded before Flop
Seat 9: krytalex (button) (small blind) collected ($6)


PokerStars Hand #176230844807:  Hold'em Limit ($3/$6 USD) - 2017/09/28 12:35:04 ET
Table 'Granule' 10-max Seat #5 is the button
Seat 5: chebob ($144.78 in chips)
Seat 9: krytalex ($79.67 in chips)
chebob: posts small blind $1
krytalex: posts big blind $3
*** HOLE CARDS ***
chebob: folds
Uncalled bet ($2) returned to krytalex
krytalex collected $2 from pot
*** SUMMARY ***
Total pot $2 | Rake $0
Seat 5: chebob (button) (small blind) folded before Flop
Seat 9: krytalex (big blind) collected ($2)


PokerStars Hand #176230841138:  Hold'em Limit ($3/$6 USD) - 2017/09/28 12:34:58 ET
Table 'Granule' 10-max Seat #9 is the button
Seat 5: chebob ($147.78 in chips)
Seat 9: krytalex ($76.67 in chips)
krytalex: posts small blind $1
chebob: posts big blind $3
*** HOLE CARDS ***
krytalex: raises $3 to $6
chebob: folds
Uncalled bet ($3) returned to krytalex
krytalex collected $6 from pot
*** SUMMARY ***
Total pot $6 | Rake $0
Seat 5: chebob (big blind) folded before Flop
Seat 9: krytalex (button) (small blind) collected ($6)


PokerStars Hand #176230837850:  Hold'em Limit ($3/$6 USD) - 2017/09/28 12:34:53 ET
Table 'Granule' 10-max Seat #5 is the button
Seat 5: chebob ($148.78 in chips)
Seat 9: krytalex ($75.67 in chips)
chebob: posts small blind $1
krytalex: posts big blind $3
*** HOLE CARDS ***
chebob: folds
Uncalled bet ($2) returned to krytalex
krytalex collected $2 from pot
*** SUMMARY ***
Total pot $2 | Rake $0
Seat 5: chebob (button) (small blind) folded before Flop
Seat 9: krytalex (big blind) collected ($2)


PokerStars Hand #176230817149:  Hold'em Limit ($3/$6 USD) - 2017/09/28 12:34:21 ET
Table 'Granule' 10-max Seat #9 is the button
Seat 5: chebob ($134.28 in chips)
Seat 9: krytalex ($90.67 in chips)
krytalex: posts small blind $1
chebob: posts big blind $3
*** HOLE CARDS ***
krytalex: raises $3 to $6
chebob: calls $3
*** FLOP *** [8h Jc 4d]
chebob: checks
krytalex: bets $3
chebob: calls $3
*** TURN *** [8h Jc 4d] [Js]
chebob: checks
krytalex: bets $6
chebob: calls $6
*** RIVER *** [8h Jc 4d Js] [8s]
chebob: checks
krytalex: checks
*** SHOW DOWN ***
chebob: shows [Qd Ac] (two pair, Jacks and Eights)
krytalex: mucks hand
chebob collected $29.50 from pot
*** SUMMARY ***
Total pot $30 | Rake $0.50
Board [8h Jc 4d Js 8s]
Seat 5: chebob (big blind) showed [Qd Ac] and won ($29.50) with two pair, Jacks and Eights
Seat 9: krytalex (button) (small blind) mucked


PokerStars Hand #176230804784:  Hold'em Limit ($3/$6 USD) - 2017/09/28 12:34:02 ET
Table 'Granule' 10-max Seat #5 is the button
Seat 5: chebob ($125.64 in chips)
Seat 9: krytalex ($99.67 in chips)
chebob: posts small blind $1
krytalex: posts big blind $3
*** HOLE CARDS ***
chebob: raises $3 to $6
krytalex: calls $3
*** FLOP *** [7d 2d 5d]
krytalex: checks
chebob: bets $3
krytalex: calls $3
*** TURN *** [7d 2d 5d] [Qd]
krytalex: checks
chebob: bets $6
krytalex: folds
Uncalled bet ($6) returned to chebob
chebob collected $17.64 from pot
*** SUMMARY ***
Total pot $18 | Rake $0.36
Board [7d 2d 5d Qd]
Seat 5: chebob (button) (small blind) collected ($17.64)
Seat 9: krytalex (big blind) folded on the Turn


PokerStars Hand #176230871321:  Hold'em Limit ($3/$6 USD) - 2017/09/28 12:35:45 ET
Table 'Granule' 10-max Seat #5 is the button
Seat 5: chebob ($140.78 in chips)
Seat 9: krytalex ($83.67 in chips)
chebob: posts small blind $1
krytalex: posts big blind $3
*** HOLE CARDS ***
chebob: folds
Uncalled bet ($2) returned to krytalex
krytalex collected $2 from pot
*** SUMMARY ***
Total pot $2 | Rake $0
Seat 5: chebob (button) (small blind) folded before Flop
Seat 9: krytalex (big blind) collected ($2)


PokerStars Hand #176230862157:  Hold'em Limit ($3/$6 USD) - 2017/09/28 12:35:31 ET
Table 'Granule' 10-max Seat #9 is the button
Seat 5: chebob ($143.78 in chips)
Seat 9: krytalex ($80.67 in chips)
krytalex: posts small blind $1
chebob: posts big blind $3
*** HOLE CARDS ***
krytalex: raises $3 to $6
chebob: folds
Uncalled bet ($3) returned to krytalex
krytalex collected $6 from pot
*** SUMMARY ***
Total pot $6 | Rake $0
Seat 5: chebob (big blind) folded before Flop
Seat 9: krytalex (button) (small blind) collected ($6)


PokerStars Hand #176230853090:  Hold'em Limit ($3/$6 USD) - 2017/09/28 12:35:17 ET
Table 'Granule' 10-max Seat #5 is the button
Seat 5: chebob ($140.78 in chips)
Seat 9: krytalex ($83.67 in chips)
chebob: posts small blind $1
krytalex: posts big blind $3
*** HOLE CARDS ***
chebob: raises $3 to $6
krytalex: folds
Uncalled bet ($3) returned to chebob
chebob collected $6 from pot
*** SUMMARY ***
Total pot $6 | Rake $0
Seat 5: chebob (button) (small blind) collected ($6)
Seat 9: krytalex (big blind) folded before Flop


PokerStars Hand #176230848077:  Hold'em Limit ($3/$6 USD) - 2017/09/28 12:35:09 ET
Table 'Granule' 10-max Seat #9 is the button
Seat 5: chebob ($143.78 in chips)
Seat 9: krytalex ($80.67 in chips)
krytalex: posts small blind $1
chebob: posts big blind $3
*** HOLE CARDS ***
krytalex: raises $3 to $6
chebob: folds
Uncalled bet ($3) returned to krytalex
krytalex collected $6 from pot
*** SUMMARY ***
Total pot $6 | Rake $0
Seat 5: chebob (big blind) folded before Flop
Seat 9: krytalex (button) (small blind) collected ($6)


PokerStars Hand #176230908149:  Hold'em Limit ($3/$6 USD) - 2017/09/28 12:36:43 ET
Table 'Granule' 10-max Seat #9 is the button
Seat 5: chebob ($148.28 in chips)
Seat 9: krytalex ($77.76 in chips)
krytalex: posts small blind $1
chebob: posts big blind $3
*** HOLE CARDS ***
krytalex: raises $3 to $6
chebob: folds
Uncalled bet ($3) returned to krytalex
krytalex collected $6 from pot
*** SUMMARY ***
Total pot $6 | Rake $0
Seat 5: chebob (big blind) folded before Flop
Seat 9: krytalex (button) (small blind) collected ($6)


PokerStars Hand #176230898331:  Hold'em Limit ($3/$6 USD) - 2017/09/28 12:36:28 ET
Table 'Granule' 10-max Seat #5 is the button
Seat 5: chebob ($154.28 in chips)
Seat 9: krytalex ($72 in chips)
chebob: posts small blind $1
krytalex: posts big blind $3
*** HOLE CARDS ***
chebob: raises $3 to $6
krytalex: calls $3
*** FLOP *** [Jc 9h 2c]
krytalex: checks
chebob: checks
*** TURN *** [Jc 9h 2c] [3h]
krytalex: bets $6
chebob: folds
Uncalled bet ($6) returned to krytalex
krytalex collected $11.76 from pot
*** SUMMARY ***
Total pot $12 | Rake $0.24
Board [Jc 9h 2c 3h]
Seat 5: chebob (button) (small blind) folded on the Turn
Seat 9: krytalex (big blind) collected ($11.76)


PokerStars Hand #176230875084:  Hold'em Limit ($3/$6 USD) - 2017/09/28 12:35:51 ET
Table 'Granule' 10-max Seat #9 is the button
Seat 5: chebob ($139.78 in chips)
Seat 9: krytalex ($84.67 in chips)
krytalex: posts small blind $1
chebob: posts big blind $3
*** HOLE CARDS ***
krytalex: raises $3 to $6
chebob: calls $3
*** FLOP *** [3c Tc Jh]
chebob: checks
krytalex: bets $3
chebob: calls $3
*** TURN *** [3c Tc Jh] [7d]
chebob: checks
krytalex: bets $6
chebob: raises $6 to $12
krytalex: folds
Uncalled bet ($6) returned to chebob
chebob collected $29.50 from pot
*** SUMMARY ***
Total pot $30 | Rake $0.50
Board [3c Tc Jh 7d]
Seat 5: chebob (big blind) collected ($29.50)
Seat 9: krytalex (button) (small blind) folded on the Turn


PokerStars Hand #176230912393:  Hold'em Limit ($3/$6 USD) - 2017/09/28 12:36:49 ET
Table 'Granule' 10-max Seat #5 is the button
Seat 5: chebob ($145.28 in chips)
Seat 9: krytalex ($80.76 in chips)
chebob: posts small blind $1
krytalex: posts big blind $3
*** HOLE CARDS ***
chebob: raises $3 to $6
krytalex: calls $3
*** FLOP *** [Qs Ts 6d]
krytalex: checks
chebob: bets $3
krytalex: folds
Uncalled bet ($3) returned to chebob
chebob collected $11.76 from pot
*** SUMMARY ***
Total pot $12 | Rake $0.24
Board [Qs Ts 6d]
Seat 5: chebob (button) (small blind) collected ($11.76)
Seat 9: krytalex (big blind) folded on the Flop


PokerStars Hand #176230925524:  Hold'em Limit ($3/$6 USD) - 2017/09/28 12:37:10 ET
Table 'Granule' 10-max Seat #9 is the button
Seat 5: chebob ($151.04 in chips)
Seat 9: krytalex ($74.76 in chips)
krytalex: posts small blind $1
chebob: posts big blind $3
*** HOLE CARDS ***
krytalex: raises $3 to $6
chebob: calls $3
*** FLOP *** [Th 3s Ts]
chebob: checks
krytalex: bets $3
chebob: calls $3
*** TURN *** [Th 3s Ts] [7s]
chebob: checks
krytalex: checks
*** RIVER *** [Th 3s Ts 7s] [4h]
chebob: checks
krytalex: checks
*** SHOW DOWN ***
chebob: shows [7c Jc] (two pair, Tens and Sevens)
krytalex: mucks hand
chebob collected $17.64 from pot
*** SUMMARY ***
Total pot $18 | Rake $0.36
Board [Th 3s Ts 7s 4h]
Seat 5: chebob (big blind) showed [7c Jc] and won ($17.64) with two pair, Tens and Sevens
Seat 9: krytalex (button) (small blind) mucked


PokerStars Hand #176230940623:  Hold'em Limit ($3/$6 USD) - 2017/09/28 12:37:34 ET
Table 'Granule' 10-max Seat #5 is the button
Seat 5: chebob ($159.68 in chips)
Seat 9: krytalex ($72 in chips)
chebob: posts small blind $1
krytalex: posts big blind $3
*** HOLE CARDS ***
chebob: folds
Uncalled bet ($2) returned to krytalex
krytalex collected $2 from pot
*** SUMMARY ***
Total pot $2 | Rake $0
Seat 5: chebob (button) (small blind) folded before Flop
Seat 9: krytalex (big blind) collected ($2)


PokerStars Hand #176230945972:  Hold'em Limit ($3/$6 USD) - 2017/09/28 12:37:42 ET
Table 'Granule' 10-max Seat #9 is the button
Seat 5: chebob ($158.68 in chips)
Seat 9: krytalex ($73 in chips)
krytalex: posts small blind $1
chebob: posts big blind $3
*** HOLE CARDS ***
krytalex: raises $3 to $6
chebob: folds
Uncalled bet ($3) returned to krytalex
krytalex collected $6 from pot
*** SUMMARY ***
Total pot $6 | Rake $0
Seat 5: chebob (big blind) folded before Flop
Seat 9: krytalex (button) (small blind) collected ($6)


PokerStars Hand #176230953004:  Hold'em Limit ($3/$6 USD) - 2017/09/28 12:37:53 ET
Table 'Granule' 10-max Seat #5 is the button
Seat 5: chebob ($155.68 in chips)
Seat 9: krytalex ($76 in chips)
chebob: posts small blind $1
krytalex: posts big blind $3
*** HOLE CARDS ***
chebob: raises $3 to $6
krytalex: calls $3
*** FLOP *** [4s 8d Ad]
krytalex: checks
chebob: bets $3
krytalex: raises $3 to $6
chebob: folds
Uncalled bet ($3) returned to krytalex
krytalex collected $17.64 from pot
*** SUMMARY ***
Total pot $18 | Rake $0.36
Board [4s 8d Ad]
Seat 5: chebob (button) (small blind) folded on the Flop
Seat 9: krytalex (big blind) collected ($17.64)


PokerStars Hand #176230963287:  Hold'em Limit ($3/$6 USD) - 2017/09/28 12:38:09 ET
Table 'Granule' 10-max Seat #9 is the button
Seat 5: chebob ($146.68 in chips)
Seat 9: krytalex ($84.64 in chips)
krytalex: posts small blind $1
chebob: posts big blind $3
*** HOLE CARDS ***
krytalex: raises $3 to $6
chebob: calls $3
*** FLOP *** [6d 8c 3d]
chebob: checks
krytalex: bets $3
chebob: raises $3 to $6
krytalex: calls $3
*** TURN *** [6d 8c 3d] [As]
chebob: checks
krytalex: checks
*** RIVER *** [6d 8c 3d As] [Jh]
chebob: bets $6
krytalex: calls $6
*** SHOW DOWN ***
chebob: shows [9c 9s] (a pair of Nines)
krytalex: mucks hand
chebob collected $35.50 from pot
*** SUMMARY ***
Total pot $36 | Rake $0.50
Board [6d 8c 3d As Jh]
Seat 5: chebob (big blind) showed [9c 9s] and won ($35.50) with a pair of Nines
Seat 9: krytalex (button) (small blind) mucked


PokerStars Hand #176230980191:  Hold'em Limit ($3/$6 USD) - 2017/09/28 12:38:35 ET
Table 'Granule' 10-max Seat #5 is the button
Seat 5: chebob ($164.18 in chips)
Seat 9: krytalex ($72 in chips)
chebob: posts small blind $1
krytalex: posts big blind $3
*** HOLE CARDS ***
chebob: folds
Uncalled bet ($2) returned to krytalex
krytalex collected $2 from pot
*** SUMMARY ***
Total pot $2 | Rake $0
Seat 5: chebob (button) (small blind) folded before Flop
Seat 9: krytalex (big blind) collected ($2)


PokerStars Hand #176230984608:  Hold'em Limit ($3/$6 USD) - 2017/09/28 12:38:42 ET
Table 'Granule' 10-max Seat #9 is the button
Seat 5: chebob ($163.18 in chips)
Seat 9: krytalex ($73 in chips)
krytalex: posts small blind $1
chebob: posts big blind $3
*** HOLE CARDS ***
krytalex: raises $3 to $6
chebob: calls $3
*** FLOP *** [7h 4d 3s]
chebob: checks
krytalex: bets $3
chebob: calls $3
*** TURN *** [7h 4d 3s] [3c]
chebob: checks
krytalex: bets $6
chebob: calls $6
*** RIVER *** [7h 4d 3s 3c] [3h]
chebob: checks
krytalex: bets $6
chebob: calls $6
*** SHOW DOWN ***
krytalex: shows [5h 5c] (a full house, Threes full of Fives)
chebob: mucks hand
krytalex collected $41.50 from pot
*** SUMMARY ***
Total pot $42 | Rake $0.50
Board [7h 4d 3s 3c 3h]
Seat 5: chebob (big blind) mucked
Seat 9: krytalex (button) (small blind) showed [5h 5c] and won ($41.50) with a full house, Threes full of Fives


PokerStars Hand #176231000213:  Hold'em Limit ($3/$6 USD) - 2017/09/28 12:39:06 ET
Table 'Granule' 10-max Seat #5 is the button
Seat 5: chebob ($142.18 in chips)
Seat 9: krytalex ($93.50 in chips)
chebob: posts small blind $1
krytalex: posts big blind $3
*** HOLE CARDS ***
chebob: raises $3 to $6
krytalex: calls $3
*** FLOP *** [9d 7d Jd]
krytalex: checks
chebob: bets $3
krytalex: raises $3 to $6
chebob: calls $3
*** TURN *** [9d 7d Jd] [3c]
krytalex: bets $6
chebob: raises $6 to $12
krytalex: calls $6
*** RIVER *** [9d 7d Jd 3c] [Ah]
krytalex: checks
chebob: bets $6
krytalex: folds
Uncalled bet ($6) returned to chebob
chebob collected $47.50 from pot
*** SUMMARY ***
Total pot $48 | Rake $0.50
Board [9d 7d Jd 3c Ah]
Seat 5: chebob (button) (small blind) collected ($47.50)
Seat 9: krytalex (big blind) folded on the River


PokerStars Hand #176231029252:  Hold'em Limit ($3/$6 USD) - 2017/09/28 12:39:52 ET
Table 'Granule' 10-max Seat #5 is the button
Seat 5: chebob ($150.68 in chips)
Seat 9: krytalex ($86.50 in chips)
chebob: posts small blind $1
krytalex: posts big blind $3
*** HOLE CARDS ***
chebob: raises $3 to $6
krytalex: folds
Uncalled bet ($3) returned to chebob
chebob collected $6 from pot
*** SUMMARY ***
Total pot $6 | Rake $0
Seat 5: chebob (button) (small blind) collected ($6)
Seat 9: krytalex (big blind) folded before Flop


PokerStars Hand #176231017981:  Hold'em Limit ($3/$6 USD) - 2017/09/28 12:39:34 ET
Table 'Granule' 10-max Seat #9 is the button
Seat 5: chebob ($165.68 in chips)
Seat 9: krytalex ($72 in chips)
krytalex: posts small blind $1
chebob: posts big blind $3
*** HOLE CARDS ***
krytalex: raises $3 to $6
chebob: calls $3
*** FLOP *** [2s 8c 2d]
chebob: checks
krytalex: bets $3
chebob: calls $3
*** TURN *** [2s 8c 2d] [6c]
chebob: checks
krytalex: bets $6
chebob: calls $6
*** RIVER *** [2s 8c 2d 6c] [5d]
chebob: checks
krytalex: bets $6
chebob: folds
Uncalled bet ($6) returned to krytalex
krytalex collected $29.50 from pot
*** SUMMARY ***
Total pot $30 | Rake $0.50
Board [2s 8c 2d 6c 5d]
Seat 5: chebob (big blind) folded on the River
Seat 9: krytalex (button) (small blind) collected ($29.50)


PokerStars Hand #176231033239:  Hold'em Limit ($3/$6 USD) - 2017/09/28 12:39:58 ET
Table 'Granule' 10-max Seat #9 is the button
Seat 5: chebob ($153.68 in chips)
Seat 9: krytalex ($83.50 in chips)
krytalex: posts small blind $1
chebob: posts big blind $3
*** HOLE CARDS ***
krytalex: raises $3 to $6
chebob: calls $3
*** FLOP *** [7d 4s 8d]
chebob: checks
krytalex: bets $3
chebob: calls $3
*** TURN *** [7d 4s 8d] [Kd]
chebob: checks
krytalex: bets $6
chebob: raises $6 to $12
krytalex: calls $6
*** RIVER *** [7d 4s 8d Kd] [9s]
chebob: bets $6
krytalex: calls $6
*** SHOW DOWN ***
chebob: shows [5d 3d] (a flush, King high)
krytalex: mucks hand
chebob collected $53.50 from pot
*** SUMMARY ***
Total pot $54 | Rake $0.50
Board [7d 4s 8d Kd 9s]
Seat 5: chebob (big blind) showed [5d 3d] and won ($53.50) with a flush, King high
Seat 9: krytalex (button) (small blind) mucked


PokerStars Hand #176231052895:  Hold'em Limit ($3/$6 USD) - 2017/09/28 12:40:29 ET
Table 'Granule' 10-max Seat #5 is the button
Seat 5: chebob ($180.18 in chips)
Seat 9: krytalex ($72 in chips)
chebob: posts small blind $1
krytalex: posts big blind $3
*** HOLE CARDS ***
chebob: raises $3 to $6
krytalex said, "obez'yana ebanaya"
krytalex: raises $3 to $9
chebob: calls $3
*** FLOP *** [7s 9c 2s]
krytalex said, "UEBISHE TUPORYLOE"
krytalex: bets $3
chebob said, "otsosi pidr"
chebob: calls $3
*** TURN *** [7s 9c 2s] [Ad]
krytalex: bets $6
chebob: calls $6
*** RIVER *** [7s 9c 2s Ad] [Jh]
krytalex: bets $6
chebob: raises $6 to $12
krytalex: raises $6 to $18
chebob: raises $6 to $24
Betting is capped
krytalex: calls $6
*** SHOW DOWN ***
chebob: shows [Td 8h] (a straight, Seven to Jack)
krytalex: mucks hand
chebob collected $83.50 from pot
*** SUMMARY ***
Total pot $84 | Rake $0.50
Board [7s 9c 2s Ad Jh]
Seat 5: chebob (button) (small blind) showed [Td 8h] and won ($83.50) with a straight, Seven to Jack
Seat 9: krytalex (big blind) mucked


PokerStars Hand #176231081268:  Hold'em Limit ($3/$6 USD) - 2017/09/28 12:41:13 ET
Table 'Granule' 10-max Seat #9 is the button
Seat 5: chebob ($221.68 in chips)
Seat 9: krytalex ($72 in chips)
krytalex: posts small blind $1
chebob: posts big blind $3
*** HOLE CARDS ***
krytalex said, "SOSAT" U BARANOV BYDESH" HUILA"
krytalex: folds
Uncalled bet ($2) returned to chebob
chebob collected $2 from pot
*** SUMMARY ***
Total pot $2 | Rake $0
Seat 5: chebob (big blind) collected ($2)
Seat 9: krytalex (button) (small blind) folded before Flop


PokerStars Hand #176231089119:  Hold'em Limit ($3/$6 USD) - 2017/09/28 12:41:25 ET
Table 'Granule' 10-max Seat #5 is the button
Seat 5: chebob ($222.68 in chips)
Seat 9: krytalex ($72 in chips)
chebob: posts small blind $1
krytalex: posts big blind $3
*** HOLE CARDS ***
chebob: raises $3 to $6
krytalex: calls $3
*** FLOP *** [5s Qd 2d]
krytalex: checks
chebob: checks
*** TURN *** [5s Qd 2d] [Th]
krytalex: bets $6
chebob: folds
Uncalled bet ($6) returned to krytalex
krytalex collected $11.76 from pot
*** SUMMARY ***
Total pot $12 | Rake $0.24
Board [5s Qd 2d Th]
Seat 5: chebob (button) (small blind) folded on the Turn
Seat 9: krytalex (big blind) collected ($11.76)


PokerStars Hand #176231110107:  Hold'em Limit ($3/$6 USD) - 2017/09/28 12:41:58 ET
Table 'Granule' 10-max Seat #9 is the button
Seat 5: chebob ($216.68 in chips)
Seat 9: krytalex ($77.76 in chips)
krytalex: posts small blind $1
chebob: posts big blind $3
*** HOLE CARDS ***
krytalex said, "lichno by boshku tvoyu ebanutuyu otrezal i na hui nasadil"
krytalex: raises $3 to $6
chebob said, "davai sosi"
chebob: raises $3 to $9
krytalex: raises $3 to $12
Betting is capped
chebob: calls $3
*** FLOP *** [Qs 8d 4s]
chebob: checks
krytalex: bets $3
chebob: calls $3
*** TURN *** [Qs 8d 4s] [5h]
chebob: checks
krytalex: bets $6
chebob: calls $6
*** RIVER *** [Qs 8d 4s 5h] [8s]
chebob: checks
krytalex: bets $6
chebob: calls $6
*** SHOW DOWN ***
krytalex: shows [Td Ts] (two pair, Tens and Eights)
chebob: mucks hand
krytalex collected $53.50 from pot
*** SUMMARY ***
Total pot $54 | Rake $0.50
Board [Qs 8d 4s 5h 8s]
Seat 5: chebob (big blind) mucked
Seat 9: krytalex (button) (small blind) showed [Td Ts] and won ($53.50) with two pair, Tens and Eights


PokerStars Hand #176231136387:  Hold'em Limit ($3/$6 USD) - 2017/09/28 12:42:38 ET
Table 'Granule' 10-max Seat #5 is the button
Seat 5: chebob ($189.68 in chips)
Seat 9: krytalex ($104.26 in chips)
chebob: posts small blind $1
krytalex: posts big blind $3
*** HOLE CARDS ***
chebob: folds
Uncalled bet ($2) returned to krytalex
krytalex collected $2 from pot
*** SUMMARY ***
Total pot $2 | Rake $0
Seat 5: chebob (button) (small blind) folded before Flop
Seat 9: krytalex (big blind) collected ($2)


PokerStars Hand #176231149297:  Hold'em Limit ($3/$6 USD) - 2017/09/28 12:42:58 ET
Table 'Granule' 10-max Seat #9 is the button
Seat 5: chebob ($188.68 in chips)
Seat 9: krytalex ($105.26 in chips)
krytalex: posts small blind $1
chebob: posts big blind $3
*** HOLE CARDS ***
krytalex: folds
Uncalled bet ($2) returned to chebob
chebob collected $2 from pot
chebob said, "gandon"
*** SUMMARY ***
Total pot $2 | Rake $0
Seat 5: chebob (big blind) collected ($2)
Seat 9: krytalex (button) (small blind) folded before Flop


PokerStars Hand #176231160326:  Hold'em Limit ($3/$6 USD) - 2017/09/28 12:43:15 ET
Table 'Granule' 10-max Seat #9 is the button
Seat 5: chebob ($195.44 in chips)
Seat 9: krytalex ($98.26 in chips)
krytalex: posts small blind $1
chebob: posts big blind $3
*** HOLE CARDS ***
krytalex: folds
Uncalled bet ($2) returned to chebob
chebob collected $2 from pot
*** SUMMARY ***
Total pot $2 | Rake $0
Seat 5: chebob (big blind) collected ($2)
Seat 9: krytalex (button) (small blind) folded before Flop


PokerStars Hand #176231152752:  Hold'em Limit ($3/$6 USD) - 2017/09/28 12:43:03 ET
Table 'Granule' 10-max Seat #5 is the button
Seat 5: chebob ($189.68 in chips)
Seat 9: krytalex ($104.26 in chips)
chebob: posts small blind $1
krytalex: posts big blind $3
*** HOLE CARDS ***
chebob: raises $3 to $6
krytalex: calls $3
*** FLOP *** [4h 8c Ac]
krytalex: checks
chebob: bets $3
krytalex: folds
Uncalled bet ($3) returned to chebob
chebob collected $11.76 from pot
*** SUMMARY ***
Total pot $12 | Rake $0.24
Board [4h 8c Ac]
Seat 5: chebob (button) (small blind) collected ($11.76)
Seat 9: krytalex (big blind) folded on the Flop


PokerStars Hand #176231163380:  Hold'em Limit ($3/$6 USD) - 2017/09/28 12:43:20 ET
Table 'Granule' 10-max Seat #5 is the button
Seat 5: chebob ($196.44 in chips)
Seat 9: krytalex ($97.26 in chips)
chebob: posts small blind $1
krytalex: posts big blind $3
*** HOLE CARDS ***
chebob: raises $3 to $6
krytalex: folds
Uncalled bet ($3) returned to chebob
chebob collected $6 from pot
*** SUMMARY ***
Total pot $6 | Rake $0
Seat 5: chebob (button) (small blind) collected ($6)
Seat 9: krytalex (big blind) folded before Flop


PokerStars Hand #176231168020:  Hold'em Limit ($3/$6 USD) - 2017/09/28 12:43:27 ET
Table 'Granule' 10-max Seat #9 is the button
Seat 5: chebob ($199.44 in chips)
Seat 9: krytalex ($94.26 in chips)
krytalex: posts small blind $1
chebob: posts big blind $3
*** HOLE CARDS ***
krytalex: raises $3 to $6
chebob: calls $3
*** FLOP *** [3s 4d 6s]
chebob: checks
krytalex: bets $3
chebob: calls $3
*** TURN *** [3s 4d 6s] [Qc]
chebob: checks
krytalex: bets $6
chebob: calls $6
*** RIVER *** [3s 4d 6s Qc] [Th]
chebob: checks
krytalex: checks
*** SHOW DOWN ***
chebob: shows [9c 7s] (high card Queen)
krytalex: shows [Ks 3h] (a pair of Threes)
krytalex collected $29.50 from pot
*** SUMMARY ***
Total pot $30 | Rake $0.50
Board [3s 4d 6s Qc Th]
Seat 5: chebob (big blind) showed [9c 7s] and lost with high card Queen
Seat 9: krytalex (button) (small blind) showed [Ks 3h] and won ($29.50) with a pair of Threes


PokerStars Hand #176231179710:  Hold'em Limit ($3/$6 USD) - 2017/09/28 12:43:45 ET
Table 'Granule' 10-max Seat #5 is the button
Seat 5: chebob ($184.44 in chips)
Seat 9: krytalex ($108.76 in chips)
chebob: posts small blind $1
krytalex: posts big blind $3
*** HOLE CARDS ***
chebob: raises $3 to $6
krytalex: calls $3
*** FLOP *** [8h 3h 8s]
krytalex: checks
chebob: bets $3
krytalex: calls $3
*** TURN *** [8h 3h 8s] [4s]
krytalex: bets $6
chebob: calls $6
*** RIVER *** [8h 3h 8s 4s] [Ah]
krytalex: bets $6
chebob: calls $6
*** SHOW DOWN ***
krytalex: shows [4d 6s] (two pair, Eights and Fours)
chebob: shows [As 2c] (two pair, Aces and Eights)
chebob collected $41.50 from pot
*** SUMMARY ***
Total pot $42 | Rake $0.50
Board [8h 3h 8s 4s Ah]
Seat 5: chebob (button) (small blind) showed [As 2c] and won ($41.50) with two pair, Aces and Eights
Seat 9: krytalex (big blind) showed [4d 6s] and lost with two pair, Eights and Fours


PokerStars Hand #176231201023:  Hold'em Limit ($3/$6 USD) - 2017/09/28 12:44:18 ET
Table 'Granule' 10-max Seat #5 is the button
Seat 5: chebob ($201.94 in chips)
Seat 9: krytalex ($90.76 in chips)
chebob: posts small blind $1
krytalex: posts big blind $3
*** HOLE CARDS ***
chebob: raises $3 to $6
krytalex: raises $3 to $9
chebob: calls $3
*** FLOP *** [6h 5d Kc]
krytalex: bets $3
chebob: calls $3
*** TURN *** [6h 5d Kc] [6s]
krytalex: bets $6
chebob: raises $6 to $12
krytalex: folds
Uncalled bet ($6) returned to chebob
chebob collected $35.50 from pot
*** SUMMARY ***
Total pot $36 | Rake $0.50
Board [6h 5d Kc 6s]
Seat 5: chebob (button) (small blind) collected ($35.50)
Seat 9: krytalex (big blind) folded on the Turn


PokerStars Hand #176231214847:  Hold'em Limit ($3/$6 USD) - 2017/09/28 12:44:40 ET
Table 'Granule' 10-max Seat #9 is the button
Seat 5: chebob ($219.44 in chips)
Seat 9: krytalex ($72.76 in chips)
krytalex: posts small blind $1
chebob: posts big blind $3
*** HOLE CARDS ***
krytalex: raises $3 to $6
chebob: calls $3
*** FLOP *** [Ts 4s Ac]
chebob: checks
krytalex: bets $3
chebob: calls $3
*** TURN *** [Ts 4s Ac] [4d]
chebob: checks
krytalex: bets $6
chebob: raises $6 to $12
krytalex: folds
Uncalled bet ($6) returned to chebob
chebob collected $29.50 from pot
*** SUMMARY ***
Total pot $30 | Rake $0.50
Board [Ts 4s Ac 4d]
Seat 5: chebob (big blind) collected ($29.50)
Seat 9: krytalex (button) (small blind) folded on the Turn


PokerStars Hand #176231228308:  Hold'em Limit ($3/$6 USD) - 2017/09/28 12:45:01 ET
Table 'Granule' 10-max Seat #5 is the button
Seat 5: chebob ($233.94 in chips)
Seat 9: krytalex ($72 in chips)
chebob: posts small blind $1
krytalex: posts big blind $3
*** HOLE CARDS ***
chebob: raises $3 to $6
krytalex: folds
Uncalled bet ($3) returned to chebob
chebob collected $6 from pot
*** SUMMARY ***
Total pot $6 | Rake $0
Seat 5: chebob (button) (small blind) collected ($6)
Seat 9: krytalex (big blind) folded before Flop


PokerStars Hand #176231196582:  Hold'em Limit ($3/$6 USD) - 2017/09/28 12:44:11 ET
Table 'Granule' 10-max Seat #9 is the button
Seat 5: chebob ($204.94 in chips)
Seat 9: krytalex ($87.76 in chips)
krytalex: posts small blind $1
chebob: posts big blind $3
*** HOLE CARDS ***
krytalex: raises $3 to $6
chebob: folds
Uncalled bet ($3) returned to krytalex
krytalex collected $6 from pot
*** SUMMARY ***
Total pot $6 | Rake $0
Seat 5: chebob (big blind) folded before Flop
Seat 9: krytalex (button) (small blind) collected ($6)


PokerStars Hand #176231232604:  Hold'em Limit ($3/$6 USD) - 2017/09/28 12:45:08 ET
Table 'Granule' 10-max Seat #9 is the button
Seat 5: chebob ($236.94 in chips)
Seat 9: krytalex ($72 in chips)
krytalex: posts small blind $1
chebob: posts big blind $3
*** HOLE CARDS ***
krytalex: raises $3 to $6
chebob: calls $3
*** FLOP *** [5s 4h 2d]
chebob: checks
krytalex: bets $3
chebob: calls $3
*** TURN *** [5s 4h 2d] [3d]
chebob: bets $6
krytalex: calls $6
*** RIVER *** [5s 4h 2d 3d] [4d]
chebob: bets $6
krytalex: raises $6 to $12
chebob: calls $6
*** SHOW DOWN ***
krytalex: shows [4c 3h] (a full house, Fours full of Threes)
chebob: mucks hand
krytalex collected $53.50 from pot
*** SUMMARY ***
Total pot $54 | Rake $0.50
Board [5s 4h 2d 3d 4d]
Seat 5: chebob (big blind) mucked
Seat 9: krytalex (button) (small blind) showed [4c 3h] and won ($53.50) with a full house, Fours full of Threes


PokerStars Hand #176231256521:  Hold'em Limit ($3/$6 USD) - 2017/09/28 12:45:45 ET
Table 'Granule' 10-max Seat #9 is the button
Seat 5: chebob ($185.94 in chips)
Seat 9: krytalex ($122 in chips)
krytalex: posts small blind $1
chebob: posts big blind $3
*** HOLE CARDS ***
krytalex: raises $3 to $6
chebob: folds
Uncalled bet ($3) returned to krytalex
krytalex collected $6 from pot
*** SUMMARY ***
Total pot $6 | Rake $0
Seat 5: chebob (big blind) folded before Flop
Seat 9: krytalex (button) (small blind) collected ($6)


PokerStars Hand #176231246503:  Hold'em Limit ($3/$6 USD) - 2017/09/28 12:45:29 ET
Table 'Granule' 10-max Seat #5 is the button
Seat 5: chebob ($209.94 in chips)
Seat 9: krytalex ($98.50 in chips)
chebob: posts small blind $1
krytalex: posts big blind $3
*** HOLE CARDS ***
chebob: raises $3 to $6
krytalex: raises $3 to $9
chebob: calls $3
*** FLOP *** [4s 6c Tc]
krytalex: bets $3
chebob: calls $3
*** TURN *** [4s 6c Tc] [6d]
krytalex: bets $6
chebob: calls $6
*** RIVER *** [4s 6c Tc 6d] [6s]
krytalex: bets $6
chebob: calls $6
*** SHOW DOWN ***
krytalex: shows [Ad 2h] (three of a kind, Sixes)
chebob: mucks hand
krytalex collected $47.50 from pot
*** SUMMARY ***
Total pot $48 | Rake $0.50
Board [4s 6c Tc 6d 6s]
Seat 5: chebob (button) (small blind) mucked
Seat 9: krytalex (big blind) showed [Ad 2h] and won ($47.50) with three of a kind, Sixes


PokerStars Hand #176231260147:  Hold'em Limit ($3/$6 USD) - 2017/09/28 12:45:51 ET
Table 'Granule' 10-max Seat #5 is the button
Seat 5: chebob ($182.94 in chips)
Seat 9: krytalex ($125 in chips)
chebob: posts small blind $1
krytalex: posts big blind $3
*** HOLE CARDS ***
chebob: raises $3 to $6
krytalex: raises $3 to $9
chebob: calls $3
*** FLOP *** [7s Th Jh]
krytalex: bets $3
chebob: folds
Uncalled bet ($3) returned to krytalex
krytalex collected $17.64 from pot
*** SUMMARY ***
Total pot $18 | Rake $0.36
Board [7s Th Jh]
Seat 5: chebob (button) (small blind) folded on the Flop
Seat 9: krytalex (big blind) collected ($17.64)


PokerStars Hand #176231278904:  Hold'em Limit ($3/$6 USD) - 2017/09/28 12:46:20 ET
Table 'Granule' 10-max Seat #5 is the button
Seat 5: chebob ($131.94 in chips)
Seat 9: krytalex ($175.14 in chips)
chebob: posts small blind $1
krytalex: posts big blind $3
*** HOLE CARDS ***
chebob: folds
Uncalled bet ($2) returned to krytalex
krytalex collected $2 from pot
*** SUMMARY ***
Total pot $2 | Rake $0
Seat 5: chebob (button) (small blind) folded before Flop
Seat 9: krytalex (big blind) collected ($2)


PokerStars Hand #176231282108:  Hold'em Limit ($3/$6 USD) - 2017/09/28 12:46:25 ET
Table 'Granule' 10-max Seat #9 is the button
Seat 5: chebob ($130.94 in chips)
Seat 9: krytalex ($176.14 in chips)
krytalex: posts small blind $1
chebob: posts big blind $3
*** HOLE CARDS ***
krytalex: raises $3 to $6
chebob: calls $3
*** FLOP *** [7d 8d Jh]
chebob: checks
krytalex: bets $3
chebob: calls $3
*** TURN *** [7d 8d Jh] [2s]
chebob: checks
krytalex: bets $6
chebob: folds
Uncalled bet ($6) returned to krytalex
krytalex collected $17.64 from pot
*** SUMMARY ***
Total pot $18 | Rake $0.36
Board [7d 8d Jh 2s]
Seat 5: chebob (big blind) folded on the Turn
Seat 9: krytalex (button) (small blind) collected ($17.64)


PokerStars Hand #176231292404:  Hold'em Limit ($3/$6 USD) - 2017/09/28 12:46:41 ET
Table 'Granule' 10-max Seat #5 is the button
Seat 5: chebob ($121.94 in chips)
Seat 9: krytalex ($184.78 in chips)
chebob: posts small blind $1
krytalex: posts big blind $3
*** HOLE CARDS ***
chebob: raises $3 to $6
krytalex: folds
Uncalled bet ($3) returned to chebob
chebob collected $6 from pot
*** SUMMARY ***
Total pot $6 | Rake $0
Seat 5: chebob (button) (small blind) collected ($6)
Seat 9: krytalex (big blind) folded before Flop


PokerStars Hand #176231296961:  Hold'em Limit ($3/$6 USD) - 2017/09/28 12:46:48 ET
Table 'Granule' 10-max Seat #9 is the button
Seat 5: chebob ($124.94 in chips)
Seat 9: krytalex ($181.78 in chips)
krytalex: posts small blind $1
chebob: posts big blind $3
*** HOLE CARDS ***
krytalex: raises $3 to $6
chebob: calls $3
*** FLOP *** [4s 6s 3c]
chebob: checks
krytalex: bets $3
chebob: calls $3
*** TURN *** [4s 6s 3c] [6d]
chebob: checks
krytalex: bets $6
chebob: raises $6 to $12
krytalex: calls $6
*** RIVER *** [4s 6s 3c 6d] [Ah]
chebob: checks
krytalex: checks
*** SHOW DOWN ***
chebob: shows [8d 8c] (two pair, Eights and Sixes)
krytalex: mucks hand
chebob collected $41.50 from pot
*** SUMMARY ***
Total pot $42 | Rake $0.50
Board [4s 6s 3c 6d Ah]
Seat 5: chebob (big blind) showed [8d 8c] and won ($41.50) with two pair, Eights and Sixes
Seat 9: krytalex (button) (small blind) mucked


PokerStars Hand #176231265564:  Hold'em Limit ($3/$6 USD) - 2017/09/28 12:45:59 ET
Table 'Granule' 10-max Seat #9 is the button
Seat 5: chebob ($173.94 in chips)
Seat 9: krytalex ($133.64 in chips)
krytalex: posts small blind $1
chebob: posts big blind $3
*** HOLE CARDS ***
krytalex: raises $3 to $6
chebob: raises $3 to $9
krytalex: calls $3
*** FLOP *** [7s 9c 5d]
chebob: bets $3
krytalex: calls $3
*** TURN *** [7s 9c 5d] [2c]
chebob: bets $6
krytalex: raises $6 to $12
chebob: raises $6 to $18
krytalex: raises $6 to $24
Betting is capped
chebob: calls $6
*** RIVER *** [7s 9c 5d 2c] [3h]
chebob: checks
krytalex: bets $6
chebob: calls $6
*** SHOW DOWN ***
krytalex: shows [5c 5h] (three of a kind, Fives)
chebob: mucks hand
krytalex collected $83.50 from pot
*** SUMMARY ***
Total pot $84 | Rake $0.50
Board [7s 9c 5d 2c 3h]
Seat 5: chebob (big blind) mucked
Seat 9: krytalex (button) (small blind) showed [5c 5h] and won ($83.50) with three of a kind, Fives


PokerStars Hand #176231318682:  Hold'em Limit ($3/$6 USD) - 2017/09/28 12:47:22 ET
Table 'Granule' 10-max Seat #9 is the button
Seat 5: chebob ($151.20 in chips)
Seat 9: krytalex ($154.78 in chips)
krytalex: posts small blind $1
chebob: posts big blind $3
*** HOLE CARDS ***
krytalex: raises $3 to $6
chebob: folds
Uncalled bet ($3) returned to krytalex
krytalex collected $6 from pot
*** SUMMARY ***
Total pot $6 | Rake $0
Seat 5: chebob (big blind) folded before Flop
Seat 9: krytalex (button) (small blind) collected ($6)


PokerStars Hand #176231322320:  Hold'em Limit ($3/$6 USD) - 2017/09/28 12:47:28 ET
Table 'Granule' 10-max Seat #5 is the button
Seat 5: chebob ($148.20 in chips)
Seat 9: krytalex ($157.78 in chips)
chebob: posts small blind $1
krytalex: posts big blind $3
*** HOLE CARDS ***
chebob: raises $3 to $6
krytalex: raises $3 to $9
chebob: calls $3
*** FLOP *** [Qh 6h 4c]
krytalex: bets $3
chebob: calls $3
*** TURN *** [Qh 6h 4c] [4d]
krytalex: bets $6
chebob: calls $6
*** RIVER *** [Qh 6h 4c 4d] [8d]
krytalex: bets $6
chebob: folds
Uncalled bet ($6) returned to krytalex
krytalex collected $35.50 from pot
*** SUMMARY ***
Total pot $36 | Rake $0.50
Board [Qh 6h 4c 4d 8d]
Seat 5: chebob (button) (small blind) folded on the River
Seat 9: krytalex (big blind) collected ($35.50)


PokerStars Hand #176231336177:  Hold'em Limit ($3/$6 USD) - 2017/09/28 12:47:49 ET
Table 'Granule' 10-max Seat #9 is the button
Seat 5: chebob ($130.20 in chips)
Seat 9: krytalex ($175.28 in chips)
krytalex: posts small blind $1
chebob: posts big blind $3
*** HOLE CARDS ***
krytalex: raises $3 to $6
chebob: calls $3
*** FLOP *** [4s Qh 9c]
chebob: checks
krytalex: bets $3
chebob: calls $3
*** TURN *** [4s Qh 9c] [Tc]
chebob: checks
krytalex: bets $6
chebob: calls $6
*** RIVER *** [4s Qh 9c Tc] [5d]
chebob: checks
krytalex: checks
*** SHOW DOWN ***
chebob: shows [8d As] (high card Ace)
krytalex: shows [Ac Js] (high card Ace - Queen+Jack kicker)
krytalex collected $29.50 from pot
*** SUMMARY ***
Total pot $30 | Rake $0.50
Board [4s Qh 9c Tc 5d]
Seat 5: chebob (big blind) showed [8d As] and lost with high card Ace
Seat 9: krytalex (button) (small blind) showed [Ac Js] and won ($29.50) with high card Ace


PokerStars Hand #176231311887:  Hold'em Limit ($3/$6 USD) - 2017/09/28 12:47:11 ET
Table 'Granule' 10-max Seat #5 is the button
Seat 5: chebob ($145.44 in chips)
Seat 9: krytalex ($160.78 in chips)
chebob: posts small blind $1
krytalex: posts big blind $3
*** HOLE CARDS ***
chebob: raises $3 to $6
krytalex: calls $3
*** FLOP *** [Jh Js 2h]
krytalex: checks
chebob: bets $3
krytalex: folds
Uncalled bet ($3) returned to chebob
chebob collected $11.76 from pot
*** SUMMARY ***
Total pot $12 | Rake $0.24
Board [Jh Js 2h]
Seat 5: chebob (button) (small blind) collected ($11.76)
Seat 9: krytalex (big blind) folded on the Flop


PokerStars Hand #176231346330:  Hold'em Limit ($3/$6 USD) - 2017/09/28 12:48:05 ET
Table 'Granule' 10-max Seat #5 is the button
Seat 5: chebob ($115.20 in chips)
Seat 9: krytalex ($189.78 in chips)
chebob: posts small blind $1
krytalex: posts big blind $3
*** HOLE CARDS ***
chebob: raises $3 to $6
krytalex: raises $3 to $9
chebob: calls $3
*** FLOP *** [Kh Jh 4c]
krytalex: bets $3
chebob: calls $3
*** TURN *** [Kh Jh 4c] [Qc]
krytalex: checks
chebob: bets $6
krytalex: folds
Uncalled bet ($6) returned to chebob
chebob collected $23.52 from pot
*** SUMMARY ***
Total pot $24 | Rake $0.48
Board [Kh Jh 4c Qc]
Seat 5: chebob (button) (small blind) collected ($23.52)
Seat 9: krytalex (big blind) folded on the Turn


PokerStars Hand #176231364800:  Hold'em Limit ($3/$6 USD) - 2017/09/28 12:48:34 ET
Table 'Granule' 10-max Seat #9 is the button
Seat 5: chebob ($126.72 in chips)
Seat 9: krytalex ($177.78 in chips)
krytalex: posts small blind $1
chebob: posts big blind $3
*** HOLE CARDS ***
krytalex: raises $3 to $6
chebob: calls $3
*** FLOP *** [5h 4c Qd]
chebob: checks
krytalex: checks
*** TURN *** [5h 4c Qd] [9h]
chebob: checks
krytalex: bets $6
chebob: folds
Uncalled bet ($6) returned to krytalex
krytalex collected $11.76 from pot
*** SUMMARY ***
Total pot $12 | Rake $0.24
Board [5h 4c Qd 9h]
Seat 5: chebob (big blind) folded on the Turn
Seat 9: krytalex (button) (small blind) collected ($11.76)


PokerStars Hand #176231412862:  Hold'em Limit ($3/$6 USD) - 2017/09/28 12:49:48 ET
Table 'Granule' 10-max Seat #5 is the button
Seat 5: chebob ($102.72 in chips)
Seat 9: krytalex ($200.82 in chips)
chebob: posts small blind $1
krytalex: posts big blind $3
*** HOLE CARDS ***
chebob: folds
Uncalled bet ($2) returned to krytalex
krytalex collected $2 from pot
*** SUMMARY ***
Total pot $2 | Rake $0
Seat 5: chebob (button) (small blind) folded before Flop
Seat 9: krytalex (big blind) collected ($2)


PokerStars Hand #176231416014:  Hold'em Limit ($3/$6 USD) - 2017/09/28 12:49:53 ET
Table 'Granule' 10-max Seat #9 is the button
Seat 5: chebob ($101.72 in chips)
Seat 9: krytalex ($201.82 in chips)
krytalex: posts small blind $1
chebob: posts big blind $3
*** HOLE CARDS ***
krytalex: raises $3 to $6
chebob: calls $3
*** FLOP *** [7d 6s 9c]
chebob: checks
krytalex: bets $3
chebob: calls $3
*** TURN *** [7d 6s 9c] [7c]
chebob: checks
krytalex: bets $6
chebob: raises $6 to $12
krytalex: calls $6
*** RIVER *** [7d 6s 9c 7c] [6c]
chebob: bets $6
krytalex: folds
Uncalled bet ($6) returned to chebob
chebob collected $41.50 from pot
*** SUMMARY ***
Total pot $42 | Rake $0.50
Board [7d 6s 9c 7c 6c]
Seat 5: chebob (big blind) collected ($41.50)
Seat 9: krytalex (button) (small blind) folded on the River


PokerStars Hand #176231428927:  Hold'em Limit ($3/$6 USD) - 2017/09/28 12:50:13 ET
Table 'Granule' 10-max Seat #5 is the button
Seat 5: chebob ($122.22 in chips)
Seat 9: krytalex ($180.82 in chips)
chebob: posts small blind $1
krytalex: posts big blind $3
*** HOLE CARDS ***
chebob: raises $3 to $6
krytalex: raises $3 to $9
chebob: calls $3
*** FLOP *** [7s 4s 4c]
krytalex: bets $3
chebob: calls $3
*** TURN *** [7s 4s 4c] [2d]
krytalex: bets $6
chebob: calls $6
*** RIVER *** [7s 4s 4c 2d] [Jh]
krytalex: bets $6
chebob: calls $6
*** SHOW DOWN ***
krytalex: shows [9s 9c] (two pair, Nines and Fours)
chebob: mucks hand
krytalex collected $47.50 from pot
*** SUMMARY ***
Total pot $48 | Rake $0.50
Board [7s 4s 4c 2d Jh]
Seat 5: chebob (button) (small blind) mucked
Seat 9: krytalex (big blind) showed [9s 9c] and won ($47.50) with two pair, Nines and Fours


PokerStars Hand #176231445892:  Hold'em Limit ($3/$6 USD) - 2017/09/28 12:50:39 ET
Table 'Granule' 10-max Seat #9 is the button
Seat 5: chebob ($98.22 in chips)
Seat 9: krytalex ($204.32 in chips)
krytalex: posts small blind $1
chebob: posts big blind $3
*** HOLE CARDS ***
krytalex: raises $3 to $6
chebob: calls $3
*** FLOP *** [8h 9c 2h]
chebob: checks
krytalex: bets $3
chebob: calls $3
*** TURN *** [8h 9c 2h] [6c]
chebob: checks
krytalex: bets $6
chebob: raises $6 to $12
krytalex: calls $6
*** RIVER *** [8h 9c 2h 6c] [5h]
chebob: bets $6
krytalex: folds
Uncalled bet ($6) returned to chebob
chebob collected $41.50 from pot
*** SUMMARY ***
Total pot $42 | Rake $0.50
Board [8h 9c 2h 6c 5h]
Seat 5: chebob (big blind) collected ($41.50)
Seat 9: krytalex (button) (small blind) folded on the River


PokerStars Hand #176231457808:  Hold'em Limit ($3/$6 USD) - 2017/09/28 12:50:57 ET
Table 'Granule' 10-max Seat #5 is the button
Seat 5: chebob ($118.72 in chips)
Seat 9: krytalex ($183.32 in chips)
chebob: posts small blind $1
krytalex: posts big blind $3
*** HOLE CARDS ***
chebob: folds
Uncalled bet ($2) returned to krytalex
krytalex collected $2 from pot
*** SUMMARY ***
Total pot $2 | Rake $0
Seat 5: chebob (button) (small blind) folded before Flop
Seat 9: krytalex (big blind) collected ($2)


PokerStars Hand #176231375647:  Hold'em Limit ($3/$6 USD) - 2017/09/28 12:48:51 ET
Table 'Granule' 10-max Seat #5 is the button
Seat 5: chebob ($120.72 in chips)
Seat 9: krytalex ($183.54 in chips)
chebob: posts small blind $1
krytalex: posts big blind $3
*** HOLE CARDS ***
chebob: raises $3 to $6
krytalex: calls $3
*** FLOP *** [6d 6s Qs]
krytalex: checks
chebob: bets $3
krytalex: calls $3
*** TURN *** [6d 6s Qs] [4s]
krytalex: checks
chebob: checks
*** RIVER *** [6d 6s Qs 4s] [Js]
krytalex: checks
chebob: checks
*** SHOW DOWN ***
krytalex: shows [Jd 6c] (a full house, Sixes full of Jacks)
chebob: mucks hand
krytalex collected $17.64 from pot
*** SUMMARY ***
Total pot $18 | Rake $0.36
Board [6d 6s Qs 4s Js]
Seat 5: chebob (button) (small blind) mucked
Seat 9: krytalex (big blind) showed [Jd 6c] and won ($17.64) with a full house, Sixes full of Jacks


PokerStars Hand #176231398111:  Hold'em Limit ($3/$6 USD) - 2017/09/28 12:49:25 ET
Table 'Granule' 10-max Seat #5 is the button
Seat 5: chebob ($108.72 in chips)
Seat 9: krytalex ($195.18 in chips)
chebob: posts small blind $1
krytalex: posts big blind $3
*** HOLE CARDS ***
chebob: raises $3 to $6
krytalex: folds
Uncalled bet ($3) returned to chebob
chebob collected $6 from pot
*** SUMMARY ***
Total pot $6 | Rake $0
Seat 5: chebob (button) (small blind) collected ($6)
Seat 9: krytalex (big blind) folded before Flop


PokerStars Hand #176231394678:  Hold'em Limit ($3/$6 USD) - 2017/09/28 12:49:20 ET
Table 'Granule' 10-max Seat #9 is the button
Seat 5: chebob ($111.72 in chips)
Seat 9: krytalex ($192.18 in chips)
krytalex: posts small blind $1
chebob: posts big blind $3
*** HOLE CARDS ***
krytalex: raises $3 to $6
chebob: folds
Uncalled bet ($3) returned to krytalex
krytalex collected $6 from pot
*** SUMMARY ***
Total pot $6 | Rake $0
Seat 5: chebob (big blind) folded before Flop
Seat 9: krytalex (button) (small blind) collected ($6)


PokerStars Hand #176231481518:  Hold'em Limit ($3/$6 USD) - 2017/09/28 12:51:33 ET
Table 'Granule' 10-max Seat #5 is the button
Seat 5: chebob ($81.72 in chips)
Seat 9: krytalex ($219.82 in chips)
chebob: posts small blind $1
krytalex: posts big blind $3
*** HOLE CARDS ***
chebob: folds
Uncalled bet ($2) returned to krytalex
krytalex collected $2 from pot
*** SUMMARY ***
Total pot $2 | Rake $0
Seat 5: chebob (button) (small blind) folded before Flop
Seat 9: krytalex (big blind) collected ($2)


PokerStars Hand #176231460967:  Hold'em Limit ($3/$6 USD) - 2017/09/28 12:51:02 ET
Table 'Granule' 10-max Seat #9 is the button
Seat 5: chebob ($117.72 in chips)
Seat 9: krytalex ($184.32 in chips)
krytalex: posts small blind $1
chebob: posts big blind $3
*** HOLE CARDS ***
krytalex: raises $3 to $6
chebob: raises $3 to $9
krytalex: calls $3
*** FLOP *** [4c Ks Qd]
chebob: bets $3
krytalex: calls $3
*** TURN *** [4c Ks Qd] [9c]
chebob: bets $6
krytalex: raises $6 to $12
chebob: calls $6
*** RIVER *** [4c Ks Qd 9c] [7d]
chebob: checks
krytalex: bets $6
chebob: raises $6 to $12
krytalex: calls $6
*** SHOW DOWN ***
chebob: shows [As Ah] (a pair of Aces)
krytalex: shows [Kc 7h] (two pair, Kings and Sevens)
krytalex collected $71.50 from pot
*** SUMMARY ***
Total pot $72 | Rake $0.50
Board [4c Ks Qd 9c 7d]
Seat 5: chebob (big blind) showed [As Ah] and lost with a pair of Aces
Seat 9: krytalex (button) (small blind) showed [Kc 7h] and won ($71.50) with two pair, Kings and Sevens


PokerStars Hand #176231484800:  Hold'em Limit ($3/$6 USD) - 2017/09/28 12:51:38 ET
Table 'Granule' 10-max Seat #9 is the button
Seat 5: chebob ($80.72 in chips)
Seat 9: krytalex ($220.82 in chips)
krytalex: posts small blind $1
chebob: posts big blind $3
*** HOLE CARDS ***
zimin10 joins the table at seat #6
krytalex: raises $3 to $6
chebob: calls $3
*** FLOP *** [6d Js 9h]
chebob: checks
krytalex: checks
*** TURN *** [6d Js 9h] [9s]
chebob: checks
krytalex: bets $6
chebob: raises $6 to $12
krytalex: folds
Uncalled bet ($6) returned to chebob
chebob collected $23.52 from pot
*** SUMMARY ***
Total pot $24 | Rake $0.48
Board [6d Js 9h 9s]
Seat 5: chebob (big blind) collected ($23.52)
Seat 9: krytalex (button) (small blind) folded on the Turn


PokerStars Hand #176233153253:  Hold'em Limit ($3/$6 USD) - 2017/09/28 13:33:27 ET
Table 'Granule' 10-max Seat #4 is the button
Seat 4: EMALAYS ($47.97 in chips)
Seat 6: zimin10 ($116.15 in chips)
EMALAYS: posts small blind $1
zimin10: posts big blind $3
*** HOLE CARDS ***
EMALAYS: folds
Uncalled bet ($2) returned to zimin10
zimin10 collected $2 from pot
*** SUMMARY ***
Total pot $2 | Rake $0
Seat 4: EMALAYS (button) (small blind) folded before Flop
Seat 6: zimin10 (big blind) collected ($2)


PokerStars Hand #176233148803:  Hold'em Limit ($3/$6 USD) - 2017/09/28 13:33:21 ET
Table 'Granule' 10-max Seat #6 is the button
Seat 4: EMALAYS ($50.97 in chips)
Seat 6: zimin10 ($113.15 in chips)
zimin10: posts small blind $1
krytalex: is sitting out
EMALAYS: posts big blind $3
*** HOLE CARDS ***
zimin10: raises $3 to $6
EMALAYS: folds
Uncalled bet ($3) returned to zimin10
krytalex leaves the table
zimin10 collected $6 from pot
*** SUMMARY ***
Total pot $6 | Rake $0
Seat 4: EMALAYS (big blind) folded before Flop
Seat 6: zimin10 (button) (small blind) collected ($6)


PokerStars Hand #176233156622:  Hold'em Limit ($3/$6 USD) - 2017/09/28 13:33:32 ET
Table 'Granule' 10-max Seat #6 is the button
Seat 4: EMALAYS ($46.97 in chips)
Seat 6: zimin10 ($117.15 in chips)
zimin10: posts small blind $1
EMALAYS: posts big blind $3
*** HOLE CARDS ***
zimin10: raises $3 to $6
EMALAYS: folds
Uncalled bet ($3) returned to zimin10
zimin10 collected $6 from pot
*** SUMMARY ***
Total pot $6 | Rake $0
Seat 4: EMALAYS (big blind) folded before Flop
Seat 6: zimin10 (button) (small blind) collected ($6)


PokerStars Hand #176233162075:  Hold'em Limit ($3/$6 USD) - 2017/09/28 13:33:40 ET
Table 'Granule' 10-max Seat #4 is the button
Seat 4: EMALAYS ($43.97 in chips)
Seat 6: zimin10 ($120.15 in chips)
EMALAYS: posts small blind $1
zimin10: posts big blind $3
*** HOLE CARDS ***
EMALAYS: raises $3 to $6
zimin10: folds
Uncalled bet ($3) returned to EMALAYS
EMALAYS collected $6 from pot
EMALAYS: doesn't show hand
*** SUMMARY ***
Total pot $6 | Rake $0
Seat 4: EMALAYS (button) (small blind) collected ($6)
Seat 6: zimin10 (big blind) folded before Flop


