PokerStars Hand #149329407776:  Hold'em Limit ($3/$6 USD) - 2016/02/24 6:17:35 ET
Table 'Granule II' 6-max Seat #4 is the button
Seat 3: xcgxcg2005 ($128.50 in chips)
Seat 4: Agrotait ($86.50 in chips)
Agrotait: posts small blind $1
xcgxcg2005: posts big blind $3
*** HOLE CARDS ***
Agrotait: raises $3 to $6
xcgxcg2005: calls $3
*** FLOP *** [6c Qh 4c]
xcgxcg2005: checks
Agrotait: bets $3
xcgxcg2005: raises $3 to $6
Agrotait: folds
Uncalled bet ($3) returned to xcgxcg2005
xcgxcg2005 collected $17.64 from pot
xcgxcg2005: doesn't show hand
*** SUMMARY ***
Total pot $18 | Rake $0.36
Board [6c Qh 4c]
Seat 3: xcgxcg2005 (big blind) collected ($17.64)
Seat 4: Agrotait (button) (small blind) folded on the Flop


PokerStars Hand #149329381610:  Hold'em Limit ($3/$6 USD) - 2016/02/24 6:16:44 ET
Table 'Granule II' 6-max Seat #3 is the button
Seat 3: xcgxcg2005 ($143.50 in chips)
Seat 4: Agrotait ($72 in chips)
xcgxcg2005: posts small blind $1
Agrotait: posts big blind $3
*** HOLE CARDS ***
xcgxcg2005: raises $3 to $6
Agrotait: calls $3
*** FLOP *** [Tc Qs 7d]
Agrotait: checks
xcgxcg2005: bets $3
Agrotait: calls $3
*** TURN *** [Tc Qs 7d] [2s]
Agrotait: checks
xcgxcg2005: bets $6
Agrotait: calls $6
*** RIVER *** [Tc Qs 7d 2s] [Ad]
Agrotait: checks
xcgxcg2005: checks
*** SHOW DOWN ***
Agrotait: shows [7h Jc] (a pair of Sevens)
xcgxcg2005: mucks hand
Agrotait collected $29.50 from pot
*** SUMMARY ***
Total pot $30 | Rake $0.50
Board [Tc Qs 7d 2s Ad]
Seat 3: xcgxcg2005 (button) (small blind) mucked
Seat 4: Agrotait (big blind) showed [7h Jc] and won ($29.50) with a pair of Sevens


PokerStars Hand #149329443306:  Hold'em Limit ($3/$6 USD) - 2016/02/24 6:18:43 ET
Table 'Granule II' 6-max Seat #3 is the button
Seat 3: xcgxcg2005 ($146.78 in chips)
Seat 4: Agrotait ($67.50 in chips)
xcgxcg2005: posts small blind $1
Agrotait: posts big blind $3
*** HOLE CARDS ***
xcgxcg2005: raises $3 to $6
Agrotait: calls $3
*** FLOP *** [7h 7c 3c]
Agrotait: checks
xcgxcg2005: bets $3
Agrotait: raises $3 to $6
xcgxcg2005: calls $3
*** TURN *** [7h 7c 3c] [9h]
Agrotait: bets $6
xcgxcg2005: raises $6 to $12
Agrotait: raises $6 to $18
xcgxcg2005: calls $6
*** RIVER *** [7h 7c 3c 9h] [2c]
Agrotait: bets $6
xcgxcg2005: folds
Uncalled bet ($6) returned to Agrotait
Agrotait collected $59.50 from pot
Agrotait: doesn't show hand
*** SUMMARY ***
Total pot $60 | Rake $0.50
Board [7h 7c 3c 9h 2c]
Seat 3: xcgxcg2005 (button) (small blind) folded on the River
Seat 4: Agrotait (big blind) collected ($59.50)


PokerStars Hand #149329439460:  Hold'em Limit ($3/$6 USD) - 2016/02/24 6:18:36 ET
Table 'Granule II' 6-max Seat #4 is the button
Seat 3: xcgxcg2005 ($149.78 in chips)
Seat 4: Agrotait ($64.50 in chips)
Agrotait: posts small blind $1
xcgxcg2005: posts big blind $3
*** HOLE CARDS ***
Agrotait: raises $3 to $6
xcgxcg2005: folds
Uncalled bet ($3) returned to Agrotait
Agrotait collected $6 from pot
Agrotait: doesn't show hand
*** SUMMARY ***
Total pot $6 | Rake $0
Seat 3: xcgxcg2005 (big blind) folded before Flop
Seat 4: Agrotait (button) (small blind) collected ($6)


PokerStars Hand #149329435761:  Hold'em Limit ($3/$6 USD) - 2016/02/24 6:18:29 ET
Table 'Granule II' 6-max Seat #3 is the button
Seat 3: xcgxcg2005 ($146.78 in chips)
Seat 4: Agrotait ($67.50 in chips)
xcgxcg2005: posts small blind $1
Agrotait: posts big blind $3
*** HOLE CARDS ***
xcgxcg2005: raises $3 to $6
Agrotait: folds
Uncalled bet ($3) returned to xcgxcg2005
xcgxcg2005 collected $6 from pot
xcgxcg2005: doesn't show hand
*** SUMMARY ***
Total pot $6 | Rake $0
Seat 3: xcgxcg2005 (button) (small blind) collected ($6)
Seat 4: Agrotait (big blind) folded before Flop


PokerStars Hand #149329431109:  Hold'em Limit ($3/$6 USD) - 2016/02/24 6:18:20 ET
Table 'Granule II' 6-max Seat #4 is the button
Seat 3: xcgxcg2005 ($145.78 in chips)
Seat 4: Agrotait ($68.50 in chips)
Agrotait: posts small blind $1
xcgxcg2005: posts big blind $3
*** HOLE CARDS ***
Agrotait: folds
Uncalled bet ($2) returned to xcgxcg2005
xcgxcg2005 collected $2 from pot
xcgxcg2005: doesn't show hand
*** SUMMARY ***
Total pot $2 | Rake $0
Seat 3: xcgxcg2005 (big blind) collected ($2)
Seat 4: Agrotait (button) (small blind) folded before Flop


PokerStars Hand #149329476364:  Hold'em Limit ($3/$6 USD) - 2016/02/24 6:19:47 ET
Table 'Granule II' 6-max Seat #3 is the button
Seat 3: xcgxcg2005 ($77.78 in chips)
Seat 4: Agrotait ($135.50 in chips)
xcgxcg2005: posts small blind $1
Agrotait: posts big blind $3
*** HOLE CARDS ***
xcgxcg2005: folds
Uncalled bet ($2) returned to Agrotait
Agrotait collected $2 from pot
Agrotait: doesn't show hand
*** SUMMARY ***
Total pot $2 | Rake $0
Seat 3: xcgxcg2005 (button) (small blind) folded before Flop
Seat 4: Agrotait (big blind) collected ($2)


PokerStars Hand #149329461063:  Hold'em Limit ($3/$6 USD) - 2016/02/24 6:19:17 ET
Table 'Granule II' 6-max Seat #4 is the button
Seat 3: xcgxcg2005 ($116.78 in chips)
Seat 4: Agrotait ($97 in chips)
Agrotait: posts small blind $1
xcgxcg2005: posts big blind $3
*** HOLE CARDS ***
Agrotait: raises $3 to $6
xcgxcg2005: raises $3 to $9
Agrotait: calls $3
*** FLOP *** [8h Ks 6h]
xcgxcg2005: bets $3
Agrotait: raises $3 to $6
xcgxcg2005: calls $3
*** TURN *** [8h Ks 6h] [Ac]
xcgxcg2005: checks
Agrotait: bets $6
xcgxcg2005: raises $6 to $12
Agrotait: raises $6 to $18
xcgxcg2005: calls $6
*** RIVER *** [8h Ks 6h Ac] [Kh]
xcgxcg2005: checks
Agrotait: bets $6
xcgxcg2005: calls $6
*** SHOW DOWN ***
Agrotait: shows [8c Kc] (a full house, Kings full of Eights)
xcgxcg2005: mucks hand
Agrotait collected $77.50 from pot
*** SUMMARY ***
Total pot $78 | Rake $0.50
Board [8h Ks 6h Ac Kh]
Seat 3: xcgxcg2005 (big blind) mucked
Seat 4: Agrotait (button) (small blind) showed [8c Kc] and won ($77.50) with a full house, Kings full of Eights


PokerStars Hand #149329520344:  Hold'em Limit ($3/$6 USD) - 2016/02/24 6:21:12 ET
Table 'Granule II' 6-max Seat #3 is the button
Seat 3: xcgxcg2005 ($35.42 in chips)
Seat 4: Agrotait ($176.50 in chips)
xcgxcg2005: posts small blind $1
Agrotait: posts big blind $3
*** HOLE CARDS ***
xcgxcg2005: folds
Uncalled bet ($2) returned to Agrotait
Agrotait collected $2 from pot
Agrotait: doesn't show hand
*** SUMMARY ***
Total pot $2 | Rake $0
Seat 3: xcgxcg2005 (button) (small blind) folded before Flop
Seat 4: Agrotait (big blind) collected ($2)


PokerStars Hand #149329516891:  Hold'em Limit ($3/$6 USD) - 2016/02/24 6:21:06 ET
Table 'Granule II' 6-max Seat #4 is the button
Seat 3: xcgxcg2005 ($34.42 in chips)
Seat 4: Agrotait ($177.50 in chips)
Agrotait: posts small blind $1
xcgxcg2005: posts big blind $3
*** HOLE CARDS ***
Agrotait: folds
Uncalled bet ($2) returned to xcgxcg2005
xcgxcg2005 collected $2 from pot
xcgxcg2005: doesn't show hand
*** SUMMARY ***
Total pot $2 | Rake $0
Seat 3: xcgxcg2005 (big blind) collected ($2)
Seat 4: Agrotait (button) (small blind) folded before Flop


PokerStars Hand #149329505362:  Hold'em Limit ($3/$6 USD) - 2016/02/24 6:20:44 ET
Table 'Granule II' 6-max Seat #3 is the button
Seat 3: xcgxcg2005 ($55.42 in chips)
Seat 4: Agrotait ($157 in chips)
xcgxcg2005: posts small blind $1
Agrotait: posts big blind $3
*** HOLE CARDS ***
xcgxcg2005: raises $3 to $6
Agrotait: calls $3
*** FLOP *** [6h Qh Kc]
Agrotait: checks
xcgxcg2005: bets $3
Agrotait: raises $3 to $6
xcgxcg2005: raises $3 to $9
Agrotait: calls $3
*** TURN *** [6h Qh Kc] [Td]
Agrotait: checks
xcgxcg2005: bets $6
Agrotait: calls $6
*** RIVER *** [6h Qh Kc Td] [8c]
Agrotait: checks
xcgxcg2005: checks
*** SHOW DOWN ***
Agrotait: shows [Jc Th] (a pair of Tens)
xcgxcg2005: mucks hand
Agrotait collected $41.50 from pot
*** SUMMARY ***
Total pot $42 | Rake $0.50
Board [6h Qh Kc Td 8c]
Seat 3: xcgxcg2005 (button) (small blind) mucked
Seat 4: Agrotait (big blind) showed [Jc Th] and won ($41.50) with a pair of Tens


PokerStars Hand #149329499048:  Hold'em Limit ($3/$6 USD) - 2016/02/24 6:20:31 ET
Table 'Granule II' 6-max Seat #4 is the button
Seat 3: xcgxcg2005 ($46.78 in chips)
Seat 4: Agrotait ($166 in chips)
Agrotait: posts small blind $1
xcgxcg2005: posts big blind $3
*** HOLE CARDS ***
Agrotait: raises $3 to $6
xcgxcg2005: raises $3 to $9
Agrotait: calls $3
*** FLOP *** [9s Qs 5d]
xcgxcg2005: bets $3
Agrotait: folds
Uncalled bet ($3) returned to xcgxcg2005
xcgxcg2005 collected $17.64 from pot
xcgxcg2005: doesn't show hand
*** SUMMARY ***
Total pot $18 | Rake $0.36
Board [9s Qs 5d]
Seat 3: xcgxcg2005 (big blind) collected ($17.64)
Seat 4: Agrotait (button) (small blind) folded on the Flop


PokerStars Hand #149329493337:  Hold'em Limit ($3/$6 USD) - 2016/02/24 6:20:20 ET
Table 'Granule II' 6-max Seat #3 is the button
Seat 3: xcgxcg2005 ($43.78 in chips)
Seat 4: Agrotait ($169 in chips)
xcgxcg2005: posts small blind $1
Agrotait: posts big blind $3
*** HOLE CARDS ***
xcgxcg2005: raises $3 to $6
Agrotait: folds
Uncalled bet ($3) returned to xcgxcg2005
xcgxcg2005 collected $6 from pot
xcgxcg2005: doesn't show hand
*** SUMMARY ***
Total pot $6 | Rake $0
Seat 3: xcgxcg2005 (button) (small blind) collected ($6)
Seat 4: Agrotait (big blind) folded before Flop


PokerStars Hand #149329478642:  Hold'em Limit ($3/$6 USD) - 2016/02/24 6:19:52 ET
Table 'Granule II' 6-max Seat #4 is the button
Seat 3: xcgxcg2005 ($76.78 in chips)
Seat 4: Agrotait ($136.50 in chips)
Agrotait: posts small blind $1
xcgxcg2005: posts big blind $3
*** HOLE CARDS ***
Agrotait: raises $3 to $6
xcgxcg2005: raises $3 to $9
Agrotait: calls $3
*** FLOP *** [5s 5c 6s]
xcgxcg2005: bets $3
Agrotait: raises $3 to $6
xcgxcg2005: raises $3 to $9
Agrotait: raises $3 to $12
Betting is capped
xcgxcg2005: calls $3
*** TURN *** [5s 5c 6s] [Qs]
xcgxcg2005: checks
Agrotait: bets $6
xcgxcg2005: calls $6
*** RIVER *** [5s 5c 6s Qs] [4h]
xcgxcg2005: checks
Agrotait: bets $6
xcgxcg2005: calls $6
*** SHOW DOWN ***
Agrotait: shows [5d 9s] (three of a kind, Fives)
xcgxcg2005: mucks hand
Agrotait collected $65.50 from pot
*** SUMMARY ***
Total pot $66 | Rake $0.50
Board [5s 5c 6s Qs 4h]
Seat 3: xcgxcg2005 (big blind) mucked
Seat 4: Agrotait (button) (small blind) showed [5d 9s] and won ($65.50) with three of a kind, Fives


PokerStars Hand #149329547480:  Hold'em Limit ($3/$6 USD) - 2016/02/24 6:22:04 ET
Table 'Granule II' 6-max Seat #3 is the button
Seat 3: xcgxcg2005 ($16.42 in chips)
Seat 4: Agrotait ($195 in chips)
xcgxcg2005: posts small blind $1
Agrotait: posts big blind $3
*** HOLE CARDS ***
xcgxcg2005: folds
Uncalled bet ($2) returned to Agrotait
Agrotait collected $2 from pot
Agrotait: doesn't show hand
xcgxcg2005 leaves the table
*** SUMMARY ***
Total pot $2 | Rake $0
Seat 3: xcgxcg2005 (button) (small blind) folded before Flop
Seat 4: Agrotait (big blind) collected ($2)


PokerStars Hand #149329522825:  Hold'em Limit ($3/$6 USD) - 2016/02/24 6:21:17 ET
Table 'Granule II' 6-max Seat #4 is the button
Seat 3: xcgxcg2005 ($34.42 in chips)
Seat 4: Agrotait ($177.50 in chips)
Agrotait: posts small blind $1
xcgxcg2005: posts big blind $3
*** HOLE CARDS ***
Agrotait: raises $3 to $6
xcgxcg2005: raises $3 to $9
Agrotait: calls $3
*** FLOP *** [3h 4h 2d]
xcgxcg2005: bets $3
Agrotait: calls $3
*** TURN *** [3h 4h 2d] [6s]
xcgxcg2005: checks
Agrotait: checks
*** RIVER *** [3h 4h 2d 6s] [6d]
xcgxcg2005: bets $6
Agrotait: calls $6
*** SHOW DOWN ***
xcgxcg2005: shows [9h Ac] (a pair of Sixes)
Agrotait: shows [6h Qs] (three of a kind, Sixes)
Agrotait collected $35.50 from pot
*** SUMMARY ***
Total pot $36 | Rake $0.50
Board [3h 4h 2d 6s 6d]
Seat 3: xcgxcg2005 (big blind) showed [9h Ac] and lost with a pair of Sixes
Seat 4: Agrotait (button) (small blind) showed [6h Qs] and won ($35.50) with three of a kind, Sixes


