PokerStars Hand #158050991796:  Hold'em Limit ($3/$6 USD) - 2016/09/02 5:05:19 ET
Table 'Granule' 6-max Seat #4 is the button
Seat 3: libaikang ($168.50 in chips)
Seat 4: Actionni13 ($158.76 in chips)
Actionni13: posts small blind $1
libaikang: posts big blind $3
*** HOLE CARDS ***
Actionni13: raises $3 to $6
libaikang: folds
Uncalled bet ($3) returned to Actionni13
Actionni13 collected $6 from pot
Actionni13: doesn't show hand
*** SUMMARY ***
Total pot $6 | Rake $0
Seat 3: libaikang (big blind) folded before Flop
Seat 4: Actionni13 (button) (small blind) collected ($6)


PokerStars Hand #158050986905:  Hold'em Limit ($3/$6 USD) - 2016/09/02 5:05:04 ET
Table 'Granule' 6-max Seat #3 is the button
Seat 3: libaikang ($174.50 in chips)
Seat 4: Actionni13 ($153 in chips)
libaikang: posts small blind $1
Actionni13: posts big blind $3
*** HOLE CARDS ***
libaikang: calls $2
Actionni13: raises $3 to $6
libaikang: calls $3
*** FLOP *** [9d As 7c]
Actionni13: bets $3
libaikang: folds
Uncalled bet ($3) returned to Actionni13
Actionni13 collected $11.76 from pot
Actionni13: doesn't show hand
*** SUMMARY ***
Total pot $12 | Rake $0.24
Board [9d As 7c]
Seat 3: libaikang (button) (small blind) folded on the Flop
Seat 4: Actionni13 (big blind) collected ($11.76)


PokerStars Hand #158050984470:  Hold'em Limit ($3/$6 USD) - 2016/09/02 5:04:57 ET
Table 'Granule' 6-max Seat #4 is the button
Seat 3: libaikang ($177.50 in chips)
Seat 4: Actionni13 ($150 in chips)
Actionni13: posts small blind $1
libaikang: posts big blind $3
*** HOLE CARDS ***
Actionni13: raises $3 to $6
libaikang: folds
Uncalled bet ($3) returned to Actionni13
Actionni13 collected $6 from pot
Actionni13: doesn't show hand
*** SUMMARY ***
Total pot $6 | Rake $0
Seat 3: libaikang (big blind) folded before Flop
Seat 4: Actionni13 (button) (small blind) collected ($6)


PokerStars Hand #158050969581:  Hold'em Limit ($3/$6 USD) - 2016/09/02 5:04:13 ET
Table 'Granule' 6-max Seat #3 is the button
Seat 3: libaikang ($148 in chips)
Seat 4: Actionni13 ($150 in chips)
libaikang: posts small blind $1
Actionni13: posts big blind $3
*** HOLE CARDS ***
libaikang: calls $2
Actionni13: checks
*** FLOP *** [3s Qc 5h]
Actionni13: bets $3
libaikang: raises $3 to $6
Actionni13: raises $3 to $9
libaikang: calls $3
*** TURN *** [3s Qc 5h] [8s]
Actionni13: bets $6
libaikang: calls $6
*** RIVER *** [3s Qc 5h 8s] [Ts]
Actionni13: bets $6
libaikang: raises $6 to $12
Actionni13: calls $6
*** SHOW DOWN ***
libaikang: shows [Th Td] (three of a kind, Tens)
Actionni13: mucks hand
libaikang collected $59.50 from pot
*** SUMMARY ***
Total pot $60 | Rake $0.50
Board [3s Qc 5h 8s Ts]
Seat 3: libaikang (button) (small blind) showed [Th Td] and won ($59.50) with three of a kind, Tens
Seat 4: Actionni13 (big blind) mucked


PokerStars Hand #158051007399:  Hold'em Limit ($3/$6 USD) - 2016/09/02 5:06:05 ET
Table 'Granule' 6-max Seat #4 is the button
Seat 3: libaikang ($171.26 in chips)
Seat 4: Actionni13 ($155.76 in chips)
Actionni13: posts small blind $1
libaikang: posts big blind $3
*** HOLE CARDS ***
Actionni13: raises $3 to $6
libaikang: calls $3
*** FLOP *** [Tc 9h Qd]
libaikang: checks
Actionni13: bets $3
libaikang: raises $3 to $6
Actionni13: folds
Uncalled bet ($3) returned to libaikang
libaikang collected $17.64 from pot
libaikang: doesn't show hand
*** SUMMARY ***
Total pot $18 | Rake $0.36
Board [Tc 9h Qd]
Seat 3: libaikang (big blind) collected ($17.64)
Seat 4: Actionni13 (button) (small blind) folded on the Flop


PokerStars Hand #158050995542:  Hold'em Limit ($3/$6 USD) - 2016/09/02 5:05:30 ET
Table 'Granule' 6-max Seat #3 is the button
Seat 3: libaikang ($165.50 in chips)
Seat 4: Actionni13 ($161.76 in chips)
libaikang: posts small blind $1
Actionni13: posts big blind $3
*** HOLE CARDS ***
libaikang: raises $3 to $6
Actionni13: calls $3
*** FLOP *** [Qh Ts Tc]
Actionni13: checks
libaikang: checks
*** TURN *** [Qh Ts Tc] [7d]
Actionni13: checks
libaikang: bets $6
Actionni13: folds
Uncalled bet ($6) returned to libaikang
libaikang collected $11.76 from pot
libaikang: doesn't show hand
*** SUMMARY ***
Total pot $12 | Rake $0.24
Board [Qh Ts Tc 7d]
Seat 3: libaikang (button) (small blind) collected ($11.76)
Seat 4: Actionni13 (big blind) folded on the Turn


PokerStars Hand #158051016911:  Hold'em Limit ($3/$6 USD) - 2016/09/02 5:06:33 ET
Table 'Granule' 6-max Seat #3 is the button
Seat 3: libaikang ($179.90 in chips)
Seat 4: Actionni13 ($150 in chips)
libaikang: posts small blind $1
Actionni13: posts big blind $3
*** HOLE CARDS ***
libaikang: calls $2
Actionni13: checks
*** FLOP *** [Jh Jd 4h]
Actionni13: checks
libaikang: checks
*** TURN *** [Jh Jd 4h] [3s]
Actionni13: bets $6
libaikang: folds
Uncalled bet ($6) returned to Actionni13
Actionni13 collected $5.88 from pot
Actionni13: doesn't show hand
*** SUMMARY ***
Total pot $6 | Rake $0.12
Board [Jh Jd 4h 3s]
Seat 3: libaikang (button) (small blind) folded on the Turn
Seat 4: Actionni13 (big blind) collected ($5.88)


PokerStars Hand #158051045745:  Hold'em Limit ($3/$6 USD) - 2016/09/02 5:07:59 ET
Table 'Granule' 6-max Seat #3 is the button
Seat 3: libaikang ($182.42 in chips)
Seat 4: Actionni13 ($155.88 in chips)
libaikang: posts small blind $1
Actionni13: posts big blind $3
*** HOLE CARDS ***
libaikang: raises $3 to $6
Actionni13: calls $3
*** FLOP *** [Ad Td 7d]
Actionni13: checks
libaikang: bets $3
Actionni13: calls $3
*** TURN *** [Ad Td 7d] [Ks]
Actionni13: bets $6
libaikang: calls $6
*** RIVER *** [Ad Td 7d Ks] [2d]
Actionni13: bets $6
libaikang: calls $6
*** SHOW DOWN ***
Actionni13: shows [Kh 7s] (two pair, Kings and Sevens)
libaikang: mucks hand
Actionni13 collected $41.50 from pot
*** SUMMARY ***
Total pot $42 | Rake $0.50
Board [Ad Td 7d Ks 2d]
Seat 3: libaikang (button) (small blind) mucked
Seat 4: Actionni13 (big blind) showed [Kh 7s] and won ($41.50) with two pair, Kings and Sevens


PokerStars Hand #158051042569:  Hold'em Limit ($3/$6 USD) - 2016/09/02 5:07:49 ET
Table 'Granule' 6-max Seat #4 is the button
Seat 3: libaikang ($185.42 in chips)
Seat 4: Actionni13 ($152.88 in chips)
Actionni13: posts small blind $1
libaikang: posts big blind $3
*** HOLE CARDS ***
Actionni13: raises $3 to $6
libaikang: folds
Uncalled bet ($3) returned to Actionni13
Actionni13 collected $6 from pot
Actionni13: doesn't show hand
*** SUMMARY ***
Total pot $6 | Rake $0
Seat 3: libaikang (big blind) folded before Flop
Seat 4: Actionni13 (button) (small blind) collected ($6)


PokerStars Hand #158051035757:  Hold'em Limit ($3/$6 USD) - 2016/09/02 5:07:29 ET
Table 'Granule' 6-max Seat #3 is the button
Seat 3: libaikang ($188.42 in chips)
Seat 4: Actionni13 ($150 in chips)
libaikang: posts small blind $1
Actionni13: posts big blind $3
*** HOLE CARDS ***
libaikang: calls $2
Actionni13: checks
*** FLOP *** [3d Qd 2d]
Actionni13: bets $3
libaikang: folds
Uncalled bet ($3) returned to Actionni13
Actionni13 collected $5.88 from pot
Actionni13: doesn't show hand
*** SUMMARY ***
Total pot $6 | Rake $0.12
Board [3d Qd 2d]
Seat 3: libaikang (button) (small blind) folded on the Flop
Seat 4: Actionni13 (big blind) collected ($5.88)


PokerStars Hand #158051068529:  Hold'em Limit ($3/$6 USD) - 2016/09/02 5:09:06 ET
Table 'Granule' 6-max Seat #3 is the button
Seat 3: libaikang ($166.06 in chips)
Seat 4: Actionni13 ($171.38 in chips)
libaikang: posts small blind $1
Actionni13: posts big blind $3
*** HOLE CARDS ***
libaikang: raises $3 to $6
Actionni13: calls $3
*** FLOP *** [Td 2s Tc]
Actionni13: checks
libaikang: checks
*** TURN *** [Td 2s Tc] [3s]
Actionni13: checks
libaikang: checks
*** RIVER *** [Td 2s Tc 3s] [Qs]
Actionni13: bets $6
libaikang: folds
Uncalled bet ($6) returned to Actionni13
Actionni13 collected $11.76 from pot
Actionni13: doesn't show hand
*** SUMMARY ***
Total pot $12 | Rake $0.24
Board [Td 2s Tc 3s Qs]
Seat 3: libaikang (button) (small blind) folded on the River
Seat 4: Actionni13 (big blind) collected ($11.76)


PokerStars Hand #158051065699:  Hold'em Limit ($3/$6 USD) - 2016/09/02 5:08:58 ET
Table 'Granule' 6-max Seat #4 is the button
Seat 3: libaikang ($169.06 in chips)
Seat 4: Actionni13 ($168.38 in chips)
Actionni13: posts small blind $1
libaikang: posts big blind $3
*** HOLE CARDS ***
Actionni13: raises $3 to $6
libaikang: folds
Uncalled bet ($3) returned to Actionni13
Actionni13 collected $6 from pot
Actionni13: doesn't show hand
*** SUMMARY ***
Total pot $6 | Rake $0
Seat 3: libaikang (big blind) folded before Flop
Seat 4: Actionni13 (button) (small blind) collected ($6)


PokerStars Hand #158051063612:  Hold'em Limit ($3/$6 USD) - 2016/09/02 5:08:52 ET
Table 'Granule' 6-max Seat #3 is the button
Seat 3: libaikang ($170.06 in chips)
Seat 4: Actionni13 ($167.38 in chips)
libaikang: posts small blind $1
Actionni13: posts big blind $3
*** HOLE CARDS ***
libaikang: folds
Uncalled bet ($2) returned to Actionni13
Actionni13 collected $2 from pot
Actionni13: doesn't show hand
*** SUMMARY ***
Total pot $2 | Rake $0
Seat 3: libaikang (button) (small blind) folded before Flop
Seat 4: Actionni13 (big blind) collected ($2)


PokerStars Hand #158051055451:  Hold'em Limit ($3/$6 USD) - 2016/09/02 5:08:28 ET
Table 'Granule' 6-max Seat #4 is the button
Seat 3: libaikang ($161.42 in chips)
Seat 4: Actionni13 ($176.38 in chips)
Actionni13: posts small blind $1
libaikang: posts big blind $3
*** HOLE CARDS ***
Actionni13: raises $3 to $6
libaikang: raises $3 to $9
Actionni13: calls $3
*** FLOP *** [6s 3h 9s]
libaikang: checks
Actionni13: checks
*** TURN *** [6s 3h 9s] [7s]
libaikang: bets $6
Actionni13: folds
Uncalled bet ($6) returned to libaikang
libaikang collected $17.64 from pot
libaikang: doesn't show hand
*** SUMMARY ***
Total pot $18 | Rake $0.36
Board [6s 3h 9s 7s]
Seat 3: libaikang (big blind) collected ($17.64)
Seat 4: Actionni13 (button) (small blind) folded on the Turn


PokerStars Hand #158051093684:  Hold'em Limit ($3/$6 USD) - 2016/09/02 5:10:21 ET
Table 'Granule' 6-max Seat #4 is the button
Seat 3: libaikang ($141.58 in chips)
Seat 4: Actionni13 ($194.64 in chips)
Actionni13: posts small blind $1
libaikang: posts big blind $3
*** HOLE CARDS ***
Actionni13: raises $3 to $6
libaikang: folds
Uncalled bet ($3) returned to Actionni13
Actionni13 collected $6 from pot
Actionni13: doesn't show hand
*** SUMMARY ***
Total pot $6 | Rake $0
Seat 3: libaikang (big blind) folded before Flop
Seat 4: Actionni13 (button) (small blind) collected ($6)


PokerStars Hand #158051085621:  Hold'em Limit ($3/$6 USD) - 2016/09/02 5:09:57 ET
Table 'Granule' 6-max Seat #3 is the button
Seat 3: libaikang ($130.06 in chips)
Seat 4: Actionni13 ($206.64 in chips)
libaikang: posts small blind $1
Actionni13: posts big blind $3
*** HOLE CARDS ***
libaikang: raises $3 to $6
Actionni13: calls $3
*** FLOP *** [2c 9c Jd]
Actionni13: checks
libaikang: checks
*** TURN *** [2c 9c Jd] [2s]
Actionni13: checks
libaikang: checks
*** RIVER *** [2c 9c Jd 2s] [8d]
Actionni13: checks
libaikang: bets $6
Actionni13: calls $6
*** SHOW DOWN ***
libaikang: shows [Ts 7h] (a straight, Seven to Jack)
Actionni13: mucks hand
libaikang collected $23.52 from pot
*** SUMMARY ***
Total pot $24 | Rake $0.48
Board [2c 9c Jd 2s 8d]
Seat 3: libaikang (button) (small blind) showed [Ts 7h] and won ($23.52) with a straight, Seven to Jack
Seat 4: Actionni13 (big blind) mucked


PokerStars Hand #158051075574:  Hold'em Limit ($3/$6 USD) - 2016/09/02 5:09:27 ET
Table 'Granule' 6-max Seat #4 is the button
Seat 3: libaikang ($160.06 in chips)
Seat 4: Actionni13 ($177.14 in chips)
Actionni13: posts small blind $1
libaikang: posts big blind $3
*** HOLE CARDS ***
Actionni13: raises $3 to $6
libaikang: calls $3
*** FLOP *** [6c 9h 6s]
libaikang: checks
Actionni13: bets $3
libaikang: raises $3 to $6
Actionni13: calls $3
*** TURN *** [6c 9h 6s] [Qh]
libaikang: checks
Actionni13: bets $6
libaikang: raises $6 to $12
Actionni13: calls $6
*** RIVER *** [6c 9h 6s Qh] [Tc]
libaikang: bets $6
Actionni13: calls $6
*** SHOW DOWN ***
libaikang: shows [Kd 5d] (a pair of Sixes)
Actionni13: shows [Ac Qs] (two pair, Queens and Sixes)
Actionni13 collected $59.50 from pot
*** SUMMARY ***
Total pot $60 | Rake $0.50
Board [6c 9h 6s Qh Tc]
Seat 3: libaikang (big blind) showed [Kd 5d] and lost with a pair of Sixes
Seat 4: Actionni13 (button) (small blind) showed [Ac Qs] and won ($59.50) with two pair, Queens and Sixes


PokerStars Hand #158051105986:  Hold'em Limit ($3/$6 USD) - 2016/09/02 5:10:57 ET
Table 'Granule' 6-max Seat #3 is the button
Seat 3: libaikang ($141.34 in chips)
Seat 4: Actionni13 ($194.64 in chips)
libaikang: posts small blind $1
Actionni13: posts big blind $3
*** HOLE CARDS ***
libaikang: calls $2
Actionni13: checks
*** FLOP *** [9h 5d Jc]
Actionni13: bets $3
libaikang: raises $3 to $6
Actionni13: calls $3
*** TURN *** [9h 5d Jc] [2d]
Actionni13: checks
libaikang: bets $6
Actionni13: calls $6
*** RIVER *** [9h 5d Jc 2d] [3h]
Actionni13: checks
libaikang: checks
*** SHOW DOWN ***
Actionni13: shows [9c Kd] (a pair of Nines)
libaikang: mucks hand
Actionni13 collected $29.50 from pot
*** SUMMARY ***
Total pot $30 | Rake $0.50
Board [9h 5d Jc 2d 3h]
Seat 3: libaikang (button) (small blind) mucked
Seat 4: Actionni13 (big blind) showed [9c Kd] and won ($29.50) with a pair of Nines


PokerStars Hand #158051103186:  Hold'em Limit ($3/$6 USD) - 2016/09/02 5:10:49 ET
Table 'Granule' 6-max Seat #4 is the button
Seat 3: libaikang ($144.34 in chips)
Seat 4: Actionni13 ($191.64 in chips)
Actionni13: posts small blind $1
libaikang: posts big blind $3
*** HOLE CARDS ***
Actionni13: raises $3 to $6
libaikang: folds
Uncalled bet ($3) returned to Actionni13
Actionni13 collected $6 from pot
Actionni13: doesn't show hand
*** SUMMARY ***
Total pot $6 | Rake $0
Seat 3: libaikang (big blind) folded before Flop
Seat 4: Actionni13 (button) (small blind) collected ($6)


PokerStars Hand #158051096503:  Hold'em Limit ($3/$6 USD) - 2016/09/02 5:10:30 ET
Table 'Granule' 6-max Seat #3 is the button
Seat 3: libaikang ($138.58 in chips)
Seat 4: Actionni13 ($197.64 in chips)
libaikang: posts small blind $1
Actionni13: posts big blind $3
*** HOLE CARDS ***
libaikang: raises $3 to $6
Actionni13: calls $3
*** FLOP *** [9h 6h 4d]
Actionni13: checks
libaikang: bets $3
Actionni13: folds
Uncalled bet ($3) returned to libaikang
libaikang collected $11.76 from pot
libaikang: doesn't show hand
*** SUMMARY ***
Total pot $12 | Rake $0.24
Board [9h 6h 4d]
Seat 3: libaikang (button) (small blind) collected ($11.76)
Seat 4: Actionni13 (big blind) folded on the Flop


PokerStars Hand #158051137271:  Hold'em Limit ($3/$6 USD) - 2016/09/02 5:12:23 ET
Table 'Granule' 6-max Seat #3 is the button
Seat 3: libaikang ($102.34 in chips)
Seat 4: Actionni13 ($232.64 in chips)
libaikang: posts small blind $1
Actionni13: posts big blind $3
*** HOLE CARDS ***
libaikang: raises $3 to $6
Actionni13: calls $3
*** FLOP *** [Qd 8c Ah]
Actionni13: checks
libaikang: checks
*** TURN *** [Qd 8c Ah] [2d]
Actionni13: checks
libaikang: checks
*** RIVER *** [Qd 8c Ah 2d] [Ad]
Actionni13: checks
libaikang: checks
*** SHOW DOWN ***
Actionni13: shows [6c Kd] (a pair of Aces)
libaikang: mucks hand
Actionni13 collected $11.76 from pot
*** SUMMARY ***
Total pot $12 | Rake $0.24
Board [Qd 8c Ah 2d Ad]
Seat 3: libaikang (button) (small blind) mucked
Seat 4: Actionni13 (big blind) showed [6c Kd] and won ($11.76) with a pair of Aces


PokerStars Hand #158051120027:  Hold'em Limit ($3/$6 USD) - 2016/09/02 5:11:39 ET
Table 'Granule' 6-max Seat #4 is the button
Seat 3: libaikang ($126.34 in chips)
Seat 4: Actionni13 ($209.14 in chips)
Actionni13: posts small blind $1
libaikang: posts big blind $3
*** HOLE CARDS ***
Actionni13: raises $3 to $6
libaikang: raises $3 to $9
Actionni13: calls $3
*** FLOP *** [8c Kc Js]
libaikang: bets $3
Actionni13: calls $3
*** TURN *** [8c Kc Js] [3h]
libaikang: bets $6
Actionni13: raises $6 to $12
libaikang: calls $6
*** RIVER *** [8c Kc Js 3h] [Jc]
libaikang: checks
Actionni13: bets $6
libaikang: folds
Uncalled bet ($6) returned to Actionni13
Actionni13 collected $47.50 from pot
Actionni13: doesn't show hand
*** SUMMARY ***
Total pot $48 | Rake $0.50
Board [8c Kc Js 3h Jc]
Seat 3: libaikang (big blind) folded on the River
Seat 4: Actionni13 (button) (small blind) collected ($47.50)


PokerStars Hand #158051148613:  Hold'em Limit ($3/$6 USD) - 2016/09/02 5:12:56 ET
Table 'Granule' 6-max Seat #3 is the button
Seat 3: libaikang ($97.34 in chips)
Seat 4: Actionni13 ($237.40 in chips)
libaikang: posts small blind $1
Actionni13: posts big blind $3
*** HOLE CARDS ***
libaikang: raises $3 to $6
Actionni13: calls $3
*** FLOP *** [Ts 9d Ad]
Actionni13: checks
libaikang: bets $3
Actionni13: raises $3 to $6
libaikang: raises $3 to $9
Actionni13: raises $3 to $12
Betting is capped
libaikang: calls $3
*** TURN *** [Ts 9d Ad] [7d]
Actionni13: bets $6
libaikang: calls $6
*** RIVER *** [Ts 9d Ad 7d] [3c]
Actionni13: bets $6
libaikang: calls $6
*** SHOW DOWN ***
Actionni13: shows [Th Kd] (a pair of Tens)
libaikang: mucks hand
Actionni13 collected $59.50 from pot
*** SUMMARY ***
Total pot $60 | Rake $0.50
Board [Ts 9d Ad 7d 3c]
Seat 3: libaikang (button) (small blind) mucked
Seat 4: Actionni13 (big blind) showed [Th Kd] and won ($59.50) with a pair of Tens


PokerStars Hand #158051143841:  Hold'em Limit ($3/$6 USD) - 2016/09/02 5:12:42 ET
Table 'Granule' 6-max Seat #4 is the button
Seat 3: libaikang ($96.34 in chips)
Seat 4: Actionni13 ($238.40 in chips)
Actionni13: posts small blind $1
libaikang: posts big blind $3
*** HOLE CARDS ***
Actionni13: folds
Uncalled bet ($2) returned to libaikang
libaikang collected $2 from pot
libaikang: doesn't show hand
*** SUMMARY ***
Total pot $2 | Rake $0
Seat 3: libaikang (big blind) collected ($2)
Seat 4: Actionni13 (button) (small blind) folded before Flop


PokerStars Hand #158051161001:  Hold'em Limit ($3/$6 USD) - 2016/09/02 5:13:32 ET
Table 'Granule' 6-max Seat #4 is the button
Seat 3: libaikang ($67.34 in chips)
Seat 4: Actionni13 ($266.90 in chips)
Actionni13: posts small blind $1
libaikang: posts big blind $3
*** HOLE CARDS ***
Actionni13: raises $3 to $6
libaikang: calls $3
*** FLOP *** [Jc Jh 9c]
libaikang: checks
Actionni13: bets $3
libaikang: raises $3 to $6
Actionni13: calls $3
*** TURN *** [Jc Jh 9c] [2d]
libaikang: checks
Actionni13: checks
*** RIVER *** [Jc Jh 9c 2d] [Ks]
libaikang: bets $6
Actionni13: raises $6 to $12
libaikang: calls $6
*** SHOW DOWN ***
Actionni13: shows [Kc Qh] (two pair, Kings and Jacks)
libaikang: mucks hand
Actionni13 collected $47.50 from pot
*** SUMMARY ***
Total pot $48 | Rake $0.50
Board [Jc Jh 9c 2d Ks]
Seat 3: libaikang (big blind) mucked
Seat 4: Actionni13 (button) (small blind) showed [Kc Qh] and won ($47.50) with two pair, Kings and Jacks


PokerStars Hand #158051169613:  Hold'em Limit ($3/$6 USD) - 2016/09/02 5:13:57 ET
Table 'Granule' 6-max Seat #3 is the button
Seat 3: libaikang ($43.34 in chips)
Seat 4: Actionni13 ($290.40 in chips)
libaikang: posts small blind $1
Actionni13: posts big blind $3
*** HOLE CARDS ***
libaikang: raises $3 to $6
Actionni13: calls $3
*** FLOP *** [Th 6s Jc]
Actionni13: checks
libaikang: bets $3
Actionni13: folds
Uncalled bet ($3) returned to libaikang
libaikang collected $11.76 from pot
libaikang: doesn't show hand
*** SUMMARY ***
Total pot $12 | Rake $0.24
Board [Th 6s Jc]
Seat 3: libaikang (button) (small blind) collected ($11.76)
Seat 4: Actionni13 (big blind) folded on the Flop


PokerStars Hand #158051175298:  Hold'em Limit ($3/$6 USD) - 2016/09/02 5:14:14 ET
Table 'Granule' 6-max Seat #4 is the button
Seat 3: libaikang ($49.10 in chips)
Seat 4: Actionni13 ($284.40 in chips)
Actionni13: posts small blind $1
libaikang: posts big blind $3
*** HOLE CARDS ***
Actionni13: raises $3 to $6
libaikang: folds
Uncalled bet ($3) returned to Actionni13
Actionni13 collected $6 from pot
Actionni13: doesn't show hand
*** SUMMARY ***
Total pot $6 | Rake $0
Seat 3: libaikang (big blind) folded before Flop
Seat 4: Actionni13 (button) (small blind) collected ($6)


PokerStars Hand #158051177274:  Hold'em Limit ($3/$6 USD) - 2016/09/02 5:14:20 ET
Table 'Granule' 6-max Seat #3 is the button
Seat 3: libaikang ($46.10 in chips)
Seat 4: Actionni13 ($287.40 in chips)
libaikang: posts small blind $1
Actionni13: posts big blind $3
*** HOLE CARDS ***
libaikang: raises $3 to $6
Actionni13: raises $3 to $9
libaikang: calls $3
*** FLOP *** [Ac 5s 8h]
Actionni13: bets $3
libaikang: folds
Uncalled bet ($3) returned to Actionni13
Actionni13 collected $17.64 from pot
Actionni13: doesn't show hand
*** SUMMARY ***
Total pot $18 | Rake $0.36
Board [Ac 5s 8h]
Seat 3: libaikang (button) (small blind) folded on the Flop
Seat 4: Actionni13 (big blind) collected ($17.64)


PokerStars Hand #158051182628:  Hold'em Limit ($3/$6 USD) - 2016/09/02 5:14:36 ET
Table 'Granule' 6-max Seat #4 is the button
Seat 3: libaikang ($37.10 in chips)
Seat 4: Actionni13 ($296.04 in chips)
Actionni13: posts small blind $1
libaikang: posts big blind $3
*** HOLE CARDS ***
Actionni13: raises $3 to $6
libaikang: raises $3 to $9
Actionni13: calls $3
*** FLOP *** [5c Td 8s]
libaikang: checks
Actionni13: checks
*** TURN *** [5c Td 8s] [5s]
libaikang: bets $6
Actionni13: calls $6
*** RIVER *** [5c Td 8s 5s] [8h]
mowinmo joins the table at seat #6
libaikang: bets $6
Actionni13: calls $6
*** SHOW DOWN ***
libaikang: shows [Ah Qd] (two pair, Eights and Fives)
Actionni13: shows [As 7d] (two pair, Eights and Fives)
libaikang collected $20.75 from pot
Actionni13 collected $20.75 from pot
*** SUMMARY ***
Total pot $42 | Rake $0.50
Board [5c Td 8s 5s 8h]
Seat 3: libaikang (big blind) showed [Ah Qd] and won ($20.75) with two pair, Eights and Fives
Seat 4: Actionni13 (button) (small blind) showed [As 7d] and won ($20.75) with two pair, Eights and Fives


PokerStars Hand #158051190049:  Hold'em Limit ($3/$6 USD) - 2016/09/02 5:14:57 ET
Table 'Granule' 6-max Seat #3 is the button
Seat 3: libaikang ($36.85 in chips)
Seat 4: Actionni13 ($295.79 in chips)
libaikang: posts small blind $1
Actionni13: posts big blind $3
*** HOLE CARDS ***
libaikang: raises $3 to $6
Actionni13: calls $3
*** FLOP *** [Qh 6d 4c]
Actionni13: checks
libaikang: bets $3
Actionni13: folds
Uncalled bet ($3) returned to libaikang
libaikang collected $11.76 from pot
libaikang: doesn't show hand
*** SUMMARY ***
Total pot $12 | Rake $0.24
Board [Qh 6d 4c]
Seat 3: libaikang (button) (small blind) collected ($11.76)
Seat 4: Actionni13 (big blind) folded on the Flop


PokerStars Hand #158052134881:  Hold'em Limit ($3/$6 USD) - 2016/09/02 5:59:05 ET
Table 'Granule' 6-max Seat #4 is the button
Seat 4: lennie1987 ($137.32 in chips)
Seat 6: knas4 ($406.20 in chips)
lennie1987: posts small blind $1
knas4: posts big blind $3
*** HOLE CARDS ***
lennie1987: raises $3 to $6
knas4: folds
Uncalled bet ($3) returned to lennie1987
lennie1987 collected $6 from pot
*** SUMMARY ***
Total pot $6 | Rake $0
Seat 4: lennie1987 (button) (small blind) collected ($6)
Seat 6: knas4 (big blind) folded before Flop


