PokerStars Hand #150740249762:  Hold'em Limit ($3/$6 USD) - 2016/03/22 0:22:27 ET
Table 'Grano' 6-max Seat #3 is the button
Seat 3: JESS112345 ($30 in chips)
Seat 4: VolkovDmitri ($120 in chips)
JESS112345: posts small blind $1
VolkovDmitri: posts big blind $3
*** HOLE CARDS ***
JESS112345: calls $2
VolkovDmitri: checks
*** FLOP *** [2d Kd Ks]
VolkovDmitri: bets $3
JESS112345: raises $3 to $6
VolkovDmitri: raises $3 to $9
JESS112345: calls $3
*** TURN *** [2d Kd Ks] [7c]
VolkovDmitri: checks
JESS112345: checks
*** RIVER *** [2d Kd Ks 7c] [3h]
VolkovDmitri: checks
JESS112345: checks
*** SHOW DOWN ***
VolkovDmitri: shows [2h 9s] (two pair, Kings and Deuces)
JESS112345: shows [5d 7d] (two pair, Kings and Sevens)
JESS112345 collected $23.52 from pot
*** SUMMARY ***
Total pot $24 | Rake $0.48
Board [2d Kd Ks 7c 3h]
Seat 3: JESS112345 (button) (small blind) showed [5d 7d] and won ($23.52) with two pair, Kings and Sevens
Seat 4: VolkovDmitri (big blind) showed [2h 9s] and lost with two pair, Kings and Deuces


PokerStars Hand #150740257670:  Hold'em Limit ($3/$6 USD) - 2016/03/22 0:22:55 ET
Table 'Grano' 6-max Seat #4 is the button
Seat 3: JESS112345 ($41.52 in chips)
Seat 4: VolkovDmitri ($120 in chips)
VolkovDmitri: posts small blind $1
JESS112345: posts big blind $3
*** HOLE CARDS ***
VolkovDmitri: folds
Uncalled bet ($2) returned to JESS112345
JESS112345 collected $2 from pot
*** SUMMARY ***
Total pot $2 | Rake $0
Seat 3: JESS112345 (big blind) collected ($2)
Seat 4: VolkovDmitri (button) (small blind) folded before Flop


PokerStars Hand #150740259068:  Hold'em Limit ($3/$6 USD) - 2016/03/22 0:23:01 ET
Table 'Grano' 6-max Seat #3 is the button
Seat 3: JESS112345 ($42.52 in chips)
Seat 4: VolkovDmitri ($120 in chips)
JESS112345: posts small blind $1
VolkovDmitri: posts big blind $3
*** HOLE CARDS ***
JESS112345: raises $3 to $6
VolkovDmitri: calls $3
*** FLOP *** [9s Kc Ad]
VolkovDmitri: checks
JESS112345: bets $3
VolkovDmitri: folds
Uncalled bet ($3) returned to JESS112345
JESS112345 collected $11.76 from pot
*** SUMMARY ***
Total pot $12 | Rake $0.24
Board [9s Kc Ad]
Seat 3: JESS112345 (button) (small blind) collected ($11.76)
Seat 4: VolkovDmitri (big blind) folded on the Flop


