PokerStars Hand #144426786869:  Hold'em Limit ($3/$6 USD) - 2015/11/26 15:50:28 ET
Table 'Grano' 2-max Seat #1 is the button
Seat 1: elifnur2008 ($136.50 in chips)
Seat 2: kerner90 ($23.53 in chips)
elifnur2008: posts small blind $1
kerner90: posts big blind $3
*** HOLE CARDS ***
elifnur2008: folds
Uncalled bet ($2) returned to kerner90
kerner90 collected $2 from pot
kerner90: doesn't show hand
*** SUMMARY ***
Total pot $2 | Rake $0
Seat 1: elifnur2008 (button) (small blind) folded before Flop
Seat 2: kerner90 (big blind) collected ($2)


PokerStars Hand #144426764312:  Hold'em Limit ($3/$6 USD) - 2015/11/26 15:50:04 ET
Table 'Grano' 2-max Seat #2 is the button
Seat 1: elifnur2008 ($116 in chips)
Seat 2: kerner90 ($44.53 in chips)
kerner90: posts small blind $1
elifnur2008: posts big blind $3
*** HOLE CARDS ***
kerner90: raises $3 to $6
elifnur2008: calls $3
*** FLOP *** [8s 3c Kh]
elifnur2008: checks
kerner90: bets $3
elifnur2008: calls $3
*** TURN *** [8s 3c Kh] [Qs]
elifnur2008: checks
kerner90: bets $6
elifnur2008: raises $6 to $12
kerner90: calls $6
*** RIVER *** [8s 3c Kh Qs] [Ad]
elifnur2008: bets $6
kerner90: folds
Uncalled bet ($6) returned to elifnur2008
elifnur2008 collected $41.50 from pot
elifnur2008: doesn't show hand
*** SUMMARY ***
Total pot $42 | Rake $0.50
Board [8s 3c Kh Qs Ad]
Seat 1: elifnur2008 (big blind) collected ($41.50)
Seat 2: kerner90 (button) (small blind) folded on the River


PokerStars Hand #144426791620:  Hold'em Limit ($3/$6 USD) - 2015/11/26 15:50:33 ET
Table 'Grano' 2-max Seat #2 is the button
Seat 1: elifnur2008 ($135.50 in chips)
Seat 2: kerner90 ($24.53 in chips)
kerner90: posts small blind $1
elifnur2008: posts big blind $3
*** HOLE CARDS ***
kerner90: raises $3 to $6
elifnur2008: calls $3
*** FLOP *** [Ad 8h Ah]
elifnur2008: checks
kerner90: checks
*** TURN *** [Ad 8h Ah] [2d]
elifnur2008: checks
kerner90: checks
*** RIVER *** [Ad 8h Ah 2d] [9c]
elifnur2008: checks
kerner90: bets $6
elifnur2008: calls $6
*** SHOW DOWN ***
kerner90: shows [Ts 7c] (a pair of Aces)
elifnur2008: shows [9h Td] (two pair, Aces and Nines)
elifnur2008 collected $23.52 from pot
*** SUMMARY ***
Total pot $24 | Rake $0.48
Board [Ad 8h Ah 2d 9c]
Seat 1: elifnur2008 (big blind) showed [9h Td] and won ($23.52) with two pair, Aces and Nines
Seat 2: kerner90 (button) (small blind) showed [Ts 7c] and lost with a pair of Aces


PokerStars Hand #144426816828:  Hold'em Limit ($3/$6 USD) - 2015/11/26 15:50:59 ET
Table 'Grano' 2-max Seat #1 is the button
Seat 1: elifnur2008 ($147.02 in chips)
Seat 2: kerner90 ($12.53 in chips)
elifnur2008: posts small blind $1
kerner90: posts big blind $3
*** HOLE CARDS ***
elifnur2008: raises $3 to $6
kerner90: calls $3
*** FLOP *** [5s Ah Td]
kerner90: checks
elifnur2008: bets $3
kerner90: calls $3
*** TURN *** [5s Ah Td] [Th]
kerner90: checks
elifnur2008: bets $6
kerner90: folds
Uncalled bet ($6) returned to elifnur2008
elifnur2008 collected $17.64 from pot
elifnur2008: doesn't show hand
*** SUMMARY ***
Total pot $18 | Rake $0.36
Board [5s Ah Td Th]
Seat 1: elifnur2008 (button) (small blind) collected ($17.64)
Seat 2: kerner90 (big blind) folded on the Turn


PokerStars Hand #144426835872:  Hold'em Limit ($3/$6 USD) - 2015/11/26 15:51:19 ET
Table 'Grano' 2-max Seat #2 is the button
Seat 1: elifnur2008 ($155.66 in chips)
Seat 2: kerner90 ($3.53 in chips)
kerner90: posts small blind $1
elifnur2008: posts big blind $3
*** HOLE CARDS ***
kerner90: raises $0.53 to $3.53 and is all-in
elifnur2008: calls $0.53
*** FLOP *** [2s 7c 8d]
*** TURN *** [2s 7c 8d] [Ah]
*** RIVER *** [2s 7c 8d Ah] [7s]
*** SHOW DOWN ***
elifnur2008: shows [9c 3c] (a pair of Sevens)
kerner90: shows [6h Kd] (a pair of Sevens - Ace+King kicker)
kerner90 collected $6.92 from pot
*** SUMMARY ***
Total pot $7.06 | Rake $0.14
Board [2s 7c 8d Ah 7s]
Seat 1: elifnur2008 (big blind) showed [9c 3c] and lost with a pair of Sevens
Seat 2: kerner90 (button) (small blind) showed [6h Kd] and won ($6.92) with a pair of Sevens


PokerStars Hand #144426848443:  Hold'em Limit ($3/$6 USD) - 2015/11/26 15:51:32 ET
Table 'Grano' 2-max Seat #1 is the button
Seat 1: elifnur2008 ($152.13 in chips)
Seat 2: kerner90 ($6.92 in chips)
elifnur2008: posts small blind $1
kerner90: posts big blind $3
*** HOLE CARDS ***
elifnur2008: calls $2
kerner90: checks
*** FLOP *** [8h 8c Js]
kerner90: checks
elifnur2008: checks
*** TURN *** [8h 8c Js] [6h]
kerner90: bets $3.92 and is all-in
elifnur2008: calls $3.92
*** RIVER *** [8h 8c Js 6h] [7d]
*** SHOW DOWN ***
kerner90: shows [As 2d] (a pair of Eights)
elifnur2008: shows [7h 6d] (two pair, Eights and Sevens)
elifnur2008 collected $13.56 from pot
*** SUMMARY ***
Total pot $13.84 | Rake $0.28
Board [8h 8c Js 6h 7d]
Seat 1: elifnur2008 (button) (small blind) showed [7h 6d] and won ($13.56) with two pair, Eights and Sevens
Seat 2: kerner90 (big blind) showed [As 2d] and lost with a pair of Eights


