PokerStars Hand #167144385791:  Hold'em Limit ($3/$6 USD) - 2017/03/05 8:58:14 ET
Table 'Granule' 6-max Seat #4 is the button
Seat 3: Lytii911 ($121.06 in chips)
Seat 4: TbIP-TbIP 88 ($72 in chips)
TbIP-TbIP 88: posts small blind $1
Lytii911: posts big blind $3
*** HOLE CARDS ***
TbIP-TbIP 88: raises $3 to $6
Lytii911: calls $3
*** FLOP *** [2h 7s Td]
Lytii911: checks
TbIP-TbIP 88: bets $3
Lytii911: folds
Uncalled bet ($3) returned to TbIP-TbIP 88
TbIP-TbIP 88 collected $11.76 from pot
TbIP-TbIP 88: doesn't show hand
*** SUMMARY ***
Total pot $12 | Rake $0.24
Board [2h 7s Td]
Seat 3: Lytii911 (big blind) folded on the Flop
Seat 4: TbIP-TbIP 88 (button) (small blind) collected ($11.76)


PokerStars Hand #167144373321:  Hold'em Limit ($3/$6 USD) - 2017/03/05 8:57:52 ET
Table 'Granule' 6-max Seat #3 is the button
Seat 3: Lytii911 ($115.30 in chips)
Seat 4: TbIP-TbIP 88 ($72 in chips)
Lytii911: posts small blind $1
TbIP-TbIP 88: posts big blind $3
*** HOLE CARDS ***
Lytii911: raises $3 to $6
TbIP-TbIP 88: calls $3
*** FLOP *** [Ks 3s Td]
TbIP-TbIP 88: checks
Lytii911: bets $3
TbIP-TbIP 88: folds
Uncalled bet ($3) returned to Lytii911
Lytii911 collected $11.76 from pot
Lytii911: doesn't show hand
*** SUMMARY ***
Total pot $12 | Rake $0.24
Board [Ks 3s Td]
Seat 3: Lytii911 (button) (small blind) collected ($11.76)
Seat 4: TbIP-TbIP 88 (big blind) folded on the Flop


PokerStars Hand #167144394629:  Hold'em Limit ($3/$6 USD) - 2017/03/05 8:58:31 ET
Table 'Granule' 6-max Seat #3 is the button
Seat 3: Lytii911 ($115.06 in chips)
Seat 4: TbIP-TbIP 88 ($77.76 in chips)
Lytii911: posts small blind $1
TbIP-TbIP 88: posts big blind $3
*** HOLE CARDS ***
Lytii911: raises $3 to $6
Chessnok joins the table at seat #5
TbIP-TbIP 88: calls $3
*** FLOP *** [3c 4c 7d]
TbIP-TbIP 88: checks
Lytii911: bets $3
TbIP-TbIP 88: calls $3
*** TURN *** [3c 4c 7d] [7c]
TbIP-TbIP 88: checks
Lytii911: bets $6
TbIP-TbIP 88: calls $6
*** RIVER *** [3c 4c 7d 7c] [3h]
TbIP-TbIP 88: checks
Lytii911: bets $6
TbIP-TbIP 88: calls $6
*** SHOW DOWN ***
Lytii911: shows [Ks 9s] (two pair, Sevens and Threes)
TbIP-TbIP 88: shows [6s 4h] (two pair, Sevens and Fours)
TbIP-TbIP 88 collected $41.50 from pot
*** SUMMARY ***
Total pot $42 | Rake $0.50
Board [3c 4c 7d 7c 3h]
Seat 3: Lytii911 (button) (small blind) showed [Ks 9s] and lost with two pair, Sevens and Threes
Seat 4: TbIP-TbIP 88 (big blind) showed [6s 4h] and won ($41.50) with two pair, Sevens and Fours


PokerStars Hand #167144466889:  Hold'em Limit ($3/$6 USD) - 2017/03/05 9:00:40 ET
Table 'Granule' 6-max Seat #6 is the button
Seat 5: Chessnok ($142.53 in chips)
Seat 6: Pelurile ($72 in chips)
Pelurile: posts small blind $1
TbIP-TbIP 88: is sitting out
Chessnok: posts big blind $3
*** HOLE CARDS ***
Pelurile: raises $3 to $6
Chessnok: calls $3
*** FLOP *** [8c 6d Qs]
Chessnok: checks
Pelurile: bets $3
Chessnok: raises $3 to $6
Pelurile: calls $3
*** TURN *** [8c 6d Qs] [Ah]
Chessnok: checks
Pelurile: checks
*** RIVER *** [8c 6d Qs Ah] [Kc]
Chessnok: checks
TbIP-TbIP 88 leaves the table
Pelurile: checks
*** SHOW DOWN ***
Chessnok: shows [9h 8h] (a pair of Eights)
Pelurile: shows [5c 8d] (a pair of Eights)
Chessnok collected $11.76 from pot
Pelurile collected $11.76 from pot
*** SUMMARY ***
Total pot $24 | Rake $0.48
Board [8c 6d Qs Ah Kc]
Seat 5: Chessnok (big blind) showed [9h 8h] and won ($11.76) with a pair of Eights
Seat 6: Pelurile (button) (small blind) showed [5c 8d] and won ($11.76) with a pair of Eights


PokerStars Hand #167144498242:  Hold'em Limit ($3/$6 USD) - 2017/03/05 9:01:32 ET
Table 'Granule' 6-max Seat #5 is the button
Seat 5: Chessnok ($142.29 in chips)
Seat 6: Pelurile ($72 in chips)
Chessnok: posts small blind $1
Pelurile: posts big blind $3
*** HOLE CARDS ***
Chessnok: raises $3 to $6
Grieserix joins the table at seat #1
Pelurile: calls $3
*** FLOP *** [9c Th Qs]
Pelurile: checks
Chessnok: checks
*** TURN *** [9c Th Qs] [Js]
Pelurile: checks
tamnt10549 joins the table at seat #2
Chessnok: checks
*** RIVER *** [9c Th Qs Js] [As]
Agrotait joins the table at seat #4
Pelurile: bets $6
Chessnok: calls $6
*** SHOW DOWN ***
Pelurile: shows [Kc 4h] (a straight, Ten to Ace)
Chessnok: mucks hand
Pelurile collected $23.52 from pot
*** SUMMARY ***
Total pot $24 | Rake $0.48
Board [9c Th Qs Js As]
Seat 5: Chessnok (button) (small blind) mucked
Seat 6: Pelurile (big blind) showed [Kc 4h] and won ($23.52) with a straight, Ten to Ace


PokerStars Hand #167145085892:  Hold'em Limit ($3/$6 USD) - 2017/03/05 9:15:59 ET
Table 'Granule' 6-max Seat #1 is the button
Seat 1: HAL9QQQ ($120 in chips)
Seat 3: Lytii911 ($46.11 in chips)
HAL9QQQ: posts small blind $1
Lytii911: posts big blind $3
*** HOLE CARDS ***
HAL9QQQ: folds
Uncalled bet ($2) returned to Lytii911
Lytii911 collected $2 from pot
Lytii911: doesn't show hand
*** SUMMARY ***
Total pot $2 | Rake $0
Seat 1: HAL9QQQ (button) (small blind) folded before Flop
Seat 3: Lytii911 (big blind) collected ($2)


PokerStars Hand #167145063549:  Hold'em Limit ($3/$6 USD) - 2017/03/05 9:15:27 ET
Table 'Granule' 6-max Seat #3 is the button
Seat 1: HAL9QQQ ($120 in chips)
Seat 3: Lytii911 ($25.61 in chips)
Lytii911: posts small blind $1
Agrotait: is sitting out
HAL9QQQ: posts big blind $3
*** HOLE CARDS ***
Lytii911: raises $3 to $6
Agrotait leaves the table
HAL9QQQ: raises $3 to $9
Lytii911: raises $3 to $12
Betting is capped
HAL9QQQ: calls $3
*** FLOP *** [5h 7d Kc]
HAL9QQQ: checks
Lytii911: bets $3
HAL9QQQ: calls $3
*** TURN *** [5h 7d Kc] [8c]
HAL9QQQ: checks
Lytii911: bets $6
HAL9QQQ: calls $6
*** RIVER *** [5h 7d Kc 8c] [8s]
HAL9QQQ: checks
Lytii911: bets $4.61 and is all-in
HAL9QQQ: folds
Uncalled bet ($4.61) returned to Lytii911
Lytii911 collected $41.50 from pot
Lytii911: doesn't show hand
*** SUMMARY ***
Total pot $42 | Rake $0.50
Board [5h 7d Kc 8c 8s]
Seat 1: HAL9QQQ (big blind) folded on the River
Seat 3: Lytii911 (button) (small blind) collected ($41.50)


PokerStars Hand #167149668484:  Hold'em Limit ($3/$6 USD) - 2017/03/05 10:59:20 ET
Table 'Granule' 6-max Seat #5 is the button
Seat 2: pixifloss ($267.29 in chips)
Seat 5: Chessnok ($63.69 in chips)
Chessnok: posts small blind $1
pixifloss: posts big blind $3
*** HOLE CARDS ***
Chessnok: raises $3 to $6
pixifloss: raises $3 to $9
Chessnok: calls $3
*** FLOP *** [5d As 8h]
pixifloss: bets $3
Chessnok: calls $3
*** TURN *** [5d As 8h] [Th]
pixifloss: bets $6
Chessnok: raises $6 to $12
pixifloss: folds
Uncalled bet ($6) returned to Chessnok
Chessnok collected $35.50 from pot
Chessnok: doesn't show hand
*** SUMMARY ***
Total pot $36 | Rake $0.50
Board [5d As 8h Th]
Seat 2: pixifloss (big blind) folded on the Turn
Seat 5: Chessnok (button) (small blind) collected ($35.50)


PokerStars Hand #167149656360:  Hold'em Limit ($3/$6 USD) - 2017/03/05 10:59:02 ET
Table 'Granule' 6-max Seat #2 is the button
Seat 2: pixifloss ($261.53 in chips)
Seat 5: Chessnok ($69.69 in chips)
pixifloss: posts small blind $1
TbIP-TbIP 88: is sitting out
Chessnok: posts big blind $3
*** HOLE CARDS ***
TbIP-TbIP 88 leaves the table
pixifloss: raises $3 to $6
Chessnok: calls $3
*** FLOP *** [3c Jh 2c]
TbIP-TbIP 88 joins the table at seat #3
Chessnok: checks
pixifloss: bets $3
Chessnok: folds
Uncalled bet ($3) returned to pixifloss
pixifloss collected $11.76 from pot
*** SUMMARY ***
Total pot $12 | Rake $0.24
Board [3c Jh 2c]
Seat 2: pixifloss (button) (small blind) collected ($11.76)
Seat 5: Chessnok (big blind) folded on the Flop


PokerStars Hand #167155068242:  Hold'em Limit ($3/$6 USD) - 2017/03/05 12:41:43 ET
Table 'Granule' 6-max Seat #5 is the button
Seat 1: SENDERDEEP ($96.66 in chips)
Seat 5: Chessnok ($283.34 in chips)
Chessnok: posts small blind $1
SENDERDEEP: posts big blind $3
*** HOLE CARDS ***
Chessnok: raises $3 to $6
SENDERDEEP: folds
Uncalled bet ($3) returned to Chessnok
Chessnok collected $6 from pot
Chessnok: doesn't show hand
*** SUMMARY ***
Total pot $6 | Rake $0
Seat 1: SENDERDEEP (big blind) folded before Flop
Seat 5: Chessnok (button) (small blind) collected ($6)


PokerStars Hand #167155061978:  Hold'em Limit ($3/$6 USD) - 2017/03/05 12:41:37 ET
Table 'Granule' 6-max Seat #1 is the button
Seat 1: SENDERDEEP ($97.66 in chips)
Seat 5: Chessnok ($282.34 in chips)
SENDERDEEP: posts small blind $1
Chessnok: posts big blind $3
*** HOLE CARDS ***
Samace10 joins the table at seat #4
SENDERDEEP: folds
Uncalled bet ($2) returned to Chessnok
Chessnok collected $2 from pot
Chessnok: doesn't show hand
*** SUMMARY ***
Total pot $2 | Rake $0
Seat 1: SENDERDEEP (button) (small blind) folded before Flop
Seat 5: Chessnok (big blind) collected ($2)


PokerStars Hand #167155182169:  Hold'em Limit ($3/$6 USD) - 2017/03/05 12:43:42 ET
Table 'Granule' 6-max Seat #5 is the button
Seat 1: SENDERDEEP ($100.58 in chips)
Seat 5: Chessnok ($284.59 in chips)
Chessnok: posts small blind $1
SENDERDEEP: posts big blind $3
*** HOLE CARDS ***
Chessnok: raises $3 to $6
SENDERDEEP: calls $3
*** FLOP *** [Th 3s Qc]
SENDERDEEP: checks
Chessnok: bets $3
SENDERDEEP: folds
Uncalled bet ($3) returned to Chessnok
Chessnok collected $11.76 from pot
Chessnok: doesn't show hand
*** SUMMARY ***
Total pot $12 | Rake $0.24
Board [Th 3s Qc]
Seat 1: SENDERDEEP (big blind) folded on the Flop
Seat 5: Chessnok (button) (small blind) collected ($11.76)


PokerStars Hand #167155225477:  Hold'em Limit ($3/$6 USD) - 2017/03/05 12:44:27 ET
Table 'Granule' 6-max Seat #5 is the button
Seat 1: SENDERDEEP ($121.08 in chips)
Seat 5: Chessnok ($263.35 in chips)
Chessnok: posts small blind $1
SENDERDEEP: posts big blind $3
*** HOLE CARDS ***
Chessnok: folds
Uncalled bet ($2) returned to SENDERDEEP
SENDERDEEP collected $2 from pot
SENDERDEEP: doesn't show hand
*** SUMMARY ***
Total pot $2 | Rake $0
Seat 1: SENDERDEEP (big blind) collected ($2)
Seat 5: Chessnok (button) (small blind) folded before Flop


PokerStars Hand #167155205972:  Hold'em Limit ($3/$6 USD) - 2017/03/05 12:44:07 ET
Table 'Granule' 6-max Seat #1 is the button
Seat 1: SENDERDEEP ($94.58 in chips)
Seat 5: Chessnok ($290.35 in chips)
SENDERDEEP: posts small blind $1
Chessnok: posts big blind $3
*** HOLE CARDS ***
SENDERDEEP: calls $2
Chessnok: raises $3 to $6
SENDERDEEP: calls $3
*** FLOP *** [9h Tc 7c]
Chessnok: bets $3
SENDERDEEP: calls $3
*** TURN *** [9h Tc 7c] [Jc]
Chessnok: bets $6
SENDERDEEP: raises $6 to $12
Chessnok: calls $6
*** RIVER *** [9h Tc 7c Jc] [2d]
Chessnok: checks
SENDERDEEP: bets $6
Chessnok: calls $6
*** SHOW DOWN ***
SENDERDEEP: shows [8s Ah] (a straight, Seven to Jack)
Chessnok: mucks hand
SENDERDEEP collected $53.50 from pot
*** SUMMARY ***
Total pot $54 | Rake $0.50
Board [9h Tc 7c Jc 2d]
Seat 1: SENDERDEEP (button) (small blind) showed [8s Ah] and won ($53.50) with a straight, Seven to Jack
Seat 5: Chessnok (big blind) mucked


PokerStars Hand #167155247289:  Hold'em Limit ($3/$6 USD) - 2017/03/05 12:44:50 ET
Table 'Granule' 6-max Seat #5 is the button
Seat 1: SENDERDEEP ($113.08 in chips)
Seat 5: Chessnok ($270.99 in chips)
Chessnok: posts small blind $1
SENDERDEEP: posts big blind $3
*** HOLE CARDS ***
Chessnok: raises $3 to $6
SENDERDEEP: calls $3
*** FLOP *** [9s 2d 6h]
SENDERDEEP: checks
Chessnok: bets $3
SENDERDEEP: calls $3
*** TURN *** [9s 2d 6h] [7h]
SENDERDEEP: checks
Chessnok: checks
*** RIVER *** [9s 2d 6h 7h] [Ac]
SENDERDEEP: checks
Chessnok: checks
*** SHOW DOWN ***
SENDERDEEP: shows [4h Kh] (high card Ace)
Chessnok: shows [Ks 3c] (high card Ace)
SENDERDEEP collected $8.82 from pot
Chessnok collected $8.82 from pot
*** SUMMARY ***
Total pot $18 | Rake $0.36
Board [9s 2d 6h 7h Ac]
Seat 1: SENDERDEEP (big blind) showed [4h Kh] and won ($8.82) with high card Ace
Seat 5: Chessnok (button) (small blind) showed [Ks 3c] and won ($8.82) with high card Ace


PokerStars Hand #167155280186:  Hold'em Limit ($3/$6 USD) - 2017/03/05 12:45:24 ET
Table 'Granule' 6-max Seat #1 is the button
Seat 1: SENDERDEEP ($112.90 in chips)
Seat 5: Chessnok ($270.81 in chips)
SENDERDEEP: posts small blind $1
Chessnok: posts big blind $3
*** HOLE CARDS ***
SENDERDEEP: folds
Uncalled bet ($2) returned to Chessnok
Chessnok collected $2 from pot
Chessnok: doesn't show hand
*** SUMMARY ***
Total pot $2 | Rake $0
Seat 1: SENDERDEEP (button) (small blind) folded before Flop
Seat 5: Chessnok (big blind) collected ($2)


PokerStars Hand #167155229882:  Hold'em Limit ($3/$6 USD) - 2017/03/05 12:44:32 ET
Table 'Granule' 6-max Seat #1 is the button
Seat 1: SENDERDEEP ($122.08 in chips)
Seat 5: Chessnok ($262.35 in chips)
SENDERDEEP: posts small blind $1
Chessnok: posts big blind $3
*** HOLE CARDS ***
SENDERDEEP: calls $2
Chessnok: raises $3 to $6
SENDERDEEP: calls $3
*** FLOP *** [2h Qd 6d]
Chessnok: bets $3
SENDERDEEP: calls $3
*** TURN *** [2h Qd 6d] [6c]
Chessnok: bets $6
SENDERDEEP: folds
Uncalled bet ($6) returned to Chessnok
Chessnok collected $17.64 from pot
Chessnok: doesn't show hand
*** SUMMARY ***
Total pot $18 | Rake $0.36
Board [2h Qd 6d 6c]
Seat 1: SENDERDEEP (button) (small blind) folded on the Turn
Seat 5: Chessnok (big blind) collected ($17.64)


PokerStars Hand #167155305610:  Hold'em Limit ($3/$6 USD) - 2017/03/05 12:45:51 ET
Table 'Granule' 6-max Seat #1 is the button
Seat 1: SENDERDEEP ($108.90 in chips)
Seat 5: Chessnok ($274.69 in chips)
SENDERDEEP: posts small blind $1
Chessnok: posts big blind $3
*** HOLE CARDS ***
SENDERDEEP: calls $2
Chessnok: raises $3 to $6
SENDERDEEP: calls $3
*** FLOP *** [Th 5c 2s]
Chessnok: bets $3
SENDERDEEP: calls $3
*** TURN *** [Th 5c 2s] [7d]
Chessnok: bets $6
SENDERDEEP: calls $6
*** RIVER *** [Th 5c 2s 7d] [Qh]
Chessnok: bets $6
SENDERDEEP: folds
Uncalled bet ($6) returned to Chessnok
Chessnok collected $29.50 from pot
Chessnok: doesn't show hand
*** SUMMARY ***
Total pot $30 | Rake $0.50
Board [Th 5c 2s 7d Qh]
Seat 1: SENDERDEEP (button) (small blind) folded on the River
Seat 5: Chessnok (big blind) collected ($29.50)


PokerStars Hand #167155341559:  Hold'em Limit ($3/$6 USD) - 2017/03/05 12:46:28 ET
Table 'Granule' 6-max Seat #1 is the button
Seat 1: SENDERDEEP ($90.90 in chips)
Seat 5: Chessnok ($292.19 in chips)
SENDERDEEP: posts small blind $1
Chessnok: posts big blind $3
*** HOLE CARDS ***
SENDERDEEP: folds
Uncalled bet ($2) returned to Chessnok
Chessnok collected $2 from pot
Chessnok: doesn't show hand
*** SUMMARY ***
Total pot $2 | Rake $0
Seat 1: SENDERDEEP (button) (small blind) folded before Flop
Seat 5: Chessnok (big blind) collected ($2)


PokerStars Hand #167155334007:  Hold'em Limit ($3/$6 USD) - 2017/03/05 12:46:20 ET
Table 'Granule' 6-max Seat #5 is the button
Seat 1: SENDERDEEP ($93.90 in chips)
Seat 5: Chessnok ($289.19 in chips)
Chessnok: posts small blind $1
SENDERDEEP: posts big blind $3
*** HOLE CARDS ***
Chessnok: raises $3 to $6
SENDERDEEP: folds
Uncalled bet ($3) returned to Chessnok
Chessnok collected $6 from pot
Chessnok: doesn't show hand
*** SUMMARY ***
Total pot $6 | Rake $0
Seat 1: SENDERDEEP (big blind) folded before Flop
Seat 5: Chessnok (button) (small blind) collected ($6)


PokerStars Hand #167155285962:  Hold'em Limit ($3/$6 USD) - 2017/03/05 12:45:30 ET
Table 'Granule' 6-max Seat #5 is the button
Seat 1: SENDERDEEP ($111.90 in chips)
Seat 5: Chessnok ($271.81 in chips)
Chessnok: posts small blind $1
SENDERDEEP: posts big blind $3
*** HOLE CARDS ***
Chessnok: calls $2
SENDERDEEP: checks
*** FLOP *** [Jh Ts 7s]
SENDERDEEP: checks
Chessnok: bets $3
SENDERDEEP: folds
Uncalled bet ($3) returned to Chessnok
Chessnok collected $5.88 from pot
Chessnok: doesn't show hand
*** SUMMARY ***
Total pot $6 | Rake $0.12
Board [Jh Ts 7s]
Seat 1: SENDERDEEP (big blind) folded on the Flop
Seat 5: Chessnok (button) (small blind) collected ($5.88)


PokerStars Hand #167155365942:  Hold'em Limit ($3/$6 USD) - 2017/03/05 12:46:54 ET
Table 'Granule' 6-max Seat #1 is the button
Seat 1: SENDERDEEP ($83.90 in chips)
Seat 5: Chessnok ($298.95 in chips)
SENDERDEEP: posts small blind $1
Chessnok: posts big blind $3
*** HOLE CARDS ***
SENDERDEEP: folds
Uncalled bet ($2) returned to Chessnok
Chessnok collected $2 from pot
Chessnok: doesn't show hand
*** SUMMARY ***
Total pot $2 | Rake $0
Seat 1: SENDERDEEP (button) (small blind) folded before Flop
Seat 5: Chessnok (big blind) collected ($2)


PokerStars Hand #167155373462:  Hold'em Limit ($3/$6 USD) - 2017/03/05 12:47:01 ET
Table 'Granule' 6-max Seat #5 is the button
Seat 1: SENDERDEEP ($82.90 in chips)
Seat 5: Chessnok ($299.95 in chips)
Chessnok: posts small blind $1
SENDERDEEP: posts big blind $3
*** HOLE CARDS ***
Chessnok: raises $3 to $6
SENDERDEEP: calls $3
*** FLOP *** [4c Qh Kh]
SENDERDEEP: checks
Chessnok: bets $3
SENDERDEEP: calls $3
*** TURN *** [4c Qh Kh] [8c]
andrey0709 joins the table at seat #4
SENDERDEEP: checks
Chessnok: bets $6
SENDERDEEP: calls $6
*** RIVER *** [4c Qh Kh 8c] [Th]
SENDERDEEP: checks
Chessnok: bets $6
SENDERDEEP: folds
Uncalled bet ($6) returned to Chessnok
Chessnok collected $29.50 from pot
Chessnok: doesn't show hand
*** SUMMARY ***
Total pot $30 | Rake $0.50
Board [4c Qh Kh 8c Th]
Seat 1: SENDERDEEP (big blind) folded on the River
Seat 5: Chessnok (button) (small blind) collected ($29.50)


PokerStars Hand #167155348517:  Hold'em Limit ($3/$6 USD) - 2017/03/05 12:46:35 ET
Table 'Granule' 6-max Seat #5 is the button
Seat 1: SENDERDEEP ($89.90 in chips)
Seat 5: Chessnok ($293.19 in chips)
Chessnok: posts small blind $1
SENDERDEEP: posts big blind $3
*** HOLE CARDS ***
Chessnok: raises $3 to $6
SENDERDEEP: calls $3
*** FLOP *** [Kd 6c Qc]
SENDERDEEP: checks
Chessnok: bets $3
SENDERDEEP: folds
Uncalled bet ($3) returned to Chessnok
Chessnok collected $11.76 from pot
Chessnok: doesn't show hand
*** SUMMARY ***
Total pot $12 | Rake $0.24
Board [Kd 6c Qc]
Seat 1: SENDERDEEP (big blind) folded on the Flop
Seat 5: Chessnok (button) (small blind) collected ($11.76)


PokerStars Hand #167162144804:  Hold'em Limit ($3/$6 USD) - 2017/03/05 14:40:42 ET
Table 'Granule' 6-max Seat #6 is the button
Seat 3: WSpieler ($67.67 in chips)
Seat 6: Krazy90 ($144.75 in chips)
Krazy90: posts small blind $1
WSpieler: posts big blind $3
*** HOLE CARDS ***
Krazy90: folds
Uncalled bet ($2) returned to WSpieler
WSpieler collected $2 from pot
WSpieler: doesn't show hand
*** SUMMARY ***
Total pot $2 | Rake $0
Seat 3: WSpieler (big blind) collected ($2)
Seat 6: Krazy90 (button) (small blind) folded before Flop


PokerStars Hand #167162124911:  Hold'em Limit ($3/$6 USD) - 2017/03/05 14:40:22 ET
Table 'Granule' 6-max Seat #3 is the button
Seat 3: WSpieler ($61.91 in chips)
Seat 6: Krazy90 ($150.75 in chips)
WSpieler: posts small blind $1
Krazy90: posts big blind $3
*** HOLE CARDS ***
WSpieler: raises $3 to $6
Krazy90: calls $3
*** FLOP *** [Qd 8s 8h]
Krazy90: checks
WSpieler: bets $3
Krazy90: folds
Uncalled bet ($3) returned to WSpieler
WSpieler collected $11.76 from pot
WSpieler: doesn't show hand
*** SUMMARY ***
Total pot $12 | Rake $0.24
Board [Qd 8s 8h]
Seat 3: WSpieler (button) (small blind) collected ($11.76)
Seat 6: Krazy90 (big blind) folded on the Flop


PokerStars Hand #167162116030:  Hold'em Limit ($3/$6 USD) - 2017/03/05 14:40:14 ET
Table 'Granule' 6-max Seat #6 is the button
Seat 3: WSpieler ($64.91 in chips)
Seat 6: Krazy90 ($147.75 in chips)
Krazy90: posts small blind $1
boogi: is sitting out
WSpieler: posts big blind $3
*** HOLE CARDS ***
boogi leaves the table
Krazy90: raises $3 to $6
WSpieler: folds
Uncalled bet ($3) returned to Krazy90
Krazy90 collected $6 from pot
Krazy90: doesn't show hand
*** SUMMARY ***
Total pot $6 | Rake $0
Seat 3: WSpieler (big blind) folded before Flop
Seat 6: Krazy90 (button) (small blind) collected ($6)


