PokerStars Hand #174865320786:  Hold'em Limit ($3/$6 USD) - 2017/08/27 13:54:30 ET
Table 'Grano' 6-max Seat #4 is the button
Seat 3: KittehTarga ($59 in chips)
Seat 4: VolkovDmitri ($124 in chips)
VolkovDmitri: posts small blind $1
KittehTarga: posts big blind $3
*** HOLE CARDS ***
VolkovDmitri: raises $3 to $6
KittehTarga: calls $3
*** FLOP *** [Jd 2s Ac]
KittehTarga: checks
VolkovDmitri: bets $3
KittehTarga: folds
Uncalled bet ($3) returned to VolkovDmitri
VolkovDmitri collected $11.76 from pot
VolkovDmitri: doesn't show hand
*** SUMMARY ***
Total pot $12 | Rake $0.24
Board [Jd 2s Ac]
Seat 3: KittehTarga (big blind) folded on the Flop
Seat 4: VolkovDmitri (button) (small blind) collected ($11.76)


PokerStars Hand #174865317008:  Hold'em Limit ($3/$6 USD) - 2017/08/27 13:54:25 ET
Table 'Grano' 6-max Seat #3 is the button
Seat 3: KittehTarga ($60 in chips)
Seat 4: VolkovDmitri ($123 in chips)
KittehTarga: posts small blind $1
VolkovDmitri: posts big blind $3
*** HOLE CARDS ***
KittehTarga: folds
Uncalled bet ($2) returned to VolkovDmitri
VolkovDmitri collected $2 from pot
VolkovDmitri: doesn't show hand
*** SUMMARY ***
Total pot $2 | Rake $0
Seat 3: KittehTarga (button) (small blind) folded before Flop
Seat 4: VolkovDmitri (big blind) collected ($2)


PokerStars Hand #174865312519:  Hold'em Limit ($3/$6 USD) - 2017/08/27 13:54:20 ET
Table 'Grano' 6-max Seat #4 is the button
Seat 3: KittehTarga ($63 in chips)
Seat 4: VolkovDmitri ($120 in chips)
VolkovDmitri: posts small blind $1
KittehTarga: posts big blind $3
*** HOLE CARDS ***
VolkovDmitri: raises $3 to $6
KittehTarga: folds
Uncalled bet ($3) returned to VolkovDmitri
VolkovDmitri collected $6 from pot
VolkovDmitri: doesn't show hand
*** SUMMARY ***
Total pot $6 | Rake $0
Seat 3: KittehTarga (big blind) folded before Flop
Seat 4: VolkovDmitri (button) (small blind) collected ($6)


PokerStars Hand #174865305524:  Hold'em Limit ($3/$6 USD) - 2017/08/27 13:54:11 ET
Table 'Grano' 6-max Seat #3 is the button
Seat 3: KittehTarga ($60 in chips)
Seat 4: VolkovDmitri ($120 in chips)
KittehTarga: posts small blind $1
VolkovDmitri: posts big blind $3
*** HOLE CARDS ***
KittehTarga: raises $3 to $6
VolkovDmitri: folds
Uncalled bet ($3) returned to KittehTarga
KittehTarga collected $6 from pot
*** SUMMARY ***
Total pot $6 | Rake $0
Seat 3: KittehTarga (button) (small blind) collected ($6)
Seat 4: VolkovDmitri (big blind) folded before Flop


PokerStars Hand #174865329603:  Hold'em Limit ($3/$6 USD) - 2017/08/27 13:54:41 ET
Table 'Grano' 6-max Seat #3 is the button
Seat 3: KittehTarga ($53 in chips)
Seat 4: VolkovDmitri ($129.76 in chips)
KittehTarga: posts small blind $1
VolkovDmitri: posts big blind $3
*** HOLE CARDS ***
vestimokrec joins the table at seat #5
KittehTarga: raises $3 to $6
VolkovDmitri: raises $3 to $9
KittehTarga: calls $3
*** FLOP *** [4h 4s 3s]
VolkovDmitri: bets $3
KittehTarga: calls $3
*** TURN *** [4h 4s 3s] [6d]
VolkovDmitri: checks
KittehTarga: bets $6
VolkovDmitri: calls $6
*** RIVER *** [4h 4s 3s 6d] [8s]
VolkovDmitri: checks
KittehTarga: checks
*** SHOW DOWN ***
VolkovDmitri: shows [Qs Kh] (a pair of Fours)
KittehTarga: shows [Jh 6h] (two pair, Sixes and Fours)
KittehTarga collected $35.50 from pot
*** SUMMARY ***
Total pot $36 | Rake $0.50
Board [4h 4s 3s 6d 8s]
Seat 3: KittehTarga (button) (small blind) showed [Jh 6h] and won ($35.50) with two pair, Sixes and Fours
Seat 4: VolkovDmitri (big blind) showed [Qs Kh] and lost with a pair of Fours


PokerStars Hand #174865646228:  Hold'em Limit ($3/$6 USD) - 2017/08/27 14:02:55 ET
Table 'Grano' 6-max Seat #2 is the button
Seat 2: alpha2777 ($84.67 in chips)
Seat 3: KittehTarga ($96.08 in chips)
alpha2777: posts small blind $1
KittehTarga: posts big blind $3
*** HOLE CARDS ***
alpha2777: folds
Uncalled bet ($2) returned to KittehTarga
KittehTarga collected $2 from pot
*** SUMMARY ***
Total pot $2 | Rake $0
Seat 2: alpha2777 (button) (small blind) folded before Flop
Seat 3: KittehTarga (big blind) collected ($2)


PokerStars Hand #174865641353:  Hold'em Limit ($3/$6 USD) - 2017/08/27 14:02:49 ET
Table 'Grano' 6-max Seat #3 is the button
Seat 2: alpha2777 ($83.67 in chips)
Seat 3: KittehTarga ($97.08 in chips)
KittehTarga: posts small blind $1
VolkovDmitri: is sitting out
vestimokrec: is sitting out
alpha2777: posts big blind $3
*** HOLE CARDS ***
KittehTarga: folds
Uncalled bet ($2) returned to alpha2777
vestimokrec leaves the table
alpha2777 collected $2 from pot
alpha2777: doesn't show hand
*** SUMMARY ***
Total pot $2 | Rake $0
Seat 2: alpha2777 (big blind) collected ($2)
Seat 3: KittehTarga (button) (small blind) folded before Flop


PokerStars Hand #174867519370:  Hold'em Limit ($3/$6 USD) - 2017/08/27 14:40:19 ET
Table 'Grano' 6-max Seat #6 is the button
Seat 1: Cowgirlgea ($166.43 in chips)
Seat 6: dalton135 ($40.10 in chips)
dalton135: posts small blind $1
Cowgirlgea: posts big blind $3
*** HOLE CARDS ***
dalton135: folds
Uncalled bet ($2) returned to Cowgirlgea
Cowgirlgea collected $2 from pot
Cowgirlgea: doesn't show hand
*** SUMMARY ***
Total pot $2 | Rake $0
Seat 1: Cowgirlgea (big blind) collected ($2)
Seat 6: dalton135 (button) (small blind) folded before Flop


PokerStars Hand #174867503149:  Hold'em Limit ($3/$6 USD) - 2017/08/27 14:40:00 ET
Table 'Grano' 6-max Seat #1 is the button
Seat 1: Cowgirlgea ($136.93 in chips)
Seat 6: dalton135 ($70.10 in chips)
Cowgirlgea: posts small blind $1
vestimokrec: is sitting out
dalton135: posts big blind $3
*** HOLE CARDS ***
Cowgirlgea: raises $3 to $6
vestimokrec leaves the table
dalton135: raises $3 to $9
Cowgirlgea: calls $3
*** FLOP *** [9c 7d 8s]
dalton135: bets $3
Cowgirlgea: calls $3
*** TURN *** [9c 7d 8s] [9s]
dalton135: bets $6
Cowgirlgea: calls $6
*** RIVER *** [9c 7d 8s 9s] [5c]
dalton135: bets $6
Cowgirlgea: raises $6 to $12
vestimokrec joins the table at seat #2
dalton135: calls $6
*** SHOW DOWN ***
Cowgirlgea: shows [6s Ah] (a straight, Five to Nine)
dalton135: mucks hand
Cowgirlgea collected $59.50 from pot
*** SUMMARY ***
Total pot $60 | Rake $0.50
Board [9c 7d 8s 9s 5c]
Seat 1: Cowgirlgea (button) (small blind) showed [6s Ah] and won ($59.50) with a straight, Five to Nine
Seat 6: dalton135 (big blind) mucked


PokerStars Hand #174867528535:  Hold'em Limit ($3/$6 USD) - 2017/08/27 14:40:30 ET
Table 'Grano' 6-max Seat #2 is the button
Seat 1: Cowgirlgea ($166.43 in chips)
Seat 2: vestimokrec ($121 in chips)
vestimokrec: posts small blind $1
Cowgirlgea: posts big blind $3
*** HOLE CARDS ***
vestimokrec: raises $3 to $6
Cowgirlgea: folds
Uncalled bet ($3) returned to vestimokrec
vestimokrec collected $6 from pot
vestimokrec: doesn't show hand
*** SUMMARY ***
Total pot $6 | Rake $0
Seat 1: Cowgirlgea (big blind) folded before Flop
Seat 2: vestimokrec (button) (small blind) collected ($6)


PokerStars Hand #174867533726:  Hold'em Limit ($3/$6 USD) - 2017/08/27 14:40:36 ET
Table 'Grano' 6-max Seat #1 is the button
Seat 1: Cowgirlgea ($163.43 in chips)
Seat 2: vestimokrec ($124 in chips)
Cowgirlgea: posts small blind $1
vestimokrec: posts big blind $3
*** HOLE CARDS ***
Cowgirlgea: raises $3 to $6
vestimokrec: calls $3
*** FLOP *** [4h 8d Tc]
vestimokrec: checks
Cowgirlgea: checks
*** TURN *** [4h 8d Tc] [Td]
vestimokrec: bets $6
Cowgirlgea: calls $6
*** RIVER *** [4h 8d Tc Td] [5c]
vestimokrec: bets $6
Cowgirlgea: calls $6
*** SHOW DOWN ***
vestimokrec: shows [As 2c] (a pair of Tens)
Cowgirlgea: shows [9s Ah] (a pair of Tens - Ace+Nine kicker)
Cowgirlgea collected $35.50 from pot
*** SUMMARY ***
Total pot $36 | Rake $0.50
Board [4h 8d Tc Td 5c]
Seat 1: Cowgirlgea (button) (small blind) showed [9s Ah] and won ($35.50) with a pair of Tens
Seat 2: vestimokrec (big blind) showed [As 2c] and lost with a pair of Tens


PokerStars Hand #174867558441:  Hold'em Limit ($3/$6 USD) - 2017/08/27 14:41:06 ET
Table 'Grano' 6-max Seat #2 is the button
Seat 1: Cowgirlgea ($180.93 in chips)
Seat 2: vestimokrec ($106 in chips)
vestimokrec: posts small blind $1
Cowgirlgea: posts big blind $3
*** HOLE CARDS ***
vestimokrec: folds
Uncalled bet ($2) returned to Cowgirlgea
Cowgirlgea collected $2 from pot
Cowgirlgea: doesn't show hand
*** SUMMARY ***
Total pot $2 | Rake $0
Seat 1: Cowgirlgea (big blind) collected ($2)
Seat 2: vestimokrec (button) (small blind) folded before Flop


