PokerStars Hand #151307810096:  Hold'em Limit ($3/$6 USD) - 2016/04/02 6:26:06 ET
Table 'Grassias II' 6-max Seat #2 is the button
Seat 1: logex949 ($96.23 in chips)
Seat 2: TbIP-TbIP 88 ($92.50 in chips)
TbIP-TbIP 88: posts small blind $1
logex949: posts big blind $3
*** HOLE CARDS ***
TbIP-TbIP 88: folds
Uncalled bet ($2) returned to logex949
logex949 collected $2 from pot
logex949: doesn't show hand
*** SUMMARY ***
Total pot $2 | Rake $0
Seat 1: logex949 (big blind) collected ($2)
Seat 2: TbIP-TbIP 88 (button) (small blind) folded before Flop


PokerStars Hand #151307785333:  Hold'em Limit ($3/$6 USD) - 2016/04/02 6:25:14 ET
Table 'Grassias II' 6-max Seat #1 is the button
Seat 1: logex949 ($117.23 in chips)
Seat 2: TbIP-TbIP 88 ($72 in chips)
logex949: posts small blind $1
TbIP-TbIP 88: posts big blind $3
*** HOLE CARDS ***
logex949: raises $3 to $6
TbIP-TbIP 88: calls $3
*** FLOP *** [6c Kh 3c]
TbIP-TbIP 88: checks
logex949: bets $3
TbIP-TbIP 88: calls $3
*** TURN *** [6c Kh 3c] [2d]
TbIP-TbIP 88: checks
logex949: bets $6
TbIP-TbIP 88: calls $6
*** RIVER *** [6c Kh 3c 2d] [2h]
TbIP-TbIP 88: checks
logex949: bets $6
TbIP-TbIP 88: calls $6
*** SHOW DOWN ***
logex949: shows [4c 8c] (a pair of Deuces)
TbIP-TbIP 88: shows [8h 6s] (two pair, Sixes and Deuces)
TbIP-TbIP 88 collected $41.50 from pot
*** SUMMARY ***
Total pot $42 | Rake $0.50
Board [6c Kh 3c 2d 2h]
Seat 1: logex949 (button) (small blind) showed [4c 8c] and lost with a pair of Deuces
Seat 2: TbIP-TbIP 88 (big blind) showed [8h 6s] and won ($41.50) with two pair, Sixes and Deuces


PokerStars Hand #151307812550:  Hold'em Limit ($3/$6 USD) - 2016/04/02 6:26:11 ET
Table 'Grassias II' 6-max Seat #1 is the button
Seat 1: logex949 ($97.23 in chips)
Seat 2: TbIP-TbIP 88 ($91.50 in chips)
logex949: posts small blind $1
TbIP-TbIP 88: posts big blind $3
*** HOLE CARDS ***
logex949: raises $3 to $6
TbIP-TbIP 88: calls $3
*** FLOP *** [Kc Ad 6d]
TbIP-TbIP 88: checks
logex949: bets $3
TbIP-TbIP 88: folds
Uncalled bet ($3) returned to logex949
logex949 collected $11.76 from pot
logex949: doesn't show hand
*** SUMMARY ***
Total pot $12 | Rake $0.24
Board [Kc Ad 6d]
Seat 1: logex949 (button) (small blind) collected ($11.76)
Seat 2: TbIP-TbIP 88 (big blind) folded on the Flop


PokerStars Hand #151307817300:  Hold'em Limit ($3/$6 USD) - 2016/04/02 6:26:21 ET
Table 'Grassias II' 6-max Seat #2 is the button
Seat 1: logex949 ($102.99 in chips)
Seat 2: TbIP-TbIP 88 ($85.50 in chips)
TbIP-TbIP 88: posts small blind $1
logex949: posts big blind $3
*** HOLE CARDS ***
TbIP-TbIP 88: folds
Uncalled bet ($2) returned to logex949
logex949 collected $2 from pot
logex949: doesn't show hand
*** SUMMARY ***
Total pot $2 | Rake $0
Seat 1: logex949 (big blind) collected ($2)
Seat 2: TbIP-TbIP 88 (button) (small blind) folded before Flop


PokerStars Hand #151307820843:  Hold'em Limit ($3/$6 USD) - 2016/04/02 6:26:29 ET
Table 'Grassias II' 6-max Seat #1 is the button
Seat 1: logex949 ($103.99 in chips)
Seat 2: TbIP-TbIP 88 ($84.50 in chips)
logex949: posts small blind $1
TbIP-TbIP 88: posts big blind $3
*** HOLE CARDS ***
logex949: raises $3 to $6
TbIP-TbIP 88: calls $3
*** FLOP *** [7h Ah Qd]
TbIP-TbIP 88: checks
logex949: bets $3
TbIP-TbIP 88: calls $3
*** TURN *** [7h Ah Qd] [2h]
TbIP-TbIP 88: checks
logex949: bets $6
MTails joins the table at seat #6
TbIP-TbIP 88: raises $6 to $12
logex949: raises $6 to $18
TbIP-TbIP 88: raises $6 to $24
Betting is capped
logex949: folds
Uncalled bet ($6) returned to TbIP-TbIP 88
TbIP-TbIP 88 collected $53.50 from pot
TbIP-TbIP 88: doesn't show hand
*** SUMMARY ***
Total pot $54 | Rake $0.50
Board [7h Ah Qd 2h]
Seat 1: logex949 (button) (small blind) folded on the Turn
Seat 2: TbIP-TbIP 88 (big blind) collected ($53.50)


PokerStars Hand #151308092384:  Hold'em Limit ($3/$6 USD) - 2016/04/02 6:35:56 ET
Table 'Grassias II' 6-max Seat #4 is the button
Seat 3: liolilove ($72 in chips)
Seat 4: Headgtboy ($119.02 in chips)
Headgtboy: posts small blind $1
MTails: is sitting out
TbIP-TbIP 88: is sitting out
liolilove: posts big blind $3
*** HOLE CARDS ***
TbIP-TbIP 88 leaves the table
Headgtboy: folds
Uncalled bet ($2) returned to liolilove
liolilove collected $2 from pot
liolilove: doesn't show hand
*** SUMMARY ***
Total pot $2 | Rake $0
Seat 3: liolilove (big blind) collected ($2)
Seat 4: Headgtboy (button) (small blind) folded before Flop


PokerStars Hand #151308095730:  Hold'em Limit ($3/$6 USD) - 2016/04/02 6:36:02 ET
Table 'Grassias II' 6-max Seat #3 is the button
Seat 3: liolilove ($73 in chips)
Seat 4: Headgtboy ($118.02 in chips)
liolilove: posts small blind $1
Headgtboy: posts big blind $3
*** HOLE CARDS ***
liolilove: raises $3 to $6
Headgtboy: calls $3
*** FLOP *** [2c 5d 6s]
Headgtboy: checks
liolilove: bets $3
Headgtboy: raises $3 to $6
liolilove: calls $3
*** TURN *** [2c 5d 6s] [4h]
Headgtboy: bets $6
liolilove: calls $6
*** RIVER *** [2c 5d 6s 4h] [As]
Headgtboy: bets $6
liolilove: folds
Uncalled bet ($6) returned to Headgtboy
Headgtboy collected $35.50 from pot
Headgtboy: doesn't show hand
*** SUMMARY ***
Total pot $36 | Rake $0.50
Board [2c 5d 6s 4h As]
Seat 3: liolilove (button) (small blind) folded on the River
Seat 4: Headgtboy (big blind) collected ($35.50)


PokerStars Hand #151308140219:  Hold'em Limit ($3/$6 USD) - 2016/04/02 6:37:32 ET
Table 'Grassias II' 6-max Seat #3 is the button
Seat 3: liolilove ($80.64 in chips)
Seat 4: Headgtboy ($126.52 in chips)
liolilove: posts small blind $1
Headgtboy: posts big blind $3
*** HOLE CARDS ***
liolilove: folds
Uncalled bet ($2) returned to Headgtboy
Headgtboy collected $2 from pot
Headgtboy: doesn't show hand
*** SUMMARY ***
Total pot $2 | Rake $0
Seat 3: liolilove (button) (small blind) folded before Flop
Seat 4: Headgtboy (big blind) collected ($2)


PokerStars Hand #151308128077:  Hold'em Limit ($3/$6 USD) - 2016/04/02 6:37:08 ET
Table 'Grassias II' 6-max Seat #4 is the button
Seat 3: liolilove ($72 in chips)
Seat 4: Headgtboy ($135.52 in chips)
Headgtboy: posts small blind $1
liolilove: posts big blind $3
*** HOLE CARDS ***
Headgtboy: raises $3 to $6
liolilove: calls $3
*** FLOP *** [5s Jh Kc]
liolilove: checks
Headgtboy: bets $3
liolilove: raises $3 to $6
Headgtboy: folds
Uncalled bet ($3) returned to liolilove
liolilove collected $17.64 from pot
liolilove: doesn't show hand
*** SUMMARY ***
Total pot $18 | Rake $0.36
Board [5s Jh Kc]
Seat 3: liolilove (big blind) collected ($17.64)
Seat 4: Headgtboy (button) (small blind) folded on the Flop


PokerStars Hand #151308174603:  Hold'em Limit ($3/$6 USD) - 2016/04/02 6:38:42 ET
Table 'Grassias II' 6-max Seat #3 is the button
Seat 3: liolilove ($72 in chips)
Seat 4: Headgtboy ($142.02 in chips)
liolilove: posts small blind $1
Headgtboy: posts big blind $3
*** HOLE CARDS ***
liolilove: raises $3 to $6
Headgtboy: calls $3
*** FLOP *** [8h Kd Jc]
Agrotait joins the table at seat #5
Headgtboy: checks
liolilove: bets $3
Headgtboy: calls $3
*** TURN *** [8h Kd Jc] [6h]
Headgtboy: checks
liolilove: bets $6
Zeeon joins the table at seat #1
Headgtboy: calls $6
*** RIVER *** [8h Kd Jc 6h] [Jd]
Headgtboy: checks
liolilove: bets $6
Headgtboy: calls $6
*** SHOW DOWN ***
liolilove: shows [8s Ks] (two pair, Kings and Jacks)
Headgtboy: mucks hand
liolilove collected $41.50 from pot
*** SUMMARY ***
Total pot $42 | Rake $0.50
Board [8h Kd Jc 6h Jd]
Seat 3: liolilove (button) (small blind) showed [8s Ks] and won ($41.50) with two pair, Kings and Jacks
Seat 4: Headgtboy (big blind) mucked


PokerStars Hand #151308142979:  Hold'em Limit ($3/$6 USD) - 2016/04/02 6:37:38 ET
Table 'Grassias II' 6-max Seat #4 is the button
Seat 3: liolilove ($79.64 in chips)
Seat 4: Headgtboy ($127.52 in chips)
Headgtboy: posts small blind $1
liolilove: posts big blind $3
*** HOLE CARDS ***
Headgtboy: raises $3 to $6
liolilove: calls $3
*** FLOP *** [6c Td 9c]
liolilove: checks
Headgtboy: bets $3
liolilove: calls $3
*** TURN *** [6c Td 9c] [3d]
liolilove: checks
Headgtboy: bets $6
liolilove: calls $6
*** RIVER *** [6c Td 9c 3d] [Kh]
liolilove: checks
Headgtboy: bets $6
liolilove: folds
Uncalled bet ($6) returned to Headgtboy
Headgtboy collected $29.50 from pot
Headgtboy: doesn't show hand
*** SUMMARY ***
Total pot $30 | Rake $0.50
Board [6c Td 9c 3d Kh]
Seat 3: liolilove (big blind) folded on the River
Seat 4: Headgtboy (button) (small blind) collected ($29.50)


PokerStars Hand #151308217014:  Hold'em Limit ($3/$6 USD) - 2016/04/02 6:40:08 ET
Table 'Grassias II' 6-max Seat #3 is the button
Seat 3: liolilove ($74.50 in chips)
Seat 5: Agrotait ($89.89 in chips)
Zeeon will be allowed to play after the button
liolilove: posts small blind $1
Agrotait: posts big blind $3
*** HOLE CARDS ***
liolilove: raises $3 to $6
Agrotait: folds
Uncalled bet ($3) returned to liolilove
liolilove collected $6 from pot
liolilove: doesn't show hand
*** SUMMARY ***
Total pot $6 | Rake $0
Seat 3: liolilove (button) (small blind) collected ($6)
Seat 5: Agrotait (big blind) folded before Flop


PokerStars Hand #151308232595:  Hold'em Limit ($3/$6 USD) - 2016/04/02 6:40:40 ET
Table 'Grassias II' 6-max Seat #1 is the button
Seat 1: Zeeon ($101 in chips)
Seat 5: Agrotait ($85.89 in chips)
Zeeon: posts small blind $1
Agrotait: posts big blind $3
*** HOLE CARDS ***
Zeeon: folds
Uncalled bet ($2) returned to Agrotait
Agrotait collected $2 from pot
Agrotait: doesn't show hand
*** SUMMARY ***
Total pot $2 | Rake $0
Seat 1: Zeeon (button) (small blind) folded before Flop
Seat 5: Agrotait (big blind) collected ($2)


PokerStars Hand #151308229772:  Hold'em Limit ($3/$6 USD) - 2016/04/02 6:40:34 ET
Table 'Grassias II' 6-max Seat #5 is the button
Seat 1: Zeeon ($100 in chips)
Seat 5: Agrotait ($86.89 in chips)
Agrotait: posts small blind $1
Zeeon: posts big blind $3
*** HOLE CARDS ***
Agrotait: folds
Uncalled bet ($2) returned to Zeeon
Zeeon collected $2 from pot
*** SUMMARY ***
Total pot $2 | Rake $0
Seat 1: Zeeon (big blind) collected ($2)
Seat 5: Agrotait (button) (small blind) folded before Flop


PokerStars Hand #151308227142:  Hold'em Limit ($3/$6 USD) - 2016/04/02 6:40:29 ET
Table 'Grassias II' 6-max Seat #1 is the button
Seat 1: Zeeon ($101 in chips)
Seat 5: Agrotait ($85.89 in chips)
Zeeon: posts small blind $1
liolilove: is sitting out
Agrotait: posts big blind $3
*** HOLE CARDS ***
Zeeon: folds
Uncalled bet ($2) returned to Agrotait
liolilove leaves the table
Agrotait collected $2 from pot
Agrotait: doesn't show hand
*** SUMMARY ***
Total pot $2 | Rake $0
Seat 1: Zeeon (button) (small blind) folded before Flop
Seat 5: Agrotait (big blind) collected ($2)


PokerStars Hand #151308235128:  Hold'em Limit ($3/$6 USD) - 2016/04/02 6:40:45 ET
Table 'Grassias II' 6-max Seat #5 is the button
Seat 1: Zeeon ($100 in chips)
Seat 5: Agrotait ($86.89 in chips)
Agrotait: posts small blind $1
Zeeon: posts big blind $3
*** HOLE CARDS ***
Agrotait: raises $3 to $6
Zeeon: calls $3
*** FLOP *** [4d 9c 6c]
Zeeon: checks
Agrotait: bets $3
Zeeon: folds
Uncalled bet ($3) returned to Agrotait
Agrotait collected $11.76 from pot
Agrotait: doesn't show hand
*** SUMMARY ***
Total pot $12 | Rake $0.24
Board [4d 9c 6c]
Seat 1: Zeeon (big blind) folded on the Flop
Seat 5: Agrotait (button) (small blind) collected ($11.76)


PokerStars Hand #151308251563:  Hold'em Limit ($3/$6 USD) - 2016/04/02 6:41:18 ET
Table 'Grassias II' 6-max Seat #1 is the button
Seat 1: Zeeon ($94 in chips)
Seat 5: Agrotait ($92.65 in chips)
Zeeon: posts small blind $1
Agrotait: posts big blind $3
*** HOLE CARDS ***
Zeeon: raises $3 to $6
Agrotait: calls $3
*** FLOP *** [Td 4c 2h]
Agrotait: checks
Zeeon: bets $3
Agrotait: raises $3 to $6
Zeeon: raises $3 to $9
Agrotait: calls $3
*** TURN *** [Td 4c 2h] [3c]
Agrotait: checks
Zeeon: bets $6
Agrotait: calls $6
*** RIVER *** [Td 4c 2h 3c] [5c]
Agrotait: bets $6
Zeeon: folds
Uncalled bet ($6) returned to Agrotait
Agrotait collected $41.50 from pot
Agrotait: doesn't show hand
*** SUMMARY ***
Total pot $42 | Rake $0.50
Board [Td 4c 2h 3c 5c]
Seat 1: Zeeon (button) (small blind) folded on the River
Seat 5: Agrotait (big blind) collected ($41.50)


PokerStars Hand #151308274817:  Hold'em Limit ($3/$6 USD) - 2016/04/02 6:42:05 ET
Table 'Grassias II' 6-max Seat #5 is the button
Seat 1: Zeeon ($73 in chips)
Seat 5: Agrotait ($113.15 in chips)
Agrotait: posts small blind $1
Zeeon: posts big blind $3
*** HOLE CARDS ***
Touran2006 joins the table at seat #3
Agrotait: folds
Uncalled bet ($2) returned to Zeeon
Zeeon collected $2 from pot
*** SUMMARY ***
Total pot $2 | Rake $0
Seat 1: Zeeon (big blind) collected ($2)
Seat 5: Agrotait (button) (small blind) folded before Flop


PokerStars Hand #151309005092:  Hold'em Limit ($3/$6 USD) - 2016/04/02 7:07:08 ET
Table 'Grassias II' 6-max Seat #2 is the button
Seat 2: 22392062 ($111.97 in chips)
Seat 4: liolilove ($120.25 in chips)
22392062: posts small blind $1
liolilove: posts big blind $3
*** HOLE CARDS ***
22392062: raises $3 to $6
liolilove: calls $3
*** FLOP *** [2h Ac Qc]
MTails joins the table at seat #1
liolilove: checks
22392062: bets $3
liolilove: raises $3 to $6
22392062: raises $3 to $9
liolilove: raises $3 to $12
Betting is capped
22392062: calls $3
*** TURN *** [2h Ac Qc] [7c]
liolilove: bets $6
22392062: folds
Uncalled bet ($6) returned to liolilove
liolilove collected $35.50 from pot
liolilove: doesn't show hand
*** SUMMARY ***
Total pot $36 | Rake $0.50
Board [2h Ac Qc 7c]
Seat 2: 22392062 (button) (small blind) folded on the Turn
Seat 4: liolilove (big blind) collected ($35.50)


