PokerStars Hand #146148893546:  Hold'em Limit ($3/$6 USD) - 2015/12/29 21:15:44 ET
Table 'Grassias II' 2-max Seat #2 is the button
Seat 1: t32watt ($120 in chips)
Seat 2: Pandakey ($120 in chips)
Pandakey: posts small blind $1
t32watt: posts big blind $3
*** HOLE CARDS ***
Pandakey: folds
Uncalled bet ($2) returned to t32watt
t32watt collected $2 from pot
*** SUMMARY ***
Total pot $2 | Rake $0
Seat 1: t32watt (big blind) collected ($2)
Seat 2: Pandakey (button) (small blind) folded before Flop


PokerStars Hand #146148929032:  Hold'em Limit ($3/$6 USD) - 2015/12/29 21:16:48 ET
Table 'Grassias II' 2-max Seat #1 is the button
Seat 1: t32watt ($141.26 in chips)
Seat 2: Pandakey ($98 in chips)
t32watt: posts small blind $1
Pandakey: posts big blind $3
*** HOLE CARDS ***
t32watt: calls $2
Pandakey: raises $3 to $6
t32watt: calls $3
*** FLOP *** [Qc 5d Kd]
Pandakey: bets $3
t32watt: calls $3
*** TURN *** [Qc 5d Kd] [9c]
Pandakey: bets $6
t32watt: calls $6
*** RIVER *** [Qc 5d Kd 9c] [Jh]
Pandakey: checks
t32watt: bets $6
Pandakey: calls $6
*** SHOW DOWN ***
t32watt: shows [As 9h] (a pair of Nines)
Pandakey: shows [Qd 8d] (a pair of Queens)
Pandakey collected $41.50 from pot
*** SUMMARY ***
Total pot $42 | Rake $0.50
Board [Qc 5d Kd 9c Jh]
Seat 1: t32watt (button) (small blind) showed [As 9h] and lost with a pair of Nines
Seat 2: Pandakey (big blind) showed [Qd 8d] and won ($41.50) with a pair of Queens


PokerStars Hand #146148921609:  Hold'em Limit ($3/$6 USD) - 2015/12/29 21:16:35 ET
Table 'Grassias II' 2-max Seat #2 is the button
Seat 1: t32watt ($135.50 in chips)
Seat 2: Pandakey ($104 in chips)
Pandakey: posts small blind $1
t32watt: posts big blind $3
*** HOLE CARDS ***
Pandakey: raises $3 to $6
t32watt: calls $3
*** FLOP *** [9s 8h 4c]
t32watt: bets $3
Pandakey: folds
Uncalled bet ($3) returned to t32watt
t32watt collected $11.76 from pot
*** SUMMARY ***
Total pot $12 | Rake $0.24
Board [9s 8h 4c]
Seat 1: t32watt (big blind) collected ($11.76)
Seat 2: Pandakey (button) (small blind) folded on the Flop


PokerStars Hand #146148903146:  Hold'em Limit ($3/$6 USD) - 2015/12/29 21:16:02 ET
Table 'Grassias II' 2-max Seat #1 is the button
Seat 1: t32watt ($121 in chips)
Seat 2: Pandakey ($119 in chips)
t32watt: posts small blind $1
Pandakey: posts big blind $3
*** HOLE CARDS ***
t32watt: calls $2
Pandakey: raises $3 to $6
t32watt: calls $3
*** FLOP *** [2c Kd 5d]
Pandakey: bets $3
t32watt: calls $3
*** TURN *** [2c Kd 5d] [Jc]
Pandakey: bets $6
t32watt: calls $6
*** RIVER *** [2c Kd 5d Jc] [Td]
Pandakey: checks
t32watt: bets $6
Pandakey: folds
Uncalled bet ($6) returned to t32watt
t32watt collected $29.50 from pot
*** SUMMARY ***
Total pot $30 | Rake $0.50
Board [2c Kd 5d Jc Td]
Seat 1: t32watt (button) (small blind) collected ($29.50)
Seat 2: Pandakey (big blind) folded on the River


PokerStars Hand #146148957395:  Hold'em Limit ($3/$6 USD) - 2015/12/29 21:17:40 ET
Table 'Grassias II' 2-max Seat #2 is the button
Seat 1: t32watt ($108.26 in chips)
Seat 2: Pandakey ($130.02 in chips)
Pandakey: posts small blind $1
t32watt: posts big blind $3
*** HOLE CARDS ***
Pandakey: raises $3 to $6
t32watt: calls $3
*** FLOP *** [Qd Jh 3d]
t32watt: checks
Pandakey: bets $3
t32watt: calls $3
*** TURN *** [Qd Jh 3d] [Kh]
t32watt: checks
Pandakey: bets $6
t32watt: calls $6
*** RIVER *** [Qd Jh 3d Kh] [2c]
t32watt: checks
Pandakey: bets $6
t32watt: folds
Uncalled bet ($6) returned to Pandakey
Pandakey collected $29.50 from pot
Pandakey: doesn't show hand
*** SUMMARY ***
Total pot $30 | Rake $0.50
Board [Qd Jh 3d Kh 2c]
Seat 1: t32watt (big blind) folded on the River
Seat 2: Pandakey (button) (small blind) collected ($29.50)


PokerStars Hand #146148938880:  Hold'em Limit ($3/$6 USD) - 2015/12/29 21:17:06 ET
Table 'Grassias II' 2-max Seat #2 is the button
Seat 1: t32watt ($120.26 in chips)
Seat 2: Pandakey ($118.50 in chips)
Pandakey: posts small blind $1
t32watt: posts big blind $3
*** HOLE CARDS ***
Pandakey: raises $3 to $6
t32watt: calls $3
*** FLOP *** [Qc 7h Ks]
t32watt: checks
Pandakey: bets $3
t32watt: calls $3
*** TURN *** [Qc 7h Ks] [Qd]
t32watt: checks
Pandakey: checks
*** RIVER *** [Qc 7h Ks Qd] [3h]
t32watt: checks
Pandakey: checks
*** SHOW DOWN ***
t32watt: shows [2s 9c] (a pair of Queens)
Pandakey: shows [6d Ah] (a pair of Queens - Ace kicker)
Pandakey collected $17.64 from pot
*** SUMMARY ***
Total pot $18 | Rake $0.36
Board [Qc 7h Ks Qd 3h]
Seat 1: t32watt (big blind) showed [2s 9c] and lost with a pair of Queens
Seat 2: Pandakey (button) (small blind) showed [6d Ah] and won ($17.64) with a pair of Queens


PokerStars Hand #146148952891:  Hold'em Limit ($3/$6 USD) - 2015/12/29 21:17:32 ET
Table 'Grassias II' 2-max Seat #1 is the button
Seat 1: t32watt ($111.26 in chips)
Seat 2: Pandakey ($127.14 in chips)
t32watt: posts small blind $1
Pandakey: posts big blind $3
*** HOLE CARDS ***
t32watt: calls $2
Pandakey: checks
*** FLOP *** [9h Ah Ks]
Pandakey: bets $3
t32watt: folds
Uncalled bet ($3) returned to Pandakey
Pandakey collected $5.88 from pot
Pandakey: doesn't show hand
*** SUMMARY ***
Total pot $6 | Rake $0.12
Board [9h Ah Ks]
Seat 1: t32watt (button) (small blind) folded on the Flop
Seat 2: Pandakey (big blind) collected ($5.88)


PokerStars Hand #146149001185:  Hold'em Limit ($3/$6 USD) - 2015/12/29 21:18:59 ET
Table 'Grassias II' 2-max Seat #2 is the button
Seat 1: t32watt ($60.26 in chips)
Seat 2: Pandakey ($176.90 in chips)
Pandakey: posts small blind $1
t32watt: posts big blind $3
*** HOLE CARDS ***
Pandakey: raises $3 to $6
t32watt: raises $3 to $9
Pandakey: calls $3
*** FLOP *** [Ks 4s Qc]
t32watt: bets $3
Pandakey: folds
Uncalled bet ($3) returned to t32watt
t32watt collected $17.64 from pot
*** SUMMARY ***
Total pot $18 | Rake $0.36
Board [Ks 4s Qc]
Seat 1: t32watt (big blind) collected ($17.64)
Seat 2: Pandakey (button) (small blind) folded on the Flop


PokerStars Hand #146148985025:  Hold'em Limit ($3/$6 USD) - 2015/12/29 21:18:30 ET
Table 'Grassias II' 2-max Seat #2 is the button
Seat 1: t32watt ($90.26 in chips)
Seat 2: Pandakey ($147.40 in chips)
Pandakey: posts small blind $1
t32watt: posts big blind $3
*** HOLE CARDS ***
Pandakey: raises $3 to $6
t32watt: folds
Uncalled bet ($3) returned to Pandakey
Pandakey collected $6 from pot
Pandakey: doesn't show hand
*** SUMMARY ***
Total pot $6 | Rake $0
Seat 1: t32watt (big blind) folded before Flop
Seat 2: Pandakey (button) (small blind) collected ($6)


PokerStars Hand #146148976394:  Hold'em Limit ($3/$6 USD) - 2015/12/29 21:18:14 ET
Table 'Grassias II' 2-max Seat #1 is the button
Seat 1: t32watt ($93.26 in chips)
Seat 2: Pandakey ($144.52 in chips)
t32watt: posts small blind $1
Pandakey: posts big blind $3
*** HOLE CARDS ***
t32watt: calls $2
Pandakey: checks
*** FLOP *** [7s Kh 4d]
Pandakey: checks
t32watt: checks
*** TURN *** [7s Kh 4d] [9h]
Pandakey: bets $6
t32watt: folds
Uncalled bet ($6) returned to Pandakey
Pandakey collected $5.88 from pot
Pandakey: doesn't show hand
*** SUMMARY ***
Total pot $6 | Rake $0.12
Board [7s Kh 4d 9h]
Seat 1: t32watt (button) (small blind) folded on the Turn
Seat 2: Pandakey (big blind) collected ($5.88)


PokerStars Hand #146148988721:  Hold'em Limit ($3/$6 USD) - 2015/12/29 21:18:36 ET
Table 'Grassias II' 2-max Seat #1 is the button
Seat 1: t32watt ($87.26 in chips)
Seat 2: Pandakey ($150.40 in chips)
t32watt: posts small blind $1
Pandakey: posts big blind $3
*** HOLE CARDS ***
t32watt: raises $3 to $6
Pandakey: raises $3 to $9
t32watt: raises $3 to $12
Betting is capped
Pandakey: calls $3
*** FLOP *** [Ts 2h 9c]
Pandakey: checks
t32watt: bets $3
Pandakey: calls $3
*** TURN *** [Ts 2h 9c] [Th]
Pandakey: checks
t32watt: bets $6
Pandakey: calls $6
*** RIVER *** [Ts 2h 9c Th] [9d]
Pandakey: checks
t32watt: bets $6
Pandakey: calls $6
*** SHOW DOWN ***
t32watt: shows [5s 5h] (two pair, Tens and Nines)
Pandakey: shows [Kh Ah] (two pair, Tens and Nines - Ace kicker)
Pandakey collected $53.50 from pot
*** SUMMARY ***
Total pot $54 | Rake $0.50
Board [Ts 2h 9c Th 9d]
Seat 1: t32watt (button) (small blind) showed [5s 5h] and lost with two pair, Tens and Nines
Seat 2: Pandakey (big blind) showed [Kh Ah] and won ($53.50) with two pair, Tens and Nines


PokerStars Hand #146149006278:  Hold'em Limit ($3/$6 USD) - 2015/12/29 21:19:08 ET
Table 'Grassias II' 2-max Seat #1 is the button
Seat 1: t32watt ($68.90 in chips)
Seat 2: Pandakey ($167.90 in chips)
t32watt: posts small blind $1
Pandakey: posts big blind $3
*** HOLE CARDS ***
t32watt: calls $2
Pandakey: checks
*** FLOP *** [8h 6s Qh]
Pandakey: checks
t32watt: checks
*** TURN *** [8h 6s Qh] [Kd]
Pandakey: bets $6
t32watt: raises $6 to $12
Pandakey: folds
Uncalled bet ($6) returned to t32watt
t32watt collected $17.64 from pot
*** SUMMARY ***
Total pot $18 | Rake $0.36
Board [8h 6s Qh Kd]
Seat 1: t32watt (button) (small blind) collected ($17.64)
Seat 2: Pandakey (big blind) folded on the Turn


PokerStars Hand #146149013617:  Hold'em Limit ($3/$6 USD) - 2015/12/29 21:19:22 ET
Table 'Grassias II' 2-max Seat #2 is the button
Seat 1: t32watt ($77.54 in chips)
Seat 2: Pandakey ($158.90 in chips)
Pandakey: posts small blind $1
t32watt: posts big blind $3
*** HOLE CARDS ***
Pandakey: raises $3 to $6
t32watt: calls $3
*** FLOP *** [Kc 3d 7h]
t32watt: checks
Pandakey: bets $3
t32watt: raises $3 to $6
Pandakey: calls $3
*** TURN *** [Kc 3d 7h] [9c]
t32watt: bets $6
Pandakey: calls $6
*** RIVER *** [Kc 3d 7h 9c] [4d]
t32watt: bets $6
Pandakey: calls $6
*** SHOW DOWN ***
t32watt: shows [Jc Kd] (a pair of Kings)
Pandakey: mucks hand
t32watt collected $47.50 from pot
*** SUMMARY ***
Total pot $48 | Rake $0.50
Board [Kc 3d 7h 9c 4d]
Seat 1: t32watt (big blind) showed [Jc Kd] and won ($47.50) with a pair of Kings
Seat 2: Pandakey (button) (small blind) mucked


PokerStars Hand #146149023457:  Hold'em Limit ($3/$6 USD) - 2015/12/29 21:19:40 ET
Table 'Grassias II' 2-max Seat #1 is the button
Seat 1: t32watt ($101.04 in chips)
Seat 2: Pandakey ($134.90 in chips)
t32watt: posts small blind $1
Pandakey: posts big blind $3
*** HOLE CARDS ***
t32watt: calls $2
Pandakey: checks
*** FLOP *** [5s Kd Jc]
Pandakey: checks
t32watt: checks
*** TURN *** [5s Kd Jc] [7c]
Pandakey: checks
t32watt: checks
*** RIVER *** [5s Kd Jc 7c] [Qh]
Pandakey: bets $6
t32watt: raises $6 to $12
Pandakey: calls $6
*** SHOW DOWN ***
t32watt: shows [9s Th] (a straight, Nine to King)
Pandakey: mucks hand
t32watt collected $29.50 from pot
*** SUMMARY ***
Total pot $30 | Rake $0.50
Board [5s Kd Jc 7c Qh]
Seat 1: t32watt (button) (small blind) showed [9s Th] and won ($29.50) with a straight, Nine to King
Seat 2: Pandakey (big blind) mucked


PokerStars Hand #146149030830:  Hold'em Limit ($3/$6 USD) - 2015/12/29 21:19:53 ET
Table 'Grassias II' 2-max Seat #2 is the button
Seat 1: t32watt ($115.54 in chips)
Seat 2: Pandakey ($119.90 in chips)
Pandakey: posts small blind $1
t32watt: posts big blind $3
*** HOLE CARDS ***
Pandakey: raises $3 to $6
t32watt: calls $3
*** FLOP *** [4h 9s 7d]
t32watt: checks
Pandakey: checks
*** TURN *** [4h 9s 7d] [2s]
t32watt: checks
Pandakey: checks
*** RIVER *** [4h 9s 7d 2s] [Qh]
t32watt: bets $6
Pandakey: calls $6
*** SHOW DOWN ***
t32watt: shows [Qd 6c] (a pair of Queens)
Pandakey: mucks hand
t32watt collected $23.52 from pot
*** SUMMARY ***
Total pot $24 | Rake $0.48
Board [4h 9s 7d 2s Qh]
Seat 1: t32watt (big blind) showed [Qd 6c] and won ($23.52) with a pair of Queens
Seat 2: Pandakey (button) (small blind) mucked


PokerStars Hand #146149045741:  Hold'em Limit ($3/$6 USD) - 2015/12/29 21:20:20 ET
Table 'Grassias II' 2-max Seat #2 is the button
Seat 1: t32watt ($129.94 in chips)
Seat 2: Pandakey ($104.90 in chips)
Pandakey: posts small blind $1
t32watt: posts big blind $3
*** HOLE CARDS ***
Pandakey: raises $3 to $6
t32watt: calls $3
*** FLOP *** [Jh 4d 5h]
t32watt: checks
Pandakey: bets $3
t32watt: calls $3
*** TURN *** [Jh 4d 5h] [3c]
t32watt: checks
Pandakey: bets $6
t32watt: calls $6
*** RIVER *** [Jh 4d 5h 3c] [3d]
t32watt: bets $6
Pandakey: raises $6 to $12
t32watt: folds
Uncalled bet ($6) returned to Pandakey
Pandakey collected $41.50 from pot
Pandakey: doesn't show hand
*** SUMMARY ***
Total pot $42 | Rake $0.50
Board [Jh 4d 5h 3c 3d]
Seat 1: t32watt (big blind) folded on the River
Seat 2: Pandakey (button) (small blind) collected ($41.50)


PokerStars Hand #146149058146:  Hold'em Limit ($3/$6 USD) - 2015/12/29 21:20:43 ET
Table 'Grassias II' 2-max Seat #1 is the button
Seat 1: t32watt ($108.94 in chips)
Seat 2: Pandakey ($125.40 in chips)
t32watt: posts small blind $1
Pandakey: posts big blind $3
*** HOLE CARDS ***
t32watt: calls $2
Pandakey: raises $3 to $6
t32watt: calls $3
*** FLOP *** [7c 7s 5h]
Pandakey: bets $3
t32watt: calls $3
*** TURN *** [7c 7s 5h] [2h]
Pandakey: checks
t32watt: checks
*** RIVER *** [7c 7s 5h 2h] [4h]
Pandakey: checks
t32watt: bets $6
Pandakey: calls $6
*** SHOW DOWN ***
t32watt: shows [4c 8d] (two pair, Sevens and Fours)
Pandakey: mucks hand
t32watt collected $29.50 from pot
*** SUMMARY ***
Total pot $30 | Rake $0.50
Board [7c 7s 5h 2h 4h]
Seat 1: t32watt (button) (small blind) showed [4c 8d] and won ($29.50) with two pair, Sevens and Fours
Seat 2: Pandakey (big blind) mucked


PokerStars Hand #146149091500:  Hold'em Limit ($3/$6 USD) - 2015/12/29 21:21:45 ET
Table 'Grassias II' 2-max Seat #2 is the button
Seat 1: t32watt ($161.44 in chips)
Seat 2: Pandakey ($71.40 in chips)
Pandakey: posts small blind $1
t32watt: posts big blind $3
*** HOLE CARDS ***
Pandakey: raises $3 to $6
t32watt: calls $3
*** FLOP *** [2d 6s Td]
t32watt: checks
Pandakey: bets $3
t32watt: calls $3
*** TURN *** [2d 6s Td] [6h]
t32watt: checks
Pandakey: checks
*** RIVER *** [2d 6s Td 6h] [Kc]
t32watt: checks
Pandakey: bets $6
t32watt: folds
Uncalled bet ($6) returned to Pandakey
Pandakey collected $17.64 from pot
Pandakey: doesn't show hand
*** SUMMARY ***
Total pot $18 | Rake $0.36
Board [2d 6s Td 6h Kc]
Seat 1: t32watt (big blind) folded on the River
Seat 2: Pandakey (button) (small blind) collected ($17.64)


PokerStars Hand #146149081643:  Hold'em Limit ($3/$6 USD) - 2015/12/29 21:21:27 ET
Table 'Grassias II' 2-max Seat #1 is the button
Seat 1: t32watt ($137.94 in chips)
Seat 2: Pandakey ($95.40 in chips)
t32watt: posts small blind $1
Pandakey: posts big blind $3
*** HOLE CARDS ***
t32watt: calls $2
Pandakey: checks
*** FLOP *** [7c 8d Qs]
Pandakey: bets $3
t32watt: calls $3
*** TURN *** [7c 8d Qs] [9c]
Pandakey: bets $6
t32watt: raises $6 to $12
Pandakey: calls $6
*** RIVER *** [7c 8d Qs 9c] [Jd]
Pandakey: checks
t32watt: bets $6
Pandakey: calls $6
*** SHOW DOWN ***
t32watt: shows [6c Tc] (a straight, Eight to Queen)
Pandakey: mucks hand
t32watt collected $47.50 from pot
*** SUMMARY ***
Total pot $48 | Rake $0.50
Board [7c 8d Qs 9c Jd]
Seat 1: t32watt (button) (small blind) showed [6c Tc] and won ($47.50) with a straight, Eight to Queen
Seat 2: Pandakey (big blind) mucked


PokerStars Hand #146149072141:  Hold'em Limit ($3/$6 USD) - 2015/12/29 21:21:09 ET
Table 'Grassias II' 2-max Seat #2 is the button
Seat 1: t32watt ($123.44 in chips)
Seat 2: Pandakey ($110.40 in chips)
Pandakey: posts small blind $1
t32watt: posts big blind $3
*** HOLE CARDS ***
Pandakey: raises $3 to $6
t32watt: calls $3
*** FLOP *** [Jh 5d Qh]
t32watt: checks
Pandakey: bets $3
t32watt: calls $3
*** TURN *** [Jh 5d Qh] [Jd]
t32watt: checks
Pandakey: bets $6
t32watt: calls $6
*** RIVER *** [Jh 5d Qh Jd] [5h]
t32watt: checks
Pandakey: checks
*** SHOW DOWN ***
t32watt: shows [3c Kc] (two pair, Jacks and Fives)
Pandakey: mucks hand
t32watt collected $29.50 from pot
*** SUMMARY ***
Total pot $30 | Rake $0.50
Board [Jh 5d Qh Jd 5h]
Seat 1: t32watt (big blind) showed [3c Kc] and won ($29.50) with two pair, Jacks and Fives
Seat 2: Pandakey (button) (small blind) mucked


PokerStars Hand #146149119388:  Hold'em Limit ($3/$6 USD) - 2015/12/29 21:22:36 ET
Table 'Grassias II' 2-max Seat #1 is the button
Seat 1: t32watt ($148.94 in chips)
Seat 2: Pandakey ($82.54 in chips)
t32watt: posts small blind $1
Pandakey: posts big blind $3
*** HOLE CARDS ***
t32watt: calls $2
Pandakey: raises $3 to $6
t32watt: calls $3
*** FLOP *** [2s 7c 8s]
Pandakey: bets $3
t32watt: calls $3
*** TURN *** [2s 7c 8s] [3s]
Pandakey: bets $6
t32watt: calls $6
*** RIVER *** [2s 7c 8s 3s] [6d]
Pandakey: bets $6
t32watt: calls $6
*** SHOW DOWN ***
Pandakey: shows [9c Th] (a straight, Six to Ten)
t32watt: mucks hand
Pandakey collected $41.50 from pot
*** SUMMARY ***
Total pot $42 | Rake $0.50
Board [2s 7c 8s 3s 6d]
Seat 1: t32watt (button) (small blind) mucked
Seat 2: Pandakey (big blind) showed [9c Th] and won ($41.50) with a straight, Six to Ten


PokerStars Hand #146149110072:  Hold'em Limit ($3/$6 USD) - 2015/12/29 21:22:19 ET
Table 'Grassias II' 2-max Seat #2 is the button
Seat 1: t32watt ($134.44 in chips)
Seat 2: Pandakey ($97.54 in chips)
Pandakey: posts small blind $1
t32watt: posts big blind $3
*** HOLE CARDS ***
Pandakey: raises $3 to $6
t32watt: calls $3
*** FLOP *** [2d Kc 4c]
t32watt: bets $3
Pandakey: calls $3
*** TURN *** [2d Kc 4c] [8c]
t32watt: bets $6
Pandakey: calls $6
*** RIVER *** [2d Kc 4c 8c] [5s]
t32watt: bets $6
Pandakey: folds
Uncalled bet ($6) returned to t32watt
t32watt collected $29.50 from pot
*** SUMMARY ***
Total pot $30 | Rake $0.50
Board [2d Kc 4c 8c 5s]
Seat 1: t32watt (big blind) collected ($29.50)
Seat 2: Pandakey (button) (small blind) folded on the River


PokerStars Hand #146149101589:  Hold'em Limit ($3/$6 USD) - 2015/12/29 21:22:03 ET
Table 'Grassias II' 2-max Seat #1 is the button
Seat 1: t32watt ($152.44 in chips)
Seat 2: Pandakey ($80.04 in chips)
t32watt: posts small blind $1
Pandakey: posts big blind $3
*** HOLE CARDS ***
t32watt: calls $2
Pandakey: checks
*** FLOP *** [2d 5s 5c]
Pandakey: bets $3
t32watt: calls $3
*** TURN *** [2d 5s 5c] [5h]
Pandakey: bets $6
t32watt: calls $6
*** RIVER *** [2d 5s 5c 5h] [Ks]
Pandakey: checks
t32watt: bets $6
Pandakey: calls $6
*** SHOW DOWN ***
t32watt: shows [4d Js] (three of a kind, Fives)
Pandakey: shows [Ac 2s] (a full house, Fives full of Deuces)
Pandakey collected $35.50 from pot
*** SUMMARY ***
Total pot $36 | Rake $0.50
Board [2d 5s 5c 5h Ks]
Seat 1: t32watt (button) (small blind) showed [4d Js] and lost with three of a kind, Fives
Seat 2: Pandakey (big blind) showed [Ac 2s] and won ($35.50) with a full house, Fives full of Deuces


PokerStars Hand #146149133638:  Hold'em Limit ($3/$6 USD) - 2015/12/29 21:23:03 ET
Table 'Grassias II' 2-max Seat #1 is the button
Seat 1: t32watt ($136.58 in chips)
Seat 2: Pandakey ($94.04 in chips)
t32watt: posts small blind $1
Pandakey: posts big blind $3
*** HOLE CARDS ***
t32watt: calls $2
Pandakey: checks
*** FLOP *** [Tc 3c 3h]
Pandakey: checks
t32watt: checks
*** TURN *** [Tc 3c 3h] [2s]
Pandakey: checks
t32watt: checks
*** RIVER *** [Tc 3c 3h 2s] [9d]
Pandakey: checks
t32watt: bets $6
Pandakey: folds
Uncalled bet ($6) returned to t32watt
t32watt collected $5.88 from pot
*** SUMMARY ***
Total pot $6 | Rake $0.12
Board [Tc 3c 3h 2s 9d]
Seat 1: t32watt (button) (small blind) collected ($5.88)
Seat 2: Pandakey (big blind) folded on the River


PokerStars Hand #146149128793:  Hold'em Limit ($3/$6 USD) - 2015/12/29 21:22:54 ET
Table 'Grassias II' 2-max Seat #2 is the button
Seat 1: t32watt ($127.94 in chips)
Seat 2: Pandakey ($103.04 in chips)
Pandakey: posts small blind $1
t32watt: posts big blind $3
*** HOLE CARDS ***
Pandakey: raises $3 to $6
t32watt: raises $3 to $9
Pandakey: calls $3
*** FLOP *** [8d Qh 5s]
t32watt: bets $3
Pandakey: folds
Uncalled bet ($3) returned to t32watt
t32watt collected $17.64 from pot
*** SUMMARY ***
Total pot $18 | Rake $0.36
Board [8d Qh 5s]
Seat 1: t32watt (big blind) collected ($17.64)
Seat 2: Pandakey (button) (small blind) folded on the Flop


PokerStars Hand #146149163210:  Hold'em Limit ($3/$6 USD) - 2015/12/29 21:23:58 ET
Table 'Grassias II' 2-max Seat #1 is the button
Seat 1: t32watt ($116.34 in chips)
Seat 2: Pandakey ($113.54 in chips)
t32watt: posts small blind $1
Pandakey: posts big blind $3
*** HOLE CARDS ***
t32watt: calls $2
Pandakey: raises $3 to $6
t32watt: calls $3
*** FLOP *** [8h Kc Ks]
Pandakey: bets $3
t32watt: calls $3
*** TURN *** [8h Kc Ks] [9s]
Pandakey: checks
t32watt: checks
*** RIVER *** [8h Kc Ks 9s] [5h]
Pandakey: checks
t32watt: bets $6
Pandakey: calls $6
*** SHOW DOWN ***
t32watt: shows [Qd 5s] (two pair, Kings and Fives)
Pandakey: mucks hand
t32watt collected $29.50 from pot
*** SUMMARY ***
Total pot $30 | Rake $0.50
Board [8h Kc Ks 9s 5h]
Seat 1: t32watt (button) (small blind) showed [Qd 5s] and won ($29.50) with two pair, Kings and Fives
Seat 2: Pandakey (big blind) mucked


PokerStars Hand #146149150932:  Hold'em Limit ($3/$6 USD) - 2015/12/29 21:23:35 ET
Table 'Grassias II' 2-max Seat #2 is the button
Seat 1: t32watt ($143.34 in chips)
Seat 2: Pandakey ($87.04 in chips)
Pandakey: posts small blind $1
t32watt: posts big blind $3
*** HOLE CARDS ***
Pandakey: raises $3 to $6
t32watt: calls $3
*** FLOP *** [6c 6s 2c]
t32watt: checks
Pandakey: bets $3
t32watt: calls $3
*** TURN *** [6c 6s 2c] [9d]
t32watt: checks
Pandakey: bets $6
t32watt: calls $6
*** RIVER *** [6c 6s 2c 9d] [Ah]
t32watt: bets $6
Pandakey: raises $6 to $12
t32watt: calls $6
*** SHOW DOWN ***
Pandakey: shows [6h Th] (three of a kind, Sixes)
t32watt: mucks hand
Pandakey collected $53.50 from pot
*** SUMMARY ***
Total pot $54 | Rake $0.50
Board [6c 6s 2c 9d Ah]
Seat 1: t32watt (big blind) mucked
Seat 2: Pandakey (button) (small blind) showed [6h Th] and won ($53.50) with three of a kind, Sixes


PokerStars Hand #146149143149:  Hold'em Limit ($3/$6 USD) - 2015/12/29 21:23:21 ET
Table 'Grassias II' 2-max Seat #1 is the button
Seat 1: t32watt ($140.46 in chips)
Seat 2: Pandakey ($90.04 in chips)
t32watt: posts small blind $1
Pandakey: posts big blind $3
*** HOLE CARDS ***
t32watt: calls $2
Pandakey: checks
*** FLOP *** [7d 8h 9h]
Pandakey: checks
t32watt: checks
*** TURN *** [7d 8h 9h] [3h]
Pandakey: checks
t32watt: checks
*** RIVER *** [7d 8h 9h 3h] [9c]
Pandakey: checks
t32watt: bets $6
Pandakey: folds
Uncalled bet ($6) returned to t32watt
t32watt collected $5.88 from pot
*** SUMMARY ***
Total pot $6 | Rake $0.12
Board [7d 8h 9h 3h 9c]
Seat 1: t32watt (button) (small blind) collected ($5.88)
Seat 2: Pandakey (big blind) folded on the River


PokerStars Hand #146149140944:  Hold'em Limit ($3/$6 USD) - 2015/12/29 21:23:16 ET
Table 'Grassias II' 2-max Seat #2 is the button
Seat 1: t32watt ($139.46 in chips)
Seat 2: Pandakey ($91.04 in chips)
Pandakey: posts small blind $1
t32watt: posts big blind $3
*** HOLE CARDS ***
Pandakey: folds
Uncalled bet ($2) returned to t32watt
t32watt collected $2 from pot
*** SUMMARY ***
Total pot $2 | Rake $0
Seat 1: t32watt (big blind) collected ($2)
Seat 2: Pandakey (button) (small blind) folded before Flop


PokerStars Hand #146149185728:  Hold'em Limit ($3/$6 USD) - 2015/12/29 21:24:41 ET
Table 'Grassias II' 2-max Seat #2 is the button
Seat 1: t32watt ($118.84 in chips)
Seat 2: Pandakey ($110.06 in chips)
Pandakey: posts small blind $1
t32watt: posts big blind $3
*** HOLE CARDS ***
Pandakey: folds
Uncalled bet ($2) returned to t32watt
t32watt collected $2 from pot
*** SUMMARY ***
Total pot $2 | Rake $0
Seat 1: t32watt (big blind) collected ($2)
Seat 2: Pandakey (button) (small blind) folded before Flop


PokerStars Hand #146149178599:  Hold'em Limit ($3/$6 USD) - 2015/12/29 21:24:27 ET
Table 'Grassias II' 2-max Seat #1 is the button
Seat 1: t32watt ($121.84 in chips)
Seat 2: Pandakey ($107.18 in chips)
t32watt: posts small blind $1
Pandakey: posts big blind $3
*** HOLE CARDS ***
t32watt: calls $2
Pandakey: checks
*** FLOP *** [8c 6c Js]
Pandakey: checks
t32watt: checks
*** TURN *** [8c 6c Js] [3h]
Pandakey: checks
t32watt: checks
*** RIVER *** [8c 6c Js 3h] [3d]
Pandakey: bets $6
t32watt: folds
Uncalled bet ($6) returned to Pandakey
Pandakey collected $5.88 from pot
Pandakey: doesn't show hand
*** SUMMARY ***
Total pot $6 | Rake $0.12
Board [8c 6c Js 3h 3d]
Seat 1: t32watt (button) (small blind) folded on the River
Seat 2: Pandakey (big blind) collected ($5.88)


PokerStars Hand #146149187930:  Hold'em Limit ($3/$6 USD) - 2015/12/29 21:24:45 ET
Table 'Grassias II' 2-max Seat #1 is the button
Seat 1: t32watt ($119.84 in chips)
Seat 2: Pandakey ($109.06 in chips)
t32watt: posts small blind $1
Pandakey: posts big blind $3
*** HOLE CARDS ***
t32watt: calls $2
Pandakey: checks
*** FLOP *** [2d 4d 8s]
Pandakey: bets $3
t32watt: calls $3
*** TURN *** [2d 4d 8s] [Qs]
Pandakey: bets $6
t32watt: calls $6
*** RIVER *** [2d 4d 8s Qs] [4h]
Pandakey: bets $6
t32watt: calls $6
*** SHOW DOWN ***
Pandakey: shows [9s 8h] (two pair, Eights and Fours)
t32watt: shows [8d Jd] (two pair, Eights and Fours)
Pandakey collected $17.75 from pot
t32watt collected $17.75 from pot
*** SUMMARY ***
Total pot $36 | Rake $0.50
Board [2d 4d 8s Qs 4h]
Seat 1: t32watt (button) (small blind) showed [8d Jd] and won ($17.75) with two pair, Eights and Fours
Seat 2: Pandakey (big blind) showed [9s 8h] and won ($17.75) with two pair, Eights and Fours


PokerStars Hand #146149170724:  Hold'em Limit ($3/$6 USD) - 2015/12/29 21:24:12 ET
Table 'Grassias II' 2-max Seat #2 is the button
Seat 1: t32watt ($130.84 in chips)
Seat 2: Pandakey ($98.54 in chips)
Pandakey: posts small blind $1
t32watt: posts big blind $3
*** HOLE CARDS ***
Pandakey: raises $3 to $6
t32watt: calls $3
*** FLOP *** [7d Kc 4d]
t32watt: checks
Pandakey: bets $3
t32watt: calls $3
*** TURN *** [7d Kc 4d] [7c]
t32watt: checks
Pandakey: bets $6
t32watt: folds
Uncalled bet ($6) returned to Pandakey
Pandakey collected $17.64 from pot
Pandakey: doesn't show hand
*** SUMMARY ***
Total pot $18 | Rake $0.36
Board [7d Kc 4d 7c]
Seat 1: t32watt (big blind) folded on the Turn
Seat 2: Pandakey (button) (small blind) collected ($17.64)


PokerStars Hand #146149205985:  Hold'em Limit ($3/$6 USD) - 2015/12/29 21:25:19 ET
Table 'Grassias II' 2-max Seat #1 is the button
Seat 1: t32watt ($140.09 in chips)
Seat 2: Pandakey ($87.81 in chips)
t32watt: posts small blind $1
Pandakey: posts big blind $3
*** HOLE CARDS ***
t32watt: calls $2
Pandakey: checks
*** FLOP *** [Th Qh Qd]
Pandakey: checks
t32watt: checks
*** TURN *** [Th Qh Qd] [Jd]
Pandakey: checks
t32watt: bets $6
Pandakey: folds
Uncalled bet ($6) returned to t32watt
t32watt collected $5.88 from pot
*** SUMMARY ***
Total pot $6 | Rake $0.12
Board [Th Qh Qd Jd]
Seat 1: t32watt (button) (small blind) collected ($5.88)
Seat 2: Pandakey (big blind) folded on the Turn


PokerStars Hand #146149212606:  Hold'em Limit ($3/$6 USD) - 2015/12/29 21:25:32 ET
Table 'Grassias II' 2-max Seat #2 is the button
Seat 1: t32watt ($142.97 in chips)
Seat 2: Pandakey ($84.81 in chips)
Pandakey: posts small blind $1
t32watt: posts big blind $3
*** HOLE CARDS ***
Pandakey: raises $3 to $6
t32watt: calls $3
*** FLOP *** [2h Ts 7d]
t32watt: checks
Pandakey: checks
*** TURN *** [2h Ts 7d] [5c]
t32watt: checks
Pandakey: bets $6
t32watt: calls $6
*** RIVER *** [2h Ts 7d 5c] [5s]
t32watt: bets $6
Pandakey: raises $6 to $12
t32watt: folds
Uncalled bet ($6) returned to Pandakey
Pandakey collected $35.50 from pot
Pandakey: doesn't show hand
*** SUMMARY ***
Total pot $36 | Rake $0.50
Board [2h Ts 7d 5c 5s]
Seat 1: t32watt (big blind) folded on the River
Seat 2: Pandakey (button) (small blind) collected ($35.50)


PokerStars Hand #146149196345:  Hold'em Limit ($3/$6 USD) - 2015/12/29 21:25:01 ET
Table 'Grassias II' 2-max Seat #2 is the button
Seat 1: t32watt ($119.59 in chips)
Seat 2: Pandakey ($108.81 in chips)
Pandakey: posts small blind $1
t32watt: posts big blind $3
*** HOLE CARDS ***
Pandakey: raises $3 to $6
t32watt: calls $3
*** FLOP *** [6h 8c Td]
t32watt: checks
Pandakey: bets $3
t32watt: calls $3
*** TURN *** [6h 8c Td] [4c]
t32watt: checks
Pandakey: bets $6
t32watt: calls $6
*** RIVER *** [6h 8c Td 4c] [3h]
t32watt: bets $6
Pandakey: calls $6
*** SHOW DOWN ***
t32watt: shows [2s 5d] (a straight, Deuce to Six)
Pandakey: mucks hand
t32watt collected $41.50 from pot
*** SUMMARY ***
Total pot $42 | Rake $0.50
Board [6h 8c Td 4c 3h]
Seat 1: t32watt (big blind) showed [2s 5d] and won ($41.50) with a straight, Deuce to Six
Seat 2: Pandakey (button) (small blind) mucked


PokerStars Hand #146149223129:  Hold'em Limit ($3/$6 USD) - 2015/12/29 21:25:52 ET
Table 'Grassias II' 2-max Seat #1 is the button
Seat 1: t32watt ($124.97 in chips)
Seat 2: Pandakey ($102.31 in chips)
t32watt: posts small blind $1
Pandakey: posts big blind $3
*** HOLE CARDS ***
t32watt: calls $2
Pandakey: checks
*** FLOP *** [2c 2s 7h]
Pandakey: checks
t32watt: checks
*** TURN *** [2c 2s 7h] [7c]
Pandakey: checks
t32watt: checks
*** RIVER *** [2c 2s 7h 7c] [Qc]
Pandakey: bets $6
t32watt: calls $6
*** SHOW DOWN ***
Pandakey: shows [Th 5d] (two pair, Sevens and Deuces)
t32watt: shows [5c Js] (two pair, Sevens and Deuces)
Pandakey collected $8.82 from pot
t32watt collected $8.82 from pot
*** SUMMARY ***
Total pot $18 | Rake $0.36
Board [2c 2s 7h 7c Qc]
Seat 1: t32watt (button) (small blind) showed [5c Js] and won ($8.82) with two pair, Sevens and Deuces
Seat 2: Pandakey (big blind) showed [Th 5d] and won ($8.82) with two pair, Sevens and Deuces


PokerStars Hand #146149255115:  Hold'em Limit ($3/$6 USD) - 2015/12/29 21:26:52 ET
Table 'Grassias II' 2-max Seat #2 is the button
Seat 1: t32watt ($94.79 in chips)
Seat 2: Pandakey ($131.13 in chips)
Pandakey: posts small blind $1
t32watt: posts big blind $3
*** HOLE CARDS ***
Pandakey: raises $3 to $6
t32watt: calls $3
*** FLOP *** [7s Th Jc]
t32watt: checks
Pandakey: bets $3
t32watt: calls $3
*** TURN *** [7s Th Jc] [8s]
t32watt: checks
Pandakey: checks
*** RIVER *** [7s Th Jc 8s] [Tc]
t32watt: checks
Pandakey: checks
*** SHOW DOWN ***
t32watt: shows [5c 7d] (two pair, Tens and Sevens)
Pandakey: mucks hand
t32watt collected $17.64 from pot
*** SUMMARY ***
Total pot $18 | Rake $0.36
Board [7s Th Jc 8s Tc]
Seat 1: t32watt (big blind) showed [5c 7d] and won ($17.64) with two pair, Tens and Sevens
Seat 2: Pandakey (button) (small blind) mucked


PokerStars Hand #146149244233:  Hold'em Limit ($3/$6 USD) - 2015/12/29 21:26:31 ET
Table 'Grassias II' 2-max Seat #1 is the button
Seat 1: t32watt ($109.79 in chips)
Seat 2: Pandakey ($116.63 in chips)
t32watt: posts small blind $1
Pandakey: posts big blind $3
*** HOLE CARDS ***
t32watt: calls $2
Pandakey: raises $3 to $6
t32watt: calls $3
*** FLOP *** [5c 5s Kc]
Pandakey: bets $3
t32watt: calls $3
*** TURN *** [5c 5s Kc] [4h]
Pandakey: bets $6
t32watt: calls $6
*** RIVER *** [5c 5s Kc 4h] [4c]
Pandakey: bets $6
t32watt: folds
Uncalled bet ($6) returned to Pandakey
Pandakey collected $29.50 from pot
Pandakey: doesn't show hand
*** SUMMARY ***
Total pot $30 | Rake $0.50
Board [5c 5s Kc 4h 4c]
Seat 1: t32watt (button) (small blind) folded on the River
Seat 2: Pandakey (big blind) collected ($29.50)


PokerStars Hand #146149231870:  Hold'em Limit ($3/$6 USD) - 2015/12/29 21:26:08 ET
Table 'Grassias II' 2-max Seat #2 is the button
Seat 1: t32watt ($124.79 in chips)
Seat 2: Pandakey ($102.13 in chips)
Pandakey: posts small blind $1
t32watt: posts big blind $3
*** HOLE CARDS ***
Pandakey: raises $3 to $6
t32watt: calls $3
*** FLOP *** [7d 2d 9c]
t32watt: checks
Pandakey: bets $3
t32watt: calls $3
*** TURN *** [7d 2d 9c] [6c]
t32watt: checks
Pandakey: bets $6
t32watt: calls $6
*** RIVER *** [7d 2d 9c 6c] [Qh]
t32watt: checks
Pandakey: checks
*** SHOW DOWN ***
t32watt: shows [3d 5h] (high card Queen)
Pandakey: shows [5s Ah] (high card Ace)
Pandakey collected $29.50 from pot
*** SUMMARY ***
Total pot $30 | Rake $0.50
Board [7d 2d 9c 6c Qh]
Seat 1: t32watt (big blind) showed [3d 5h] and lost with high card Queen
Seat 2: Pandakey (button) (small blind) showed [5s Ah] and won ($29.50) with high card Ace


PokerStars Hand #146149263924:  Hold'em Limit ($3/$6 USD) - 2015/12/29 21:27:09 ET
Table 'Grassias II' 2-max Seat #1 is the button
Seat 1: t32watt ($103.43 in chips)
Seat 2: Pandakey ($122.13 in chips)
t32watt: posts small blind $1
Pandakey: posts big blind $3
*** HOLE CARDS ***
t32watt: calls $2
Pandakey: checks
*** FLOP *** [4h Kc Ac]
Pandakey: checks
t32watt: bets $3
Pandakey: folds
Uncalled bet ($3) returned to t32watt
t32watt collected $5.88 from pot
*** SUMMARY ***
Total pot $6 | Rake $0.12
Board [4h Kc Ac]
Seat 1: t32watt (button) (small blind) collected ($5.88)
Seat 2: Pandakey (big blind) folded on the Flop


PokerStars Hand #146149269144:  Hold'em Limit ($3/$6 USD) - 2015/12/29 21:27:19 ET
Table 'Grassias II' 2-max Seat #2 is the button
Seat 1: t32watt ($106.31 in chips)
Seat 2: Pandakey ($119.13 in chips)
Pandakey: posts small blind $1
t32watt: posts big blind $3
*** HOLE CARDS ***
Pandakey: raises $3 to $6
t32watt: calls $3
*** FLOP *** [2c Qc Kh]
t32watt: checks
Pandakey: checks
*** TURN *** [2c Qc Kh] [Td]
t32watt: checks
Pandakey: bets $6
t32watt: calls $6
*** RIVER *** [2c Qc Kh Td] [7d]
t32watt: bets $6
Pandakey: calls $6
*** SHOW DOWN ***
t32watt: shows [8s 6s] (high card King)
Pandakey: shows [8d Tc] (a pair of Tens)
Pandakey collected $35.50 from pot
*** SUMMARY ***
Total pot $36 | Rake $0.50
Board [2c Qc Kh Td 7d]
Seat 1: t32watt (big blind) showed [8s 6s] and lost with high card King
Seat 2: Pandakey (button) (small blind) showed [8d Tc] and won ($35.50) with a pair of Tens


PokerStars Hand #146149287317:  Hold'em Limit ($3/$6 USD) - 2015/12/29 21:27:53 ET
Table 'Grassias II' 2-max Seat #2 is the button
Seat 1: t32watt ($102.81 in chips)
Seat 2: Pandakey ($121.63 in chips)
Pandakey: posts small blind $1
t32watt: posts big blind $3
*** HOLE CARDS ***
Pandakey: raises $3 to $6
t32watt: calls $3
*** FLOP *** [Qc Td 8d]
t32watt: checks
Pandakey: checks
*** TURN *** [Qc Td 8d] [Jh]
t32watt: bets $6
Pandakey: calls $6
*** RIVER *** [Qc Td 8d Jh] [5h]
t32watt: bets $6
Pandakey: folds
Uncalled bet ($6) returned to t32watt
t32watt collected $23.52 from pot
*** SUMMARY ***
Total pot $24 | Rake $0.48
Board [Qc Td 8d Jh 5h]
Seat 1: t32watt (big blind) collected ($23.52)
Seat 2: Pandakey (button) (small blind) folded on the River


PokerStars Hand #146149278840:  Hold'em Limit ($3/$6 USD) - 2015/12/29 21:27:37 ET
Table 'Grassias II' 2-max Seat #1 is the button
Seat 1: t32watt ($88.31 in chips)
Seat 2: Pandakey ($136.63 in chips)
t32watt: posts small blind $1
Pandakey: posts big blind $3
*** HOLE CARDS ***
t32watt: calls $2
Pandakey: raises $3 to $6
t32watt: calls $3
*** FLOP *** [7s 7h Tc]
Pandakey: bets $3
t32watt: calls $3
*** TURN *** [7s 7h Tc] [8s]
Pandakey: bets $6
t32watt: calls $6
*** RIVER *** [7s 7h Tc 8s] [Kh]
Pandakey: checks
t32watt: checks
*** SHOW DOWN ***
Pandakey: shows [Qc Jh] (a pair of Sevens)
t32watt: shows [Ac 9c] (a pair of Sevens - Ace kicker)
t32watt collected $29.50 from pot
*** SUMMARY ***
Total pot $30 | Rake $0.50
Board [7s 7h Tc 8s Kh]
Seat 1: t32watt (button) (small blind) showed [Ac 9c] and won ($29.50) with a pair of Sevens
Seat 2: Pandakey (big blind) showed [Qc Jh] and lost with a pair of Sevens


PokerStars Hand #146149314917:  Hold'em Limit ($3/$6 USD) - 2015/12/29 21:28:45 ET
Table 'Grassias II' 2-max Seat #2 is the button
Seat 1: t32watt ($132.77 in chips)
Seat 2: Pandakey ($90.57 in chips)
Pandakey: posts small blind $1
t32watt: posts big blind $3
*** HOLE CARDS ***
Pandakey: raises $3 to $6
t32watt: calls $3
*** FLOP *** [2d 4h 3c]
t32watt: checks
Pandakey: bets $3
t32watt: calls $3
*** TURN *** [2d 4h 3c] [Qc]
t32watt: checks
Pandakey: bets $6
t32watt: calls $6
*** RIVER *** [2d 4h 3c Qc] [Qd]
t32watt: checks
Pandakey: bets $6
t32watt: folds
Uncalled bet ($6) returned to Pandakey
Pandakey collected $29.50 from pot
Pandakey: doesn't show hand
*** SUMMARY ***
Total pot $30 | Rake $0.50
Board [2d 4h 3c Qc Qd]
Seat 1: t32watt (big blind) folded on the River
Seat 2: Pandakey (button) (small blind) collected ($29.50)


PokerStars Hand #146149296882:  Hold'em Limit ($3/$6 USD) - 2015/12/29 21:28:11 ET
Table 'Grassias II' 2-max Seat #1 is the button
Seat 1: t32watt ($114.33 in chips)
Seat 2: Pandakey ($109.63 in chips)
t32watt: posts small blind $1
Pandakey: posts big blind $3
*** HOLE CARDS ***
t32watt: calls $2
Pandakey: checks
*** FLOP *** [Kc 5h 7s]
Pandakey: checks
t32watt: checks
*** TURN *** [Kc 5h 7s] [Jh]
Pandakey: checks
t32watt: checks
*** RIVER *** [Kc 5h 7s Jh] [Qc]
Pandakey: checks
t32watt: checks
*** SHOW DOWN ***
Pandakey: shows [5c 3h] (a pair of Fives)
t32watt: shows [5d 8s] (a pair of Fives)
Pandakey collected $2.94 from pot
t32watt collected $2.94 from pot
*** SUMMARY ***
Total pot $6 | Rake $0.12
Board [Kc 5h 7s Jh Qc]
Seat 1: t32watt (button) (small blind) showed [5d 8s] and won ($2.94) with a pair of Fives
Seat 2: Pandakey (big blind) showed [5c 3h] and won ($2.94) with a pair of Fives


PokerStars Hand #146149306463:  Hold'em Limit ($3/$6 USD) - 2015/12/29 21:28:29 ET
Table 'Grassias II' 2-max Seat #1 is the button
Seat 1: t32watt ($115.27 in chips)
Seat 2: Pandakey ($108.57 in chips)
t32watt: posts small blind $1
Pandakey: posts big blind $3
*** HOLE CARDS ***
t32watt: calls $2
Pandakey: checks
*** FLOP *** [Jc 4d 3c]
Pandakey: bets $3
t32watt: calls $3
*** TURN *** [Jc 4d 3c] [2h]
Pandakey: bets $6
t32watt: raises $6 to $12
Pandakey: calls $6
*** RIVER *** [Jc 4d 3c 2h] [2c]
Pandakey: checks
t32watt: checks
*** SHOW DOWN ***
Pandakey: shows [4c Kd] (two pair, Fours and Deuces)
t32watt: shows [5s 6s] (a straight, Deuce to Six)
t32watt collected $35.50 from pot
*** SUMMARY ***
Total pot $36 | Rake $0.50
Board [Jc 4d 3c 2h 2c]
Seat 1: t32watt (button) (small blind) showed [5s 6s] and won ($35.50) with a straight, Deuce to Six
Seat 2: Pandakey (big blind) showed [4c Kd] and lost with two pair, Fours and Deuces


PokerStars Hand #146149304188:  Hold'em Limit ($3/$6 USD) - 2015/12/29 21:28:25 ET
Table 'Grassias II' 2-max Seat #2 is the button
Seat 1: t32watt ($114.27 in chips)
Seat 2: Pandakey ($109.57 in chips)
Pandakey: posts small blind $1
t32watt: posts big blind $3
*** HOLE CARDS ***
Pandakey: folds
Uncalled bet ($2) returned to t32watt
t32watt collected $2 from pot
*** SUMMARY ***
Total pot $2 | Rake $0
Seat 1: t32watt (big blind) collected ($2)
Seat 2: Pandakey (button) (small blind) folded before Flop


PokerStars Hand #146149354443:  Hold'em Limit ($3/$6 USD) - 2015/12/29 21:30:00 ET
Table 'Grassias II' 2-max Seat #2 is the button
Seat 1: t32watt ($75.77 in chips)
Seat 2: Pandakey ($145.83 in chips)
Pandakey: posts small blind $1
t32watt: posts big blind $3
*** HOLE CARDS ***
Pandakey: raises $3 to $6
t32watt: calls $3
*** FLOP *** [4s 3c 9d]
t32watt: checks
Pandakey: bets $3
t32watt: folds
Uncalled bet ($3) returned to Pandakey
Pandakey collected $11.76 from pot
Pandakey: doesn't show hand
*** SUMMARY ***
Total pot $12 | Rake $0.24
Board [4s 3c 9d]
Seat 1: t32watt (big blind) folded on the Flop
Seat 2: Pandakey (button) (small blind) collected ($11.76)


PokerStars Hand #146149344483:  Hold'em Limit ($3/$6 USD) - 2015/12/29 21:29:42 ET
Table 'Grassias II' 2-max Seat #1 is the button
Seat 1: t32watt ($81.77 in chips)
Seat 2: Pandakey ($140.07 in chips)
t32watt: posts small blind $1
Pandakey: posts big blind $3
*** HOLE CARDS ***
t32watt: calls $2
Pandakey: checks
*** FLOP *** [9s 6s 7d]
Pandakey: bets $3
t32watt: calls $3
*** TURN *** [9s 6s 7d] [Kh]
Pandakey: checks
t32watt: checks
*** RIVER *** [9s 6s 7d Kh] [9c]
Pandakey: bets $6
t32watt: folds
Uncalled bet ($6) returned to Pandakey
Pandakey collected $11.76 from pot
Pandakey: doesn't show hand
*** SUMMARY ***
Total pot $12 | Rake $0.24
Board [9s 6s 7d Kh 9c]
Seat 1: t32watt (button) (small blind) folded on the River
Seat 2: Pandakey (big blind) collected ($11.76)


PokerStars Hand #146149325625:  Hold'em Limit ($3/$6 USD) - 2015/12/29 21:29:06 ET
Table 'Grassias II' 2-max Seat #1 is the button
Seat 1: t32watt ($117.77 in chips)
Seat 2: Pandakey ($105.07 in chips)
t32watt: posts small blind $1
Pandakey: posts big blind $3
*** HOLE CARDS ***
t32watt: calls $2
Pandakey: raises $3 to $6
t32watt: calls $3
*** FLOP *** [7h Qs 9c]
Pandakey: bets $3
t32watt: calls $3
*** TURN *** [7h Qs 9c] [Kc]
Pandakey: bets $6
t32watt: calls $6
*** RIVER *** [7h Qs 9c Kc] [9h]
Pandakey: bets $6
t32watt: calls $6
*** SHOW DOWN ***
Pandakey: shows [As Qh] (two pair, Queens and Nines)
t32watt: mucks hand
Pandakey collected $41.50 from pot
*** SUMMARY ***
Total pot $42 | Rake $0.50
Board [7h Qs 9c Kc 9h]
Seat 1: t32watt (button) (small blind) mucked
Seat 2: Pandakey (big blind) showed [As Qh] and won ($41.50) with two pair, Queens and Nines


PokerStars Hand #146149334819:  Hold'em Limit ($3/$6 USD) - 2015/12/29 21:29:23 ET
Table 'Grassias II' 2-max Seat #2 is the button
Seat 1: t32watt ($96.77 in chips)
Seat 2: Pandakey ($125.57 in chips)
Pandakey: posts small blind $1
t32watt: posts big blind $3
*** HOLE CARDS ***
Pandakey: raises $3 to $6
t32watt: calls $3
*** FLOP *** [7c 4d 9c]
t32watt: checks
Pandakey: bets $3
t32watt: calls $3
*** TURN *** [7c 4d 9c] [Js]
t32watt: checks
Pandakey: bets $6
t32watt: calls $6
*** RIVER *** [7c 4d 9c Js] [3d]
t32watt: checks
Pandakey: bets $6
t32watt: folds
Uncalled bet ($6) returned to Pandakey
Pandakey collected $29.50 from pot
Pandakey: doesn't show hand
*** SUMMARY ***
Total pot $30 | Rake $0.50
Board [7c 4d 9c Js 3d]
Seat 1: t32watt (big blind) folded on the River
Seat 2: Pandakey (button) (small blind) collected ($29.50)


PokerStars Hand #146149386003:  Hold'em Limit ($3/$6 USD) - 2015/12/29 21:31:01 ET
Table 'Grassias II' 2-max Seat #2 is the button
Seat 1: t32watt ($84.17 in chips)
Seat 2: Pandakey ($136.59 in chips)
Pandakey: posts small blind $1
t32watt: posts big blind $3
*** HOLE CARDS ***
Pandakey: folds
Uncalled bet ($2) returned to t32watt
t32watt collected $2 from pot
*** SUMMARY ***
Total pot $2 | Rake $0
Seat 1: t32watt (big blind) collected ($2)
Seat 2: Pandakey (button) (small blind) folded before Flop


PokerStars Hand #146149380632:  Hold'em Limit ($3/$6 USD) - 2015/12/29 21:30:50 ET
Table 'Grassias II' 2-max Seat #1 is the button
Seat 1: t32watt ($81.29 in chips)
Seat 2: Pandakey ($139.59 in chips)
t32watt: posts small blind $1
Pandakey: posts big blind $3
*** HOLE CARDS ***
t32watt: calls $2
Pandakey: checks
*** FLOP *** [8d Kc 4h]
Pandakey: checks
t32watt: bets $3
Pandakey: folds
Uncalled bet ($3) returned to t32watt
t32watt collected $5.88 from pot
*** SUMMARY ***
Total pot $6 | Rake $0.12
Board [8d Kc 4h]
Seat 1: t32watt (button) (small blind) collected ($5.88)
Seat 2: Pandakey (big blind) folded on the Flop


PokerStars Hand #146149375731:  Hold'em Limit ($3/$6 USD) - 2015/12/29 21:30:41 ET
Table 'Grassias II' 2-max Seat #2 is the button
Seat 1: t32watt ($75.53 in chips)
Seat 2: Pandakey ($145.59 in chips)
Pandakey: posts small blind $1
t32watt: posts big blind $3
*** HOLE CARDS ***
Pandakey: raises $3 to $6
t32watt: calls $3
*** FLOP *** [3s 2h 8s]
t32watt: bets $3
Pandakey: folds
Uncalled bet ($3) returned to t32watt
t32watt collected $11.76 from pot
*** SUMMARY ***
Total pot $12 | Rake $0.24
Board [3s 2h 8s]
Seat 1: t32watt (big blind) collected ($11.76)
Seat 2: Pandakey (button) (small blind) folded on the Flop


PokerStars Hand #146149360870:  Hold'em Limit ($3/$6 USD) - 2015/12/29 21:30:12 ET
Table 'Grassias II' 2-max Seat #1 is the button
Seat 1: t32watt ($69.77 in chips)
Seat 2: Pandakey ($151.59 in chips)
t32watt: posts small blind $1
Pandakey: posts big blind $3
*** HOLE CARDS ***
t32watt: calls $2
Pandakey: checks
*** FLOP *** [As 7d 8h]
Pandakey: checks
t32watt: bets $3
Pandakey: calls $3
*** TURN *** [As 7d 8h] [7h]
Pandakey: checks
t32watt: bets $6
Pandakey: folds
Uncalled bet ($6) returned to t32watt
t32watt collected $11.76 from pot
*** SUMMARY ***
Total pot $12 | Rake $0.24
Board [As 7d 8h 7h]
Seat 1: t32watt (button) (small blind) collected ($11.76)
Seat 2: Pandakey (big blind) folded on the Turn


PokerStars Hand #146149388356:  Hold'em Limit ($3/$6 USD) - 2015/12/29 21:31:05 ET
Table 'Grassias II' 2-max Seat #1 is the button
Seat 1: t32watt ($85.17 in chips)
Seat 2: Pandakey ($135.59 in chips)
t32watt: posts small blind $1
Pandakey: posts big blind $3
*** HOLE CARDS ***
t32watt: calls $2
Pandakey: raises $3 to $6
t32watt: calls $3
*** FLOP *** [6h Ac 5s]
Pandakey: bets $3
t32watt: calls $3
*** TURN *** [6h Ac 5s] [5h]
Pandakey: bets $6
t32watt: calls $6
*** RIVER *** [6h Ac 5s 5h] [9s]
Pandakey: bets $6
t32watt: calls $6
*** SHOW DOWN ***
Pandakey: shows [8s As] (two pair, Aces and Fives)
t32watt: mucks hand
Pandakey collected $41.50 from pot
*** SUMMARY ***
Total pot $42 | Rake $0.50
Board [6h Ac 5s 5h 9s]
Seat 1: t32watt (button) (small blind) mucked
Seat 2: Pandakey (big blind) showed [8s As] and won ($41.50) with two pair, Aces and Fives


PokerStars Hand #146149412487:  Hold'em Limit ($3/$6 USD) - 2015/12/29 21:31:51 ET
Table 'Grassias II' 2-max Seat #2 is the button
Seat 1: t32watt ($57.81 in chips)
Seat 2: Pandakey ($161.59 in chips)
Pandakey: posts small blind $1
t32watt: posts big blind $3
*** HOLE CARDS ***
Pandakey: folds
Uncalled bet ($2) returned to t32watt
t32watt collected $2 from pot
*** SUMMARY ***
Total pot $2 | Rake $0
Seat 1: t32watt (big blind) collected ($2)
Seat 2: Pandakey (button) (small blind) folded before Flop


PokerStars Hand #146149405397:  Hold'em Limit ($3/$6 USD) - 2015/12/29 21:31:37 ET
Table 'Grassias II' 2-max Seat #1 is the button
Seat 1: t32watt ($49.17 in chips)
Seat 2: Pandakey ($170.59 in chips)
t32watt: posts small blind $1
Pandakey: posts big blind $3
*** HOLE CARDS ***
t32watt: calls $2
Pandakey: raises $3 to $6
t32watt: calls $3
*** FLOP *** [7h Ah 8s]
Pandakey: bets $3
t32watt: raises $3 to $6
Pandakey: folds
Uncalled bet ($3) returned to t32watt
t32watt collected $17.64 from pot
*** SUMMARY ***
Total pot $18 | Rake $0.36
Board [7h Ah 8s]
Seat 1: t32watt (button) (small blind) collected ($17.64)
Seat 2: Pandakey (big blind) folded on the Flop


PokerStars Hand #146149396433:  Hold'em Limit ($3/$6 USD) - 2015/12/29 21:31:20 ET
Table 'Grassias II' 2-max Seat #2 is the button
Seat 1: t32watt ($64.17 in chips)
Seat 2: Pandakey ($156.09 in chips)
Pandakey: posts small blind $1
t32watt: posts big blind $3
*** HOLE CARDS ***
Pandakey: raises $3 to $6
t32watt: calls $3
*** FLOP *** [8s 3s 7c]
t32watt: checks
Pandakey: bets $3
t32watt: calls $3
*** TURN *** [8s 3s 7c] [7s]
t32watt: checks
Pandakey: bets $6
t32watt: calls $6
*** RIVER *** [8s 3s 7c 7s] [Kc]
t32watt: checks
Pandakey: checks
*** SHOW DOWN ***
t32watt: shows [Qs 9c] (a pair of Sevens)
Pandakey: shows [2c 3c] (two pair, Sevens and Threes)
Pandakey collected $29.50 from pot
*** SUMMARY ***
Total pot $30 | Rake $0.50
Board [8s 3s 7c 7s Kc]
Seat 1: t32watt (big blind) showed [Qs 9c] and lost with a pair of Sevens
Seat 2: Pandakey (button) (small blind) showed [2c 3c] and won ($29.50) with two pair, Sevens and Threes


PokerStars Hand #146149449206:  Hold'em Limit ($3/$6 USD) - 2015/12/29 21:33:01 ET
Table 'Grassias II' 2-max Seat #2 is the button
Seat 1: t32watt ($46.33 in chips)
Seat 2: Pandakey ($171.73 in chips)
Pandakey: posts small blind $1
t32watt: posts big blind $3
*** HOLE CARDS ***
Pandakey: folds
Uncalled bet ($2) returned to t32watt
t32watt collected $2 from pot
*** SUMMARY ***
Total pot $2 | Rake $0
Seat 1: t32watt (big blind) collected ($2)
Seat 2: Pandakey (button) (small blind) folded before Flop


PokerStars Hand #146149437265:  Hold'em Limit ($3/$6 USD) - 2015/12/29 21:32:38 ET
Table 'Grassias II' 2-max Seat #1 is the button
Seat 1: t32watt ($55.33 in chips)
Seat 2: Pandakey ($163.09 in chips)
t32watt: posts small blind $1
Pandakey: posts big blind $3
*** HOLE CARDS ***
t32watt: calls $2
Pandakey: checks
*** FLOP *** [Ks 5h 4d]
Pandakey: checks
t32watt: checks
*** TURN *** [Ks 5h 4d] [8s]
Pandakey: bets $6
t32watt: calls $6
*** RIVER *** [Ks 5h 4d 8s] [6h]
Pandakey: checks
t32watt: checks
*** SHOW DOWN ***
Pandakey: shows [4c 6s] (two pair, Sixes and Fours)
t32watt: mucks hand
Pandakey collected $17.64 from pot
*** SUMMARY ***
Total pot $18 | Rake $0.36
Board [Ks 5h 4d 8s 6h]
Seat 1: t32watt (button) (small blind) mucked
Seat 2: Pandakey (big blind) showed [4c 6s] and won ($17.64) with two pair, Sixes and Fours


PokerStars Hand #146149424544:  Hold'em Limit ($3/$6 USD) - 2015/12/29 21:32:14 ET
Table 'Grassias II' 2-max Seat #2 is the button
Seat 1: t32watt ($43.81 in chips)
Seat 2: Pandakey ($175.09 in chips)
Pandakey: posts small blind $1
t32watt: posts big blind $3
*** HOLE CARDS ***
Pandakey: raises $3 to $6
t32watt: calls $3
*** FLOP *** [Jc 6h Kh]
t32watt: checks
Pandakey: checks
*** TURN *** [Jc 6h Kh] [5d]
t32watt: checks
Pandakey: checks
*** RIVER *** [Jc 6h Kh 5d] [6c]
t32watt: checks
Pandakey: bets $6
t32watt: calls $6
*** SHOW DOWN ***
Pandakey: shows [2c 8c] (a pair of Sixes)
t32watt: shows [Th Qc] (a pair of Sixes - King+Queen kicker)
t32watt collected $23.52 from pot
*** SUMMARY ***
Total pot $24 | Rake $0.48
Board [Jc 6h Kh 5d 6c]
Seat 1: t32watt (big blind) showed [Th Qc] and won ($23.52) with a pair of Sixes
Seat 2: Pandakey (button) (small blind) showed [2c 8c] and lost with a pair of Sixes


PokerStars Hand #146149451369:  Hold'em Limit ($3/$6 USD) - 2015/12/29 21:33:05 ET
Table 'Grassias II' 2-max Seat #1 is the button
Seat 1: t32watt ($47.33 in chips)
Seat 2: Pandakey ($170.73 in chips)
t32watt: posts small blind $1
Pandakey: posts big blind $3
*** HOLE CARDS ***
t32watt: calls $2
Pandakey: checks
*** FLOP *** [Qs Qh Kc]
Pandakey: bets $3
t32watt: calls $3
*** TURN *** [Qs Qh Kc] [Ah]
Pandakey: bets $6
t32watt: calls $6
*** RIVER *** [Qs Qh Kc Ah] [7c]
Pandakey: bets $6
t32watt: calls $6
*** SHOW DOWN ***
Pandakey: shows [Tc Js] (a straight, Ten to Ace)
t32watt: mucks hand
Pandakey collected $35.50 from pot
*** SUMMARY ***
Total pot $36 | Rake $0.50
Board [Qs Qh Kc Ah 7c]
Seat 1: t32watt (button) (small blind) mucked
Seat 2: Pandakey (big blind) showed [Tc Js] and won ($35.50) with a straight, Ten to Ace


PokerStars Hand #146149466055:  Hold'em Limit ($3/$6 USD) - 2015/12/29 21:33:33 ET
Table 'Grassias II' 2-max Seat #1 is the button
Seat 1: t32watt ($37.97 in chips)
Seat 2: Pandakey ($179.23 in chips)
t32watt: posts small blind $1
Pandakey: posts big blind $3
*** HOLE CARDS ***
t32watt: calls $2
Pandakey: checks
*** FLOP *** [4h 5c 5d]
Pandakey: checks
t32watt: checks
*** TURN *** [4h 5c 5d] [Jc]
Pandakey: checks
t32watt: checks
*** RIVER *** [4h 5c 5d Jc] [Qd]
Pandakey: checks
t32watt: bets $6
Pandakey: calls $6
*** SHOW DOWN ***
t32watt: shows [9c 2c] (a pair of Fives)
Pandakey: shows [Kd 7c] (a pair of Fives - King kicker)
Pandakey collected $17.64 from pot
*** SUMMARY ***
Total pot $18 | Rake $0.36
Board [4h 5c 5d Jc Qd]
Seat 1: t32watt (button) (small blind) showed [9c 2c] and lost with a pair of Fives
Seat 2: Pandakey (big blind) showed [Kd 7c] and won ($17.64) with a pair of Fives


PokerStars Hand #146149472412:  Hold'em Limit ($3/$6 USD) - 2015/12/29 21:33:46 ET
Table 'Grassias II' 2-max Seat #2 is the button
Seat 1: t32watt ($28.97 in chips)
Seat 2: Pandakey ($187.87 in chips)
Pandakey: posts small blind $1
t32watt: posts big blind $3
*** HOLE CARDS ***
Pandakey: raises $3 to $6
t32watt: raises $3 to $9
Pandakey: calls $3
*** FLOP *** [7h 9c 4s]
t32watt: bets $3
Pandakey: calls $3
*** TURN *** [7h 9c 4s] [5d]
t32watt: bets $6
Pandakey: calls $6
*** RIVER *** [7h 9c 4s 5d] [Kc]
t32watt: bets $6
Pandakey: folds
Uncalled bet ($6) returned to t32watt
t32watt collected $35.50 from pot
*** SUMMARY ***
Total pot $36 | Rake $0.50
Board [7h 9c 4s 5d Kc]
Seat 1: t32watt (big blind) collected ($35.50)
Seat 2: Pandakey (button) (small blind) folded on the River


PokerStars Hand #146149461294:  Hold'em Limit ($3/$6 USD) - 2015/12/29 21:33:24 ET
Table 'Grassias II' 2-max Seat #2 is the button
Seat 1: t32watt ($29.33 in chips)
Seat 2: Pandakey ($188.23 in chips)
Pandakey: posts small blind $1
t32watt: posts big blind $3
*** HOLE CARDS ***
Pandakey: raises $3 to $6
t32watt: raises $3 to $9
Pandakey: calls $3
*** FLOP *** [Jh 8d 8c]
t32watt: bets $3
Pandakey: folds
Uncalled bet ($3) returned to t32watt
t32watt collected $17.64 from pot
*** SUMMARY ***
Total pot $18 | Rake $0.36
Board [Jh 8d 8c]
Seat 1: t32watt (big blind) collected ($17.64)
Seat 2: Pandakey (button) (small blind) folded on the Flop


PokerStars Hand #146149506085:  Hold'em Limit ($3/$6 USD) - 2015/12/29 21:34:50 ET
Table 'Grassias II' 2-max Seat #2 is the button
Seat 1: t32watt ($49.97 in chips)
Seat 2: Pandakey ($165.37 in chips)
Pandakey: posts small blind $1
t32watt: posts big blind $3
*** HOLE CARDS ***
Pandakey: raises $3 to $6
t32watt: calls $3
*** FLOP *** [3d 3s As]
t32watt: checks
Pandakey: bets $3
t32watt: calls $3
*** TURN *** [3d 3s As] [4c]
t32watt: checks
Pandakey: checks
*** RIVER *** [3d 3s As 4c] [Td]
t32watt: checks
Pandakey: bets $6
t32watt: calls $6
*** SHOW DOWN ***
Pandakey: shows [7h 8c] (a pair of Threes)
t32watt: shows [2d Kh] (a pair of Threes - Ace+King kicker)
t32watt collected $29.50 from pot
*** SUMMARY ***
Total pot $30 | Rake $0.50
Board [3d 3s As 4c Td]
Seat 1: t32watt (big blind) showed [2d Kh] and won ($29.50) with a pair of Threes
Seat 2: Pandakey (button) (small blind) showed [7h 8c] and lost with a pair of Threes


PokerStars Hand #146149494636:  Hold'em Limit ($3/$6 USD) - 2015/12/29 21:34:28 ET
Table 'Grassias II' 2-max Seat #1 is the button
Seat 1: t32watt ($32.47 in chips)
Seat 2: Pandakey ($183.37 in chips)
t32watt: posts small blind $1
Pandakey: posts big blind $3
*** HOLE CARDS ***
t32watt: calls $2
Pandakey: raises $3 to $6
t32watt: calls $3
*** FLOP *** [2h 4h 7d]
Pandakey: bets $3
t32watt: raises $3 to $6
Pandakey: calls $3
*** TURN *** [2h 4h 7d] [8d]
Pandakey: checks
t32watt: bets $6
Pandakey: calls $6
*** RIVER *** [2h 4h 7d 8d] [Qh]
Pandakey: checks
t32watt: bets $6
Pandakey: folds
Uncalled bet ($6) returned to t32watt
t32watt collected $35.50 from pot
*** SUMMARY ***
Total pot $36 | Rake $0.50
Board [2h 4h 7d 8d Qh]
Seat 1: t32watt (button) (small blind) collected ($35.50)
Seat 2: Pandakey (big blind) folded on the River


PokerStars Hand #146149492437:  Hold'em Limit ($3/$6 USD) - 2015/12/29 21:34:24 ET
Table 'Grassias II' 2-max Seat #2 is the button
Seat 1: t32watt ($31.47 in chips)
Seat 2: Pandakey ($184.37 in chips)
Pandakey: posts small blind $1
t32watt: posts big blind $3
*** HOLE CARDS ***
Pandakey: folds
Uncalled bet ($2) returned to t32watt
t32watt collected $2 from pot
*** SUMMARY ***
Total pot $2 | Rake $0
Seat 1: t32watt (big blind) collected ($2)
Seat 2: Pandakey (button) (small blind) folded before Flop


PokerStars Hand #146149482562:  Hold'em Limit ($3/$6 USD) - 2015/12/29 21:34:05 ET
Table 'Grassias II' 2-max Seat #1 is the button
Seat 1: t32watt ($46.47 in chips)
Seat 2: Pandakey ($169.87 in chips)
t32watt: posts small blind $1
Pandakey: posts big blind $3
*** HOLE CARDS ***
t32watt: calls $2
Pandakey: checks
*** FLOP *** [3s 6h Ac]
Pandakey: checks
t32watt: checks
*** TURN *** [3s 6h Ac] [Qh]
Pandakey: bets $6
t32watt: calls $6
*** RIVER *** [3s 6h Ac Qh] [6c]
Pandakey: checks
t32watt: bets $6
Pandakey: calls $6
*** SHOW DOWN ***
t32watt: shows [2d 9d] (a pair of Sixes)
Pandakey: shows [Ks 5s] (a pair of Sixes - Ace+King kicker)
Pandakey collected $29.50 from pot
*** SUMMARY ***
Total pot $30 | Rake $0.50
Board [3s 6h Ac Qh 6c]
Seat 1: t32watt (button) (small blind) showed [2d 9d] and lost with a pair of Sixes
Seat 2: Pandakey (big blind) showed [Ks 5s] and won ($29.50) with a pair of Sixes


PokerStars Hand #146149532841:  Hold'em Limit ($3/$6 USD) - 2015/12/29 21:35:42 ET
Table 'Grassias II' 2-max Seat #2 is the button
Seat 1: t32watt ($79.87 in chips)
Seat 2: Pandakey ($134.37 in chips)
Pandakey: posts small blind $1
t32watt: posts big blind $3
*** HOLE CARDS ***
Pandakey: folds
Uncalled bet ($2) returned to t32watt
t32watt collected $2 from pot
*** SUMMARY ***
Total pot $2 | Rake $0
Seat 1: t32watt (big blind) collected ($2)
Seat 2: Pandakey (button) (small blind) folded before Flop


PokerStars Hand #146149523938:  Hold'em Limit ($3/$6 USD) - 2015/12/29 21:35:25 ET
Table 'Grassias II' 2-max Seat #1 is the button
Seat 1: t32watt ($74.11 in chips)
Seat 2: Pandakey ($140.37 in chips)
t32watt: posts small blind $1
Pandakey: posts big blind $3
*** HOLE CARDS ***
t32watt: calls $2
Pandakey: checks
*** FLOP *** [Qd Jc 8h]
Pandakey: checks
t32watt: bets $3
Pandakey: calls $3
*** TURN *** [Qd Jc 8h] [7h]
Pandakey: checks
t32watt: bets $6
Pandakey: folds
Uncalled bet ($6) returned to t32watt
t32watt collected $11.76 from pot
*** SUMMARY ***
Total pot $12 | Rake $0.24
Board [Qd Jc 8h 7h]
Seat 1: t32watt (button) (small blind) collected ($11.76)
Seat 2: Pandakey (big blind) folded on the Turn


PokerStars Hand #146149541919:  Hold'em Limit ($3/$6 USD) - 2015/12/29 21:35:59 ET
Table 'Grassias II' 2-max Seat #2 is the button
Seat 1: t32watt ($86.63 in chips)
Seat 2: Pandakey ($127.37 in chips)
Pandakey: posts small blind $1
t32watt: posts big blind $3
*** HOLE CARDS ***
Pandakey: folds
Uncalled bet ($2) returned to t32watt
t32watt collected $2 from pot
*** SUMMARY ***
Total pot $2 | Rake $0
Seat 1: t32watt (big blind) collected ($2)
Seat 2: Pandakey (button) (small blind) folded before Flop


PokerStars Hand #146149534923:  Hold'em Limit ($3/$6 USD) - 2015/12/29 21:35:46 ET
Table 'Grassias II' 2-max Seat #1 is the button
Seat 1: t32watt ($80.87 in chips)
Seat 2: Pandakey ($133.37 in chips)
t32watt: posts small blind $1
Pandakey: posts big blind $3
*** HOLE CARDS ***
t32watt: calls $2
Pandakey: checks
*** FLOP *** [Qs 6d Ad]
Pandakey: bets $3
t32watt: calls $3
*** TURN *** [Qs 6d Ad] [7d]
Pandakey: checks
t32watt: checks
*** RIVER *** [Qs 6d Ad 7d] [9d]
Pandakey: checks
t32watt: checks
*** SHOW DOWN ***
Pandakey: shows [3h 7c] (a pair of Sevens)
t32watt: shows [9s 2c] (a pair of Nines)
t32watt collected $11.76 from pot
*** SUMMARY ***
Total pot $12 | Rake $0.24
Board [Qs 6d Ad 7d 9d]
Seat 1: t32watt (button) (small blind) showed [9s 2c] and won ($11.76) with a pair of Nines
Seat 2: Pandakey (big blind) showed [3h 7c] and lost with a pair of Sevens


PokerStars Hand #146149521307:  Hold'em Limit ($3/$6 USD) - 2015/12/29 21:35:20 ET
Table 'Grassias II' 2-max Seat #2 is the button
Seat 1: t32watt ($73.11 in chips)
Seat 2: Pandakey ($141.37 in chips)
Pandakey: posts small blind $1
t32watt: posts big blind $3
*** HOLE CARDS ***
Pandakey: folds
Uncalled bet ($2) returned to t32watt
t32watt collected $2 from pot
*** SUMMARY ***
Total pot $2 | Rake $0
Seat 1: t32watt (big blind) collected ($2)
Seat 2: Pandakey (button) (small blind) folded before Flop


PokerStars Hand #146149514612:  Hold'em Limit ($3/$6 USD) - 2015/12/29 21:35:07 ET
Table 'Grassias II' 2-max Seat #1 is the button
Seat 1: t32watt ($64.47 in chips)
Seat 2: Pandakey ($150.37 in chips)
t32watt: posts small blind $1
Pandakey: posts big blind $3
*** HOLE CARDS ***
t32watt: calls $2
Pandakey: checks
*** FLOP *** [2d 4d Jc]
Pandakey: checks
t32watt: checks
*** TURN *** [2d 4d Jc] [Ks]
Pandakey: checks
t32watt: bets $6
Pandakey: calls $6
*** RIVER *** [2d 4d Jc Ks] [3s]
Pandakey: checks
t32watt: checks
*** SHOW DOWN ***
Pandakey: shows [3h Ac] (a pair of Threes)
t32watt: shows [Th Td] (a pair of Tens)
t32watt collected $17.64 from pot
*** SUMMARY ***
Total pot $18 | Rake $0.36
Board [2d 4d Jc Ks 3s]
Seat 1: t32watt (button) (small blind) showed [Th Td] and won ($17.64) with a pair of Tens
Seat 2: Pandakey (big blind) showed [3h Ac] and lost with a pair of Threes


PokerStars Hand #146149552429:  Hold'em Limit ($3/$6 USD) - 2015/12/29 21:36:20 ET
Table 'Grassias II' 2-max Seat #2 is the button
Seat 1: t32watt ($102.13 in chips)
Seat 2: Pandakey ($111.37 in chips)
Pandakey: posts small blind $1
t32watt: posts big blind $3
*** HOLE CARDS ***
Pandakey: raises $3 to $6
t32watt: calls $3
*** FLOP *** [Ts 2s 6s]
t32watt: checks
Pandakey: bets $3
t32watt: calls $3
*** TURN *** [Ts 2s 6s] [4h]
t32watt: checks
Pandakey: checks
*** RIVER *** [Ts 2s 6s 4h] [Qd]
t32watt: checks
Pandakey: bets $6
t32watt: calls $6
*** SHOW DOWN ***
Pandakey: shows [Qc 9h] (a pair of Queens)
t32watt: mucks hand
Pandakey collected $29.50 from pot
*** SUMMARY ***
Total pot $30 | Rake $0.50
Board [Ts 2s 6s 4h Qd]
Seat 1: t32watt (big blind) mucked
Seat 2: Pandakey (button) (small blind) showed [Qc 9h] and won ($29.50) with a pair of Queens


PokerStars Hand #146149572927:  Hold'em Limit ($3/$6 USD) - 2015/12/29 21:37:00 ET
Table 'Grassias II' 2-max Seat #2 is the button
Seat 1: t32watt ($72.13 in chips)
Seat 2: Pandakey ($140.37 in chips)
Pandakey: posts small blind $1
t32watt: posts big blind $3
*** HOLE CARDS ***
Pandakey: folds
Uncalled bet ($2) returned to t32watt
t32watt collected $2 from pot
*** SUMMARY ***
Total pot $2 | Rake $0
Seat 1: t32watt (big blind) collected ($2)
Seat 2: Pandakey (button) (small blind) folded before Flop


PokerStars Hand #146149562568:  Hold'em Limit ($3/$6 USD) - 2015/12/29 21:36:39 ET
Table 'Grassias II' 2-max Seat #1 is the button
Seat 1: t32watt ($87.13 in chips)
Seat 2: Pandakey ($125.87 in chips)
t32watt: posts small blind $1
Pandakey: posts big blind $3
*** HOLE CARDS ***
t32watt: calls $2
Pandakey: checks
*** FLOP *** [6s 7c 2s]
Pandakey: checks
t32watt: checks
*** TURN *** [6s 7c 2s] [9h]
Pandakey: bets $6
t32watt: calls $6
*** RIVER *** [6s 7c 2s 9h] [2d]
Pandakey: bets $6
t32watt: calls $6
*** SHOW DOWN ***
Pandakey: shows [8d 5d] (a straight, Five to Nine)
t32watt: mucks hand
Pandakey collected $29.50 from pot
*** SUMMARY ***
Total pot $30 | Rake $0.50
Board [6s 7c 2s 9h 2d]
Seat 1: t32watt (button) (small blind) mucked
Seat 2: Pandakey (big blind) showed [8d 5d] and won ($29.50) with a straight, Five to Nine


PokerStars Hand #146149544064:  Hold'em Limit ($3/$6 USD) - 2015/12/29 21:36:04 ET
Table 'Grassias II' 2-max Seat #1 is the button
Seat 1: t32watt ($87.63 in chips)
Seat 2: Pandakey ($126.37 in chips)
t32watt: posts small blind $1
Pandakey: posts big blind $3
*** HOLE CARDS ***
t32watt: raises $3 to $6
Pandakey: calls $3
*** FLOP *** [7h Td 4h]
Pandakey: checks
t32watt: bets $3
Pandakey: calls $3
*** TURN *** [7h Td 4h] [Jh]
Pandakey: checks
t32watt: bets $6
Pandakey: calls $6
*** RIVER *** [7h Td 4h Jh] [2c]
Pandakey: checks
t32watt: bets $6
Pandakey: folds
Uncalled bet ($6) returned to t32watt
t32watt collected $29.50 from pot
*** SUMMARY ***
Total pot $30 | Rake $0.50
Board [7h Td 4h Jh 2c]
Seat 1: t32watt (button) (small blind) collected ($29.50)
Seat 2: Pandakey (big blind) folded on the River


PokerStars Hand #146149586522:  Hold'em Limit ($3/$6 USD) - 2015/12/29 21:37:26 ET
Table 'Grassias II' 2-max Seat #1 is the button
Seat 1: t32watt ($71.13 in chips)
Seat 2: Pandakey ($141.25 in chips)
t32watt: posts small blind $1
Pandakey: posts big blind $3
*** HOLE CARDS ***
t32watt: calls $2
Pandakey: raises $3 to $6
t32watt: calls $3
*** FLOP *** [2h Ks Js]
Pandakey: bets $3
t32watt: calls $3
*** TURN *** [2h Ks Js] [8d]
Pandakey: bets $6
t32watt: calls $6
*** RIVER *** [2h Ks Js 8d] [Jc]
Pandakey: bets $6
t32watt: calls $6
*** SHOW DOWN ***
Pandakey: shows [9d Kd] (two pair, Kings and Jacks)
t32watt: mucks hand
Pandakey collected $41.50 from pot
*** SUMMARY ***
Total pot $42 | Rake $0.50
Board [2h Ks Js 8d Jc]
Seat 1: t32watt (button) (small blind) mucked
Seat 2: Pandakey (big blind) showed [9d Kd] and won ($41.50) with two pair, Kings and Jacks


PokerStars Hand #146149596835:  Hold'em Limit ($3/$6 USD) - 2015/12/29 21:37:46 ET
Table 'Grassias II' 2-max Seat #2 is the button
Seat 1: t32watt ($50.13 in chips)
Seat 2: Pandakey ($161.75 in chips)
Pandakey: posts small blind $1
t32watt: posts big blind $3
*** HOLE CARDS ***
Pandakey: raises $3 to $6
t32watt: calls $3
*** FLOP *** [Ad 3h Ac]
t32watt: checks
Pandakey: bets $3
t32watt: calls $3
*** TURN *** [Ad 3h Ac] [9h]
t32watt: checks
Pandakey: bets $6
t32watt: calls $6
*** RIVER *** [Ad 3h Ac 9h] [5d]
t32watt: checks
Pandakey: checks
*** SHOW DOWN ***
t32watt: shows [8d Js] (a pair of Aces)
Pandakey: shows [4d 3d] (two pair, Aces and Threes)
Pandakey collected $29.50 from pot
*** SUMMARY ***
Total pot $30 | Rake $0.50
Board [Ad 3h Ac 9h 5d]
Seat 1: t32watt (big blind) showed [8d Js] and lost with a pair of Aces
Seat 2: Pandakey (button) (small blind) showed [4d 3d] and won ($29.50) with two pair, Aces and Threes


PokerStars Hand #146149584139:  Hold'em Limit ($3/$6 USD) - 2015/12/29 21:37:22 ET
Table 'Grassias II' 2-max Seat #2 is the button
Seat 1: t32watt ($70.13 in chips)
Seat 2: Pandakey ($142.25 in chips)
Pandakey: posts small blind $1
t32watt: posts big blind $3
*** HOLE CARDS ***
Pandakey: folds
Uncalled bet ($2) returned to t32watt
t32watt collected $2 from pot
*** SUMMARY ***
Total pot $2 | Rake $0
Seat 1: t32watt (big blind) collected ($2)
Seat 2: Pandakey (button) (small blind) folded before Flop


PokerStars Hand #146149576455:  Hold'em Limit ($3/$6 USD) - 2015/12/29 21:37:07 ET
Table 'Grassias II' 2-max Seat #1 is the button
Seat 1: t32watt ($73.13 in chips)
Seat 2: Pandakey ($139.37 in chips)
t32watt: posts small blind $1
Pandakey: posts big blind $3
*** HOLE CARDS ***
t32watt: calls $2
Pandakey: checks
*** FLOP *** [Qs 2s As]
Pandakey: checks
t32watt: checks
*** TURN *** [Qs 2s As] [Js]
Pandakey: checks
t32watt: checks
*** RIVER *** [Qs 2s As Js] [Qh]
Pandakey: checks
t32watt: checks
*** SHOW DOWN ***
Pandakey: shows [Jd 9h] (two pair, Queens and Jacks)
t32watt: mucks hand
Pandakey collected $5.88 from pot
*** SUMMARY ***
Total pot $6 | Rake $0.12
Board [Qs 2s As Js Qh]
Seat 1: t32watt (button) (small blind) mucked
Seat 2: Pandakey (big blind) showed [Jd 9h] and won ($5.88) with two pair, Queens and Jacks


PokerStars Hand #146149615384:  Hold'em Limit ($3/$6 USD) - 2015/12/29 21:38:23 ET
Table 'Grassias II' 2-max Seat #2 is the button
Seat 1: t32watt ($38.01 in chips)
Seat 2: Pandakey ($173.25 in chips)
Pandakey: posts small blind $1
t32watt: posts big blind $3
*** HOLE CARDS ***
Pandakey: folds
Uncalled bet ($2) returned to t32watt
t32watt collected $2 from pot
*** SUMMARY ***
Total pot $2 | Rake $0
Seat 1: t32watt (big blind) collected ($2)
Seat 2: Pandakey (button) (small blind) folded before Flop


PokerStars Hand #146149608095:  Hold'em Limit ($3/$6 USD) - 2015/12/29 21:38:08 ET
Table 'Grassias II' 2-max Seat #1 is the button
Seat 1: t32watt ($35.13 in chips)
Seat 2: Pandakey ($176.25 in chips)
t32watt: posts small blind $1
Pandakey: posts big blind $3
*** HOLE CARDS ***
t32watt: calls $2
Pandakey: checks
*** FLOP *** [Qd Ks As]
Pandakey: checks
t32watt: checks
*** TURN *** [Qd Ks As] [Ad]
Pandakey: checks
t32watt: checks
*** RIVER *** [Qd Ks As Ad] [8c]
Pandakey: checks
t32watt: bets $6
Pandakey: folds
Uncalled bet ($6) returned to t32watt
t32watt collected $5.88 from pot
*** SUMMARY ***
Total pot $6 | Rake $0.12
Board [Qd Ks As Ad 8c]
Seat 1: t32watt (button) (small blind) collected ($5.88)
Seat 2: Pandakey (big blind) folded on the River


PokerStars Hand #146149618436:  Hold'em Limit ($3/$6 USD) - 2015/12/29 21:38:29 ET
Table 'Grassias II' 2-max Seat #1 is the button
Seat 1: t32watt ($39.01 in chips)
Seat 2: Pandakey ($172.25 in chips)
t32watt: posts small blind $1
Pandakey: posts big blind $3
*** HOLE CARDS ***
t32watt: calls $2
Pandakey: checks
*** FLOP *** [Qd 7s 3d]
Pandakey: checks
t32watt: checks
*** TURN *** [Qd 7s 3d] [9h]
Pandakey: checks
t32watt: bets $6
Pandakey: folds
Uncalled bet ($6) returned to t32watt
t32watt collected $5.88 from pot
*** SUMMARY ***
Total pot $6 | Rake $0.12
Board [Qd 7s 3d 9h]
Seat 1: t32watt (button) (small blind) collected ($5.88)
Seat 2: Pandakey (big blind) folded on the Turn


PokerStars Hand #146149624204:  Hold'em Limit ($3/$6 USD) - 2015/12/29 21:38:40 ET
Table 'Grassias II' 2-max Seat #2 is the button
Seat 1: t32watt ($41.89 in chips)
Seat 2: Pandakey ($169.25 in chips)
Pandakey: posts small blind $1
t32watt: posts big blind $3
*** HOLE CARDS ***
Pandakey: raises $3 to $6
t32watt: calls $3
*** FLOP *** [2h Th Ks]
t32watt: bets $3
Pandakey: raises $3 to $6
t32watt: raises $3 to $9
Pandakey: calls $3
*** TURN *** [2h Th Ks] [Ad]
t32watt: bets $6
Pandakey: calls $6
*** RIVER *** [2h Th Ks Ad] [5s]
t32watt: bets $6
Pandakey: calls $6
*** SHOW DOWN ***
t32watt: shows [Ts 7s] (a pair of Tens)
Pandakey: shows [8h Kd] (a pair of Kings)
Pandakey collected $53.50 from pot
*** SUMMARY ***
Total pot $54 | Rake $0.50
Board [2h Th Ks Ad 5s]
Seat 1: t32watt (big blind) showed [Ts 7s] and lost with a pair of Tens
Seat 2: Pandakey (button) (small blind) showed [8h Kd] and won ($53.50) with a pair of Kings


PokerStars Hand #146149633412:  Hold'em Limit ($3/$6 USD) - 2015/12/29 21:38:58 ET
Table 'Grassias II' 2-max Seat #1 is the button
Seat 1: t32watt ($14.89 in chips)
Seat 2: Pandakey ($195.75 in chips)
t32watt: posts small blind $1
Pandakey: posts big blind $3
*** HOLE CARDS ***
t32watt: raises $3 to $6
Pandakey: calls $3
*** FLOP *** [7d Kc Kd]
Pandakey: checks
t32watt: bets $3
Pandakey: raises $3 to $6
t32watt: raises $2.89 to $8.89 and is all-in
Pandakey: calls $2.89
*** TURN *** [7d Kc Kd] [3c]
*** RIVER *** [7d Kc Kd 3c] [4c]
*** SHOW DOWN ***
Pandakey: shows [4d 4s] (a full house, Fours full of Kings)
t32watt: shows [8h Kh] (three of a kind, Kings)
Pandakey collected $29.28 from pot
*** SUMMARY ***
Total pot $29.78 | Rake $0.50
Board [7d Kc Kd 3c 4c]
Seat 1: t32watt (button) (small blind) showed [8h Kh] and lost with three of a kind, Kings
Seat 2: Pandakey (big blind) showed [4d 4s] and won ($29.28) with a full house, Fours full of Kings


