PokerStars Hand #162742071723:  Hold'em Limit ($3/$6 USD) - 2016/12/10 18:20:23 ET
Table 'Gratia' 6-max Seat #1 is the button
Seat 1: LifeisagameX ($84 in chips)
Seat 3: Zovanna ($120 in chips)
LifeisagameX: posts small blind $1
Zovanna: posts big blind $3
*** HOLE CARDS ***
LifeisagameX: raises $3 to $6
Zovanna: calls $3
*** FLOP *** [7s Ah 2h]
Zovanna: bets $3
LifeisagameX: calls $3
*** TURN *** [7s Ah 2h] [9d]
Zovanna: bets $6
LifeisagameX: folds
Uncalled bet ($6) returned to Zovanna
Zovanna collected $17.64 from pot
*** SUMMARY ***
Total pot $18 | Rake $0.36
Board [7s Ah 2h 9d]
Seat 1: LifeisagameX (button) (small blind) folded on the Turn
Seat 3: Zovanna (big blind) collected ($17.64)


PokerStars Hand #162742101071:  Hold'em Limit ($3/$6 USD) - 2016/12/10 18:20:58 ET
Table 'Gratia' 6-max Seat #3 is the button
Seat 1: LifeisagameX ($84 in chips)
Seat 3: Zovanna ($128.64 in chips)
Zovanna: posts small blind $1
LifeisagameX: posts big blind $3
*** HOLE CARDS ***
Zovanna: calls $2
LifeisagameX: checks
*** FLOP *** [3d Kh 9h]
LifeisagameX: checks
Zovanna: checks
*** TURN *** [3d Kh 9h] [Qs]
LifeisagameX: checks
Zovanna: bets $6
MellivoraSto joins the table at seat #4
LifeisagameX: calls $6
*** RIVER *** [3d Kh 9h Qs] [2c]
LifeisagameX: checks
Zovanna: bets $6
LifeisagameX: calls $6
*** SHOW DOWN ***
Zovanna: shows [Qc 9d] (two pair, Queens and Nines)
LifeisagameX: mucks hand
Zovanna collected $29.50 from pot
*** SUMMARY ***
Total pot $30 | Rake $0.50
Board [3d Kh 9h Qs 2c]
Seat 1: LifeisagameX (big blind) mucked
Seat 3: Zovanna (button) (small blind) showed [Qc 9d] and won ($29.50) with two pair, Queens and Nines


PokerStars Hand #162742134312:  Hold'em Limit ($3/$6 USD) - 2016/12/10 18:21:37 ET
Table 'Gratia' 6-max Seat #1 is the button
Seat 1: LifeisagameX ($84 in chips)
Seat 3: Zovanna ($143.14 in chips)
LifeisagameX: posts small blind $1
Zovanna: posts big blind $3
*** HOLE CARDS ***
LifeisagameX: raises $3 to $6
Zovanna: calls $3
*** FLOP *** [Js 5d Ad]
PlayForca joins the table at seat #2
Zovanna: checks
LifeisagameX: bets $3
Zovanna: calls $3
*** TURN *** [Js 5d Ad] [8h]
Zovanna: checks
Bonkman05 joins the table at seat #5
LifeisagameX: bets $6
The Thraex joins the table at seat #6
Zovanna: folds
Uncalled bet ($6) returned to LifeisagameX
LifeisagameX collected $17.64 from pot
LifeisagameX: doesn't show hand
*** SUMMARY ***
Total pot $18 | Rake $0.36
Board [Js 5d Ad 8h]
Seat 1: LifeisagameX (button) (small blind) collected ($17.64)
Seat 3: Zovanna (big blind) folded on the Turn


