PokerStars Hand #164163323463:  Hold'em Limit ($3/$6 USD) - 2017/01/06 22:13:16 ET
Table 'Gratia' 6-max Seat #1 is the button
Seat 1: sienvan ($83.17 in chips)
Seat 5: AzureCaper ($129.66 in chips)
sienvan: posts small blind $1
rascal_319: is sitting out
AzureCaper: posts big blind $3
*** HOLE CARDS ***
sienvan: folds
Uncalled bet ($2) returned to AzureCaper
AzureCaper collected $2 from pot
*** SUMMARY ***
Total pot $2 | Rake $0
Seat 1: sienvan (button) (small blind) folded before Flop
Seat 5: AzureCaper (big blind) collected ($2)


PokerStars Hand #164163348359:  Hold'em Limit ($3/$6 USD) - 2017/01/06 22:14:13 ET
Table 'Gratia' 6-max Seat #1 is the button
Seat 1: sienvan ($77.17 in chips)
Seat 5: AzureCaper ($135.54 in chips)
sienvan: posts small blind $1
AzureCaper: posts big blind $3
*** HOLE CARDS ***
sienvan: folds
Uncalled bet ($2) returned to AzureCaper
AzureCaper collected $2 from pot
AzureCaper: doesn't show hand
*** SUMMARY ***
Total pot $2 | Rake $0
Seat 1: sienvan (button) (small blind) folded before Flop
Seat 5: AzureCaper (big blind) collected ($2)


PokerStars Hand #164163344255:  Hold'em Limit ($3/$6 USD) - 2017/01/06 22:14:04 ET
Table 'Gratia' 6-max Seat #5 is the button
Seat 1: sienvan ($80.17 in chips)
Seat 5: AzureCaper ($132.54 in chips)
AzureCaper: posts small blind $1
sienvan: posts big blind $3
*** HOLE CARDS ***
AzureCaper: raises $3 to $6
sienvan: folds
Uncalled bet ($3) returned to AzureCaper
AzureCaper collected $6 from pot
AzureCaper: doesn't show hand
*** SUMMARY ***
Total pot $6 | Rake $0
Seat 1: sienvan (big blind) folded before Flop
Seat 5: AzureCaper (button) (small blind) collected ($6)


PokerStars Hand #164163339975:  Hold'em Limit ($3/$6 USD) - 2017/01/06 22:13:54 ET
Table 'Gratia' 6-max Seat #1 is the button
Seat 1: sienvan ($81.17 in chips)
Seat 5: AzureCaper ($131.54 in chips)
sienvan: posts small blind $1
AzureCaper: posts big blind $3
*** HOLE CARDS ***
sienvan: folds
Uncalled bet ($2) returned to AzureCaper
AzureCaper collected $2 from pot
AzureCaper: doesn't show hand
*** SUMMARY ***
Total pot $2 | Rake $0
Seat 1: sienvan (button) (small blind) folded before Flop
Seat 5: AzureCaper (big blind) collected ($2)


PokerStars Hand #164163335834:  Hold'em Limit ($3/$6 USD) - 2017/01/06 22:13:44 ET
Table 'Gratia' 6-max Seat #5 is the button
Seat 1: sienvan ($80.17 in chips)
Seat 5: AzureCaper ($132.54 in chips)
AzureCaper: posts small blind $1
sienvan: posts big blind $3
*** HOLE CARDS ***
AzureCaper: folds
Uncalled bet ($2) returned to sienvan
sienvan collected $2 from pot
sienvan: doesn't show hand
*** SUMMARY ***
Total pot $2 | Rake $0
Seat 1: sienvan (big blind) collected ($2)
Seat 5: AzureCaper (button) (small blind) folded before Flop


PokerStars Hand #164163328456:  Hold'em Limit ($3/$6 USD) - 2017/01/06 22:13:27 ET
Table 'Gratia' 6-max Seat #1 is the button
Seat 1: sienvan ($83.17 in chips)
Seat 5: AzureCaper ($129.66 in chips)
sienvan: posts small blind $1
AzureCaper: posts big blind $3
*** HOLE CARDS ***
sienvan: calls $2
rascal_319 leaves the table
AzureCaper: checks
*** FLOP *** [8s Qh Qs]
AzureCaper: bets $3
sienvan: folds
Uncalled bet ($3) returned to AzureCaper
AzureCaper collected $5.88 from pot
AzureCaper: doesn't show hand
*** SUMMARY ***
Total pot $6 | Rake $0.12
Board [8s Qh Qs]
Seat 1: sienvan (button) (small blind) folded on the Flop
Seat 5: AzureCaper (big blind) collected ($5.88)


PokerStars Hand #164163325864:  Hold'em Limit ($3/$6 USD) - 2017/01/06 22:13:22 ET
Table 'Gratia' 6-max Seat #5 is the button
Seat 1: sienvan ($82.17 in chips)
Seat 5: AzureCaper ($130.66 in chips)
AzureCaper: posts small blind $1
sienvan: posts big blind $3
*** HOLE CARDS ***
AzureCaper: folds
Uncalled bet ($2) returned to sienvan
sienvan collected $2 from pot
sienvan: doesn't show hand
*** SUMMARY ***
Total pot $2 | Rake $0
Seat 1: sienvan (big blind) collected ($2)
Seat 5: AzureCaper (button) (small blind) folded before Flop


PokerStars Hand #164163376599:  Hold'em Limit ($3/$6 USD) - 2017/01/06 22:15:17 ET
Table 'Gratia' 6-max Seat #5 is the button
Seat 1: sienvan ($70.05 in chips)
Seat 5: AzureCaper ($142.18 in chips)
AzureCaper: posts small blind $1
sienvan: posts big blind $3
*** HOLE CARDS ***
AzureCaper: raises $3 to $6
sienvan: folds
Uncalled bet ($3) returned to AzureCaper
AzureCaper collected $6 from pot
*** SUMMARY ***
Total pot $6 | Rake $0
Seat 1: sienvan (big blind) folded before Flop
Seat 5: AzureCaper (button) (small blind) collected ($6)


PokerStars Hand #164163374403:  Hold'em Limit ($3/$6 USD) - 2017/01/06 22:15:12 ET
Table 'Gratia' 6-max Seat #1 is the button
Seat 1: sienvan ($71.05 in chips)
Seat 5: AzureCaper ($141.18 in chips)
sienvan: posts small blind $1
AzureCaper: posts big blind $3
*** HOLE CARDS ***
sienvan: folds
Uncalled bet ($2) returned to AzureCaper
AzureCaper collected $2 from pot
AzureCaper: doesn't show hand
*** SUMMARY ***
Total pot $2 | Rake $0
Seat 1: sienvan (button) (small blind) folded before Flop
Seat 5: AzureCaper (big blind) collected ($2)


PokerStars Hand #164163370838:  Hold'em Limit ($3/$6 USD) - 2017/01/06 22:15:04 ET
Table 'Gratia' 6-max Seat #5 is the button
Seat 1: sienvan ($70.05 in chips)
Seat 5: AzureCaper ($142.18 in chips)
AzureCaper: posts small blind $1
sienvan: posts big blind $3
*** HOLE CARDS ***
AzureCaper: folds
Uncalled bet ($2) returned to sienvan
sienvan collected $2 from pot
sienvan: doesn't show hand
*** SUMMARY ***
Total pot $2 | Rake $0
Seat 1: sienvan (big blind) collected ($2)
Seat 5: AzureCaper (button) (small blind) folded before Flop


PokerStars Hand #164163363314:  Hold'em Limit ($3/$6 USD) - 2017/01/06 22:14:47 ET
Table 'Gratia' 6-max Seat #1 is the button
Seat 1: sienvan ($67.17 in chips)
Seat 5: AzureCaper ($145.18 in chips)
sienvan: posts small blind $1
AzureCaper: posts big blind $3
*** HOLE CARDS ***
sienvan: calls $2
AzureCaper: checks
*** FLOP *** [As Kh Ac]
AzureCaper: checks
sienvan: bets $3
AzureCaper: folds
Uncalled bet ($3) returned to sienvan
sienvan collected $5.88 from pot
sienvan: doesn't show hand
*** SUMMARY ***
Total pot $6 | Rake $0.12
Board [As Kh Ac]
Seat 1: sienvan (button) (small blind) collected ($5.88)
Seat 5: AzureCaper (big blind) folded on the Flop


PokerStars Hand #164163350574:  Hold'em Limit ($3/$6 USD) - 2017/01/06 22:14:18 ET
Table 'Gratia' 6-max Seat #5 is the button
Seat 1: sienvan ($76.17 in chips)
Seat 5: AzureCaper ($136.54 in chips)
AzureCaper: posts small blind $1
sienvan: posts big blind $3
*** HOLE CARDS ***
AzureCaper: raises $3 to $6
sienvan: calls $3
*** FLOP *** [6h 9s 4d]
sienvan: checks
AzureCaper: bets $3
sienvan: calls $3
*** TURN *** [6h 9s 4d] [4h]
sienvan: checks
AzureCaper: bets $6
sienvan: folds
Uncalled bet ($6) returned to AzureCaper
AzureCaper collected $17.64 from pot
AzureCaper: doesn't show hand
*** SUMMARY ***
Total pot $18 | Rake $0.36
Board [6h 9s 4d 4h]
Seat 1: sienvan (big blind) folded on the Turn
Seat 5: AzureCaper (button) (small blind) collected ($17.64)


PokerStars Hand #164163393730:  Hold'em Limit ($3/$6 USD) - 2017/01/06 22:15:57 ET
Table 'Gratia' 6-max Seat #5 is the button
Seat 1: sienvan ($81.55 in chips)
Seat 5: AzureCaper ($130.18 in chips)
AzureCaper: posts small blind $1
sienvan: posts big blind $3
*** HOLE CARDS ***
AzureCaper: folds
Uncalled bet ($2) returned to sienvan
sienvan collected $2 from pot
sienvan: doesn't show hand
*** SUMMARY ***
Total pot $2 | Rake $0
Seat 1: sienvan (big blind) collected ($2)
Seat 5: AzureCaper (button) (small blind) folded before Flop


PokerStars Hand #164163391665:  Hold'em Limit ($3/$6 USD) - 2017/01/06 22:15:52 ET
Table 'Gratia' 6-max Seat #1 is the button
Seat 1: sienvan ($82.55 in chips)
Seat 5: AzureCaper ($129.18 in chips)
sienvan: posts small blind $1
AzureCaper: posts big blind $3
*** HOLE CARDS ***
sienvan: folds
Uncalled bet ($2) returned to AzureCaper
AzureCaper collected $2 from pot
AzureCaper: doesn't show hand
*** SUMMARY ***
Total pot $2 | Rake $0
Seat 1: sienvan (button) (small blind) folded before Flop
Seat 5: AzureCaper (big blind) collected ($2)


PokerStars Hand #164163388489:  Hold'em Limit ($3/$6 USD) - 2017/01/06 22:15:45 ET
Table 'Gratia' 6-max Seat #5 is the button
Seat 1: sienvan ($81.55 in chips)
Seat 5: AzureCaper ($130.18 in chips)
AzureCaper: posts small blind $1
sienvan: posts big blind $3
*** HOLE CARDS ***
AzureCaper: folds
Uncalled bet ($2) returned to sienvan
sienvan collected $2 from pot
sienvan: doesn't show hand
*** SUMMARY ***
Total pot $2 | Rake $0
Seat 1: sienvan (big blind) collected ($2)
Seat 5: AzureCaper (button) (small blind) folded before Flop


PokerStars Hand #164163379251:  Hold'em Limit ($3/$6 USD) - 2017/01/06 22:15:24 ET
Table 'Gratia' 6-max Seat #1 is the button
Seat 1: sienvan ($67.05 in chips)
Seat 5: AzureCaper ($145.18 in chips)
sienvan: posts small blind $1
AzureCaper: posts big blind $3
*** HOLE CARDS ***
sienvan: calls $2
AzureCaper: raises $3 to $6
sienvan: calls $3
*** FLOP *** [8c 4c 6c]
AzureCaper: bets $3
sienvan: calls $3
*** TURN *** [8c 4c 6c] [2d]
AzureCaper: checks
sienvan: checks
*** RIVER *** [8c 4c 6c 2d] [Ks]
AzureCaper: bets $6
sienvan: raises $6 to $12
AzureCaper: folds
Uncalled bet ($6) returned to sienvan
sienvan collected $29.50 from pot
sienvan: doesn't show hand
*** SUMMARY ***
Total pot $30 | Rake $0.50
Board [8c 4c 6c 2d Ks]
Seat 1: sienvan (button) (small blind) collected ($29.50)
Seat 5: AzureCaper (big blind) folded on the River


PokerStars Hand #164163398116:  Hold'em Limit ($3/$6 USD) - 2017/01/06 22:16:07 ET
Table 'Gratia' 6-max Seat #1 is the button
Seat 1: sienvan ($82.55 in chips)
Seat 5: AzureCaper ($129.18 in chips)
sienvan: posts small blind $1
AzureCaper: posts big blind $3
*** HOLE CARDS ***
sienvan: calls $2
AzureCaper: raises $3 to $6
sienvan: calls $3
*** FLOP *** [Ts 2c 7s]
AzureCaper: bets $3
sienvan: calls $3
*** TURN *** [Ts 2c 7s] [9h]
AzureCaper: bets $6
sienvan: calls $6
*** RIVER *** [Ts 2c 7s 9h] [4c]
AzureCaper: bets $6
sienvan: folds
Uncalled bet ($6) returned to AzureCaper
AzureCaper collected $29.50 from pot
AzureCaper: doesn't show hand
*** SUMMARY ***
Total pot $30 | Rake $0.50
Board [Ts 2c 7s 9h 4c]
Seat 1: sienvan (button) (small blind) folded on the River
Seat 5: AzureCaper (big blind) collected ($29.50)


PokerStars Hand #164163421704:  Hold'em Limit ($3/$6 USD) - 2017/01/06 22:17:01 ET
Table 'Gratia' 6-max Seat #1 is the button
Seat 1: sienvan ($46.55 in chips)
Seat 5: AzureCaper ($164.18 in chips)
sienvan: posts small blind $1
AzureCaper: posts big blind $3
*** HOLE CARDS ***
sienvan: folds
Uncalled bet ($2) returned to AzureCaper
AzureCaper collected $2 from pot
AzureCaper: doesn't show hand
*** SUMMARY ***
Total pot $2 | Rake $0
Seat 1: sienvan (button) (small blind) folded before Flop
Seat 5: AzureCaper (big blind) collected ($2)


PokerStars Hand #164163407117:  Hold'em Limit ($3/$6 USD) - 2017/01/06 22:16:27 ET
Table 'Gratia' 6-max Seat #5 is the button
Seat 1: sienvan ($67.55 in chips)
Seat 5: AzureCaper ($143.68 in chips)
AzureCaper: posts small blind $1
sienvan: posts big blind $3
*** HOLE CARDS ***
AzureCaper: raises $3 to $6
sienvan: calls $3
*** FLOP *** [5d 3c Qd]
sienvan: checks
AzureCaper: bets $3
sienvan: calls $3
*** TURN *** [5d 3c Qd] [Jd]
sienvan: checks
AzureCaper: bets $6
sienvan: calls $6
*** RIVER *** [5d 3c Qd Jd] [7s]
sienvan: checks
AzureCaper: bets $6
sienvan: calls $6
*** SHOW DOWN ***
AzureCaper: shows [Qc 7c] (two pair, Queens and Sevens)
sienvan: mucks hand
AzureCaper collected $41.50 from pot
*** SUMMARY ***
Total pot $42 | Rake $0.50
Board [5d 3c Qd Jd 7s]
Seat 1: sienvan (big blind) mucked
Seat 5: AzureCaper (button) (small blind) showed [Qc 7c] and won ($41.50) with two pair, Queens and Sevens


PokerStars Hand #164163437120:  Hold'em Limit ($3/$6 USD) - 2017/01/06 22:17:37 ET
Table 'Gratia' 6-max Seat #1 is the button
Seat 1: sienvan ($81.05 in chips)
Seat 5: AzureCaper ($129.18 in chips)
sienvan: posts small blind $1
AzureCaper: posts big blind $3
*** HOLE CARDS ***
sienvan: calls $2
AzureCaper: checks
*** FLOP *** [4h Qs Ts]
AzureCaper: bets $3
sienvan: calls $3
*** TURN *** [4h Qs Ts] [9d]
AzureCaper: bets $6
sienvan: calls $6
*** RIVER *** [4h Qs Ts 9d] [6d]
AzureCaper: bets $6
sienvan: calls $6
*** SHOW DOWN ***
AzureCaper: shows [Qc 4c] (two pair, Queens and Fours)
sienvan: mucks hand
AzureCaper collected $35.50 from pot
*** SUMMARY ***
Total pot $36 | Rake $0.50
Board [4h Qs Ts 9d 6d]
Seat 1: sienvan (button) (small blind) mucked
Seat 5: AzureCaper (big blind) showed [Qc 4c] and won ($35.50) with two pair, Queens and Fours


PokerStars Hand #164163423928:  Hold'em Limit ($3/$6 USD) - 2017/01/06 22:17:06 ET
Table 'Gratia' 6-max Seat #5 is the button
Seat 1: sienvan ($45.55 in chips)
Seat 5: AzureCaper ($165.18 in chips)
AzureCaper: posts small blind $1
sienvan: posts big blind $3
*** HOLE CARDS ***
AzureCaper: raises $3 to $6
sienvan: raises $3 to $9
AzureCaper: calls $3
*** FLOP *** [3c 5c 4s]
sienvan: bets $3
AzureCaper: calls $3
*** TURN *** [3c 5c 4s] [Qh]
sienvan: bets $6
AzureCaper: raises $6 to $12
sienvan: raises $6 to $18
AzureCaper: calls $6
*** RIVER *** [3c 5c 4s Qh] [Js]
sienvan: bets $6
AzureCaper: calls $6
*** SHOW DOWN ***
sienvan: shows [5d 5h] (three of a kind, Fives)
AzureCaper: mucks hand
sienvan collected $71.50 from pot
*** SUMMARY ***
Total pot $72 | Rake $0.50
Board [3c 5c 4s Qh Js]
Seat 1: sienvan (big blind) showed [5d 5h] and won ($71.50) with three of a kind, Fives
Seat 5: AzureCaper (button) (small blind) mucked


PokerStars Hand #164163452700:  Hold'em Limit ($3/$6 USD) - 2017/01/06 22:18:13 ET
Table 'Gratia' 6-max Seat #1 is the button
Seat 1: sienvan ($57.05 in chips)
Seat 5: AzureCaper ($152.44 in chips)
sienvan: posts small blind $1
AzureCaper: posts big blind $3
*** HOLE CARDS ***
sienvan: raises $3 to $6
AzureCaper: raises $3 to $9
sienvan: raises $3 to $12
Betting is capped
AzureCaper: calls $3
*** FLOP *** [Ad Jc Th]
AzureCaper: checks
sienvan: checks
*** TURN *** [Ad Jc Th] [Jd]
AzureCaper: checks
sienvan: bets $6
AzureCaper: folds
Uncalled bet ($6) returned to sienvan
sienvan collected $23.52 from pot
sienvan: doesn't show hand
*** SUMMARY ***
Total pot $24 | Rake $0.48
Board [Ad Jc Th Jd]
Seat 1: sienvan (button) (small blind) collected ($23.52)
Seat 5: AzureCaper (big blind) folded on the Turn


PokerStars Hand #164163465373:  Hold'em Limit ($3/$6 USD) - 2017/01/06 22:18:42 ET
Table 'Gratia' 6-max Seat #5 is the button
Seat 1: sienvan ($68.57 in chips)
Seat 5: AzureCaper ($140.44 in chips)
AzureCaper: posts small blind $1
sienvan: posts big blind $3
*** HOLE CARDS ***
AzureCaper: raises $3 to $6
sienvan: calls $3
*** FLOP *** [3c Jd 8d]
sienvan: checks
AzureCaper: bets $3
sienvan: calls $3
*** TURN *** [3c Jd 8d] [9s]
sienvan: checks
AzureCaper: checks
*** RIVER *** [3c Jd 8d 9s] [As]
sienvan: bets $6
AzureCaper: folds
Uncalled bet ($6) returned to sienvan
sienvan collected $17.64 from pot
sienvan: doesn't show hand
*** SUMMARY ***
Total pot $18 | Rake $0.36
Board [3c Jd 8d 9s As]
Seat 1: sienvan (big blind) collected ($17.64)
Seat 5: AzureCaper (button) (small blind) folded on the River


PokerStars Hand #164163445535:  Hold'em Limit ($3/$6 USD) - 2017/01/06 22:17:56 ET
Table 'Gratia' 6-max Seat #5 is the button
Seat 1: sienvan ($63.05 in chips)
Seat 5: AzureCaper ($146.68 in chips)
AzureCaper: posts small blind $1
sienvan: posts big blind $3
*** HOLE CARDS ***
AzureCaper: raises $3 to $6
sienvan: calls $3
*** FLOP *** [Qs 8h 3c]
sienvan: checks
AzureCaper: bets $3
sienvan: folds
Uncalled bet ($3) returned to AzureCaper
AzureCaper collected $11.76 from pot
AzureCaper: doesn't show hand
*** SUMMARY ***
Total pot $12 | Rake $0.24
Board [Qs 8h 3c]
Seat 1: sienvan (big blind) folded on the Flop
Seat 5: AzureCaper (button) (small blind) collected ($11.76)


PokerStars Hand #164163501023:  Hold'em Limit ($3/$6 USD) - 2017/01/06 22:20:05 ET
Table 'Gratia' 6-max Seat #1 is the button
Seat 1: sienvan ($84.71 in chips)
Seat 5: AzureCaper ($123.20 in chips)
sienvan: posts small blind $1
AzureCaper: posts big blind $3
*** HOLE CARDS ***
sienvan: folds
Uncalled bet ($2) returned to AzureCaper
AzureCaper collected $2 from pot
AzureCaper: doesn't show hand
*** SUMMARY ***
Total pot $2 | Rake $0
Seat 1: sienvan (button) (small blind) folded before Flop
Seat 5: AzureCaper (big blind) collected ($2)


PokerStars Hand #164163497756:  Hold'em Limit ($3/$6 USD) - 2017/01/06 22:19:58 ET
Table 'Gratia' 6-max Seat #5 is the button
Seat 1: sienvan ($87.71 in chips)
Seat 5: AzureCaper ($120.20 in chips)
AzureCaper: posts small blind $1
sienvan: posts big blind $3
*** HOLE CARDS ***
AzureCaper: raises $3 to $6
sienvan: folds
Uncalled bet ($3) returned to AzureCaper
AzureCaper collected $6 from pot
AzureCaper: doesn't show hand
*** SUMMARY ***
Total pot $6 | Rake $0
Seat 1: sienvan (big blind) folded before Flop
Seat 5: AzureCaper (button) (small blind) collected ($6)


PokerStars Hand #164163473185:  Hold'em Limit ($3/$6 USD) - 2017/01/06 22:19:01 ET
Table 'Gratia' 6-max Seat #1 is the button
Seat 1: sienvan ($77.21 in chips)
Seat 5: AzureCaper ($131.44 in chips)
sienvan: posts small blind $1
AzureCaper: posts big blind $3
*** HOLE CARDS ***
sienvan: raises $3 to $6
AzureCaper: calls $3
*** FLOP *** [4h 6d 6c]
AzureCaper: checks
sienvan: checks
*** TURN *** [4h 6d 6c] [6h]
AzureCaper: checks
sienvan: checks
*** RIVER *** [4h 6d 6c 6h] [9c]
AzureCaper: bets $6
sienvan: folds
Uncalled bet ($6) returned to AzureCaper
AzureCaper collected $11.76 from pot
AzureCaper: doesn't show hand
*** SUMMARY ***
Total pot $12 | Rake $0.24
Board [4h 6d 6c 6h 9c]
Seat 1: sienvan (button) (small blind) folded on the River
Seat 5: AzureCaper (big blind) collected ($11.76)


PokerStars Hand #164163491162:  Hold'em Limit ($3/$6 USD) - 2017/01/06 22:19:42 ET
Table 'Gratia' 6-max Seat #1 is the button
Seat 1: sienvan ($88.71 in chips)
Seat 5: AzureCaper ($119.20 in chips)
sienvan: posts small blind $1
AzureCaper: posts big blind $3
*** HOLE CARDS ***
sienvan: folds
Uncalled bet ($2) returned to AzureCaper
AzureCaper collected $2 from pot
AzureCaper: doesn't show hand
*** SUMMARY ***
Total pot $2 | Rake $0
Seat 1: sienvan (button) (small blind) folded before Flop
Seat 5: AzureCaper (big blind) collected ($2)


PokerStars Hand #164163481078:  Hold'em Limit ($3/$6 USD) - 2017/01/06 22:19:19 ET
Table 'Gratia' 6-max Seat #5 is the button
Seat 1: sienvan ($71.21 in chips)
Seat 5: AzureCaper ($137.20 in chips)
AzureCaper: posts small blind $1
sienvan: posts big blind $3
*** HOLE CARDS ***
AzureCaper: raises $3 to $6
sienvan: raises $3 to $9
AzureCaper: calls $3
*** FLOP *** [Td 3h 9s]
sienvan: bets $3
AzureCaper: calls $3
*** TURN *** [Td 3h 9s] [6h]
sienvan: bets $6
AzureCaper: calls $6
*** RIVER *** [Td 3h 9s 6h] [8c]
sienvan: bets $6
AzureCaper: folds
Uncalled bet ($6) returned to sienvan
sienvan collected $35.50 from pot
sienvan: doesn't show hand
*** SUMMARY ***
Total pot $36 | Rake $0.50
Board [Td 3h 9s 6h 8c]
Seat 1: sienvan (big blind) collected ($35.50)
Seat 5: AzureCaper (button) (small blind) folded on the River


PokerStars Hand #164163495668:  Hold'em Limit ($3/$6 USD) - 2017/01/06 22:19:53 ET
Table 'Gratia' 6-max Seat #1 is the button
Seat 1: sienvan ($88.71 in chips)
Seat 5: AzureCaper ($119.20 in chips)
sienvan: posts small blind $1
AzureCaper: posts big blind $3
*** HOLE CARDS ***
sienvan: folds
Uncalled bet ($2) returned to AzureCaper
AzureCaper collected $2 from pot
*** SUMMARY ***
Total pot $2 | Rake $0
Seat 1: sienvan (button) (small blind) folded before Flop
Seat 5: AzureCaper (big blind) collected ($2)


PokerStars Hand #164163493399:  Hold'em Limit ($3/$6 USD) - 2017/01/06 22:19:47 ET
Table 'Gratia' 6-max Seat #5 is the button
Seat 1: sienvan ($87.71 in chips)
Seat 5: AzureCaper ($120.20 in chips)
AzureCaper: posts small blind $1
sienvan: posts big blind $3
*** HOLE CARDS ***
AzureCaper: folds
Uncalled bet ($2) returned to sienvan
sienvan collected $2 from pot
sienvan: doesn't show hand
*** SUMMARY ***
Total pot $2 | Rake $0
Seat 1: sienvan (big blind) collected ($2)
Seat 5: AzureCaper (button) (small blind) folded before Flop


PokerStars Hand #164163503304:  Hold'em Limit ($3/$6 USD) - 2017/01/06 22:20:11 ET
Table 'Gratia' 6-max Seat #5 is the button
Seat 1: sienvan ($83.71 in chips)
Seat 5: AzureCaper ($124.20 in chips)
AzureCaper: posts small blind $1
sienvan: posts big blind $3
*** HOLE CARDS ***
AzureCaper: folds
Uncalled bet ($2) returned to sienvan
sienvan collected $2 from pot
sienvan: doesn't show hand
*** SUMMARY ***
Total pot $2 | Rake $0
Seat 1: sienvan (big blind) collected ($2)
Seat 5: AzureCaper (button) (small blind) folded before Flop


PokerStars Hand #164163507149:  Hold'em Limit ($3/$6 USD) - 2017/01/06 22:20:20 ET
Table 'Gratia' 6-max Seat #1 is the button
Seat 1: sienvan ($84.71 in chips)
Seat 5: AzureCaper ($123.20 in chips)
sienvan: posts small blind $1
AzureCaper: posts big blind $3
*** HOLE CARDS ***
sienvan: folds
Uncalled bet ($2) returned to AzureCaper
AzureCaper collected $2 from pot
AzureCaper: doesn't show hand
*** SUMMARY ***
Total pot $2 | Rake $0
Seat 1: sienvan (button) (small blind) folded before Flop
Seat 5: AzureCaper (big blind) collected ($2)


PokerStars Hand #164163512067:  Hold'em Limit ($3/$6 USD) - 2017/01/06 22:20:31 ET
Table 'Gratia' 6-max Seat #5 is the button
Seat 1: sienvan ($83.71 in chips)
Seat 5: AzureCaper ($124.20 in chips)
AzureCaper: posts small blind $1
sienvan: posts big blind $3
*** HOLE CARDS ***
AzureCaper: raises $3 to $6
sienvan: calls $3
*** FLOP *** [Jd 4d Tc]
sienvan: checks
AzureCaper: bets $3
sienvan: folds
Uncalled bet ($3) returned to AzureCaper
AzureCaper collected $11.76 from pot
AzureCaper: doesn't show hand
*** SUMMARY ***
Total pot $12 | Rake $0.24
Board [Jd 4d Tc]
Seat 1: sienvan (big blind) folded on the Flop
Seat 5: AzureCaper (button) (small blind) collected ($11.76)


