PokerStars Hand #163480243017:  Hold'em Limit ($3/$6 USD) - 2016/12/25 1:56:57 ET
Table 'Gretia' 6-max Seat #1 is the button
Seat 1: ToDaFelt ($117 in chips)
Seat 6: denn69 ($50.47 in chips)
ToDaFelt: posts small blind $1
denn69: posts big blind $3
*** HOLE CARDS ***
ToDaFelt: raises $3 to $6
denn69: calls $3
*** FLOP *** [3h 5c 9h]
MellivoraSto joins the table at seat #2
denn69: checks
ToDaFelt: bets $3
denn69: calls $3
*** TURN *** [3h 5c 9h] [7d]
denn69: bets $6
ToDaFelt: raises $6 to $12
denn69: calls $6
*** RIVER *** [3h 5c 9h 7d] [Qh]
denn69: checks
ToDaFelt: bets $6
denn69: calls $6
*** SHOW DOWN ***
ToDaFelt: shows [6d Th] (high card Queen)
denn69: shows [7s 8h] (a pair of Sevens)
denn69 collected $53.50 from pot
*** SUMMARY ***
Total pot $54 | Rake $0.50
Board [3h 5c 9h 7d Qh]
Seat 1: ToDaFelt (button) (small blind) showed [6d Th] and lost with high card Queen
Seat 6: denn69 (big blind) showed [7s 8h] and won ($53.50) with a pair of Sevens


PokerStars Hand #163480240049:  Hold'em Limit ($3/$6 USD) - 2016/12/25 1:56:44 ET
Table 'Gretia' 6-max Seat #6 is the button
Seat 1: ToDaFelt ($120 in chips)
Seat 6: denn69 ($33 in chips)
denn69: posts small blind $1
ToDaFelt: posts big blind $3
*** HOLE CARDS ***
denn69: raises $3 to $6
ToDaFelt: folds
Uncalled bet ($3) returned to denn69
denn69 collected $6 from pot
denn69: doesn't show hand
*** SUMMARY ***
Total pot $6 | Rake $0
Seat 1: ToDaFelt (big blind) folded before Flop
Seat 6: denn69 (button) (small blind) collected ($6)


PokerStars Hand #163480247431:  Hold'em Limit ($3/$6 USD) - 2016/12/25 1:57:15 ET
Table 'Gretia' 6-max Seat #6 is the button
Seat 1: ToDaFelt ($90 in chips)
Seat 6: denn69 ($76.97 in chips)
denn69: posts small blind $1
ToDaFelt: posts big blind $3
*** HOLE CARDS ***
denn69: raises $3 to $6
ToDaFelt: calls $3
*** FLOP *** [9c 9s 4c]
ToDaFelt: checks
denn69: bets $3
ToDaFelt: raises $3 to $6
denn69: calls $3
*** TURN *** [9c 9s 4c] [Kc]
ToDaFelt: bets $6
denn69: raises $6 to $12
ToDaFelt: raises $6 to $18
denn69: raises $6 to $24
Betting is capped
ToDaFelt: calls $6
*** RIVER *** [9c 9s 4c Kc] [Kd]
ToDaFelt: checks
denn69: bets $6
ToDaFelt: calls $6
*** SHOW DOWN ***
denn69: shows [Ks Kh] (four of a kind, Kings)
ToDaFelt: mucks hand
denn69 collected $83.50 from pot
*** SUMMARY ***
Total pot $84 | Rake $0.50
Board [9c 9s 4c Kc Kd]
Seat 1: ToDaFelt (big blind) mucked
Seat 6: denn69 (button) (small blind) showed [Ks Kh] and won ($83.50) with four of a kind, Kings


PokerStars Hand #163482074057:  Hold'em Limit ($3/$6 USD) - 2016/12/25 3:41:25 ET
Table 'Gretia' 6-max Seat #1 is the button
Seat 1: Krazy90 ($120 in chips)
Seat 6: AzureCaper ($105.94 in chips)
Krazy90: posts small blind $1
RockKillerTY: is sitting out
AzureCaper: posts big blind $3
*** HOLE CARDS ***
Krazy90: raises $3 to $6
RockKillerTY leaves the table
AzureCaper: calls $3
*** FLOP *** [2d Ac 5s]
AzureCaper: checks
Krazy90: bets $3
AzureCaper: folds
Uncalled bet ($3) returned to Krazy90
Krazy90 collected $11.76 from pot
Krazy90: doesn't show hand
*** SUMMARY ***
Total pot $12 | Rake $0.24
Board [2d Ac 5s]
Seat 1: Krazy90 (button) (small blind) collected ($11.76)
Seat 6: AzureCaper (big blind) folded on the Flop


