PokerStars Hand #144442587559:  Hold'em Limit ($3/$6 USD) - 2015/11/26 23:13:57 ET
Table 'Gretia III' 10-max Seat #8 is the button
Seat 6: FuMaGoR ($66 in chips)
Seat 8: Mite1981 ($106.24 in chips)
Mite1981: posts small blind $1
FuMaGoR: posts big blind $3
*** HOLE CARDS ***
Mite1981: folds
Uncalled bet ($2) returned to FuMaGoR
FuMaGoR collected $2 from pot
FuMaGoR: doesn't show hand
*** SUMMARY ***
Total pot $2 | Rake $0
Seat 6: FuMaGoR (big blind) collected ($2)
Seat 8: Mite1981 (button) (small blind) folded before Flop


PokerStars Hand #144442589034:  Hold'em Limit ($3/$6 USD) - 2015/11/26 23:14:02 ET
Table 'Gretia III' 10-max Seat #6 is the button
Seat 6: FuMaGoR ($67 in chips)
Seat 8: Mite1981 ($105.24 in chips)
FuMaGoR: posts small blind $1
Mite1981: posts big blind $3
*** HOLE CARDS ***
FuMaGoR: folds
Uncalled bet ($2) returned to Mite1981
Mite1981 collected $2 from pot
Mite1981: doesn't show hand
*** SUMMARY ***
Total pot $2 | Rake $0
Seat 6: FuMaGoR (button) (small blind) folded before Flop
Seat 8: Mite1981 (big blind) collected ($2)


PokerStars Hand #144442595762:  Hold'em Limit ($3/$6 USD) - 2015/11/26 23:14:24 ET
Table 'Gretia III' 10-max Seat #6 is the button
Seat 6: FuMaGoR ($66 in chips)
Seat 8: Mite1981 ($109.24 in chips)
FuMaGoR: posts small blind $1
Mite1981: posts big blind $3
*** HOLE CARDS ***
FuMaGoR: folds
Uncalled bet ($2) returned to Mite1981
Mite1981 collected $2 from pot
Mite1981: doesn't show hand
*** SUMMARY ***
Total pot $2 | Rake $0
Seat 6: FuMaGoR (button) (small blind) folded before Flop
Seat 8: Mite1981 (big blind) collected ($2)


PokerStars Hand #144442593861:  Hold'em Limit ($3/$6 USD) - 2015/11/26 23:14:18 ET
Table 'Gretia III' 10-max Seat #8 is the button
Seat 6: FuMaGoR ($66 in chips)
Seat 8: Mite1981 ($106.24 in chips)
Mite1981: posts small blind $1
FuMaGoR: posts big blind $3
*** HOLE CARDS ***
Mite1981: raises $3 to $6
FuMaGoR: folds
Uncalled bet ($3) returned to Mite1981
Mite1981 collected $6 from pot
Mite1981: doesn't show hand
*** SUMMARY ***
Total pot $6 | Rake $0
Seat 6: FuMaGoR (big blind) folded before Flop
Seat 8: Mite1981 (button) (small blind) collected ($6)


PokerStars Hand #144442602560:  Hold'em Limit ($3/$6 USD) - 2015/11/26 23:14:47 ET
Table 'Gretia III' 10-max Seat #6 is the button
Seat 6: FuMaGoR ($66 in chips)
Seat 8: Mite1981 ($124.74 in chips)
FuMaGoR: posts small blind $1
Mite1981: posts big blind $3
*** HOLE CARDS ***
FuMaGoR: folds
Uncalled bet ($2) returned to Mite1981
Mite1981 collected $2 from pot
Mite1981: doesn't show hand
*** SUMMARY ***
Total pot $2 | Rake $0
Seat 6: FuMaGoR (button) (small blind) folded before Flop
Seat 8: Mite1981 (big blind) collected ($2)


PokerStars Hand #144442624450:  Hold'em Limit ($3/$6 USD) - 2015/11/26 23:16:01 ET
Table 'Gretia III' 10-max Seat #8 is the button
Seat 6: FuMaGoR ($81.50 in chips)
Seat 8: Mite1981 ($130.06 in chips)
Mite1981: posts small blind $1
FuMaGoR: posts big blind $3
*** HOLE CARDS ***
Mite1981: raises $3 to $6
FuMaGoR: folds
Uncalled bet ($3) returned to Mite1981
Mite1981 collected $6 from pot
Mite1981: doesn't show hand
*** SUMMARY ***
Total pot $6 | Rake $0
Seat 6: FuMaGoR (big blind) folded before Flop
Seat 8: Mite1981 (button) (small blind) collected ($6)


PokerStars Hand #144442604152:  Hold'em Limit ($3/$6 USD) - 2015/11/26 23:14:53 ET
Table 'Gretia III' 10-max Seat #8 is the button
Seat 6: FuMaGoR ($66 in chips)
Seat 8: Mite1981 ($125.74 in chips)
Mite1981: posts small blind $1
FuMaGoR: posts big blind $3
*** HOLE CARDS ***
Mite1981: raises $3 to $6
FuMaGoR: calls $3
*** FLOP *** [Js 2h Ks]
FuMaGoR: bets $3
Mite1981: calls $3
*** TURN *** [Js 2h Ks] [Kd]
FuMaGoR: bets $6
Mite1981: calls $6
*** RIVER *** [Js 2h Ks Kd] [Qs]
FuMaGoR: bets $6
Mite1981: raises $6 to $12
FuMaGoR: folds
Uncalled bet ($6) returned to Mite1981
Mite1981 collected $41.50 from pot
Mite1981: doesn't show hand
*** SUMMARY ***
Total pot $42 | Rake $0.50
Board [Js 2h Ks Kd Qs]
Seat 6: FuMaGoR (big blind) folded on the River
Seat 8: Mite1981 (button) (small blind) collected ($41.50)


PokerStars Hand #144442617178:  Hold'em Limit ($3/$6 USD) - 2015/11/26 23:15:37 ET
Table 'Gretia III' 10-max Seat #8 is the button
Seat 6: FuMaGoR ($66 in chips)
Seat 8: Mite1981 ($146.06 in chips)
Mite1981: posts small blind $1
FuMaGoR: posts big blind $3
*** HOLE CARDS ***
Mite1981: folds
Uncalled bet ($2) returned to FuMaGoR
FuMaGoR collected $2 from pot
FuMaGoR: doesn't show hand
*** SUMMARY ***
Total pot $2 | Rake $0
Seat 6: FuMaGoR (big blind) collected ($2)
Seat 8: Mite1981 (button) (small blind) folded before Flop


PokerStars Hand #144442618973:  Hold'em Limit ($3/$6 USD) - 2015/11/26 23:15:43 ET
Table 'Gretia III' 10-max Seat #6 is the button
Seat 6: FuMaGoR ($67 in chips)
Seat 8: Mite1981 ($145.06 in chips)
FuMaGoR: posts small blind $1
Mite1981: posts big blind $3
*** HOLE CARDS ***
FuMaGoR: raises $3 to $6
Mite1981: calls $3
*** FLOP *** [As 8c 6c]
Mite1981: checks
FuMaGoR: bets $3
Mite1981: calls $3
*** TURN *** [As 8c 6c] [9h]
Mite1981: checks
FuMaGoR: bets $6
Mite1981: calls $6
*** RIVER *** [As 8c 6c 9h] [4h]
Mite1981: checks
FuMaGoR: checks
*** SHOW DOWN ***
Mite1981: shows [6d Th] (a pair of Sixes)
FuMaGoR: shows [5d 9d] (a pair of Nines)
FuMaGoR collected $29.50 from pot
*** SUMMARY ***
Total pot $30 | Rake $0.50
Board [As 8c 6c 9h 4h]
Seat 6: FuMaGoR (button) (small blind) showed [5d 9d] and won ($29.50) with a pair of Nines
Seat 8: Mite1981 (big blind) showed [6d Th] and lost with a pair of Sixes


PokerStars Hand #144442626232:  Hold'em Limit ($3/$6 USD) - 2015/11/26 23:16:07 ET
Table 'Gretia III' 10-max Seat #6 is the button
Seat 6: FuMaGoR ($78.50 in chips)
Seat 8: Mite1981 ($133.06 in chips)
FuMaGoR: posts small blind $1
Mite1981: posts big blind $3
*** HOLE CARDS ***
FuMaGoR: raises $3 to $6
Mite1981: calls $3
*** FLOP *** [Kc 2c 3h]
Mite1981: checks
FuMaGoR: bets $3
Mite1981: calls $3
*** TURN *** [Kc 2c 3h] [5c]
Mite1981: checks
FuMaGoR: checks
*** RIVER *** [Kc 2c 3h 5c] [6d]
Mite1981: checks
FuMaGoR: checks
*** SHOW DOWN ***
Mite1981: shows [Qs Qh] (a pair of Queens)
FuMaGoR: mucks hand
Mite1981 collected $17.64 from pot
*** SUMMARY ***
Total pot $18 | Rake $0.36
Board [Kc 2c 3h 5c 6d]
Seat 6: FuMaGoR (button) (small blind) mucked
Seat 8: Mite1981 (big blind) showed [Qs Qh] and won ($17.64) with a pair of Queens


PokerStars Hand #144452070669:  Hold'em Limit ($3/$6 USD) - 2015/11/27 7:18:01 ET
Table 'Gretia III' 10-max Seat #1 is the button
Seat 1: BorussiaTim ($21 in chips)
Seat 9: steinchen ($85.29 in chips)
BorussiaTim: posts small blind $1
Agrotait: is sitting out
B_loJkl: is sitting out
steinchen: posts big blind $3
*** HOLE CARDS ***
BorussiaTim: raises $3 to $6
Agrotait leaves the table
steinchen: calls $3
*** FLOP *** [6c 5h 4s]
steinchen: checks
BorussiaTim: bets $3
steinchen: raises $3 to $6
BorussiaTim: folds
Uncalled bet ($3) returned to steinchen
steinchen collected $17.64 from pot
steinchen: doesn't show hand
*** SUMMARY ***
Total pot $18 | Rake $0.36
Board [6c 5h 4s]
Seat 1: BorussiaTim (button) (small blind) folded on the Flop
Seat 9: steinchen (big blind) collected ($17.64)


PokerStars Hand #144452105804:  Hold'em Limit ($3/$6 USD) - 2015/11/27 7:19:12 ET
Table 'Gretia III' 10-max Seat #1 is the button
Seat 1: BorussiaTim ($17.76 in chips)
Seat 9: steinchen ($87.93 in chips)
BorussiaTim: posts small blind $1
steinchen: posts big blind $3
*** HOLE CARDS ***
BorussiaTim: folds
Uncalled bet ($2) returned to steinchen
steinchen collected $2 from pot
steinchen: doesn't show hand
*** SUMMARY ***
Total pot $2 | Rake $0
Seat 1: BorussiaTim (button) (small blind) folded before Flop
Seat 9: steinchen (big blind) collected ($2)


PokerStars Hand #144452093025:  Hold'em Limit ($3/$6 USD) - 2015/11/27 7:18:46 ET
Table 'Gretia III' 10-max Seat #9 is the button
Seat 1: BorussiaTim ($12 in chips)
Seat 9: steinchen ($93.93 in chips)
steinchen: posts small blind $1
BorussiaTim: posts big blind $3
*** HOLE CARDS ***
steinchen: raises $3 to $6
BorussiaTim: calls $3
*** FLOP *** [2d 9d 9h]
BorussiaTim: bets $3
steinchen: folds
Uncalled bet ($3) returned to BorussiaTim
BorussiaTim collected $11.76 from pot
BorussiaTim: doesn't show hand
*** SUMMARY ***
Total pot $12 | Rake $0.24
Board [2d 9d 9h]
Seat 1: BorussiaTim (big blind) collected ($11.76)
Seat 9: steinchen (button) (small blind) folded on the Flop


PokerStars Hand #144452108111:  Hold'em Limit ($3/$6 USD) - 2015/11/27 7:19:17 ET
Table 'Gretia III' 10-max Seat #9 is the button
Seat 1: BorussiaTim ($16.76 in chips)
Seat 9: steinchen ($88.93 in chips)
steinchen: posts small blind $1
BorussiaTim: posts big blind $3
*** HOLE CARDS ***
steinchen: raises $3 to $6
BorussiaTim: calls $3
*** FLOP *** [6d Qs 5s]
BorussiaTim: checks
steinchen: bets $3
BorussiaTim: raises $3 to $6
steinchen: calls $3
*** TURN *** [6d Qs 5s] [Th]
BorussiaTim: bets $4.76 and is all-in
steinchen: calls $4.76
*** RIVER *** [6d Qs 5s Th] [5h]
*** SHOW DOWN ***
BorussiaTim: shows [5d Jd] (three of a kind, Fives)
steinchen: shows [Ah Qc] (two pair, Queens and Fives)
BorussiaTim collected $33.02 from pot
*** SUMMARY ***
Total pot $33.52 | Rake $0.50
Board [6d Qs 5s Th 5h]
Seat 1: BorussiaTim (big blind) showed [5d Jd] and won ($33.02) with three of a kind, Fives
Seat 9: steinchen (button) (small blind) showed [Ah Qc] and lost with two pair, Queens and Fives


PokerStars Hand #144452144130:  Hold'em Limit ($3/$6 USD) - 2015/11/27 7:20:29 ET
Table 'Gretia III' 10-max Seat #9 is the button
Seat 1: BorussiaTim ($12.02 in chips)
Seat 9: steinchen ($92.67 in chips)
steinchen: posts small blind $1
BorussiaTim: posts big blind $3
*** HOLE CARDS ***
steinchen: raises $3 to $6
BorussiaTim: folds
Uncalled bet ($3) returned to steinchen
steinchen collected $6 from pot
steinchen: doesn't show hand
*** SUMMARY ***
Total pot $6 | Rake $0
Seat 1: BorussiaTim (big blind) folded before Flop
Seat 9: steinchen (button) (small blind) collected ($6)


PokerStars Hand #144452119039:  Hold'em Limit ($3/$6 USD) - 2015/11/27 7:19:39 ET
Table 'Gretia III' 10-max Seat #1 is the button
Seat 1: BorussiaTim ($33.02 in chips)
Seat 9: steinchen ($72.17 in chips)
BorussiaTim: posts small blind $1
steinchen: posts big blind $3
*** HOLE CARDS ***
BorussiaTim: raises $3 to $6
steinchen: calls $3
*** FLOP *** [8d 4c 2d]
steinchen: checks
BorussiaTim: bets $3
B_loJkl leaves the table
B_loJkl joins the table at seat #2
steinchen: raises $3 to $6
BorussiaTim: raises $3 to $9
steinchen: calls $3
*** TURN *** [8d 4c 2d] [Ad]
steinchen: checks
BorussiaTim: checks
*** RIVER *** [8d 4c 2d Ad] [Ks]
steinchen: bets $6
BorussiaTim: calls $6
*** SHOW DOWN ***
steinchen: shows [As 4h] (two pair, Aces and Fours)
BorussiaTim: mucks hand
steinchen collected $41.50 from pot
*** SUMMARY ***
Total pot $42 | Rake $0.50
Board [8d 4c 2d Ad Ks]
Seat 1: BorussiaTim (button) (small blind) mucked
Seat 9: steinchen (big blind) showed [As 4h] and won ($41.50) with two pair, Aces and Fours


PokerStars Hand #144452172080:  Hold'em Limit ($3/$6 USD) - 2015/11/27 7:21:26 ET
Table 'Gretia III' 10-max Seat #2 is the button
Seat 1: BorussiaTim ($8.02 in chips)
Seat 2: B_loJkl ($159.43 in chips)
B_loJkl: posts small blind $1
steinchen: is sitting out
BorussiaTim: posts big blind $3
*** HOLE CARDS ***
B_loJkl: raises $3 to $6
BorussiaTim: raises $2.02 to $8.02 and is all-in
steinchen leaves the table
B_loJkl: calls $2.02
*** FLOP *** [Qh Jd Ts]
*** TURN *** [Qh Jd Ts] [6h]
*** RIVER *** [Qh Jd Ts 6h] [7h]
*** SHOW DOWN ***
BorussiaTim: shows [2s Th] (a pair of Tens)
B_loJkl: shows [Js Ac] (a pair of Jacks)
B_loJkl collected $15.72 from pot
*** SUMMARY ***
Total pot $16.04 | Rake $0.32
Board [Qh Jd Ts 6h 7h]
Seat 1: BorussiaTim (big blind) showed [2s Th] and lost with a pair of Tens
Seat 2: B_loJkl (button) (small blind) showed [Js Ac] and won ($15.72) with a pair of Jacks


