PokerStars Hand #169264787206:  Hold'em Limit ($3/$6 USD) - 2017/04/19 12:24:59 ET
Table 'Gretia' 6-max Seat #4 is the button
Seat 4: Actionni13 ($150 in chips)
Seat 5: degal76 ($71.23 in chips)
Actionni13: posts small blind $1
degal76: posts big blind $3
*** HOLE CARDS ***
Actionni13: raises $3 to $6
degal76: calls $3
*** FLOP *** [8s 8h Ts]
degal76: checks
Actionni13: bets $3
degal76: folds
Uncalled bet ($3) returned to Actionni13
Actionni13 collected $11.76 from pot
B_loJkl joins the table at seat #6
Actionni13: doesn't show hand
*** SUMMARY ***
Total pot $12 | Rake $0.24
Board [8s 8h Ts]
Seat 4: Actionni13 (button) (small blind) collected ($11.76)
Seat 5: degal76 (big blind) folded on the Flop


PokerStars Hand #169265105419:  Hold'em Limit ($3/$6 USD) - 2017/04/19 12:32:07 ET
Table 'Gretia' 6-max Seat #6 is the button
Seat 3: kismespit ($113 in chips)
Seat 6: B_loJkl ($162.46 in chips)
B_loJkl: posts small blind $1
kolaz03: is sitting out
kismespit: posts big blind $3
*** HOLE CARDS ***
B_loJkl: folds
Uncalled bet ($2) returned to kismespit
kismespit collected $2 from pot
*** SUMMARY ***
Total pot $2 | Rake $0
Seat 3: kismespit (big blind) collected ($2)
Seat 6: B_loJkl (button) (small blind) folded before Flop


PokerStars Hand #169270323381:  Hold'em Limit ($3/$6 USD) - 2017/04/19 14:21:24 ET
Table 'Gretia' 6-max Seat #5 is the button
Seat 3: hairy1961 ($50 in chips)
Seat 5: Whatze Phuck ($120 in chips)
Whatze Phuck: posts small blind $1
hairy1961: posts big blind $3
*** HOLE CARDS ***
Whatze Phuck: raises $3 to $6
hairy1961: raises $3 to $9
vestimokrec joins the table at seat #4
Whatze Phuck: calls $3
*** FLOP *** [2d 7h 3h]
hairy1961: bets $3
Whatze Phuck: calls $3
*** TURN *** [2d 7h 3h] [4d]
hairy1961: bets $6
Whatze Phuck: calls $6
*** RIVER *** [2d 7h 3h 4d] [Qh]
hairy1961: bets $6
Whatze Phuck: folds
Uncalled bet ($6) returned to hairy1961
hairy1961 collected $35.50 from pot
*** SUMMARY ***
Total pot $36 | Rake $0.50
Board [2d 7h 3h 4d Qh]
Seat 3: hairy1961 (big blind) collected ($35.50)
Seat 5: Whatze Phuck (button) (small blind) folded on the River


PokerStars Hand #169270953828:  Hold'em Limit ($3/$6 USD) - 2017/04/19 14:33:56 ET
Table 'Gretia' 6-max Seat #2 is the button
Seat 1: krossguard ($225.68 in chips)
Seat 2: LeifiBlomero ($117 in chips)
LeifiBlomero: posts small blind $1
%Lijn5%: is sitting out
vestimokrec: is sitting out
krossguard: posts big blind $3
*** HOLE CARDS ***
LeifiBlomero: raises $3 to $6
krossguard: calls $3
*** FLOP *** [5c 4s Qh]
krossguard: checks
LeifiBlomero: bets $3
krossguard: folds
Uncalled bet ($3) returned to LeifiBlomero
LeifiBlomero collected $11.76 from pot
LeifiBlomero: doesn't show hand
*** SUMMARY ***
Total pot $12 | Rake $0.24
Board [5c 4s Qh]
Seat 1: krossguard (big blind) folded on the Flop
Seat 2: LeifiBlomero (button) (small blind) collected ($11.76)


PokerStars Hand #169270968573:  Hold'em Limit ($3/$6 USD) - 2017/04/19 14:34:14 ET
Table 'Gretia' 6-max Seat #1 is the button
Seat 1: krossguard ($219.68 in chips)
Seat 2: LeifiBlomero ($122.76 in chips)
krossguard: posts small blind $1
LeifiBlomero: posts big blind $3
*** HOLE CARDS ***
krossguard: folds
Uncalled bet ($2) returned to LeifiBlomero
LeifiBlomero collected $2 from pot
LeifiBlomero: doesn't show hand
vestimokrec leaves the table
*** SUMMARY ***
Total pot $2 | Rake $0
Seat 1: krossguard (button) (small blind) folded before Flop
Seat 2: LeifiBlomero (big blind) collected ($2)


PokerStars Hand #169272002073:  Hold'em Limit ($3/$6 USD) - 2017/04/19 14:55:44 ET
Table 'Gretia' 6-max Seat #2 is the button
Seat 1: krossguard ($186.02 in chips)
Seat 2: LeifiBlomero ($166.86 in chips)
LeifiBlomero: posts small blind $1
kismespit: is sitting out
kismespit leaves the table
MilPopov: is sitting out
krossguard: posts big blind $3
*** HOLE CARDS ***
MilPopov leaves the table
LeifiBlomero: raises $3 to $6
krossguard: calls $3
*** FLOP *** [Td 6c Qs]
krossguard: checks
LeifiBlomero: checks
*** TURN *** [Td 6c Qs] [5s]
krossguard: bets $6
LeifiBlomero: raises $6 to $12
krossguard: calls $6
*** RIVER *** [Td 6c Qs 5s] [3d]
krossguard: checks
LeifiBlomero: bets $6
krossguard: folds
Uncalled bet ($6) returned to LeifiBlomero
LeifiBlomero collected $35.50 from pot
LeifiBlomero: doesn't show hand
*** SUMMARY ***
Total pot $36 | Rake $0.50
Board [Td 6c Qs 5s 3d]
Seat 1: krossguard (big blind) folded on the River
Seat 2: LeifiBlomero (button) (small blind) collected ($35.50)


