PokerStars Hand #144430520345:  Hold'em Limit ($3/$6 USD) - 2015/11/26 17:01:09 ET
Table 'Gretia III' 10-max Seat #7 is the button
Seat 1: vestimokrec ($120 in chips)
Seat 7: BuzovaPro ($156.95 in chips)
BuzovaPro: posts small blind $1
MartiniusIII: is sitting out
vestimokrec: posts big blind $3
*** HOLE CARDS ***
MartiniusIII leaves the table
BuzovaPro: raises $3 to $6
vestimokrec: raises $3 to $9
BuzovaPro: calls $3
*** FLOP *** [8h 2c Qs]
vestimokrec: bets $3
BuzovaPro: calls $3
*** TURN *** [8h 2c Qs] [9c]
vestimokrec: bets $6
BuzovaPro: calls $6
*** RIVER *** [8h 2c Qs 9c] [9h]
vestimokrec: bets $6
BuzovaPro: calls $6
*** SHOW DOWN ***
vestimokrec: shows [Qd Jh] (two pair, Queens and Nines)
BuzovaPro: mucks hand
vestimokrec collected $47.50 from pot
*** SUMMARY ***
Total pot $48 | Rake $0.50
Board [8h 2c Qs 9c 9h]
Seat 1: vestimokrec (big blind) showed [Qd Jh] and won ($47.50) with two pair, Queens and Nines
Seat 7: BuzovaPro (button) (small blind) mucked


