PokerStars Hand #172439675374:  Hold'em Limit ($3/$6 USD) - 2017/06/30 16:40:03 ET
Table 'Gretia' 6-max Seat #1 is the button
Seat 1: hookonhook ($246 in chips)
Seat 3: StoneFace007 ($41.44 in chips)
hookonhook: posts small blind $1
StoneFace007: posts big blind $3
*** HOLE CARDS ***
hookonhook: raises $3 to $6
StoneFace007: raises $3 to $9
hookonhook: calls $3
*** FLOP *** [9c 6d Td]
StoneFace007: bets $3
hookonhook: calls $3
*** TURN *** [9c 6d Td] [Qd]
StoneFace007: bets $6
hookonhook: calls $6
*** RIVER *** [9c 6d Td Qd] [3s]
StoneFace007: bets $6
hookonhook: calls $6
*** SHOW DOWN ***
StoneFace007: shows [Kd 8d] (a flush, King high)
hookonhook: mucks hand
StoneFace007 collected $47.50 from pot
*** SUMMARY ***
Total pot $48 | Rake $0.50
Board [9c 6d Td Qd 3s]
Seat 1: hookonhook (button) (small blind) mucked
Seat 3: StoneFace007 (big blind) showed [Kd 8d] and won ($47.50) with a flush, King high


PokerStars Hand #172439666764:  Hold'em Limit ($3/$6 USD) - 2017/06/30 16:39:52 ET
Table 'Gretia' 6-max Seat #3 is the button
Seat 1: hookonhook ($240.24 in chips)
Seat 3: StoneFace007 ($47.44 in chips)
StoneFace007: posts small blind $1
hookonhook: posts big blind $3
*** HOLE CARDS ***
StoneFace007: raises $3 to $6
hookonhook: calls $3
*** FLOP *** [9s 8s Qd]
hookonhook: checks
StoneFace007: checks
*** TURN *** [9s 8s Qd] [4c]
hookonhook: bets $6
StoneFace007: folds
Uncalled bet ($6) returned to hookonhook
hookonhook collected $11.76 from pot
*** SUMMARY ***
Total pot $12 | Rake $0.24
Board [9s 8s Qd 4c]
Seat 1: hookonhook (big blind) collected ($11.76)
Seat 3: StoneFace007 (button) (small blind) folded on the Turn


PokerStars Hand #172439659471:  Hold'em Limit ($3/$6 USD) - 2017/06/30 16:39:42 ET
Table 'Gretia' 6-max Seat #1 is the button
Seat 1: hookonhook ($237.24 in chips)
Seat 3: StoneFace007 ($50.44 in chips)
hookonhook: posts small blind $1
StoneFace007: posts big blind $3
*** HOLE CARDS ***
temujin011 leaves the table
hookonhook: raises $3 to $6
StoneFace007: folds
Uncalled bet ($3) returned to hookonhook
hookonhook collected $6 from pot
*** SUMMARY ***
Total pot $6 | Rake $0
Seat 1: hookonhook (button) (small blind) collected ($6)
Seat 3: StoneFace007 (big blind) folded before Flop


PokerStars Hand #172439718550:  Hold'em Limit ($3/$6 USD) - 2017/06/30 16:41:01 ET
Table 'Gretia' 6-max Seat #3 is the button
Seat 1: hookonhook ($186 in chips)
Seat 3: StoneFace007 ($100.44 in chips)
StoneFace007: posts small blind $1
hookonhook: posts big blind $3
*** HOLE CARDS ***
StoneFace007: raises $3 to $6
hookonhook: calls $3
*** FLOP *** [3d 9h 4h]
hookonhook: checks
StoneFace007: checks
*** TURN *** [3d 9h 4h] [Qd]
hookonhook: checks
StoneFace007: bets $6
hookonhook: folds
Uncalled bet ($6) returned to StoneFace007
StoneFace007 collected $11.76 from pot
*** SUMMARY ***
Total pot $12 | Rake $0.24
Board [3d 9h 4h Qd]
Seat 1: hookonhook (big blind) folded on the Turn
Seat 3: StoneFace007 (button) (small blind) collected ($11.76)


PokerStars Hand #172439696181:  Hold'em Limit ($3/$6 USD) - 2017/06/30 16:40:31 ET
Table 'Gretia' 6-max Seat #1 is the button
Seat 1: hookonhook ($219 in chips)
Seat 3: StoneFace007 ($67.94 in chips)
hookonhook: posts small blind $1
StoneFace007: posts big blind $3
*** HOLE CARDS ***
hookonhook: raises $3 to $6
StoneFace007: calls $3
*** FLOP *** [Jd 5d 6h]
StoneFace007: checks
hookonhook: bets $3
StoneFace007: calls $3
*** TURN *** [Jd 5d 6h] [Kc]
StoneFace007: checks
hookonhook: bets $6
StoneFace007: raises $6 to $12
hookonhook: calls $6
*** RIVER *** [Jd 5d 6h Kc] [Jh]
StoneFace007: bets $6
hookonhook: raises $6 to $12
StoneFace007: calls $6
*** SHOW DOWN ***
hookonhook: shows [5c Ts] (two pair, Jacks and Fives)
StoneFace007: shows [Kd 9s] (two pair, Kings and Jacks)
StoneFace007 collected $65.50 from pot
*** SUMMARY ***
Total pot $66 | Rake $0.50
Board [Jd 5d 6h Kc Jh]
Seat 1: hookonhook (button) (small blind) showed [5c Ts] and lost with two pair, Jacks and Fives
Seat 3: StoneFace007 (big blind) showed [Kd 9s] and won ($65.50) with two pair, Kings and Jacks


PokerStars Hand #172439689500:  Hold'em Limit ($3/$6 USD) - 2017/06/30 16:40:22 ET
Table 'Gretia' 6-max Seat #3 is the button
Seat 1: hookonhook ($222 in chips)
Seat 3: StoneFace007 ($64.94 in chips)
StoneFace007: posts small blind $1
hookonhook: posts big blind $3
*** HOLE CARDS ***
StoneFace007: raises $3 to $6
hookonhook: folds
Uncalled bet ($3) returned to StoneFace007
StoneFace007 collected $6 from pot
*** SUMMARY ***
Total pot $6 | Rake $0
Seat 1: hookonhook (big blind) folded before Flop
Seat 3: StoneFace007 (button) (small blind) collected ($6)


PokerStars Hand #172439745548:  Hold'em Limit ($3/$6 USD) - 2017/06/30 16:41:37 ET
Table 'Gretia' 6-max Seat #3 is the button
Seat 1: hookonhook ($144 in chips)
Seat 3: StoneFace007 ($141.70 in chips)
StoneFace007: posts small blind $1
hookonhook: posts big blind $3
*** HOLE CARDS ***
StoneFace007: raises $3 to $6
hookonhook: calls $3
*** FLOP *** [Ts 2s 5s]
hookonhook: checks
StoneFace007 is disconnected
StoneFace007 has timed out while disconnected
StoneFace007: checks
*** TURN *** [Ts 2s 5s] [7c]
hookonhook: bets $6
StoneFace007 is connected
StoneFace007: calls $6
*** RIVER *** [Ts 2s 5s 7c] [Jh]
hookonhook: bets $6
StoneFace007: folds
Uncalled bet ($6) returned to hookonhook
hookonhook collected $23.52 from pot
*** SUMMARY ***
Total pot $24 | Rake $0.48
Board [Ts 2s 5s 7c Jh]
Seat 1: hookonhook (big blind) collected ($23.52)
Seat 3: StoneFace007 (button) (small blind) folded on the River


PokerStars Hand #172439727608:  Hold'em Limit ($3/$6 USD) - 2017/06/30 16:41:13 ET
Table 'Gretia' 6-max Seat #1 is the button
Seat 1: hookonhook ($180 in chips)
Seat 3: StoneFace007 ($106.20 in chips)
hookonhook: posts small blind $1
StoneFace007: posts big blind $3
*** HOLE CARDS ***
hookonhook: raises $3 to $6
StoneFace007: raises $3 to $9
hookonhook: calls $3
*** FLOP *** [4d Kd 4c]
StoneFace007: bets $3
hookonhook: calls $3
*** TURN *** [4d Kd 4c] [6s]
StoneFace007: bets $6
hookonhook: raises $6 to $12
StoneFace007: calls $6
*** RIVER *** [4d Kd 4c 6s] [4s]
StoneFace007: checks
hookonhook: bets $6
StoneFace007: raises $6 to $12
hookonhook: calls $6
*** SHOW DOWN ***
StoneFace007: shows [7h Kh] (a full house, Fours full of Kings)
hookonhook: mucks hand
StoneFace007 collected $71.50 from pot
*** SUMMARY ***
Total pot $72 | Rake $0.50
Board [4d Kd 4c 6s 4s]
Seat 1: hookonhook (button) (small blind) mucked
Seat 3: StoneFace007 (big blind) showed [7h Kh] and won ($71.50) with a full house, Fours full of Kings


PokerStars Hand #172439805564:  Hold'em Limit ($3/$6 USD) - 2017/06/30 16:42:58 ET
Table 'Gretia' 6-max Seat #3 is the button
Seat 1: hookonhook ($124.52 in chips)
Seat 3: StoneFace007 ($159.96 in chips)
StoneFace007: posts small blind $1
hookonhook: posts big blind $3
*** HOLE CARDS ***
StoneFace007: raises $3 to $6
hookonhook: raises $3 to $9
StoneFace007: calls $3
*** FLOP *** [As 7h 9d]
hookonhook: bets $3
StoneFace007: calls $3
*** TURN *** [As 7h 9d] [9c]
hookonhook: bets $6
StoneFace007: folds
Uncalled bet ($6) returned to hookonhook
hookonhook collected $23.52 from pot
*** SUMMARY ***
Total pot $24 | Rake $0.48
Board [As 7h 9d 9c]
Seat 1: hookonhook (big blind) collected ($23.52)
Seat 3: StoneFace007 (button) (small blind) folded on the Turn


PokerStars Hand #172439802118:  Hold'em Limit ($3/$6 USD) - 2017/06/30 16:42:53 ET
Table 'Gretia' 6-max Seat #1 is the button
Seat 1: hookonhook ($125.52 in chips)
Seat 3: StoneFace007 ($158.96 in chips)
hookonhook: posts small blind $1
StoneFace007: posts big blind $3
*** HOLE CARDS ***
hookonhook: folds
Uncalled bet ($2) returned to StoneFace007
StoneFace007 collected $2 from pot
*** SUMMARY ***
Total pot $2 | Rake $0
Seat 1: hookonhook (button) (small blind) folded before Flop
Seat 3: StoneFace007 (big blind) collected ($2)


PokerStars Hand #172439788159:  Hold'em Limit ($3/$6 USD) - 2017/06/30 16:42:35 ET
Table 'Gretia' 6-max Seat #3 is the button
Seat 1: hookonhook ($131.52 in chips)
Seat 3: StoneFace007 ($153.20 in chips)
StoneFace007: posts small blind $1
hookonhook: posts big blind $3
*** HOLE CARDS ***
StoneFace007: raises $3 to $6
hookonhook: calls $3
*** FLOP *** [Kc Tc 8h]
hookonhook: checks
StoneFace007: bets $3
hookonhook: folds
Uncalled bet ($3) returned to StoneFace007
StoneFace007 collected $11.76 from pot
*** SUMMARY ***
Total pot $12 | Rake $0.24
Board [Kc Tc 8h]
Seat 1: hookonhook (big blind) folded on the Flop
Seat 3: StoneFace007 (button) (small blind) collected ($11.76)


PokerStars Hand #172439773551:  Hold'em Limit ($3/$6 USD) - 2017/06/30 16:42:15 ET
Table 'Gretia' 6-max Seat #1 is the button
Seat 1: hookonhook ($155.52 in chips)
Seat 3: StoneFace007 ($129.70 in chips)
hookonhook: posts small blind $1
StoneFace007: posts big blind $3
*** HOLE CARDS ***
hookonhook: raises $3 to $6
StoneFace007: raises $3 to $9
hookonhook: calls $3
*** FLOP *** [Js 8c 5d]
StoneFace007: bets $3
hookonhook: calls $3
*** TURN *** [Js 8c 5d] [8h]
StoneFace007: bets $6
hookonhook: calls $6
*** RIVER *** [Js 8c 5d 8h] [9d]
StoneFace007: bets $6
hookonhook: calls $6
*** SHOW DOWN ***
StoneFace007: shows [Ac 9c] (two pair, Nines and Eights)
hookonhook: mucks hand
StoneFace007 collected $47.50 from pot
*** SUMMARY ***
Total pot $48 | Rake $0.50
Board [Js 8c 5d 8h 9d]
Seat 1: hookonhook (button) (small blind) mucked
Seat 3: StoneFace007 (big blind) showed [Ac 9c] and won ($47.50) with two pair, Nines and Eights


PokerStars Hand #172439839039:  Hold'em Limit ($3/$6 USD) - 2017/06/30 16:43:42 ET
Table 'Gretia' 6-max Seat #1 is the button
Seat 1: hookonhook ($138.80 in chips)
Seat 3: StoneFace007 ($144.96 in chips)
hookonhook: posts small blind $1
StoneFace007: posts big blind $3
*** HOLE CARDS ***
hookonhook: raises $3 to $6
StoneFace007: calls $3
*** FLOP *** [5d 7h Qh]
StoneFace007: checks
hookonhook: bets $3
StoneFace007: raises $3 to $6
hookonhook: calls $3
*** TURN *** [5d 7h Qh] [9d]
StoneFace007: bets $6
hookonhook: calls $6
*** RIVER *** [5d 7h Qh 9d] [2h]
StoneFace007: bets $6
hookonhook: folds
Uncalled bet ($6) returned to StoneFace007
StoneFace007 collected $35.50 from pot
*** SUMMARY ***
Total pot $36 | Rake $0.50
Board [5d 7h Qh 9d 2h]
Seat 1: hookonhook (button) (small blind) folded on the River
Seat 3: StoneFace007 (big blind) collected ($35.50)


PokerStars Hand #172439834454:  Hold'em Limit ($3/$6 USD) - 2017/06/30 16:43:36 ET
Table 'Gretia' 6-max Seat #3 is the button
Seat 1: hookonhook ($141.80 in chips)
Seat 3: StoneFace007 ($141.96 in chips)
StoneFace007: posts small blind $1
hookonhook: posts big blind $3
*** HOLE CARDS ***
StoneFace007: raises $3 to $6
hookonhook: folds
Uncalled bet ($3) returned to StoneFace007
StoneFace007 collected $6 from pot
*** SUMMARY ***
Total pot $6 | Rake $0
Seat 1: hookonhook (big blind) folded before Flop
Seat 3: StoneFace007 (button) (small blind) collected ($6)


PokerStars Hand #172439817044:  Hold'em Limit ($3/$6 USD) - 2017/06/30 16:43:13 ET
Table 'Gretia' 6-max Seat #1 is the button
Seat 1: hookonhook ($136.04 in chips)
Seat 3: StoneFace007 ($147.96 in chips)
hookonhook: posts small blind $1
StoneFace007: posts big blind $3
*** HOLE CARDS ***
hookonhook: raises $3 to $6
StoneFace007: calls $3
*** FLOP *** [4c Qh Qc]
StoneFace007: checks
hookonhook: checks
*** TURN *** [4c Qh Qc] [5d]
StoneFace007: checks
hookonhook: bets $6
StoneFace007: folds
Uncalled bet ($6) returned to hookonhook
hookonhook collected $11.76 from pot
*** SUMMARY ***
Total pot $12 | Rake $0.24
Board [4c Qh Qc 5d]
Seat 1: hookonhook (button) (small blind) collected ($11.76)
Seat 3: StoneFace007 (big blind) folded on the Turn


PokerStars Hand #172439855185:  Hold'em Limit ($3/$6 USD) - 2017/06/30 16:44:04 ET
Table 'Gretia' 6-max Seat #3 is the button
Seat 1: hookonhook ($120.80 in chips)
Seat 3: StoneFace007 ($162.46 in chips)
StoneFace007: posts small blind $1
hookonhook: posts big blind $3
*** HOLE CARDS ***
StoneFace007: raises $3 to $6
hookonhook: calls $3
*** FLOP *** [5d Jh Th]
hookonhook: checks
StoneFace007: bets $3
hookonhook: calls $3
*** TURN *** [5d Jh Th] [5c]
hookonhook: checks
StoneFace007: bets $6
hookonhook: calls $6
*** RIVER *** [5d Jh Th 5c] [Qd]
hookonhook: checks
StoneFace007: bets $6
hookonhook: folds
Uncalled bet ($6) returned to StoneFace007
StoneFace007 collected $29.50 from pot
*** SUMMARY ***
Total pot $30 | Rake $0.50
Board [5d Jh Th 5c Qd]
Seat 1: hookonhook (big blind) folded on the River
Seat 3: StoneFace007 (button) (small blind) collected ($29.50)


PokerStars Hand #172439890151:  Hold'em Limit ($3/$6 USD) - 2017/06/30 16:44:51 ET
Table 'Gretia' 6-max Seat #1 is the button
Seat 1: hookonhook ($80.80 in chips)
Seat 3: StoneFace007 ($201.46 in chips)
hookonhook: posts small blind $1
StoneFace007: posts big blind $3
*** HOLE CARDS ***
hookonhook: raises $3 to $6
StoneFace007: raises $3 to $9
hookonhook: calls $3
*** FLOP *** [Jh Js 3d]
StoneFace007: bets $3
hookonhook: calls $3
*** TURN *** [Jh Js 3d] [3h]
StoneFace007: bets $6
hookonhook: calls $6
*** RIVER *** [Jh Js 3d 3h] [4h]
StoneFace007: bets $6
hookonhook: raises $6 to $12
StoneFace007: raises $6 to $18
hookonhook: calls $6
*** SHOW DOWN ***
StoneFace007: shows [Jd Kc] (a full house, Jacks full of Threes)
hookonhook: mucks hand
StoneFace007 collected $71.50 from pot
hookonhook leaves the table
*** SUMMARY ***
Total pot $72 | Rake $0.50
Board [Jh Js 3d 3h 4h]
Seat 1: hookonhook (button) (small blind) mucked
Seat 3: StoneFace007 (big blind) showed [Jd Kc] and won ($71.50) with a full house, Jacks full of Threes


PokerStars Hand #172439872151:  Hold'em Limit ($3/$6 USD) - 2017/06/30 16:44:27 ET
Table 'Gretia' 6-max Seat #3 is the button
Seat 1: hookonhook ($104.80 in chips)
Seat 3: StoneFace007 ($177.96 in chips)
StoneFace007: posts small blind $1
hookonhook: posts big blind $3
*** HOLE CARDS ***
StoneFace007: raises $3 to $6
hookonhook: raises $3 to $9
StoneFace007: calls $3
*** FLOP *** [7c 4d 9c]
hookonhook: bets $3
StoneFace007: calls $3
*** TURN *** [7c 4d 9c] [6d]
hookonhook: checks
StoneFace007: bets $6
hookonhook: calls $6
*** RIVER *** [7c 4d 9c 6d] [Kc]
hookonhook: checks
StoneFace007: bets $6
hookonhook: calls $6
*** SHOW DOWN ***
StoneFace007: shows [7s Td] (a pair of Sevens)
hookonhook: mucks hand
StoneFace007 collected $47.50 from pot
*** SUMMARY ***
Total pot $48 | Rake $0.50
Board [7c 4d 9c 6d Kc]
Seat 1: hookonhook (big blind) mucked
Seat 3: StoneFace007 (button) (small blind) showed [7s Td] and won ($47.50) with a pair of Sevens


PokerStars Hand #172439868581:  Hold'em Limit ($3/$6 USD) - 2017/06/30 16:44:22 ET
Table 'Gretia' 6-max Seat #1 is the button
Seat 1: hookonhook ($105.80 in chips)
Seat 3: StoneFace007 ($176.96 in chips)
hookonhook: posts small blind $1
StoneFace007: posts big blind $3
*** HOLE CARDS ***
hookonhook: folds
Uncalled bet ($2) returned to StoneFace007
StoneFace007 collected $2 from pot
*** SUMMARY ***
Total pot $2 | Rake $0
Seat 1: hookonhook (button) (small blind) folded before Flop
Seat 3: StoneFace007 (big blind) collected ($2)


