PokerStars Hand #155654473302:  Hold'em Limit ($3/$6 USD) - 2016/07/06 19:00:07 ET
Table 'Gretia' 6-max Seat #3 is the button
Seat 1: Velbor107 ($276 in chips)
Seat 3: BWTMAGIC ($135.08 in chips)
BWTMAGIC: posts small blind $1
Velbor107: posts big blind $3
*** HOLE CARDS ***
BWTMAGIC: raises $3 to $6
Velbor107: calls $3
*** FLOP *** [Qc 8s 9d]
Velbor107: checks
BWTMAGIC: checks
*** TURN *** [Qc 8s 9d] [9c]
Velbor107: checks
BWTMAGIC: bets $6
Velbor107: calls $6
*** RIVER *** [Qc 8s 9d 9c] [Qs]
Velbor107: checks
BWTMAGIC: checks
*** SHOW DOWN ***
Velbor107: shows [5h Ac] (two pair, Queens and Nines)
BWTMAGIC: mucks hand
Velbor107 collected $23.52 from pot
*** SUMMARY ***
Total pot $24 | Rake $0.48
Board [Qc 8s 9d 9c Qs]
Seat 1: Velbor107 (big blind) showed [5h Ac] and won ($23.52) with two pair, Queens and Nines
Seat 3: BWTMAGIC (button) (small blind) mucked


PokerStars Hand #155654464439:  Hold'em Limit ($3/$6 USD) - 2016/07/06 18:59:49 ET
Table 'Gretia' 6-max Seat #1 is the button
Seat 1: Velbor107 ($285 in chips)
Seat 3: BWTMAGIC ($126.44 in chips)
Velbor107: posts small blind $1
BWTMAGIC: posts big blind $3
*** HOLE CARDS ***
Velbor107: raises $3 to $6
BWTMAGIC: raises $3 to $9
Velbor107: calls $3
*** FLOP *** [2h Ac Js]
BWTMAGIC: bets $3
Velbor107: folds
Uncalled bet ($3) returned to BWTMAGIC
BWTMAGIC collected $17.64 from pot
BWTMAGIC: doesn't show hand
*** SUMMARY ***
Total pot $18 | Rake $0.36
Board [2h Ac Js]
Seat 1: Velbor107 (button) (small blind) folded on the Flop
Seat 3: BWTMAGIC (big blind) collected ($17.64)


PokerStars Hand #155654458371:  Hold'em Limit ($3/$6 USD) - 2016/07/06 18:59:37 ET
Table 'Gretia' 6-max Seat #3 is the button
Seat 1: Velbor107 ($291 in chips)
Seat 3: BWTMAGIC ($120.68 in chips)
BWTMAGIC: posts small blind $1
Velbor107: posts big blind $3
*** HOLE CARDS ***
BWTMAGIC: raises $3 to $6
Velbor107: calls $3
*** FLOP *** [8s Th 2c]
Velbor107: checks
BWTMAGIC: bets $3
Velbor107: folds
Uncalled bet ($3) returned to BWTMAGIC
BWTMAGIC collected $11.76 from pot
BWTMAGIC: doesn't show hand
*** SUMMARY ***
Total pot $12 | Rake $0.24
Board [8s Th 2c]
Seat 1: Velbor107 (big blind) folded on the Flop
Seat 3: BWTMAGIC (button) (small blind) collected ($11.76)


PokerStars Hand #155654449534:  Hold'em Limit ($3/$6 USD) - 2016/07/06 18:59:19 ET
Table 'Gretia' 6-max Seat #1 is the button
Seat 1: Velbor107 ($300 in chips)
Seat 3: BWTMAGIC ($112.04 in chips)
Velbor107: posts small blind $1
BWTMAGIC: posts big blind $3
*** HOLE CARDS ***
Velbor107: raises $3 to $6
BWTMAGIC: calls $3
*** FLOP *** [4h 9c Qs]
BWTMAGIC: checks
Velbor107: bets $3
BWTMAGIC: raises $3 to $6
Velbor107: folds
Uncalled bet ($3) returned to BWTMAGIC
BWTMAGIC collected $17.64 from pot
BWTMAGIC: doesn't show hand
*** SUMMARY ***
Total pot $18 | Rake $0.36
Board [4h 9c Qs]
Seat 1: Velbor107 (button) (small blind) folded on the Flop
Seat 3: BWTMAGIC (big blind) collected ($17.64)


PokerStars Hand #155654499276:  Hold'em Limit ($3/$6 USD) - 2016/07/06 19:00:56 ET
Table 'Gretia' 6-max Seat #3 is the button
Seat 1: Velbor107 ($305.02 in chips)
Seat 3: BWTMAGIC ($105.08 in chips)
BWTMAGIC: posts small blind $1
Velbor107: posts big blind $3
*** HOLE CARDS ***
BWTMAGIC: folds
Uncalled bet ($2) returned to Velbor107
Velbor107 collected $2 from pot
*** SUMMARY ***
Total pot $2 | Rake $0
Seat 1: Velbor107 (big blind) collected ($2)
Seat 3: BWTMAGIC (button) (small blind) folded before Flop


PokerStars Hand #155654485734:  Hold'em Limit ($3/$6 USD) - 2016/07/06 19:00:31 ET
Table 'Gretia' 6-max Seat #1 is the button
Seat 1: Velbor107 ($287.52 in chips)
Seat 3: BWTMAGIC ($123.08 in chips)
Velbor107: posts small blind $1
BWTMAGIC: posts big blind $3
*** HOLE CARDS ***
Velbor107: raises $3 to $6
BWTMAGIC: calls $3
*** FLOP *** [Js Ah 7d]
BWTMAGIC: checks
Velbor107: bets $3
BWTMAGIC: raises $3 to $6
Velbor107: calls $3
*** TURN *** [Js Ah 7d] [8s]
BWTMAGIC: bets $6
Velbor107: raises $6 to $12
BWTMAGIC: folds
Uncalled bet ($6) returned to Velbor107
Velbor107 collected $35.50 from pot
*** SUMMARY ***
Total pot $36 | Rake $0.50
Board [Js Ah 7d 8s]
Seat 1: Velbor107 (button) (small blind) collected ($35.50)
Seat 3: BWTMAGIC (big blind) folded on the Turn


PokerStars Hand #155654533150:  Hold'em Limit ($3/$6 USD) - 2016/07/06 19:01:56 ET
Table 'Gretia' 6-max Seat #3 is the button
Seat 1: Velbor107 ($353.52 in chips)
Seat 3: BWTMAGIC ($56.08 in chips)
BWTMAGIC: posts small blind $1
Velbor107: posts big blind $3
*** HOLE CARDS ***
BWTMAGIC: folds
Uncalled bet ($2) returned to Velbor107
Velbor107 collected $2 from pot
*** SUMMARY ***
Total pot $2 | Rake $0
Seat 1: Velbor107 (big blind) collected ($2)
Seat 3: BWTMAGIC (button) (small blind) folded before Flop


PokerStars Hand #155654502083:  Hold'em Limit ($3/$6 USD) - 2016/07/06 19:01:01 ET
Table 'Gretia' 6-max Seat #1 is the button
Seat 1: Velbor107 ($306.02 in chips)
Seat 3: BWTMAGIC ($104.08 in chips)
Velbor107: posts small blind $1
BWTMAGIC: posts big blind $3
*** HOLE CARDS ***
Velbor107: raises $3 to $6
BWTMAGIC: raises $3 to $9
Velbor107: calls $3
*** FLOP *** [7c 3h 7h]
BWTMAGIC: bets $3
Velbor107: calls $3
*** TURN *** [7c 3h 7h] [Kc]
BWTMAGIC: bets $6
Velbor107: raises $6 to $12
BWTMAGIC: raises $6 to $18
Velbor107: raises $6 to $24
Betting is capped
BWTMAGIC: calls $6
*** RIVER *** [7c 3h 7h Kc] [5c]
BWTMAGIC: bets $6
Velbor107: raises $6 to $12
BWTMAGIC: calls $6
*** SHOW DOWN ***
Velbor107: shows [Ks 7d] (a full house, Sevens full of Kings)
BWTMAGIC: mucks hand
Velbor107 collected $95.50 from pot
*** SUMMARY ***
Total pot $96 | Rake $0.50
Board [7c 3h 7h Kc 5c]
Seat 1: Velbor107 (button) (small blind) showed [Ks 7d] and won ($95.50) with a full house, Sevens full of Kings
Seat 3: BWTMAGIC (big blind) mucked


PokerStars Hand #155654536142:  Hold'em Limit ($3/$6 USD) - 2016/07/06 19:02:02 ET
Table 'Gretia' 6-max Seat #1 is the button
Seat 1: Velbor107 ($354.52 in chips)
Seat 3: BWTMAGIC ($55.08 in chips)
Velbor107: posts small blind $1
BWTMAGIC: posts big blind $3
*** HOLE CARDS ***
Velbor107: raises $3 to $6
BWTMAGIC: raises $3 to $9
Velbor107: calls $3
*** FLOP *** [Ks 8d 7d]
BWTMAGIC: bets $3
Velbor107: calls $3
*** TURN *** [Ks 8d 7d] [5d]
BWTMAGIC: bets $6
Velbor107: calls $6
*** RIVER *** [Ks 8d 7d 5d] [Ts]
BWTMAGIC: checks
Velbor107: bets $6
BWTMAGIC: calls $6
*** SHOW DOWN ***
Velbor107: shows [4h Kc] (a pair of Kings)
BWTMAGIC: mucks hand
Velbor107 collected $47.50 from pot
*** SUMMARY ***
Total pot $48 | Rake $0.50
Board [Ks 8d 7d 5d Ts]
Seat 1: Velbor107 (button) (small blind) showed [4h Kc] and won ($47.50) with a pair of Kings
Seat 3: BWTMAGIC (big blind) mucked


PokerStars Hand #155654611258:  Hold'em Limit ($3/$6 USD) - 2016/07/06 19:04:11 ET
Table 'Gretia' 6-max Seat #3 is the button
Seat 1: Velbor107 ($360.02 in chips)
Seat 3: BWTMAGIC ($48.58 in chips)
BWTMAGIC: posts small blind $1
Velbor107: posts big blind $3
*** HOLE CARDS ***
BWTMAGIC: raises $3 to $6
Velbor107: folds
Uncalled bet ($3) returned to BWTMAGIC
BWTMAGIC collected $6 from pot
BWTMAGIC: doesn't show hand
*** SUMMARY ***
Total pot $6 | Rake $0
Seat 1: Velbor107 (big blind) folded before Flop
Seat 3: BWTMAGIC (button) (small blind) collected ($6)


PokerStars Hand #155654605918:  Hold'em Limit ($3/$6 USD) - 2016/07/06 19:04:02 ET
Table 'Gretia' 6-max Seat #1 is the button
Seat 1: Velbor107 ($357.02 in chips)
Seat 3: BWTMAGIC ($51.58 in chips)
Velbor107: posts small blind $1
BWTMAGIC: posts big blind $3
*** HOLE CARDS ***
Velbor107: raises $3 to $6
BWTMAGIC: folds
Uncalled bet ($3) returned to Velbor107
Velbor107 collected $6 from pot
*** SUMMARY ***
Total pot $6 | Rake $0
Seat 1: Velbor107 (button) (small blind) collected ($6)
Seat 3: BWTMAGIC (big blind) folded before Flop


PokerStars Hand #155654560025:  Hold'em Limit ($3/$6 USD) - 2016/07/06 19:02:43 ET
Table 'Gretia' 6-max Seat #3 is the button
Seat 1: Velbor107 ($378.02 in chips)
Seat 3: BWTMAGIC ($31.08 in chips)
BWTMAGIC: posts small blind $1
Velbor107: posts big blind $3
*** HOLE CARDS ***
BWTMAGIC: raises $3 to $6
Velbor107: calls $3
*** FLOP *** [9h 5d Ks]
Velbor107: checks
BWTMAGIC: bets $3
Velbor107: calls $3
*** TURN *** [9h 5d Ks] [6s]
Velbor107: checks
BWTMAGIC: bets $6
Velbor107: calls $6
*** RIVER *** [9h 5d Ks 6s] [Qc]
Velbor107: checks
BWTMAGIC: bets $6
Velbor107: calls $6
*** SHOW DOWN ***
BWTMAGIC: shows [Kc Th] (a pair of Kings)
Velbor107: mucks hand
BWTMAGIC collected $41.50 from pot
*** SUMMARY ***
Total pot $42 | Rake $0.50
Board [9h 5d Ks 6s Qc]
Seat 1: Velbor107 (big blind) mucked
Seat 3: BWTMAGIC (button) (small blind) showed [Kc Th] and won ($41.50) with a pair of Kings


PokerStars Hand #155654629453:  Hold'em Limit ($3/$6 USD) - 2016/07/06 19:04:42 ET
Table 'Gretia' 6-max Seat #3 is the button
Seat 1: Velbor107 ($380.52 in chips)
Seat 3: BWTMAGIC ($27.58 in chips)
BWTMAGIC: posts small blind $1
Velbor107: posts big blind $3
*** HOLE CARDS ***
BWTMAGIC: raises $3 to $6
Velbor107: calls $3
*** FLOP *** [2s Kh Ah]
Velbor107: checks
BWTMAGIC: bets $3
Chessnok joins the table at seat #4
Velbor107: folds
Uncalled bet ($3) returned to BWTMAGIC
BWTMAGIC collected $11.76 from pot
BWTMAGIC: doesn't show hand
*** SUMMARY ***
Total pot $12 | Rake $0.24
Board [2s Kh Ah]
Seat 1: Velbor107 (big blind) folded on the Flop
Seat 3: BWTMAGIC (button) (small blind) collected ($11.76)


PokerStars Hand #155654614819:  Hold'em Limit ($3/$6 USD) - 2016/07/06 19:04:17 ET
Table 'Gretia' 6-max Seat #1 is the button
Seat 1: Velbor107 ($357.02 in chips)
Seat 3: BWTMAGIC ($51.58 in chips)
Velbor107: posts small blind $1
BWTMAGIC: posts big blind $3
*** HOLE CARDS ***
Velbor107: raises $3 to $6
BWTMAGIC: calls $3
*** FLOP *** [3s 5h Qc]
BWTMAGIC: checks
Velbor107: bets $3
BWTMAGIC: raises $3 to $6
Velbor107: calls $3
*** TURN *** [3s 5h Qc] [Qh]
BWTMAGIC: bets $6
Velbor107: calls $6
*** RIVER *** [3s 5h Qc Qh] [Td]
BWTMAGIC: bets $6
Velbor107: calls $6
*** SHOW DOWN ***
BWTMAGIC: shows [7c 8d] (a pair of Queens)
Velbor107: shows [Kd 6c] (a pair of Queens - King kicker)
Velbor107 collected $47.50 from pot
*** SUMMARY ***
Total pot $48 | Rake $0.50
Board [3s 5h Qc Qh Td]
Seat 1: Velbor107 (button) (small blind) showed [Kd 6c] and won ($47.50) with a pair of Queens
Seat 3: BWTMAGIC (big blind) showed [7c 8d] and lost with a pair of Queens


PokerStars Hand #155654673491:  Hold'em Limit ($3/$6 USD) - 2016/07/06 19:05:58 ET
Table 'Gretia' 6-max Seat #3 is the button
Seat 3: BWTMAGIC ($10.47 in chips)
Seat 4: Chessnok ($115.66 in chips)
BWTMAGIC: posts small blind $1
Chessnok: posts big blind $3
*** HOLE CARDS ***
BWTMAGIC: raises $3 to $6
Chessnok: calls $3
*** FLOP *** [Th 2h Ac]
Chessnok: bets $3
BWTMAGIC: raises $1.47 to $4.47 and is all-in
Chessnok: calls $1.47
*** TURN *** [Th 2h Ac] [2s]
*** RIVER *** [Th 2h Ac 2s] [Tc]
*** SHOW DOWN ***
Chessnok: shows [Kd 8d] (two pair, Tens and Deuces)
BWTMAGIC: shows [9h Jh] (two pair, Tens and Deuces)
Chessnok collected $10.26 from pot
BWTMAGIC collected $10.26 from pot
*** SUMMARY ***
Total pot $20.94 | Rake $0.42
Board [Th 2h Ac 2s Tc]
Seat 3: BWTMAGIC (button) (small blind) showed [9h Jh] and won ($10.26) with two pair, Tens and Deuces
Seat 4: Chessnok (big blind) showed [Kd 8d] and won ($10.26) with two pair, Tens and Deuces


PokerStars Hand #155654666261:  Hold'em Limit ($3/$6 USD) - 2016/07/06 19:05:46 ET
Table 'Gretia' 6-max Seat #4 is the button
Seat 3: BWTMAGIC ($5.34 in chips)
Seat 4: Chessnok ($121 in chips)
Chessnok: posts small blind $1
Velbor107: is sitting out
BWTMAGIC: posts big blind $3
*** HOLE CARDS ***
Chessnok: raises $3 to $6
BWTMAGIC: calls $2.34 and is all-in
Uncalled bet ($0.66) returned to Chessnok
Velbor107 leaves the table
*** FLOP *** [6d Th Ac]
*** TURN *** [6d Th Ac] [4d]
*** RIVER *** [6d Th Ac 4d] [6s]
*** SHOW DOWN ***
BWTMAGIC: shows [Qs Ts] (two pair, Tens and Sixes)
Chessnok: shows [Qc 5c] (a pair of Sixes)
BWTMAGIC collected $10.47 from pot
*** SUMMARY ***
Total pot $10.68 | Rake $0.21
Board [6d Th Ac 4d 6s]
Seat 3: BWTMAGIC (big blind) showed [Qs Ts] and won ($10.47) with two pair, Tens and Sixes
Seat 4: Chessnok (button) (small blind) showed [Qc 5c] and lost with a pair of Sixes


PokerStars Hand #155654643526:  Hold'em Limit ($3/$6 USD) - 2016/07/06 19:05:06 ET
Table 'Gretia' 6-max Seat #1 is the button
Seat 1: Velbor107 ($374.52 in chips)
Seat 3: BWTMAGIC ($33.34 in chips)
Velbor107: posts small blind $1
BWTMAGIC: posts big blind $3
*** HOLE CARDS ***
Velbor107: raises $3 to $6
BWTMAGIC: calls $3
*** FLOP *** [Td 7c 2h]
BWTMAGIC: checks
Velbor107: bets $3
BWTMAGIC: calls $3
*** TURN *** [Td 7c 2h] [5d]
BWTMAGIC: checks
Velbor107: bets $6
BWTMAGIC: calls $6
*** RIVER *** [Td 7c 2h 5d] [Ks]
BWTMAGIC: checks
Velbor107: bets $6
BWTMAGIC: raises $6 to $12
Velbor107: calls $6
*** SHOW DOWN ***
BWTMAGIC: shows [4s 3h] (high card King)
Velbor107: shows [9d Tc] (a pair of Tens)
Velbor107 collected $53.50 from pot
*** SUMMARY ***
Total pot $54 | Rake $0.50
Board [Td 7c 2h 5d Ks]
Seat 1: Velbor107 (button) (small blind) showed [9d Tc] and won ($53.50) with a pair of Tens
Seat 3: BWTMAGIC (big blind) showed [4s 3h] and lost with high card King


PokerStars Hand #155654683752:  Hold'em Limit ($3/$6 USD) - 2016/07/06 19:06:16 ET
Table 'Gretia' 6-max Seat #4 is the button
Seat 3: BWTMAGIC ($10.26 in chips)
Seat 4: Chessnok ($115.45 in chips)
Chessnok: posts small blind $1
BWTMAGIC: posts big blind $3
*** HOLE CARDS ***
Chessnok: raises $3 to $6
BWTMAGIC: raises $3 to $9
Chessnok: calls $3
*** FLOP *** [6d 9d Jh]
BWTMAGIC: bets $1.26 and is all-in
Chessnok: calls $1.26
*** TURN *** [6d 9d Jh] [2c]
*** RIVER *** [6d 9d Jh 2c] [8d]
*** SHOW DOWN ***
BWTMAGIC: shows [Qs 3d] (high card Queen)
Chessnok: shows [9s 6c] (two pair, Nines and Sixes)
Chessnok collected $20.11 from pot
*** SUMMARY ***
Total pot $20.52 | Rake $0.41
Board [6d 9d Jh 2c 8d]
Seat 3: BWTMAGIC (big blind) showed [Qs 3d] and lost with high card Queen
Seat 4: Chessnok (button) (small blind) showed [9s 6c] and won ($20.11) with two pair, Nines and Sixes


