PokerStars Hand #148576730709:  Hold'em Limit ($3/$6 USD) - 2016/02/10 15:06:36 ET
Table 'Grietje III' 6-max Seat #6 is the button
Seat 2: killerfurbel ($292.79 in chips)
Seat 6: 69benji ($132.65 in chips)
69benji: posts small blind $1
killerfurbel: posts big blind $3
*** HOLE CARDS ***
69benji: folds
Uncalled bet ($2) returned to killerfurbel
killerfurbel collected $2 from pot
killerfurbel: doesn't show hand
*** SUMMARY ***
Total pot $2 | Rake $0
Seat 2: killerfurbel (big blind) collected ($2)
Seat 6: 69benji (button) (small blind) folded before Flop


PokerStars Hand #148576722343:  Hold'em Limit ($3/$6 USD) - 2016/02/10 15:06:28 ET
Table 'Grietje III' 6-max Seat #2 is the button
Seat 2: killerfurbel ($289.79 in chips)
Seat 6: 69benji ($135.65 in chips)
killerfurbel: posts small blind $1
69benji: posts big blind $3
*** HOLE CARDS ***
killerfurbel: raises $3 to $6
69benji: folds
Uncalled bet ($3) returned to killerfurbel
killerfurbel collected $6 from pot
killerfurbel: doesn't show hand
*** SUMMARY ***
Total pot $6 | Rake $0
Seat 2: killerfurbel (button) (small blind) collected ($6)
Seat 6: 69benji (big blind) folded before Flop


PokerStars Hand #148576737448:  Hold'em Limit ($3/$6 USD) - 2016/02/10 15:06:42 ET
Table 'Grietje III' 6-max Seat #2 is the button
Seat 2: killerfurbel ($293.79 in chips)
Seat 6: 69benji ($131.65 in chips)
killerfurbel: posts small blind $1
69benji: posts big blind $3
*** HOLE CARDS ***
alasad444 leaves the table
killerfurbel: raises $3 to $6
69benji: calls $3
*** FLOP *** [4c 8s 4d]
69benji: checks
killerfurbel: bets $3
69benji: calls $3
*** TURN *** [4c 8s 4d] [8d]
69benji: checks
killerfurbel: checks
*** RIVER *** [4c 8s 4d 8d] [Kd]
69benji: checks
killerfurbel: bets $6
69benji: calls $6
*** SHOW DOWN ***
killerfurbel: shows [6h Ks] (two pair, Kings and Eights)
69benji: mucks hand
killerfurbel collected $29.50 from pot
*** SUMMARY ***
Total pot $30 | Rake $0.50
Board [4c 8s 4d 8d Kd]
Seat 2: killerfurbel (button) (small blind) showed [6h Ks] and won ($29.50) with two pair, Kings and Eights
Seat 6: 69benji (big blind) mucked


