PokerStars Hand #157884650683:  Hold'em Limit ($3/$6 USD) - 2016/08/29 7:55:58 ET
Table 'Griqua II' 6-max Seat #4 is the button
Seat 1: jememoi ($31.47 in chips)
Seat 4: VolkovDmitri ($125.76 in chips)
VolkovDmitri: posts small blind $1
jememoi: posts big blind $3
*** HOLE CARDS ***
crash19867 joins the table at seat #2
VolkovDmitri: raises $3 to $6
jememoi: folds
Uncalled bet ($3) returned to VolkovDmitri
VolkovDmitri collected $6 from pot
VolkovDmitri: doesn't show hand
*** SUMMARY ***
Total pot $6 | Rake $0
Seat 1: jememoi (big blind) folded before Flop
Seat 4: VolkovDmitri (button) (small blind) collected ($6)


PokerStars Hand #157884641899:  Hold'em Limit ($3/$6 USD) - 2016/08/29 7:55:36 ET
Table 'Griqua II' 6-max Seat #1 is the button
Seat 1: jememoi ($37.47 in chips)
Seat 4: VolkovDmitri ($120 in chips)
jememoi: posts small blind $1
VolkovDmitri: posts big blind $3
*** HOLE CARDS ***
jememoi: raises $3 to $6
VolkovDmitri: calls $3
*** FLOP *** [4d 9h Td]
VolkovDmitri: checks
jememoi: checks
*** TURN *** [4d 9h Td] [Tc]
VolkovDmitri: bets $6
jememoi: folds
Uncalled bet ($6) returned to VolkovDmitri
VolkovDmitri collected $11.76 from pot
VolkovDmitri: doesn't show hand
*** SUMMARY ***
Total pot $12 | Rake $0.24
Board [4d 9h Td Tc]
Seat 1: jememoi (button) (small blind) folded on the Turn
Seat 4: VolkovDmitri (big blind) collected ($11.76)


