PokerStars Hand #161032811266:  Hold'em Limit ($3/$6 USD) - 2016/11/07 5:45:18 ET
Table 'Griqua' 10-max Seat #1 is the button
Seat 1: vitim848 ($110.50 in chips)
Seat 2: kolaz03 ($72 in chips)
vitim848: posts small blind $1
kolaz03: posts big blind $3
*** HOLE CARDS ***
vitim848: raises $3 to $6
kolaz03: calls $3
*** FLOP *** [Jh Kh 3s]
kolaz03: checks
vitim848: bets $3
kolaz03: folds
Uncalled bet ($3) returned to vitim848
vitim848 collected $11.76 from pot
vitim848: doesn't show hand
*** SUMMARY ***
Total pot $12 | Rake $0.24
Board [Jh Kh 3s]
Seat 1: vitim848 (button) (small blind) collected ($11.76)
Seat 2: kolaz03 (big blind) folded on the Flop


PokerStars Hand #161032789467:  Hold'em Limit ($3/$6 USD) - 2016/11/07 5:44:27 ET
Table 'Griqua' 10-max Seat #2 is the button
Seat 1: vitim848 ($90 in chips)
Seat 2: kolaz03 ($72 in chips)
kolaz03: posts small blind $1
VolkovDmitri: is sitting out
vitim848: posts big blind $3
*** HOLE CARDS ***
kolaz03: raises $3 to $6
vitim848: calls $3
*** FLOP *** [9h 7h 2s]
vitim848: checks
kolaz03: bets $3
vitim848: calls $3
*** TURN *** [9h 7h 2s] [8s]
vitim848: checks
kolaz03: bets $6
vitim848: raises $6 to $12
kolaz03: calls $6
*** RIVER *** [9h 7h 2s 8s] [3d]
vitim848: bets $6
kolaz03: folds
Uncalled bet ($6) returned to vitim848
vitim848 collected $41.50 from pot
vitim848: doesn't show hand
*** SUMMARY ***
Total pot $42 | Rake $0.50
Board [9h 7h 2s 8s 3d]
Seat 1: vitim848 (big blind) collected ($41.50)
Seat 2: kolaz03 (button) (small blind) folded on the River


PokerStars Hand #161032835121:  Hold'em Limit ($3/$6 USD) - 2016/11/07 5:46:14 ET
Table 'Griqua' 10-max Seat #1 is the button
Seat 1: vitim848 ($110.26 in chips)
Seat 2: kolaz03 ($77.76 in chips)
vitim848: posts small blind $1
kolaz03: posts big blind $3
*** HOLE CARDS ***
vitim848: raises $3 to $6
kolaz03: calls $3
*** FLOP *** [Jd Kd 6h]
kolaz03: checks
vitim848: bets $3
kolaz03: raises $3 to $6
VolkovDmitri leaves the table
vitim848: calls $3
*** TURN *** [Jd Kd 6h] [Ad]
kolaz03: bets $6
vitim848: raises $6 to $12
kolaz03: raises $6 to $18
vitim848: calls $6
*** RIVER *** [Jd Kd 6h Ad] [5c]
kolaz03: bets $6
vitim848: calls $6
*** SHOW DOWN ***
kolaz03: shows [6d 8d] (a flush, Ace high)
vitim848: mucks hand
kolaz03 collected $71.50 from pot
*** SUMMARY ***
Total pot $72 | Rake $0.50
Board [Jd Kd 6h Ad 5c]
Seat 1: vitim848 (button) (small blind) mucked
Seat 2: kolaz03 (big blind) showed [6d 8d] and won ($71.50) with a flush, Ace high


PokerStars Hand #161032823417:  Hold'em Limit ($3/$6 USD) - 2016/11/07 5:45:46 ET
Table 'Griqua' 10-max Seat #2 is the button
Seat 1: vitim848 ($116.26 in chips)
Seat 2: kolaz03 ($72 in chips)
kolaz03: posts small blind $1
vitim848: posts big blind $3
*** HOLE CARDS ***
kolaz03: raises $3 to $6
vitim848: calls $3
*** FLOP *** [Th As Ac]
vitim848: checks
kolaz03: bets $3
vitim848: folds
Uncalled bet ($3) returned to kolaz03
kolaz03 collected $11.76 from pot
kolaz03: doesn't show hand
*** SUMMARY ***
Total pot $12 | Rake $0.24
Board [Th As Ac]
Seat 1: vitim848 (big blind) folded on the Flop
Seat 2: kolaz03 (button) (small blind) collected ($11.76)


PokerStars Hand #161032867385:  Hold'em Limit ($3/$6 USD) - 2016/11/07 5:47:30 ET
Table 'Griqua' 10-max Seat #1 is the button
Seat 1: vitim848 ($53.26 in chips)
Seat 2: kolaz03 ($133.76 in chips)
vitim848: posts small blind $1
kolaz03: posts big blind $3
*** HOLE CARDS ***
vitim848: folds
Uncalled bet ($2) returned to kolaz03
kolaz03 collected $2 from pot
kolaz03: doesn't show hand
*** SUMMARY ***
Total pot $2 | Rake $0
Seat 1: vitim848 (button) (small blind) folded before Flop
Seat 2: kolaz03 (big blind) collected ($2)


PokerStars Hand #161032851496:  Hold'em Limit ($3/$6 USD) - 2016/11/07 5:46:52 ET
Table 'Griqua' 10-max Seat #2 is the button
Seat 1: vitim848 ($74.26 in chips)
Seat 2: kolaz03 ($113.26 in chips)
kolaz03: posts small blind $1
vitim848: posts big blind $3
*** HOLE CARDS ***
kolaz03: raises $3 to $6
vitim848: calls $3
*** FLOP *** [2h Th As]
vitim848: checks
kolaz03: bets $3
vitim848: calls $3
*** TURN *** [2h Th As] [3h]
vitim848: checks
kolaz03: bets $6
vitim848: calls $6
*** RIVER *** [2h Th As 3h] [6c]
vitim848: checks
kolaz03: bets $6
vitim848: calls $6
*** SHOW DOWN ***
kolaz03: shows [4d Ad] (a pair of Aces)
vitim848: mucks hand
kolaz03 collected $41.50 from pot
*** SUMMARY ***
Total pot $42 | Rake $0.50
Board [2h Th As 3h 6c]
Seat 1: vitim848 (big blind) mucked
Seat 2: kolaz03 (button) (small blind) showed [4d Ad] and won ($41.50) with a pair of Aces


PokerStars Hand #161032893500:  Hold'em Limit ($3/$6 USD) - 2016/11/07 5:48:32 ET
Table 'Griqua' 10-max Seat #2 is the button
Seat 1: vitim848 ($37.02 in chips)
Seat 2: kolaz03 ($149.26 in chips)
kolaz03: posts small blind $1
vitim848: posts big blind $3
*** HOLE CARDS ***
kolaz03: folds
Uncalled bet ($2) returned to vitim848
vitim848 collected $2 from pot
vitim848: doesn't show hand
*** SUMMARY ***
Total pot $2 | Rake $0
Seat 1: vitim848 (big blind) collected ($2)
Seat 2: kolaz03 (button) (small blind) folded before Flop


PokerStars Hand #161032884956:  Hold'em Limit ($3/$6 USD) - 2016/11/07 5:48:12 ET
Table 'Griqua' 10-max Seat #1 is the button
Seat 1: vitim848 ($31.26 in chips)
Seat 2: kolaz03 ($155.26 in chips)
vitim848: posts small blind $1
kolaz03: posts big blind $3
*** HOLE CARDS ***
vitim848: raises $3 to $6
kolaz03: calls $3
*** FLOP *** [Td 7c 9c]
kolaz03: checks
vitim848: bets $3
kolaz03: folds
Uncalled bet ($3) returned to vitim848
vitim848 collected $11.76 from pot
vitim848: doesn't show hand
*** SUMMARY ***
Total pot $12 | Rake $0.24
Board [Td 7c 9c]
Seat 1: vitim848 (button) (small blind) collected ($11.76)
Seat 2: kolaz03 (big blind) folded on the Flop


PokerStars Hand #161032869870:  Hold'em Limit ($3/$6 USD) - 2016/11/07 5:47:36 ET
Table 'Griqua' 10-max Seat #2 is the button
Seat 1: vitim848 ($52.26 in chips)
Seat 2: kolaz03 ($134.76 in chips)
kolaz03: posts small blind $1
vitim848: posts big blind $3
*** HOLE CARDS ***
kolaz03: raises $3 to $6
vitim848: calls $3
*** FLOP *** [3s 2d 7d]
vitim848: checks
kolaz03: bets $3
vitim848: calls $3
*** TURN *** [3s 2d 7d] [Jh]
vitim848: checks
kolaz03: bets $6
vitim848: calls $6
*** RIVER *** [3s 2d 7d Jh] [Ac]
vitim848: checks
kolaz03: bets $6
vitim848: calls $6
*** SHOW DOWN ***
kolaz03: shows [7s Js] (two pair, Jacks and Sevens)
vitim848: mucks hand
kolaz03 collected $41.50 from pot
*** SUMMARY ***
Total pot $42 | Rake $0.50
Board [3s 2d 7d Jh Ac]
Seat 1: vitim848 (big blind) mucked
Seat 2: kolaz03 (button) (small blind) showed [7s Js] and won ($41.50) with two pair, Jacks and Sevens


PokerStars Hand #161032914521:  Hold'em Limit ($3/$6 USD) - 2016/11/07 5:49:22 ET
Table 'Griqua' 10-max Seat #2 is the button
Seat 1: vitim848 ($41.02 in chips)
Seat 2: kolaz03 ($145.26 in chips)
kolaz03: posts small blind $1
vitim848: posts big blind $3
*** HOLE CARDS ***
kolaz03: raises $3 to $6
vitim848: folds
Uncalled bet ($3) returned to kolaz03
kolaz03 collected $6 from pot
kolaz03: doesn't show hand
*** SUMMARY ***
Total pot $6 | Rake $0
Seat 1: vitim848 (big blind) folded before Flop
Seat 2: kolaz03 (button) (small blind) collected ($6)


PokerStars Hand #161032918017:  Hold'em Limit ($3/$6 USD) - 2016/11/07 5:49:30 ET
Table 'Griqua' 10-max Seat #1 is the button
Seat 1: vitim848 ($38.02 in chips)
Seat 2: kolaz03 ($148.26 in chips)
vitim848: posts small blind $1
kolaz03: posts big blind $3
*** HOLE CARDS ***
vitim848: raises $3 to $6
kolaz03: folds
Uncalled bet ($3) returned to vitim848
vitim848 collected $6 from pot
vitim848: doesn't show hand
*** SUMMARY ***
Total pot $6 | Rake $0
Seat 1: vitim848 (button) (small blind) collected ($6)
Seat 2: kolaz03 (big blind) folded before Flop


PokerStars Hand #161032905584:  Hold'em Limit ($3/$6 USD) - 2016/11/07 5:49:01 ET
Table 'Griqua' 10-max Seat #2 is the button
Seat 1: vitim848 ($41.02 in chips)
Seat 2: kolaz03 ($145.26 in chips)
kolaz03: posts small blind $1
vitim848: posts big blind $3
*** HOLE CARDS ***
kolaz03: folds
Uncalled bet ($2) returned to vitim848
vitim848 collected $2 from pot
vitim848: doesn't show hand
*** SUMMARY ***
Total pot $2 | Rake $0
Seat 1: vitim848 (big blind) collected ($2)
Seat 2: kolaz03 (button) (small blind) folded before Flop


PokerStars Hand #161032902201:  Hold'em Limit ($3/$6 USD) - 2016/11/07 5:48:53 ET
Table 'Griqua' 10-max Seat #1 is the button
Seat 1: vitim848 ($38.02 in chips)
Seat 2: kolaz03 ($148.26 in chips)
vitim848: posts small blind $1
kolaz03: posts big blind $3
*** HOLE CARDS ***
vitim848: raises $3 to $6
kolaz03: folds
Uncalled bet ($3) returned to vitim848
vitim848 collected $6 from pot
vitim848: doesn't show hand
*** SUMMARY ***
Total pot $6 | Rake $0
Seat 1: vitim848 (button) (small blind) collected ($6)
Seat 2: kolaz03 (big blind) folded before Flop


PokerStars Hand #161032910995:  Hold'em Limit ($3/$6 USD) - 2016/11/07 5:49:14 ET
Table 'Griqua' 10-max Seat #1 is the button
Seat 1: vitim848 ($42.02 in chips)
Seat 2: kolaz03 ($144.26 in chips)
vitim848: posts small blind $1
kolaz03: posts big blind $3
*** HOLE CARDS ***
vitim848: folds
Uncalled bet ($2) returned to kolaz03
kolaz03 collected $2 from pot
kolaz03: doesn't show hand
*** SUMMARY ***
Total pot $2 | Rake $0
Seat 1: vitim848 (button) (small blind) folded before Flop
Seat 2: kolaz03 (big blind) collected ($2)


PokerStars Hand #161032942028:  Hold'em Limit ($3/$6 USD) - 2016/11/07 5:50:28 ET
Table 'Griqua' 10-max Seat #1 is the button
Seat 1: vitim848 ($32.02 in chips)
Seat 2: kolaz03 ($153.90 in chips)
vitim848: posts small blind $1
kolaz03: posts big blind $3
*** HOLE CARDS ***
vitim848: folds
Uncalled bet ($2) returned to kolaz03
kolaz03 collected $2 from pot
kolaz03: doesn't show hand
*** SUMMARY ***
Total pot $2 | Rake $0
Seat 1: vitim848 (button) (small blind) folded before Flop
Seat 2: kolaz03 (big blind) collected ($2)


PokerStars Hand #161032922430:  Hold'em Limit ($3/$6 USD) - 2016/11/07 5:49:40 ET
Table 'Griqua' 10-max Seat #2 is the button
Seat 1: vitim848 ($41.02 in chips)
Seat 2: kolaz03 ($145.26 in chips)
kolaz03: posts small blind $1
vitim848: posts big blind $3
*** HOLE CARDS ***
kolaz03: raises $3 to $6
vitim848: calls $3
*** FLOP *** [Ts Td 4c]
vitim848: checks
kolaz03: bets $3
vitim848: calls $3
*** TURN *** [Ts Td 4c] [5h]
vitim848: checks
kolaz03: bets $6
vitim848: folds
Uncalled bet ($6) returned to kolaz03
kolaz03 collected $17.64 from pot
kolaz03: doesn't show hand
*** SUMMARY ***
Total pot $18 | Rake $0.36
Board [Ts Td 4c 5h]
Seat 1: vitim848 (big blind) folded on the Turn
Seat 2: kolaz03 (button) (small blind) collected ($17.64)


