PokerStars Hand #159266096025:  Hold'em Limit ($3/$6 USD) - 2016/09/29 19:16:56 ET
Table 'Griqua' 6-max Seat #4 is the button
Seat 4: AzureCaper ($73 in chips)
Seat 6: Kaukadiginte ($63.55 in chips)
AzureCaper: posts small blind $1
Kaukadiginte: posts big blind $3
*** HOLE CARDS ***
AzureCaper: raises $3 to $6
Kaukadiginte: raises $3 to $9
AzureCaper: calls $3
*** FLOP *** [9c Ad 7d]
Kaukadiginte: bets $3
AzureCaper: calls $3
*** TURN *** [9c Ad 7d] [Ks]
Kaukadiginte: bets $6
AzureCaper: calls $6
*** RIVER *** [9c Ad 7d Ks] [Ah]
Kaukadiginte: bets $6
AzureCaper: calls $6
*** SHOW DOWN ***
Kaukadiginte: shows [Qs Ac] (three of a kind, Aces)
AzureCaper: mucks hand
Kaukadiginte collected $47.50 from pot
*** SUMMARY ***
Total pot $48 | Rake $0.50
Board [9c Ad 7d Ks Ah]
Seat 4: AzureCaper (button) (small blind) mucked
Seat 6: Kaukadiginte (big blind) showed [Qs Ac] and won ($47.50) with three of a kind, Aces


PokerStars Hand #159266093482:  Hold'em Limit ($3/$6 USD) - 2016/09/29 19:16:51 ET
Table 'Griqua' 6-max Seat #6 is the button
Seat 4: AzureCaper ($72 in chips)
Seat 6: Kaukadiginte ($64.55 in chips)
Kaukadiginte: posts small blind $1
AzureCaper: posts big blind $3
*** HOLE CARDS ***
Kaukadiginte: folds
Uncalled bet ($2) returned to AzureCaper
AzureCaper collected $2 from pot
AzureCaper: doesn't show hand
*** SUMMARY ***
Total pot $2 | Rake $0
Seat 4: AzureCaper (big blind) collected ($2)
Seat 6: Kaukadiginte (button) (small blind) folded before Flop


PokerStars Hand #159266085632:  Hold'em Limit ($3/$6 USD) - 2016/09/29 19:16:37 ET
Table 'Griqua' 6-max Seat #4 is the button
Seat 4: AzureCaper ($73 in chips)
Seat 6: Kaukadiginte ($55.91 in chips)
AzureCaper: posts small blind $1
Kaukadiginte: posts big blind $3
*** HOLE CARDS ***
AzureCaper: raises $3 to $6
Kaukadiginte: calls $3
*** FLOP *** [Jh Jd Ks]
Kaukadiginte: checks
AzureCaper: bets $3
Kaukadiginte: calls $3
*** TURN *** [Jh Jd Ks] [8s]
Kaukadiginte: bets $6
AzureCaper: folds
Uncalled bet ($6) returned to Kaukadiginte
Kaukadiginte collected $17.64 from pot
Kaukadiginte: doesn't show hand
*** SUMMARY ***
Total pot $18 | Rake $0.36
Board [Jh Jd Ks 8s]
Seat 4: AzureCaper (button) (small blind) folded on the Turn
Seat 6: Kaukadiginte (big blind) collected ($17.64)


PokerStars Hand #159266115185:  Hold'em Limit ($3/$6 USD) - 2016/09/29 19:17:30 ET
Table 'Griqua' 6-max Seat #6 is the button
Seat 4: AzureCaper ($72 in chips)
Seat 6: Kaukadiginte ($90.93 in chips)
Kaukadiginte: posts small blind $1
AzureCaper: posts big blind $3
*** HOLE CARDS ***
Kaukadiginte: folds
Uncalled bet ($2) returned to AzureCaper
AzureCaper collected $2 from pot
AzureCaper: doesn't show hand
*** SUMMARY ***
Total pot $2 | Rake $0
Seat 4: AzureCaper (big blind) collected ($2)
Seat 6: Kaukadiginte (button) (small blind) folded before Flop


PokerStars Hand #159266112297:  Hold'em Limit ($3/$6 USD) - 2016/09/29 19:17:25 ET
Table 'Griqua' 6-max Seat #4 is the button
Seat 4: AzureCaper ($72 in chips)
Seat 6: Kaukadiginte ($89.93 in chips)
AzureCaper: posts small blind $1
Kaukadiginte: posts big blind $3
*** HOLE CARDS ***
AzureCaper: folds
Uncalled bet ($2) returned to Kaukadiginte
Kaukadiginte collected $2 from pot
Kaukadiginte: doesn't show hand
*** SUMMARY ***
Total pot $2 | Rake $0
Seat 4: AzureCaper (button) (small blind) folded before Flop
Seat 6: Kaukadiginte (big blind) collected ($2)


PokerStars Hand #159266123950:  Hold'em Limit ($3/$6 USD) - 2016/09/29 19:17:46 ET
Table 'Griqua' 6-max Seat #6 is the button
Seat 4: AzureCaper ($76 in chips)
Seat 6: Kaukadiginte ($86.93 in chips)
Kaukadiginte: posts small blind $1
AzureCaper: posts big blind $3
*** HOLE CARDS ***
Kaukadiginte: folds
Uncalled bet ($2) returned to AzureCaper
Kaukadiginte leaves the table
AzureCaper collected $2 from pot
AzureCaper: doesn't show hand
*** SUMMARY ***
Total pot $2 | Rake $0
Seat 4: AzureCaper (big blind) collected ($2)
Seat 6: Kaukadiginte (button) (small blind) folded before Flop


PokerStars Hand #159266117945:  Hold'em Limit ($3/$6 USD) - 2016/09/29 19:17:35 ET
Table 'Griqua' 6-max Seat #4 is the button
Seat 4: AzureCaper ($73 in chips)
Seat 6: Kaukadiginte ($89.93 in chips)
AzureCaper: posts small blind $1
Kaukadiginte: posts big blind $3
*** HOLE CARDS ***
AzureCaper: raises $3 to $6
Kaukadiginte: folds
Uncalled bet ($3) returned to AzureCaper
AzureCaper collected $6 from pot
AzureCaper: doesn't show hand
*** SUMMARY ***
Total pot $6 | Rake $0
Seat 4: AzureCaper (button) (small blind) collected ($6)
Seat 6: Kaukadiginte (big blind) folded before Flop


PokerStars Hand #159266104785:  Hold'em Limit ($3/$6 USD) - 2016/09/29 19:17:11 ET
Table 'Griqua' 6-max Seat #6 is the button
Seat 4: AzureCaper ($72 in chips)
Seat 6: Kaukadiginte ($87.05 in chips)
Kaukadiginte: posts small blind $1
AzureCaper: posts big blind $3
*** HOLE CARDS ***
Kaukadiginte: calls $2
AzureCaper: checks
*** FLOP *** [8c 9s Th]
AzureCaper: checks
Kaukadiginte: checks
*** TURN *** [8c 9s Th] [6c]
AzureCaper: checks
Kaukadiginte: bets $6
AzureCaper: folds
Uncalled bet ($6) returned to Kaukadiginte
Kaukadiginte collected $5.88 from pot
Kaukadiginte: doesn't show hand
*** SUMMARY ***
Total pot $6 | Rake $0.12
Board [8c 9s Th 6c]
Seat 4: AzureCaper (big blind) folded on the Turn
Seat 6: Kaukadiginte (button) (small blind) collected ($5.88)


