PokerStars Hand #152614108225:  Hold'em Limit ($3/$6 USD) - 2016/04/29 12:31:26 ET
Table 'Griqua' 6-max Seat #2 is the button
Seat 2: Volondemort ($51.02 in chips)
Seat 4: vestimokrec ($120 in chips)
Volondemort: posts small blind $1
vestimokrec: posts big blind $3
*** HOLE CARDS ***
Volondemort: folds
Uncalled bet ($2) returned to vestimokrec
vestimokrec collected $2 from pot
vestimokrec: doesn't show hand
*** SUMMARY ***
Total pot $2 | Rake $0
Seat 2: Volondemort (button) (small blind) folded before Flop
Seat 4: vestimokrec (big blind) collected ($2)


PokerStars Hand #152614105401:  Hold'em Limit ($3/$6 USD) - 2016/04/29 12:31:22 ET
Table 'Griqua' 6-max Seat #4 is the button
Seat 2: Volondemort ($50.02 in chips)
Seat 4: vestimokrec ($120 in chips)
vestimokrec: posts small blind $1
Volondemort: posts big blind $3
*** HOLE CARDS ***
vestimokrec: folds
Uncalled bet ($2) returned to Volondemort
Volondemort collected $2 from pot
*** SUMMARY ***
Total pot $2 | Rake $0
Seat 2: Volondemort (big blind) collected ($2)
Seat 4: vestimokrec (button) (small blind) folded before Flop


PokerStars Hand #152614056658:  Hold'em Limit ($3/$6 USD) - 2016/04/29 12:30:13 ET
Table 'Griqua' 6-max Seat #2 is the button
Seat 2: Volondemort ($35.52 in chips)
Seat 4: vestimokrec ($120 in chips)
Volondemort: posts small blind $1
vestimokrec: posts big blind $3
*** HOLE CARDS ***
Volondemort: raises $3 to $6
vestimokrec: calls $3
*** FLOP *** [Js 9h 2c]
vestimokrec: checks
Volondemort: bets $3
vestimokrec: calls $3
*** TURN *** [Js 9h 2c] [Th]
vestimokrec: checks
Volondemort: bets $6
vestimokrec: calls $6
*** RIVER *** [Js 9h 2c Th] [6c]
vestimokrec: checks
Volondemort: bets $6
vestimokrec: folds
Uncalled bet ($6) returned to Volondemort
Volondemort collected $29.50 from pot
*** SUMMARY ***
Total pot $30 | Rake $0.50
Board [Js 9h 2c Th 6c]
Seat 2: Volondemort (button) (small blind) collected ($29.50)
Seat 4: vestimokrec (big blind) folded on the River


