PokerStars Hand #160957052658:  Hold'em Limit ($3/$6 USD) - 2016/11/05 17:15:41 ET
Table 'Griqua' 10-max Seat #9 is the button
Seat 5: Juari69 ($146.50 in chips)
Seat 9: GoliafUa ($93 in chips)
GoliafUa: posts small blind $1
Juari69: posts big blind $3
*** HOLE CARDS ***
GoliafUa: raises $3 to $6
Juari69: folds
Uncalled bet ($3) returned to GoliafUa
GoliafUa collected $6 from pot
GoliafUa: doesn't show hand
*** SUMMARY ***
Total pot $6 | Rake $0
Seat 5: Juari69 (big blind) folded before Flop
Seat 9: GoliafUa (button) (small blind) collected ($6)


PokerStars Hand #160957024262:  Hold'em Limit ($3/$6 USD) - 2016/11/05 17:15:10 ET
Table 'Griqua' 10-max Seat #5 is the button
Seat 5: Juari69 ($120 in chips)
Seat 9: GoliafUa ($120 in chips)
Juari69: posts small blind $1
GoliafUa: posts big blind $3
*** HOLE CARDS ***
Juari69: calls $2
GoliafUa: raises $3 to $6
Juari69: calls $3
*** FLOP *** [8d Kc 7h]
GoliafUa: bets $3
Juari69: calls $3
*** TURN *** [8d Kc 7h] [Jc]
GoliafUa: bets $6
Juari69: calls $6
*** RIVER *** [8d Kc 7h Jc] [7s]
GoliafUa: bets $6
Juari69: raises $6 to $12
GoliafUa: calls $6
*** SHOW DOWN ***
Juari69: shows [2c 7c] (three of a kind, Sevens)
GoliafUa: mucks hand
Juari69 collected $53.50 from pot
*** SUMMARY ***
Total pot $54 | Rake $0.50
Board [8d Kc 7h Jc 7s]
Seat 5: Juari69 (button) (small blind) showed [2c 7c] and won ($53.50) with three of a kind, Sevens
Seat 9: GoliafUa (big blind) mucked


PokerStars Hand #160957091189:  Hold'em Limit ($3/$6 USD) - 2016/11/05 17:16:24 ET
Table 'Griqua' 10-max Seat #5 is the button
Seat 5: Juari69 ($131.26 in chips)
Seat 9: GoliafUa ($107.50 in chips)
Juari69: posts small blind $1
GoliafUa: posts big blind $3
*** HOLE CARDS ***
Juari69: folds
Uncalled bet ($2) returned to GoliafUa
GoliafUa collected $2 from pot
GoliafUa: doesn't show hand
*** SUMMARY ***
Total pot $2 | Rake $0
Seat 5: Juari69 (button) (small blind) folded before Flop
Seat 9: GoliafUa (big blind) collected ($2)


PokerStars Hand #160957077992:  Hold'em Limit ($3/$6 USD) - 2016/11/05 17:16:09 ET
Table 'Griqua' 10-max Seat #9 is the button
Seat 5: Juari69 ($125.50 in chips)
Seat 9: GoliafUa ($113.50 in chips)
GoliafUa: posts small blind $1
Juari69: posts big blind $3
*** HOLE CARDS ***
GoliafUa: raises $3 to $6
Juari69: calls $3
*** FLOP *** [8c Tc Ad]
Juari69: bets $3
GoliafUa: folds
Uncalled bet ($3) returned to Juari69
Juari69 collected $11.76 from pot
Juari69: doesn't show hand
*** SUMMARY ***
Total pot $12 | Rake $0.24
Board [8c Tc Ad]
Seat 5: Juari69 (big blind) collected ($11.76)
Seat 9: GoliafUa (button) (small blind) folded on the Flop


PokerStars Hand #160957058617:  Hold'em Limit ($3/$6 USD) - 2016/11/05 17:15:48 ET
Table 'Griqua' 10-max Seat #5 is the button
Seat 5: Juari69 ($143.50 in chips)
Seat 9: GoliafUa ($96 in chips)
Juari69: posts small blind $1
GoliafUa: posts big blind $3
*** HOLE CARDS ***
Juari69: raises $3 to $6
GoliafUa: calls $3
*** FLOP *** [9h 5s 3d]
GoliafUa: checks
Juari69: checks
*** TURN *** [9h 5s 3d] [9d]
GoliafUa: bets $6
Juari69: calls $6
*** RIVER *** [9h 5s 3d 9d] [4h]
GoliafUa: bets $6
Juari69: calls $6
*** SHOW DOWN ***
GoliafUa: shows [Ks 5c] (two pair, Nines and Fives)
Juari69: mucks hand
GoliafUa collected $35.50 from pot
*** SUMMARY ***
Total pot $36 | Rake $0.50
Board [9h 5s 3d 9d 4h]
Seat 5: Juari69 (button) (small blind) mucked
Seat 9: GoliafUa (big blind) showed [Ks 5c] and won ($35.50) with two pair, Nines and Fives


PokerStars Hand #160957151438:  Hold'em Limit ($3/$6 USD) - 2016/11/05 17:17:30 ET
Table 'Griqua' 10-max Seat #9 is the button
Seat 5: Juari69 ($91.02 in chips)
Seat 9: GoliafUa ($147 in chips)
GoliafUa: posts small blind $1
Juari69: posts big blind $3
*** HOLE CARDS ***
GoliafUa: folds
Uncalled bet ($2) returned to Juari69
Juari69 collected $2 from pot
*** SUMMARY ***
Total pot $2 | Rake $0
Seat 5: Juari69 (big blind) collected ($2)
Seat 9: GoliafUa (button) (small blind) folded before Flop


PokerStars Hand #160957134387:  Hold'em Limit ($3/$6 USD) - 2016/11/05 17:17:11 ET
Table 'Griqua' 10-max Seat #5 is the button
Seat 5: Juari69 ($85.26 in chips)
Seat 9: GoliafUa ($153 in chips)
Juari69: posts small blind $1
GoliafUa: posts big blind $3
*** HOLE CARDS ***
Juari69: calls $2
GoliafUa: checks
*** FLOP *** [Js 6c Kc]
GoliafUa: checks
Juari69: bets $3
GoliafUa: calls $3
*** TURN *** [Js 6c Kc] [7h]
GoliafUa: checks
Juari69: bets $6
GoliafUa: folds
Uncalled bet ($6) returned to Juari69
Juari69 collected $11.76 from pot
Juari69: doesn't show hand
*** SUMMARY ***
Total pot $12 | Rake $0.24
Board [Js 6c Kc 7h]
Seat 5: Juari69 (button) (small blind) collected ($11.76)
Seat 9: GoliafUa (big blind) folded on the Turn


PokerStars Hand #160957098528:  Hold'em Limit ($3/$6 USD) - 2016/11/05 17:16:32 ET
Table 'Griqua' 10-max Seat #9 is the button
Seat 5: Juari69 ($130.26 in chips)
Seat 9: GoliafUa ($108.50 in chips)
GoliafUa: posts small blind $1
Juari69: posts big blind $3
*** HOLE CARDS ***
GoliafUa: raises $3 to $6
Juari69: raises $3 to $9
GoliafUa: raises $3 to $12
Betting is capped
Juari69: calls $3
*** FLOP *** [As 8h 8d]
Juari69: bets $3
GoliafUa: calls $3
*** TURN *** [As 8h 8d] [Jh]
Juari69: bets $6
GoliafUa: raises $6 to $12
Juari69: raises $6 to $18
GoliafUa: raises $6 to $24
Betting is capped
Juari69: calls $6
*** RIVER *** [As 8h 8d Jh] [4c]
Juari69: checks
GoliafUa: bets $6
Juari69: calls $6
*** SHOW DOWN ***
GoliafUa: shows [Ad Jd] (two pair, Aces and Jacks)
Juari69: mucks hand
GoliafUa collected $89.50 from pot
*** SUMMARY ***
Total pot $90 | Rake $0.50
Board [As 8h 8d Jh 4c]
Seat 5: Juari69 (big blind) mucked
Seat 9: GoliafUa (button) (small blind) showed [Ad Jd] and won ($89.50) with two pair, Aces and Jacks


PokerStars Hand #160957219779:  Hold'em Limit ($3/$6 USD) - 2016/11/05 17:18:46 ET
Table 'Griqua' 10-max Seat #5 is the button
Seat 5: Juari69 ($80.52 in chips)
Seat 9: GoliafUa ($156.50 in chips)
Juari69: posts small blind $1
GoliafUa: posts big blind $3
*** HOLE CARDS ***
Juari69: raises $3 to $6
GoliafUa: calls $3
*** FLOP *** [Ks 4s 3c]
GoliafUa: checks
Juari69: bets $3
GoliafUa: calls $3
*** TURN *** [Ks 4s 3c] [Kc]
GoliafUa: checks
Juari69: bets $6
GoliafUa: folds
Uncalled bet ($6) returned to Juari69
Juari69 collected $17.64 from pot
Juari69: doesn't show hand
*** SUMMARY ***
Total pot $18 | Rake $0.36
Board [Ks 4s 3c Kc]
Seat 5: Juari69 (button) (small blind) collected ($17.64)
Seat 9: GoliafUa (big blind) folded on the Turn


PokerStars Hand #160957214874:  Hold'em Limit ($3/$6 USD) - 2016/11/05 17:18:41 ET
Table 'Griqua' 10-max Seat #9 is the button
Seat 5: Juari69 ($79.52 in chips)
Seat 9: GoliafUa ($157.50 in chips)
GoliafUa: posts small blind $1
Juari69: posts big blind $3
*** HOLE CARDS ***
GoliafUa: folds
Uncalled bet ($2) returned to Juari69
Juari69 collected $2 from pot
*** SUMMARY ***
Total pot $2 | Rake $0
Seat 5: Juari69 (big blind) collected ($2)
Seat 9: GoliafUa (button) (small blind) folded before Flop


PokerStars Hand #160957189850:  Hold'em Limit ($3/$6 USD) - 2016/11/05 17:18:13 ET
Table 'Griqua' 10-max Seat #5 is the button
Seat 5: Juari69 ($65.02 in chips)
Seat 9: GoliafUa ($172.50 in chips)
Juari69: posts small blind $1
GoliafUa: posts big blind $3
*** HOLE CARDS ***
Juari69: raises $3 to $6
GoliafUa: calls $3
*** FLOP *** [5h 3d 6c]
GoliafUa: checks
Juari69: bets $3
GoliafUa: calls $3
*** TURN *** [5h 3d 6c] [3h]
GoliafUa: checks
Juari69: bets $6
GoliafUa: calls $6
*** RIVER *** [5h 3d 6c 3h] [4s]
GoliafUa: checks
Juari69: bets $6
GoliafUa: folds
Uncalled bet ($6) returned to Juari69
Juari69 collected $29.50 from pot
*** SUMMARY ***
Total pot $30 | Rake $0.50
Board [5h 3d 6c 3h 4s]
Seat 5: Juari69 (button) (small blind) collected ($29.50)
Seat 9: GoliafUa (big blind) folded on the River


PokerStars Hand #160957183621:  Hold'em Limit ($3/$6 USD) - 2016/11/05 17:18:06 ET
Table 'Griqua' 10-max Seat #9 is the button
Seat 5: Juari69 ($68.02 in chips)
Seat 9: GoliafUa ($169.50 in chips)
GoliafUa: posts small blind $1
Juari69: posts big blind $3
*** HOLE CARDS ***
GoliafUa: raises $3 to $6
Juari69: folds
Uncalled bet ($3) returned to GoliafUa
GoliafUa collected $6 from pot
GoliafUa: doesn't show hand
*** SUMMARY ***
Total pot $6 | Rake $0
Seat 5: Juari69 (big blind) folded before Flop
Seat 9: GoliafUa (button) (small blind) collected ($6)


PokerStars Hand #160957163674:  Hold'em Limit ($3/$6 USD) - 2016/11/05 17:17:44 ET
Table 'Griqua' 10-max Seat #5 is the button
Seat 5: Juari69 ($92.02 in chips)
Seat 9: GoliafUa ($146 in chips)
Juari69: posts small blind $1
GoliafUa: posts big blind $3
*** HOLE CARDS ***
Juari69: calls $2
GoliafUa: checks
*** FLOP *** [2d 5h Ts]
GoliafUa: bets $3
Juari69: calls $3
*** TURN *** [2d 5h Ts] [Ad]
GoliafUa: bets $6
Juari69: raises $6 to $12
GoliafUa: calls $6
*** RIVER *** [2d 5h Ts Ad] [5d]
GoliafUa: checks
Juari69: bets $6
GoliafUa: calls $6
*** SHOW DOWN ***
Juari69: shows [Kd 6h] (a pair of Fives)
GoliafUa: shows [Tc 7d] (two pair, Tens and Fives)
GoliafUa collected $47.50 from pot
*** SUMMARY ***
Total pot $48 | Rake $0.50
Board [2d 5h Ts Ad 5d]
Seat 5: Juari69 (button) (small blind) showed [Kd 6h] and lost with a pair of Fives
Seat 9: GoliafUa (big blind) showed [Tc 7d] and won ($47.50) with two pair, Tens and Fives


PokerStars Hand #160957257683:  Hold'em Limit ($3/$6 USD) - 2016/11/05 17:19:28 ET
Table 'Griqua' 10-max Seat #9 is the button
Seat 5: Juari69 ($96.80 in chips)
Seat 9: GoliafUa ($139.50 in chips)
GoliafUa: posts small blind $1
Juari69: posts big blind $3
*** HOLE CARDS ***
GoliafUa: raises $3 to $6
Juari69: raises $3 to $9
GoliafUa: calls $3
*** FLOP *** [Jd 2c Qh]
Juari69: bets $3
GoliafUa: folds
Uncalled bet ($3) returned to Juari69
Juari69 collected $17.64 from pot
Juari69: doesn't show hand
*** SUMMARY ***
Total pot $18 | Rake $0.36
Board [Jd 2c Qh]
Seat 5: Juari69 (big blind) collected ($17.64)
Seat 9: GoliafUa (button) (small blind) folded on the Flop


PokerStars Hand #160957252279:  Hold'em Limit ($3/$6 USD) - 2016/11/05 17:19:22 ET
Table 'Griqua' 10-max Seat #5 is the button
Seat 5: Juari69 ($97.80 in chips)
Seat 9: GoliafUa ($138.50 in chips)
Juari69: posts small blind $1
GoliafUa: posts big blind $3
*** HOLE CARDS ***
Juari69: folds
Uncalled bet ($2) returned to GoliafUa
GoliafUa collected $2 from pot
GoliafUa: doesn't show hand
*** SUMMARY ***
Total pot $2 | Rake $0
Seat 5: Juari69 (button) (small blind) folded before Flop
Seat 9: GoliafUa (big blind) collected ($2)


PokerStars Hand #160957235095:  Hold'em Limit ($3/$6 USD) - 2016/11/05 17:19:03 ET
Table 'Griqua' 10-max Seat #9 is the button
Seat 5: Juari69 ($89.16 in chips)
Seat 9: GoliafUa ($147.50 in chips)
GoliafUa: posts small blind $1
Juari69: posts big blind $3
*** HOLE CARDS ***
GoliafUa: raises $3 to $6
Juari69: raises $3 to $9
GoliafUa: calls $3
*** FLOP *** [Kh Kd Jh]
Juari69: checks
GoliafUa: checks
*** TURN *** [Kh Kd Jh] [Qs]
Juari69: bets $6
GoliafUa: folds
Uncalled bet ($6) returned to Juari69
Juari69 collected $17.64 from pot
Juari69: doesn't show hand
*** SUMMARY ***
Total pot $18 | Rake $0.36
Board [Kh Kd Jh Qs]
Seat 5: Juari69 (big blind) collected ($17.64)
Seat 9: GoliafUa (button) (small blind) folded on the Turn


PokerStars Hand #160957332892:  Hold'em Limit ($3/$6 USD) - 2016/11/05 17:20:52 ET
Table 'Griqua' 10-max Seat #9 is the button
Seat 5: Juari69 ($137.46 in chips)
Seat 9: GoliafUa ($97.50 in chips)
GoliafUa: posts small blind $1
Juari69: posts big blind $3
*** HOLE CARDS ***
GoliafUa: raises $3 to $6
Juari69: calls $3
*** FLOP *** [Ts 8s Ac]
Juari69: checks
GoliafUa: bets $3
Juari69: folds
Uncalled bet ($3) returned to GoliafUa
GoliafUa collected $11.76 from pot
GoliafUa: doesn't show hand
*** SUMMARY ***
Total pot $12 | Rake $0.24
Board [Ts 8s Ac]
Seat 5: Juari69 (big blind) folded on the Flop
Seat 9: GoliafUa (button) (small blind) collected ($11.76)


PokerStars Hand #160957348160:  Hold'em Limit ($3/$6 USD) - 2016/11/05 17:21:09 ET
Table 'Griqua' 10-max Seat #5 is the button
Seat 5: Juari69 ($131.46 in chips)
Seat 9: GoliafUa ($103.26 in chips)
Juari69: posts small blind $1
GoliafUa: posts big blind $3
*** HOLE CARDS ***
Juari69: folds
Uncalled bet ($2) returned to GoliafUa
Juari69 leaves the table
GoliafUa collected $2 from pot
GoliafUa: doesn't show hand
*** SUMMARY ***
Total pot $2 | Rake $0
Seat 5: Juari69 (button) (small blind) folded before Flop
Seat 9: GoliafUa (big blind) collected ($2)


PokerStars Hand #160957280160:  Hold'em Limit ($3/$6 USD) - 2016/11/05 17:19:53 ET
Table 'Griqua' 10-max Seat #5 is the button
Seat 5: Juari69 ($105.44 in chips)
Seat 9: GoliafUa ($130.50 in chips)
Juari69: posts small blind $1
GoliafUa: posts big blind $3
*** HOLE CARDS ***
Juari69: raises $3 to $6
GoliafUa: calls $3
*** FLOP *** [Ah Ks Qc]
GoliafUa: checks
Juari69: bets $3
GoliafUa: calls $3
*** TURN *** [Ah Ks Qc] [7c]
GoliafUa: checks
Juari69: bets $6
GoliafUa: calls $6
*** RIVER *** [Ah Ks Qc 7c] [6c]
GoliafUa: checks
Juari69: bets $6
GoliafUa: calls $6
*** SHOW DOWN ***
Juari69: shows [As 9c] (a pair of Aces)
GoliafUa: mucks hand
Juari69 collected $41.50 from pot
*** SUMMARY ***
Total pot $42 | Rake $0.50
Board [Ah Ks Qc 7c 6c]
Seat 5: Juari69 (button) (small blind) showed [As 9c] and won ($41.50) with a pair of Aces
Seat 9: GoliafUa (big blind) mucked


PokerStars Hand #160957302589:  Hold'em Limit ($3/$6 USD) - 2016/11/05 17:20:18 ET
Table 'Griqua' 10-max Seat #9 is the button
Seat 5: Juari69 ($125.94 in chips)
Seat 9: GoliafUa ($109.50 in chips)
GoliafUa: posts small blind $1
Juari69: posts big blind $3
*** HOLE CARDS ***
GoliafUa: raises $3 to $6
Juari69: raises $3 to $9
GoliafUa: calls $3
*** FLOP *** [3d 8d Ah]
Juari69: bets $3
GoliafUa: folds
Uncalled bet ($3) returned to Juari69
Juari69 collected $17.64 from pot
Juari69: doesn't show hand
*** SUMMARY ***
Total pot $18 | Rake $0.36
Board [3d 8d Ah]
Seat 5: Juari69 (big blind) collected ($17.64)
Seat 9: GoliafUa (button) (small blind) folded on the Flop


