PokerStars Hand #160980372483:  Hold'em Limit ($3/$6 USD) - 2016/11/06 6:02:21 ET
Table 'Griqua' 10-max Seat #6 is the button
Seat 1: xywz089 ($199.26 in chips)
Seat 6: assitoni ($89.50 in chips)
assitoni: posts small blind $1
xywz089: posts big blind $3
*** HOLE CARDS ***
assitoni: folds
Uncalled bet ($2) returned to xywz089
kolaz03 joins the table at seat #2
xywz089 collected $2 from pot
*** SUMMARY ***
Total pot $2 | Rake $0
Seat 1: xywz089 (big blind) collected ($2)
Seat 6: assitoni (button) (small blind) folded before Flop


PokerStars Hand #160980356989:  Hold'em Limit ($3/$6 USD) - 2016/11/06 6:01:51 ET
Table 'Griqua' 10-max Seat #1 is the button
Seat 1: xywz089 ($217.26 in chips)
Seat 6: assitoni ($72 in chips)
xywz089: posts small blind $1
assitoni: posts big blind $3
*** HOLE CARDS ***
xywz089: raises $3 to $6
assitoni: raises $3 to $9
xywz089: calls $3
*** FLOP *** [Jd Qh 8d]
assitoni: bets $3
xywz089: calls $3
*** TURN *** [Jd Qh 8d] [7c]
assitoni: bets $6
xywz089: calls $6
*** RIVER *** [Jd Qh 8d 7c] [4h]
assitoni: bets $6
xywz089: folds
Uncalled bet ($6) returned to assitoni
assitoni collected $35.50 from pot
assitoni: doesn't show hand
*** SUMMARY ***
Total pot $36 | Rake $0.50
Board [Jd Qh 8d 7c 4h]
Seat 1: xywz089 (button) (small blind) folded on the River
Seat 6: assitoni (big blind) collected ($35.50)


PokerStars Hand #160980415471:  Hold'em Limit ($3/$6 USD) - 2016/11/06 6:03:44 ET
Table 'Griqua' 10-max Seat #2 is the button
Seat 1: xywz089 ($195.76 in chips)
Seat 2: kolaz03 ($89.50 in chips)
kolaz03: posts small blind $1
xywz089: posts big blind $3
*** HOLE CARDS ***
kolaz03: raises $3 to $6
xywz089: calls $3
*** FLOP *** [4h Kd 3s]
xywz089: bets $3
kolaz03: calls $3
*** TURN *** [4h Kd 3s] [9d]
xywz089: bets $6
kolaz03: raises $6 to $12
xywz089: calls $6
*** RIVER *** [4h Kd 3s 9d] [Qs]
xywz089: checks
kolaz03: bets $6
xywz089: folds
Uncalled bet ($6) returned to kolaz03
kolaz03 collected $41.50 from pot
kolaz03: doesn't show hand
*** SUMMARY ***
Total pot $42 | Rake $0.50
Board [4h Kd 3s 9d Qs]
Seat 1: xywz089 (big blind) folded on the River
Seat 2: kolaz03 (button) (small blind) collected ($41.50)


PokerStars Hand #160980405768:  Hold'em Limit ($3/$6 USD) - 2016/11/06 6:03:25 ET
Table 'Griqua' 10-max Seat #1 is the button
Seat 1: xywz089 ($213.76 in chips)
Seat 2: kolaz03 ($72 in chips)
xywz089: posts small blind $1
kolaz03: posts big blind $3
*** HOLE CARDS ***
xywz089: calls $2
kolaz03: raises $3 to $6
xywz089: raises $3 to $9
kolaz03: calls $3
*** FLOP *** [8h 8c Jc]
kolaz03: checks
xywz089: bets $3
kolaz03: calls $3
*** TURN *** [8h 8c Jc] [Ah]
kolaz03: checks
xywz089: bets $6
kolaz03: calls $6
*** RIVER *** [8h 8c Jc Ah] [Kd]
kolaz03: checks
xywz089: checks
*** SHOW DOWN ***
kolaz03: shows [Qc Kc] (two pair, Kings and Eights)
xywz089: mucks hand
kolaz03 collected $35.50 from pot
*** SUMMARY ***
Total pot $36 | Rake $0.50
Board [8h 8c Jc Ah Kd]
Seat 1: xywz089 (button) (small blind) mucked
Seat 2: kolaz03 (big blind) showed [Qc Kc] and won ($35.50) with two pair, Kings and Eights


PokerStars Hand #160980380782:  Hold'em Limit ($3/$6 USD) - 2016/11/06 6:02:37 ET
Table 'Griqua' 10-max Seat #2 is the button
Seat 1: xywz089 ($199.26 in chips)
Seat 2: kolaz03 ($73 in chips)
kolaz03: posts small blind $1
assitoni: is sitting out
xywz089: posts big blind $3
*** HOLE CARDS ***
kolaz03: raises $3 to $6
xywz089: calls $3
*** FLOP *** [8c 3h 9d]
xywz089: checks
kolaz03: bets $3
xywz089: calls $3
*** TURN *** [8c 3h 9d] [4c]
xywz089: checks
kolaz03: checks
*** RIVER *** [8c 3h 9d 4c] [8d]
xywz089: bets $6
kolaz03: calls $6
*** SHOW DOWN ***
xywz089: shows [9c 7d] (two pair, Nines and Eights)
kolaz03: mucks hand
xywz089 collected $29.50 from pot
*** SUMMARY ***
Total pot $30 | Rake $0.50
Board [8c 3h 9d 4c 8d]
Seat 1: xywz089 (big blind) showed [9c 7d] and won ($29.50) with two pair, Nines and Eights
Seat 2: kolaz03 (button) (small blind) mucked


PokerStars Hand #160980451481:  Hold'em Limit ($3/$6 USD) - 2016/11/06 6:04:53 ET
Table 'Griqua' 10-max Seat #1 is the button
Seat 1: xywz089 ($168.40 in chips)
Seat 2: kolaz03 ($115.50 in chips)
xywz089: posts small blind $1
kolaz03: posts big blind $3
*** HOLE CARDS ***
xywz089: raises $3 to $6
kolaz03: raises $3 to $9
xywz089: calls $3
*** FLOP *** [Qd As Jc]
kolaz03: bets $3
xywz089: folds
Uncalled bet ($3) returned to kolaz03
kolaz03 collected $17.64 from pot
kolaz03: doesn't show hand
*** SUMMARY ***
Total pot $18 | Rake $0.36
Board [Qd As Jc]
Seat 1: xywz089 (button) (small blind) folded on the Flop
Seat 2: kolaz03 (big blind) collected ($17.64)


PokerStars Hand #160980428043:  Hold'em Limit ($3/$6 USD) - 2016/11/06 6:04:08 ET
Table 'Griqua' 10-max Seat #1 is the button
Seat 1: xywz089 ($174.76 in chips)
Seat 2: kolaz03 ($110 in chips)
xywz089: posts small blind $1
kolaz03: posts big blind $3
*** HOLE CARDS ***
xywz089: raises $3 to $6
kolaz03: calls $3
*** FLOP *** [5h 8c 2s]
kolaz03: checks
xywz089: bets $3
kolaz03: calls $3
*** TURN *** [5h 8c 2s] [Jc]
kolaz03: checks
xywz089: bets $6
kolaz03: folds
Uncalled bet ($6) returned to xywz089
xywz089 collected $17.64 from pot
*** SUMMARY ***
Total pot $18 | Rake $0.36
Board [5h 8c 2s Jc]
Seat 1: xywz089 (button) (small blind) collected ($17.64)
Seat 2: kolaz03 (big blind) folded on the Turn


PokerStars Hand #160980463746:  Hold'em Limit ($3/$6 USD) - 2016/11/06 6:05:16 ET
Table 'Griqua' 10-max Seat #1 is the button
Seat 1: xywz089 ($168.04 in chips)
Seat 2: kolaz03 ($115.14 in chips)
xywz089: posts small blind $1
kolaz03: posts big blind $3
*** HOLE CARDS ***
xywz089: raises $3 to $6
kolaz03: calls $3
*** FLOP *** [Ts 9s 6c]
kolaz03: checks
xywz089: bets $3
kolaz03: raises $3 to $6
xywz089: raises $3 to $9
kolaz03: raises $3 to $12
Betting is capped
xywz089: calls $3
*** TURN *** [Ts 9s 6c] [Kc]
kolaz03: checks
xywz089: bets $6
kolaz03: calls $6
*** RIVER *** [Ts 9s 6c Kc] [9h]
kolaz03: checks
xywz089: bets $6
kolaz03: calls $6
*** SHOW DOWN ***
xywz089: shows [Th 9c] (a full house, Nines full of Tens)
kolaz03: mucks hand
xywz089 collected $59.50 from pot
*** SUMMARY ***
Total pot $60 | Rake $0.50
Board [Ts 9s 6c Kc 9h]
Seat 1: xywz089 (button) (small blind) showed [Th 9c] and won ($59.50) with a full house, Nines full of Tens
Seat 2: kolaz03 (big blind) mucked


PokerStars Hand #160980458360:  Hold'em Limit ($3/$6 USD) - 2016/11/06 6:05:06 ET
Table 'Griqua' 10-max Seat #2 is the button
Seat 1: xywz089 ($159.40 in chips)
Seat 2: kolaz03 ($124.14 in chips)
kolaz03: posts small blind $1
xywz089: posts big blind $3
*** HOLE CARDS ***
kolaz03: raises $3 to $6
xywz089: raises $3 to $9
kolaz03: calls $3
*** FLOP *** [Td Qc 6d]
xywz089: bets $3
kolaz03: folds
Uncalled bet ($3) returned to xywz089
xywz089 collected $17.64 from pot
*** SUMMARY ***
Total pot $18 | Rake $0.36
Board [Td Qc 6d]
Seat 1: xywz089 (big blind) collected ($17.64)
Seat 2: kolaz03 (button) (small blind) folded on the Flop


PokerStars Hand #160980507755:  Hold'em Limit ($3/$6 USD) - 2016/11/06 6:06:40 ET
Table 'Griqua' 10-max Seat #2 is the button
Seat 1: xywz089 ($209.04 in chips)
Seat 2: kolaz03 ($72.78 in chips)
kolaz03: posts small blind $1
xywz089: posts big blind $3
*** HOLE CARDS ***
kolaz03: raises $3 to $6
xywz089: folds
Uncalled bet ($3) returned to kolaz03
kolaz03 collected $6 from pot
kolaz03: doesn't show hand
*** SUMMARY ***
Total pot $6 | Rake $0
Seat 1: xywz089 (big blind) folded before Flop
Seat 2: kolaz03 (button) (small blind) collected ($6)


PokerStars Hand #160980496109:  Hold'em Limit ($3/$6 USD) - 2016/11/06 6:06:17 ET
Table 'Griqua' 10-max Seat #1 is the button
Seat 1: xywz089 ($188.54 in chips)
Seat 2: kolaz03 ($93.78 in chips)
xywz089: posts small blind $1
kolaz03: posts big blind $3
*** HOLE CARDS ***
xywz089: raises $3 to $6
kolaz03: raises $3 to $9
xywz089: calls $3
*** FLOP *** [5c 8h 3d]
kolaz03: bets $3
xywz089: raises $3 to $6
kolaz03: calls $3
*** TURN *** [5c 8h 3d] [2s]
kolaz03: checks
xywz089: bets $6
kolaz03: calls $6
*** RIVER *** [5c 8h 3d 2s] [7h]
kolaz03: checks
xywz089: checks
*** SHOW DOWN ***
kolaz03: shows [Ah Tc] (high card Ace)
xywz089: shows [Th 2h] (a pair of Deuces)
xywz089 collected $41.50 from pot
*** SUMMARY ***
Total pot $42 | Rake $0.50
Board [5c 8h 3d 2s 7h]
Seat 1: xywz089 (button) (small blind) showed [Th 2h] and won ($41.50) with a pair of Deuces
Seat 2: kolaz03 (big blind) showed [Ah Tc] and lost with high card Ace


PokerStars Hand #160980485372:  Hold'em Limit ($3/$6 USD) - 2016/11/06 6:05:57 ET
Table 'Griqua' 10-max Seat #2 is the button
Seat 1: xywz089 ($197.54 in chips)
Seat 2: kolaz03 ($85.14 in chips)
kolaz03: posts small blind $1
xywz089: posts big blind $3
*** HOLE CARDS ***
kolaz03: raises $3 to $6
xywz089: calls $3
*** FLOP *** [9h 5s 5d]
xywz089: checks
kolaz03: bets $3
xywz089: calls $3
*** TURN *** [9h 5s 5d] [3c]
xywz089: checks
kolaz03: checks
*** RIVER *** [9h 5s 5d 3c] [2c]
xywz089: checks
kolaz03: checks
*** SHOW DOWN ***
xywz089: shows [7h Js] (a pair of Fives)
kolaz03: shows [Kh 4s] (a pair of Fives - King kicker)
kolaz03 collected $17.64 from pot
*** SUMMARY ***
Total pot $18 | Rake $0.36
Board [9h 5s 5d 3c 2c]
Seat 1: xywz089 (big blind) showed [7h Js] and lost with a pair of Fives
Seat 2: kolaz03 (button) (small blind) showed [Kh 4s] and won ($17.64) with a pair of Fives


PokerStars Hand #160980523636:  Hold'em Limit ($3/$6 USD) - 2016/11/06 6:07:10 ET
Table 'Griqua' 10-max Seat #1 is the button
Seat 1: xywz089 ($206.04 in chips)
Seat 2: kolaz03 ($75.78 in chips)
xywz089: posts small blind $1
kolaz03: posts big blind $3
*** HOLE CARDS ***
xywz089: raises $3 to $6
kolaz03: calls $3
*** FLOP *** [4c Qs 9h]
kolaz03: checks
xywz089: checks
*** TURN *** [4c Qs 9h] [Ah]
kolaz03: checks
xywz089: bets $6
kolaz03: raises $6 to $12
xywz089: calls $6
*** RIVER *** [4c Qs 9h Ah] [Ad]
kolaz03: checks
xywz089: bets $6
kolaz03: raises $6 to $12
xywz089: calls $6
*** SHOW DOWN ***
kolaz03: shows [As 4h] (a full house, Aces full of Fours)
GlobalChance joins the table at seat #10
xywz089: mucks hand
kolaz03 collected $59.50 from pot
*** SUMMARY ***
Total pot $60 | Rake $0.50
Board [4c Qs 9h Ah Ad]
Seat 1: xywz089 (button) (small blind) mucked
Seat 2: kolaz03 (big blind) showed [As 4h] and won ($59.50) with a full house, Aces full of Fours


PokerStars Hand #160980577982:  Hold'em Limit ($3/$6 USD) - 2016/11/06 6:08:54 ET
Table 'Griqua' 10-max Seat #1 is the button
Seat 1: xywz089 ($197.85 in chips)
Seat 10: GlobalChance ($119.50 in chips)
xywz089: posts small blind $1
GlobalChance: posts big blind $3
*** HOLE CARDS ***
xywz089: raises $3 to $6
GlobalChance: calls $3
*** FLOP *** [Qs 6c Jc]
GlobalChance: checks
xywz089: bets $3
GlobalChance: folds
Uncalled bet ($3) returned to xywz089
xywz089 collected $11.76 from pot
*** SUMMARY ***
Total pot $12 | Rake $0.24
Board [Qs 6c Jc]
Seat 1: xywz089 (button) (small blind) collected ($11.76)
Seat 10: GlobalChance (big blind) folded on the Flop


PokerStars Hand #160980570184:  Hold'em Limit ($3/$6 USD) - 2016/11/06 6:08:39 ET
Table 'Griqua' 10-max Seat #10 is the button
Seat 1: xywz089 ($212.85 in chips)
Seat 10: GlobalChance ($105 in chips)
GlobalChance: posts small blind $1
xywz089: posts big blind $3
*** HOLE CARDS ***
GlobalChance: raises $3 to $6
xywz089: calls $3
*** FLOP *** [Jd Js 2h]
xywz089: bets $3
GlobalChance: calls $3
*** TURN *** [Jd Js 2h] [7s]
xywz089: bets $6
GlobalChance: calls $6
*** RIVER *** [Jd Js 2h 7s] [Kh]
xywz089: checks
GlobalChance: checks
*** SHOW DOWN ***
xywz089: shows [9d Qc] (a pair of Jacks)
GlobalChance: shows [Ah 3d] (a pair of Jacks - Ace kicker)
GlobalChance collected $29.50 from pot
*** SUMMARY ***
Total pot $30 | Rake $0.50
Board [Jd Js 2h 7s Kh]
Seat 1: xywz089 (big blind) showed [9d Qc] and lost with a pair of Jacks
Seat 10: GlobalChance (button) (small blind) showed [Ah 3d] and won ($29.50) with a pair of Jacks


PokerStars Hand #160980564626:  Hold'em Limit ($3/$6 USD) - 2016/11/06 6:08:28 ET
Table 'Griqua' 10-max Seat #1 is the button
Seat 1: xywz089 ($209.97 in chips)
Seat 10: GlobalChance ($108 in chips)
xywz089: posts small blind $1
kolaz03: is sitting out
GlobalChance: posts big blind $3
*** HOLE CARDS ***
xywz089: calls $2
kolaz03 leaves the table
GlobalChance: checks
*** FLOP *** [7s Ks Ad]
GlobalChance: checks
xywz089: bets $3
GlobalChance: folds
Uncalled bet ($3) returned to xywz089
xywz089 collected $5.88 from pot
*** SUMMARY ***
Total pot $6 | Rake $0.12
Board [7s Ks Ad]
Seat 1: xywz089 (button) (small blind) collected ($5.88)
Seat 10: GlobalChance (big blind) folded on the Flop


PokerStars Hand #160980602897:  Hold'em Limit ($3/$6 USD) - 2016/11/06 6:09:42 ET
Table 'Griqua' 10-max Seat #1 is the button
Seat 1: xywz089 ($170.61 in chips)
Seat 10: GlobalChance ($145.76 in chips)
xywz089: posts small blind $1
GlobalChance: posts big blind $3
*** HOLE CARDS ***
xywz089: raises $3 to $6
GlobalChance: raises $3 to $9
xywz089: calls $3
*** FLOP *** [6d 8d Qh]
GlobalChance: bets $3
xywz089: calls $3
*** TURN *** [6d 8d Qh] [Jh]
GlobalChance: bets $6
xywz089: calls $6
*** RIVER *** [6d 8d Qh Jh] [7d]
GlobalChance: checks
xywz089: bets $6
GlobalChance: calls $6
*** SHOW DOWN ***
xywz089: shows [5c 8h] (a pair of Eights)
GlobalChance: mucks hand
xywz089 collected $47.50 from pot
*** SUMMARY ***
Total pot $48 | Rake $0.50
Board [6d 8d Qh Jh 7d]
Seat 1: xywz089 (button) (small blind) showed [5c 8h] and won ($47.50) with a pair of Eights
Seat 10: GlobalChance (big blind) mucked


PokerStars Hand #160980597858:  Hold'em Limit ($3/$6 USD) - 2016/11/06 6:09:32 ET
Table 'Griqua' 10-max Seat #10 is the button
Seat 1: xywz089 ($176.61 in chips)
Seat 10: GlobalChance ($140 in chips)
GlobalChance: posts small blind $1
xywz089: posts big blind $3
*** HOLE CARDS ***
GlobalChance: raises $3 to $6
xywz089: calls $3
*** FLOP *** [Kh Jd 2h]
xywz089: checks
GlobalChance: bets $3
xywz089: folds
Uncalled bet ($3) returned to GlobalChance
GlobalChance collected $11.76 from pot
GlobalChance: doesn't show hand
*** SUMMARY ***
Total pot $12 | Rake $0.24
Board [Kh Jd 2h]
Seat 1: xywz089 (big blind) folded on the Flop
Seat 10: GlobalChance (button) (small blind) collected ($11.76)


PokerStars Hand #160980591659:  Hold'em Limit ($3/$6 USD) - 2016/11/06 6:09:20 ET
Table 'Griqua' 10-max Seat #1 is the button
Seat 1: xywz089 ($173.61 in chips)
Seat 10: GlobalChance ($143 in chips)
xywz089: posts small blind $1
GlobalChance: posts big blind $3
*** HOLE CARDS ***
xywz089: raises $3 to $6
GlobalChance: folds
Uncalled bet ($3) returned to xywz089
xywz089 collected $6 from pot
*** SUMMARY ***
Total pot $6 | Rake $0
Seat 1: xywz089 (button) (small blind) collected ($6)
Seat 10: GlobalChance (big blind) folded before Flop


PokerStars Hand #160980582638:  Hold'em Limit ($3/$6 USD) - 2016/11/06 6:09:03 ET
Table 'Griqua' 10-max Seat #10 is the button
Seat 1: xywz089 ($203.61 in chips)
Seat 10: GlobalChance ($113.50 in chips)
GlobalChance: posts small blind $1
xywz089: posts big blind $3
*** HOLE CARDS ***
GlobalChance: raises $3 to $6
xywz089: raises $3 to $9
GlobalChance: calls $3
*** FLOP *** [8h 5s 4d]
xywz089: bets $3
GlobalChance: calls $3
*** TURN *** [8h 5s 4d] [9h]
xywz089: bets $6
GlobalChance: raises $6 to $12
xywz089: calls $6
*** RIVER *** [8h 5s 4d 9h] [5c]
xywz089: checks
GlobalChance: bets $6
xywz089: calls $6
*** SHOW DOWN ***
GlobalChance: shows [6h 5h] (three of a kind, Fives)
xywz089: shows [Ah 7h] (a pair of Fives)
GlobalChance collected $59.50 from pot
*** SUMMARY ***
Total pot $60 | Rake $0.50
Board [8h 5s 4d 9h 5c]
Seat 1: xywz089 (big blind) showed [Ah 7h] and lost with a pair of Fives
Seat 10: GlobalChance (button) (small blind) showed [6h 5h] and won ($59.50) with three of a kind, Fives


PokerStars Hand #160980643996:  Hold'em Limit ($3/$6 USD) - 2016/11/06 6:11:01 ET
Table 'Griqua' 10-max Seat #1 is the button
Seat 1: xywz089 ($261.63 in chips)
Seat 10: GlobalChance ($52.76 in chips)
xywz089: posts small blind $1
GlobalChance: posts big blind $3
*** HOLE CARDS ***
xywz089: raises $3 to $6
GlobalChance: calls $3
*** FLOP *** [5s Qd Kc]
GlobalChance: checks
xywz089: bets $3
GlobalChance: folds
Uncalled bet ($3) returned to xywz089
xywz089 collected $11.76 from pot
*** SUMMARY ***
Total pot $12 | Rake $0.24
Board [5s Qd Kc]
Seat 1: xywz089 (button) (small blind) collected ($11.76)
Seat 10: GlobalChance (big blind) folded on the Flop


PokerStars Hand #160980632530:  Hold'em Limit ($3/$6 USD) - 2016/11/06 6:10:38 ET
Table 'Griqua' 10-max Seat #10 is the button
Seat 1: xywz089 ($250.11 in chips)
Seat 10: GlobalChance ($64.76 in chips)
GlobalChance: posts small blind $1
xywz089: posts big blind $3
*** HOLE CARDS ***
GlobalChance: raises $3 to $6
xywz089: calls $3
*** FLOP *** [6s Kh Ks]
xywz089: checks
GlobalChance: bets $3
xywz089: raises $3 to $6
GlobalChance: calls $3
*** TURN *** [6s Kh Ks] [Ah]
xywz089: bets $6
GlobalChance: folds
Uncalled bet ($6) returned to xywz089
xywz089 collected $23.52 from pot
*** SUMMARY ***
Total pot $24 | Rake $0.48
Board [6s Kh Ks Ah]
Seat 1: xywz089 (big blind) collected ($23.52)
Seat 10: GlobalChance (button) (small blind) folded on the Turn


PokerStars Hand #160980622838:  Hold'em Limit ($3/$6 USD) - 2016/11/06 6:10:19 ET
Table 'Griqua' 10-max Seat #1 is the button
Seat 1: xywz089 ($226.61 in chips)
Seat 10: GlobalChance ($88.76 in chips)
xywz089: posts small blind $1
GlobalChance: posts big blind $3
*** HOLE CARDS ***
xywz089: raises $3 to $6
GlobalChance: calls $3
*** FLOP *** [5c 2c 7h]
GlobalChance: checks
xywz089: bets $3
GlobalChance: raises $3 to $6
xywz089: raises $3 to $9
GlobalChance: raises $3 to $12
Betting is capped
xywz089: calls $3
*** TURN *** [5c 2c 7h] [Ac]
GlobalChance: bets $6
xywz089: calls $6
*** RIVER *** [5c 2c 7h Ac] [Qd]
GlobalChance: checks
xywz089: checks
*** SHOW DOWN ***
GlobalChance: shows [5d 3d] (a pair of Fives)
xywz089: shows [Js 7c] (a pair of Sevens)
xywz089 collected $47.50 from pot
*** SUMMARY ***
Total pot $48 | Rake $0.50
Board [5c 2c 7h Ac Qd]
Seat 1: xywz089 (button) (small blind) showed [Js 7c] and won ($47.50) with a pair of Sevens
Seat 10: GlobalChance (big blind) showed [5d 3d] and lost with a pair of Fives


PokerStars Hand #160980612137:  Hold'em Limit ($3/$6 USD) - 2016/11/06 6:09:59 ET
Table 'Griqua' 10-max Seat #10 is the button
Seat 1: xywz089 ($194.11 in chips)
Seat 10: GlobalChance ($121.76 in chips)
GlobalChance: posts small blind $1
xywz089: posts big blind $3
*** HOLE CARDS ***
GlobalChance: raises $3 to $6
xywz089: calls $3
*** FLOP *** [6c Qd 2c]
xywz089: bets $3
GlobalChance: calls $3
*** TURN *** [6c Qd 2c] [8h]
xywz089: bets $6
GlobalChance: raises $6 to $12
xywz089: calls $6
*** RIVER *** [6c Qd 2c 8h] [9d]
xywz089: checks
GlobalChance: bets $6
xywz089: raises $6 to $12
GlobalChance: calls $6
*** SHOW DOWN ***
xywz089: shows [5c 7d] (a straight, Five to Nine)
GlobalChance: mucks hand
xywz089 collected $65.50 from pot
*** SUMMARY ***
Total pot $66 | Rake $0.50
Board [6c Qd 2c 8h 9d]
Seat 1: xywz089 (big blind) showed [5c 7d] and won ($65.50) with a straight, Five to Nine
Seat 10: GlobalChance (button) (small blind) mucked


PokerStars Hand #160980676628:  Hold'em Limit ($3/$6 USD) - 2016/11/06 6:12:03 ET
Table 'Griqua' 10-max Seat #10 is the button
Seat 1: xywz089 ($236.03 in chips)
Seat 10: GlobalChance ($136.90 in chips)
GlobalChance: posts small blind $1
xywz089: posts big blind $3
*** HOLE CARDS ***
GlobalChance: folds
Uncalled bet ($2) returned to xywz089
xywz089 collected $2 from pot
*** SUMMARY ***
Total pot $2 | Rake $0
Seat 1: xywz089 (big blind) collected ($2)
Seat 10: GlobalChance (button) (small blind) folded before Flop


PokerStars Hand #160980666486:  Hold'em Limit ($3/$6 USD) - 2016/11/06 6:11:44 ET
Table 'Griqua' 10-max Seat #1 is the button
Seat 1: xywz089 ($266.03 in chips)
Seat 10: GlobalChance ($107.40 in chips)
xywz089: posts small blind $1
GlobalChance: posts big blind $3
*** HOLE CARDS ***
xywz089: raises $3 to $6
GlobalChance: raises $3 to $9
xywz089: calls $3
*** FLOP *** [2h Qh 9h]
GlobalChance: bets $3
xywz089: calls $3
*** TURN *** [2h Qh 9h] [8s]
GlobalChance: bets $6
xywz089: raises $6 to $12
GlobalChance: calls $6
*** RIVER *** [2h Qh 9h 8s] [2s]
GlobalChance: bets $6
xywz089: calls $6
*** SHOW DOWN ***
GlobalChance: shows [Qc Jc] (two pair, Queens and Deuces)
xywz089: shows [3d Kd] (a pair of Deuces)
GlobalChance collected $59.50 from pot
*** SUMMARY ***
Total pot $60 | Rake $0.50
Board [2h Qh 9h 8s 2s]
Seat 1: xywz089 (button) (small blind) showed [3d Kd] and lost with a pair of Deuces
Seat 10: GlobalChance (big blind) showed [Qc Jc] and won ($59.50) with two pair, Queens and Deuces


PokerStars Hand #160980657268:  Hold'em Limit ($3/$6 USD) - 2016/11/06 6:11:26 ET
Table 'Griqua' 10-max Seat #10 is the button
Seat 1: xywz089 ($275.03 in chips)
Seat 10: GlobalChance ($38.76 in chips)
GlobalChance: posts small blind $1
xywz089: posts big blind $3
*** HOLE CARDS ***
GlobalChance: raises $3 to $6
xywz089: calls $3
*** FLOP *** [Kh 8s Jh]
xywz089: checks
GlobalChance: bets $3
xywz089: calls $3
*** TURN *** [Kh 8s Jh] [Kc]
xywz089: checks
GlobalChance: bets $6
xywz089: folds
Uncalled bet ($6) returned to GlobalChance
GlobalChance collected $17.64 from pot
GlobalChance: doesn't show hand
*** SUMMARY ***
Total pot $18 | Rake $0.36
Board [Kh 8s Jh Kc]
Seat 1: xywz089 (big blind) folded on the Turn
Seat 10: GlobalChance (button) (small blind) collected ($17.64)


PokerStars Hand #160980654798:  Hold'em Limit ($3/$6 USD) - 2016/11/06 6:11:21 ET
Table 'Griqua' 10-max Seat #1 is the button
Seat 1: xywz089 ($276.03 in chips)
Seat 10: GlobalChance ($37.76 in chips)
xywz089: posts small blind $1
GlobalChance: posts big blind $3
*** HOLE CARDS ***
xywz089: folds
Uncalled bet ($2) returned to GlobalChance
GlobalChance collected $2 from pot
GlobalChance: doesn't show hand
*** SUMMARY ***
Total pot $2 | Rake $0
Seat 1: xywz089 (button) (small blind) folded before Flop
Seat 10: GlobalChance (big blind) collected ($2)


PokerStars Hand #160980648772:  Hold'em Limit ($3/$6 USD) - 2016/11/06 6:11:10 ET
Table 'Griqua' 10-max Seat #10 is the button
Seat 1: xywz089 ($267.39 in chips)
Seat 10: GlobalChance ($46.76 in chips)
GlobalChance: posts small blind $1
xywz089: posts big blind $3
*** HOLE CARDS ***
GlobalChance: raises $3 to $6
xywz089: calls $3
*** FLOP *** [3d 5c 2c]
xywz089: bets $3
GlobalChance: calls $3
*** TURN *** [3d 5c 2c] [8h]
xywz089: bets $6
GlobalChance: folds
Uncalled bet ($6) returned to xywz089
xywz089 collected $17.64 from pot
*** SUMMARY ***
Total pot $18 | Rake $0.36
Board [3d 5c 2c 8h]
Seat 1: xywz089 (big blind) collected ($17.64)
Seat 10: GlobalChance (button) (small blind) folded on the Turn


PokerStars Hand #160980703138:  Hold'em Limit ($3/$6 USD) - 2016/11/06 6:12:53 ET
Table 'Griqua' 10-max Seat #1 is the button
Seat 1: xywz089 ($229.42 in chips)
Seat 10: GlobalChance ($142.15 in chips)
xywz089: posts small blind $1
GlobalChance: posts big blind $3
*** HOLE CARDS ***
xywz089: raises $3 to $6
GlobalChance: calls $3
*** FLOP *** [7h Qs Ks]
GlobalChance: checks
xywz089: bets $3
GlobalChance: raises $3 to $6
xywz089: calls $3
*** TURN *** [7h Qs Ks] [6s]
GlobalChance: bets $6
xywz089: calls $6
*** RIVER *** [7h Qs Ks 6s] [5h]
GlobalChance: bets $6
xywz089: raises $6 to $12
GlobalChance: calls $6
*** SHOW DOWN ***
xywz089: shows [6c 7c] (two pair, Sevens and Sixes)
GlobalChance: mucks hand
xywz089 collected $59.50 from pot
*** SUMMARY ***
Total pot $60 | Rake $0.50
Board [7h Qs Ks 6s 5h]
Seat 1: xywz089 (button) (small blind) showed [6c 7c] and won ($59.50) with two pair, Sevens and Sixes
Seat 10: GlobalChance (big blind) mucked


PokerStars Hand #160980694148:  Hold'em Limit ($3/$6 USD) - 2016/11/06 6:12:36 ET
Table 'Griqua' 10-max Seat #10 is the button
Seat 1: xywz089 ($244.42 in chips)
Seat 10: GlobalChance ($127.65 in chips)
GlobalChance: posts small blind $1
xywz089: posts big blind $3
*** HOLE CARDS ***
GlobalChance: raises $3 to $6
xywz089: calls $3
*** FLOP *** [9c 8h 5h]
xywz089: bets $3
GlobalChance: calls $3
*** TURN *** [9c 8h 5h] [Td]
xywz089: bets $6
GlobalChance: calls $6
*** RIVER *** [9c 8h 5h Td] [3s]
xywz089: checks
GlobalChance: bets $6
xywz089: folds
Uncalled bet ($6) returned to GlobalChance
GlobalChance collected $29.50 from pot
GlobalChance: doesn't show hand
*** SUMMARY ***
Total pot $30 | Rake $0.50
Board [9c 8h 5h Td 3s]
Seat 1: xywz089 (big blind) folded on the River
Seat 10: GlobalChance (button) (small blind) collected ($29.50)


PokerStars Hand #160980691655:  Hold'em Limit ($3/$6 USD) - 2016/11/06 6:12:31 ET
Table 'Griqua' 10-max Seat #1 is the button
Seat 1: xywz089 ($245.42 in chips)
Seat 10: GlobalChance ($126.65 in chips)
xywz089: posts small blind $1
GlobalChance: posts big blind $3
*** HOLE CARDS ***
xywz089: folds
Uncalled bet ($2) returned to GlobalChance
GlobalChance collected $2 from pot
GlobalChance: doesn't show hand
*** SUMMARY ***
Total pot $2 | Rake $0
Seat 1: xywz089 (button) (small blind) folded before Flop
Seat 10: GlobalChance (big blind) collected ($2)


PokerStars Hand #160980686497:  Hold'em Limit ($3/$6 USD) - 2016/11/06 6:12:21 ET
Table 'Griqua' 10-max Seat #10 is the button
Seat 1: xywz089 ($236.78 in chips)
Seat 10: GlobalChance ($135.65 in chips)
GlobalChance: posts small blind $1
xywz089: posts big blind $3
*** HOLE CARDS ***
GlobalChance: raises $3 to $6
xywz089: raises $3 to $9
GlobalChance: calls $3
*** FLOP *** [Jh 8s Ac]
xywz089: bets $3
GlobalChance: folds
Uncalled bet ($3) returned to xywz089
xywz089 collected $17.64 from pot
*** SUMMARY ***
Total pot $18 | Rake $0.36
Board [Jh 8s Ac]
Seat 1: xywz089 (big blind) collected ($17.64)
Seat 10: GlobalChance (button) (small blind) folded on the Flop


PokerStars Hand #160980679115:  Hold'em Limit ($3/$6 USD) - 2016/11/06 6:12:07 ET
Table 'Griqua' 10-max Seat #1 is the button
Seat 1: xywz089 ($237.03 in chips)
Seat 10: GlobalChance ($135.90 in chips)
xywz089: posts small blind $1
GlobalChance: posts big blind $3
*** HOLE CARDS ***
xywz089: raises $3 to $6
GlobalChance: calls $3
*** FLOP *** [Ac 5d Ad]
GlobalChance: checks
xywz089: bets $3
GlobalChance: calls $3
*** TURN *** [Ac 5d Ad] [As]
GlobalChance: checks
xywz089: bets $6
GlobalChance: calls $6
*** RIVER *** [Ac 5d Ad As] [5h]
GlobalChance: checks
xywz089: checks
*** SHOW DOWN ***
GlobalChance: shows [2s Qc] (a full house, Aces full of Fives)
xywz089: shows [9h 7s] (a full house, Aces full of Fives)
GlobalChance collected $14.75 from pot
xywz089 collected $14.75 from pot
*** SUMMARY ***
Total pot $30 | Rake $0.50
Board [Ac 5d Ad As 5h]
Seat 1: xywz089 (button) (small blind) showed [9h 7s] and won ($14.75) with a full house, Aces full of Fives
Seat 10: GlobalChance (big blind) showed [2s Qc] and won ($14.75) with a full house, Aces full of Fives


PokerStars Hand #160980743106:  Hold'em Limit ($3/$6 USD) - 2016/11/06 6:14:09 ET
Table 'Griqua' 10-max Seat #1 is the button
Seat 1: xywz089 ($244.32 in chips)
Seat 10: GlobalChance ($125.41 in chips)
xywz089: posts small blind $1
GlobalChance: posts big blind $3
*** HOLE CARDS ***
xywz089: folds
Uncalled bet ($2) returned to GlobalChance
GlobalChance collected $2 from pot
GlobalChance: doesn't show hand
*** SUMMARY ***
Total pot $2 | Rake $0
Seat 1: xywz089 (button) (small blind) folded before Flop
Seat 10: GlobalChance (big blind) collected ($2)


PokerStars Hand #160980740557:  Hold'em Limit ($3/$6 USD) - 2016/11/06 6:14:04 ET
Table 'Griqua' 10-max Seat #10 is the button
Seat 1: xywz089 ($243.32 in chips)
Seat 10: GlobalChance ($126.41 in chips)
GlobalChance: posts small blind $1
xywz089: posts big blind $3
*** HOLE CARDS ***
GlobalChance: folds
Uncalled bet ($2) returned to xywz089
xywz089 collected $2 from pot
*** SUMMARY ***
Total pot $2 | Rake $0
Seat 1: xywz089 (big blind) collected ($2)
Seat 10: GlobalChance (button) (small blind) folded before Flop


PokerStars Hand #160980738198:  Hold'em Limit ($3/$6 USD) - 2016/11/06 6:14:00 ET
Table 'Griqua' 10-max Seat #1 is the button
Seat 1: xywz089 ($244.32 in chips)
Seat 10: GlobalChance ($125.41 in chips)
xywz089: posts small blind $1
GlobalChance: posts big blind $3
*** HOLE CARDS ***
xywz089: folds
Uncalled bet ($2) returned to GlobalChance
GlobalChance collected $2 from pot
GlobalChance: doesn't show hand
*** SUMMARY ***
Total pot $2 | Rake $0
Seat 1: xywz089 (button) (small blind) folded before Flop
Seat 10: GlobalChance (big blind) collected ($2)


PokerStars Hand #160980733715:  Hold'em Limit ($3/$6 USD) - 2016/11/06 6:13:51 ET
Table 'Griqua' 10-max Seat #10 is the button
Seat 1: xywz089 ($250.32 in chips)
Seat 10: GlobalChance ($119.65 in chips)
GlobalChance: posts small blind $1
xywz089: posts big blind $3
*** HOLE CARDS ***
GlobalChance: raises $3 to $6
xywz089: calls $3
*** FLOP *** [8d Jd As]
xywz089: checks
GlobalChance: bets $3
xywz089: folds
Uncalled bet ($3) returned to GlobalChance
GlobalChance collected $11.76 from pot
GlobalChance: doesn't show hand
*** SUMMARY ***
Total pot $12 | Rake $0.24
Board [8d Jd As]
Seat 1: xywz089 (big blind) folded on the Flop
Seat 10: GlobalChance (button) (small blind) collected ($11.76)


PokerStars Hand #160980725606:  Hold'em Limit ($3/$6 USD) - 2016/11/06 6:13:36 ET
Table 'Griqua' 10-max Seat #1 is the button
Seat 1: xywz089 ($274.32 in chips)
Seat 10: GlobalChance ($96.15 in chips)
xywz089: posts small blind $1
GlobalChance: posts big blind $3
*** HOLE CARDS ***
xywz089: raises $3 to $6
GlobalChance: calls $3
*** FLOP *** [5c 4c 3h]
GlobalChance: checks
xywz089: bets $3
GlobalChance: raises $3 to $6
xywz089: calls $3
*** TURN *** [5c 4c 3h] [Th]
GlobalChance: bets $6
xywz089: calls $6
*** RIVER *** [5c 4c 3h Th] [5s]
GlobalChance: bets $6
xywz089: calls $6
*** SHOW DOWN ***
GlobalChance: shows [7c 4h] (two pair, Fives and Fours)
xywz089: mucks hand
GlobalChance collected $47.50 from pot
*** SUMMARY ***
Total pot $48 | Rake $0.50
Board [5c 4c 3h Th 5s]
Seat 1: xywz089 (button) (small blind) mucked
Seat 10: GlobalChance (big blind) showed [7c 4h] and won ($47.50) with two pair, Fives and Fours


PokerStars Hand #160980723323:  Hold'em Limit ($3/$6 USD) - 2016/11/06 6:13:32 ET
Table 'Griqua' 10-max Seat #10 is the button
Seat 1: xywz089 ($273.32 in chips)
Seat 10: GlobalChance ($97.15 in chips)
GlobalChance: posts small blind $1
xywz089: posts big blind $3
*** HOLE CARDS ***
GlobalChance: folds
Uncalled bet ($2) returned to xywz089
xywz089 collected $2 from pot
*** SUMMARY ***
Total pot $2 | Rake $0
Seat 1: xywz089 (big blind) collected ($2)
Seat 10: GlobalChance (button) (small blind) folded before Flop


PokerStars Hand #160980717767:  Hold'em Limit ($3/$6 USD) - 2016/11/06 6:13:21 ET
Table 'Griqua' 10-max Seat #1 is the button
Seat 1: xywz089 ($267.56 in chips)
Seat 10: GlobalChance ($103.15 in chips)
xywz089: posts small blind $1
GlobalChance: posts big blind $3
*** HOLE CARDS ***
xywz089: raises $3 to $6
GlobalChance: calls $3
*** FLOP *** [7c Jd As]
GlobalChance: checks
xywz089: checks
*** TURN *** [7c Jd As] [2c]
GlobalChance: checks
xywz089: bets $6
GlobalChance: folds
Uncalled bet ($6) returned to xywz089
xywz089 collected $11.76 from pot
assitoni leaves the table
*** SUMMARY ***
Total pot $12 | Rake $0.24
Board [7c Jd As 2c]
Seat 1: xywz089 (button) (small blind) collected ($11.76)
Seat 10: GlobalChance (big blind) folded on the Turn


PokerStars Hand #160980712120:  Hold'em Limit ($3/$6 USD) - 2016/11/06 6:13:10 ET
Table 'Griqua' 10-max Seat #10 is the button
Seat 1: xywz089 ($258.92 in chips)
Seat 10: GlobalChance ($112.15 in chips)
GlobalChance: posts small blind $1
xywz089: posts big blind $3
*** HOLE CARDS ***
GlobalChance: raises $3 to $6
xywz089: calls $3
*** FLOP *** [Ks Js As]
xywz089: checks
GlobalChance: bets $3
xywz089: raises $3 to $6
GlobalChance: folds
Uncalled bet ($3) returned to xywz089
xywz089 collected $17.64 from pot
*** SUMMARY ***
Total pot $18 | Rake $0.36
Board [Ks Js As]
Seat 1: xywz089 (big blind) collected ($17.64)
Seat 10: GlobalChance (button) (small blind) folded on the Flop


PokerStars Hand #160980773394:  Hold'em Limit ($3/$6 USD) - 2016/11/06 6:15:07 ET
Table 'Griqua' 10-max Seat #10 is the button
Seat 1: xywz089 ($187.32 in chips)
Seat 10: GlobalChance ($180.91 in chips)
GlobalChance: posts small blind $1
xywz089: posts big blind $3
*** HOLE CARDS ***
GlobalChance: folds
Uncalled bet ($2) returned to xywz089
xywz089 collected $2 from pot
*** SUMMARY ***
Total pot $2 | Rake $0
Seat 1: xywz089 (big blind) collected ($2)
Seat 10: GlobalChance (button) (small blind) folded before Flop


PokerStars Hand #160980765457:  Hold'em Limit ($3/$6 USD) - 2016/11/06 6:14:52 ET
Table 'Griqua' 10-max Seat #1 is the button
Seat 1: xywz089 ($205.32 in chips)
Seat 10: GlobalChance ($163.41 in chips)
xywz089: posts small blind $1
GlobalChance: posts big blind $3
*** HOLE CARDS ***
xywz089: raises $3 to $6
GlobalChance: calls $3
*** FLOP *** [9s Ts 3s]
GlobalChance: checks
xywz089: checks
*** TURN *** [9s Ts 3s] [Ac]
GlobalChance: checks
xywz089: bets $6
GlobalChance: raises $6 to $12
xywz089: calls $6
*** RIVER *** [9s Ts 3s Ac] [2h]
GlobalChance: bets $6
xywz089: folds
Uncalled bet ($6) returned to GlobalChance
GlobalChance collected $35.50 from pot
GlobalChance: doesn't show hand
*** SUMMARY ***
Total pot $36 | Rake $0.50
Board [9s Ts 3s Ac 2h]
Seat 1: xywz089 (button) (small blind) folded on the River
Seat 10: GlobalChance (big blind) collected ($35.50)


PokerStars Hand #160980760085:  Hold'em Limit ($3/$6 USD) - 2016/11/06 6:14:42 ET
Table 'Griqua' 10-max Seat #10 is the button
Seat 1: xywz089 ($204.32 in chips)
Seat 10: GlobalChance ($164.41 in chips)
GlobalChance: posts small blind $1
xywz089: posts big blind $3
*** HOLE CARDS ***
GlobalChance: folds
Uncalled bet ($2) returned to xywz089
xywz089 collected $2 from pot
*** SUMMARY ***
Total pot $2 | Rake $0
Seat 1: xywz089 (big blind) collected ($2)
Seat 10: GlobalChance (button) (small blind) folded before Flop


PokerStars Hand #160980753073:  Hold'em Limit ($3/$6 USD) - 2016/11/06 6:14:28 ET
Table 'Griqua' 10-max Seat #1 is the button
Seat 1: xywz089 ($222.32 in chips)
Seat 10: GlobalChance ($146.91 in chips)
xywz089: posts small blind $1
GlobalChance: posts big blind $3
*** HOLE CARDS ***
xywz089: raises $3 to $6
GlobalChance: calls $3
*** FLOP *** [3h 6d 5d]
GlobalChance: checks
xywz089: checks
*** TURN *** [3h 6d 5d] [6s]
GlobalChance: bets $6
xywz089: calls $6
*** RIVER *** [3h 6d 5d 6s] [6c]
GlobalChance: bets $6
xywz089: calls $6
*** SHOW DOWN ***
GlobalChance: shows [Ts 3d] (a full house, Sixes full of Threes)
xywz089: mucks hand
GlobalChance collected $35.50 from pot
*** SUMMARY ***
Total pot $36 | Rake $0.50
Board [3h 6d 5d 6s 6c]
Seat 1: xywz089 (button) (small blind) mucked
Seat 10: GlobalChance (big blind) showed [Ts 3d] and won ($35.50) with a full house, Sixes full of Threes


PokerStars Hand #160980745570:  Hold'em Limit ($3/$6 USD) - 2016/11/06 6:14:14 ET
Table 'Griqua' 10-max Seat #10 is the button
Seat 1: xywz089 ($243.32 in chips)
Seat 10: GlobalChance ($126.41 in chips)
GlobalChance: posts small blind $1
xywz089: posts big blind $3
*** HOLE CARDS ***
GlobalChance: raises $3 to $6
xywz089: calls $3
*** FLOP *** [8s Qh 7h]
xywz089: bets $3
GlobalChance: calls $3
*** TURN *** [8s Qh 7h] [4c]
xywz089: bets $6
GlobalChance: calls $6
*** RIVER *** [8s Qh 7h 4c] [4s]
xywz089: bets $6
GlobalChance: calls $6
*** SHOW DOWN ***
xywz089: shows [5d 9c] (a pair of Fours)
GlobalChance: shows [Ac Kh] (a pair of Fours - Ace kicker)
GlobalChance collected $41.50 from pot
*** SUMMARY ***
Total pot $42 | Rake $0.50
Board [8s Qh 7h 4c 4s]
Seat 1: xywz089 (big blind) showed [5d 9c] and lost with a pair of Fours
Seat 10: GlobalChance (button) (small blind) showed [Ac Kh] and won ($41.50) with a pair of Fours


PokerStars Hand #160980797127:  Hold'em Limit ($3/$6 USD) - 2016/11/06 6:15:52 ET
Table 'Griqua' 10-max Seat #10 is the button
Seat 1: xywz089 ($208.82 in chips)
Seat 10: GlobalChance ($158.55 in chips)
GlobalChance: posts small blind $1
xywz089: posts big blind $3
*** HOLE CARDS ***
GlobalChance: raises $3 to $6
xywz089: calls $3
*** FLOP *** [Tc As Qc]
xywz089: bets $3
GlobalChance: folds
Uncalled bet ($3) returned to xywz089
xywz089 collected $11.76 from pot
*** SUMMARY ***
Total pot $12 | Rake $0.24
Board [Tc As Qc]
Seat 1: xywz089 (big blind) collected ($11.76)
Seat 10: GlobalChance (button) (small blind) folded on the Flop


PokerStars Hand #160980794608:  Hold'em Limit ($3/$6 USD) - 2016/11/06 6:15:47 ET
Table 'Griqua' 10-max Seat #1 is the button
Seat 1: xywz089 ($209.82 in chips)
Seat 10: GlobalChance ($157.55 in chips)
xywz089: posts small blind $1
GlobalChance: posts big blind $3
*** HOLE CARDS ***
xywz089: folds
Uncalled bet ($2) returned to GlobalChance
GlobalChance collected $2 from pot
GlobalChance: doesn't show hand
*** SUMMARY ***
Total pot $2 | Rake $0
Seat 1: xywz089 (button) (small blind) folded before Flop
Seat 10: GlobalChance (big blind) collected ($2)


PokerStars Hand #160980792102:  Hold'em Limit ($3/$6 USD) - 2016/11/06 6:15:42 ET
Table 'Griqua' 10-max Seat #10 is the button
Seat 1: xywz089 ($208.82 in chips)
Seat 10: GlobalChance ($158.55 in chips)
GlobalChance: posts small blind $1
xywz089: posts big blind $3
*** HOLE CARDS ***
GlobalChance: folds
Uncalled bet ($2) returned to xywz089
xywz089 collected $2 from pot
*** SUMMARY ***
Total pot $2 | Rake $0
Seat 1: xywz089 (big blind) collected ($2)
Seat 10: GlobalChance (button) (small blind) folded before Flop


PokerStars Hand #160980787534:  Hold'em Limit ($3/$6 USD) - 2016/11/06 6:15:33 ET
Table 'Griqua' 10-max Seat #1 is the button
Seat 1: xywz089 ($217.82 in chips)
Seat 10: GlobalChance ($149.91 in chips)
xywz089: posts small blind $1
GlobalChance: posts big blind $3
*** HOLE CARDS ***
xywz089: raises $3 to $6
GlobalChance: raises $3 to $9
xywz089: calls $3
*** FLOP *** [Kd Ac Qs]
GlobalChance: bets $3
xywz089: folds
Uncalled bet ($3) returned to GlobalChance
GlobalChance collected $17.64 from pot
GlobalChance: doesn't show hand
*** SUMMARY ***
Total pot $18 | Rake $0.36
Board [Kd Ac Qs]
Seat 1: xywz089 (button) (small blind) folded on the Flop
Seat 10: GlobalChance (big blind) collected ($17.64)


PokerStars Hand #160980778518:  Hold'em Limit ($3/$6 USD) - 2016/11/06 6:15:17 ET
Table 'Griqua' 10-max Seat #10 is the button
Seat 1: xywz089 ($191.32 in chips)
Seat 10: GlobalChance ($176.91 in chips)
GlobalChance: posts small blind $1
xywz089: posts big blind $3
*** HOLE CARDS ***
GlobalChance: raises $3 to $6
xywz089: calls $3
*** FLOP *** [2h 9s Ts]
xywz089: checks
GlobalChance: bets $3
xywz089: calls $3
*** TURN *** [2h 9s Ts] [Td]
xywz089: checks
GlobalChance: bets $6
xywz089: raises $6 to $12
GlobalChance: calls $6
*** RIVER *** [2h 9s Ts Td] [8d]
xywz089: bets $6
GlobalChance: calls $6
*** SHOW DOWN ***
xywz089: shows [3h 9h] (two pair, Tens and Nines)
GlobalChance: mucks hand
xywz089 collected $53.50 from pot
*** SUMMARY ***
Total pot $54 | Rake $0.50
Board [2h 9s Ts Td 8d]
Seat 1: xywz089 (big blind) showed [3h 9h] and won ($53.50) with two pair, Tens and Nines
Seat 10: GlobalChance (button) (small blind) mucked


PokerStars Hand #160980775787:  Hold'em Limit ($3/$6 USD) - 2016/11/06 6:15:11 ET
Table 'Griqua' 10-max Seat #1 is the button
Seat 1: xywz089 ($188.32 in chips)
Seat 10: GlobalChance ($179.91 in chips)
xywz089: posts small blind $1
GlobalChance: posts big blind $3
*** HOLE CARDS ***
xywz089: raises $3 to $6
GlobalChance: folds
Uncalled bet ($3) returned to xywz089
xywz089 collected $6 from pot
*** SUMMARY ***
Total pot $6 | Rake $0
Seat 1: xywz089 (button) (small blind) collected ($6)
Seat 10: GlobalChance (big blind) folded before Flop


PokerStars Hand #160980830731:  Hold'em Limit ($3/$6 USD) - 2016/11/06 6:16:55 ET
Table 'Griqua' 10-max Seat #1 is the button
Seat 1: xywz089 ($149.33 in chips)
Seat 10: GlobalChance ($216.30 in chips)
xywz089: posts small blind $1
GlobalChance: posts big blind $3
*** HOLE CARDS ***
xywz089: raises $3 to $6
GlobalChance: calls $3
*** FLOP *** [Td Qd 5s]
GlobalChance: checks
xywz089: bets $3
GlobalChance: calls $3
*** TURN *** [Td Qd 5s] [Ac]
GlobalChance: checks
xywz089: bets $6
GlobalChance: folds
Uncalled bet ($6) returned to xywz089
xywz089 collected $17.64 from pot
*** SUMMARY ***
Total pot $18 | Rake $0.36
Board [Td Qd 5s Ac]
Seat 1: xywz089 (button) (small blind) collected ($17.64)
Seat 10: GlobalChance (big blind) folded on the Turn


PokerStars Hand #160980822077:  Hold'em Limit ($3/$6 USD) - 2016/11/06 6:16:39 ET
Table 'Griqua' 10-max Seat #10 is the button
Seat 1: xywz089 ($149.58 in chips)
Seat 10: GlobalChance ($216.55 in chips)
GlobalChance: posts small blind $1
xywz089: posts big blind $3
*** HOLE CARDS ***
GlobalChance: raises $3 to $6
xywz089: calls $3
*** FLOP *** [Th 3d Tc]
xywz089: bets $3
GlobalChance: calls $3
*** TURN *** [Th 3d Tc] [Jc]
xywz089: bets $6
GlobalChance: raises $6 to $12
xywz089: calls $6
*** RIVER *** [Th 3d Tc Jc] [9h]
xywz089: checks
GlobalChance: bets $6
xywz089: calls $6
*** SHOW DOWN ***
GlobalChance: shows [8d 9d] (two pair, Tens and Nines)
xywz089: shows [9s 3c] (two pair, Tens and Nines)
xywz089 collected $26.75 from pot
GlobalChance collected $26.75 from pot
*** SUMMARY ***
Total pot $54 | Rake $0.50
Board [Th 3d Tc Jc 9h]
Seat 1: xywz089 (big blind) showed [9s 3c] and won ($26.75) with two pair, Tens and Nines
Seat 10: GlobalChance (button) (small blind) showed [8d 9d] and won ($26.75) with two pair, Tens and Nines


PokerStars Hand #160980812815:  Hold'em Limit ($3/$6 USD) - 2016/11/06 6:16:21 ET
Table 'Griqua' 10-max Seat #1 is the button
Seat 1: xywz089 ($185.58 in chips)
Seat 10: GlobalChance ($181.05 in chips)
xywz089: posts small blind $1
GlobalChance: posts big blind $3
*** HOLE CARDS ***
xywz089: raises $3 to $6
GlobalChance: raises $3 to $9
xywz089: calls $3
*** FLOP *** [Ac 8c 3h]
GlobalChance: bets $3
xywz089: calls $3
*** TURN *** [Ac 8c 3h] [6s]
GlobalChance: bets $6
xywz089: calls $6
*** RIVER *** [Ac 8c 3h 6s] [3c]
GlobalChance: bets $6
xywz089: raises $6 to $12
GlobalChance: raises $6 to $18
xywz089: calls $6
*** SHOW DOWN ***
GlobalChance: shows [As Ah] (a full house, Aces full of Threes)
xywz089: shows [Ad 6c] (two pair, Aces and Sixes)
GlobalChance collected $71.50 from pot
*** SUMMARY ***
Total pot $72 | Rake $0.50
Board [Ac 8c 3h 6s 3c]
Seat 1: xywz089 (button) (small blind) showed [Ad 6c] and lost with two pair, Aces and Sixes
Seat 10: GlobalChance (big blind) showed [As Ah] and won ($71.50) with a full house, Aces full of Threes


PokerStars Hand #160980810124:  Hold'em Limit ($3/$6 USD) - 2016/11/06 6:16:16 ET
Table 'Griqua' 10-max Seat #10 is the button
Seat 1: xywz089 ($184.58 in chips)
Seat 10: GlobalChance ($182.05 in chips)
GlobalChance: posts small blind $1
xywz089: posts big blind $3
*** HOLE CARDS ***
GlobalChance: folds
Uncalled bet ($2) returned to xywz089
xywz089 collected $2 from pot
*** SUMMARY ***
Total pot $2 | Rake $0
Seat 1: xywz089 (big blind) collected ($2)
Seat 10: GlobalChance (button) (small blind) folded before Flop


PokerStars Hand #160980802125:  Hold'em Limit ($3/$6 USD) - 2016/11/06 6:16:01 ET
Table 'Griqua' 10-max Seat #1 is the button
Seat 1: xywz089 ($214.58 in chips)
Seat 10: GlobalChance ($152.55 in chips)
xywz089: posts small blind $1
GlobalChance: posts big blind $3
*** HOLE CARDS ***
xywz089: raises $3 to $6
GlobalChance: calls $3
*** FLOP *** [5d 5c 9h]
GlobalChance: checks
xywz089: checks
*** TURN *** [5d 5c 9h] [Ah]
GlobalChance: checks
xywz089: bets $6
GlobalChance: raises $6 to $12
xywz089: calls $6
*** RIVER *** [5d 5c 9h Ah] [2c]
GlobalChance: bets $6
xywz089: raises $6 to $12
GlobalChance: calls $6
*** SHOW DOWN ***
xywz089: shows [7h 8c] (a pair of Fives)
GlobalChance: shows [Ad 4s] (two pair, Aces and Fives)
GlobalChance collected $59.50 from pot
*** SUMMARY ***
Total pot $60 | Rake $0.50
Board [5d 5c 9h Ah 2c]
Seat 1: xywz089 (button) (small blind) showed [7h 8c] and lost with a pair of Fives
Seat 10: GlobalChance (big blind) showed [Ad 4s] and won ($59.50) with two pair, Aces and Fives


PokerStars Hand #160980837478:  Hold'em Limit ($3/$6 USD) - 2016/11/06 6:17:07 ET
Table 'Griqua' 10-max Seat #10 is the button
Seat 1: xywz089 ($157.97 in chips)
Seat 10: GlobalChance ($207.30 in chips)
GlobalChance: posts small blind $1
xywz089: posts big blind $3
*** HOLE CARDS ***
GlobalChance: raises $3 to $6
xywz089: calls $3
*** FLOP *** [7c Th 5s]
xywz089: checks
GlobalChance: bets $3
xywz089: calls $3
*** TURN *** [7c Th 5s] [Kd]
xywz089: checks
GlobalChance: bets $6
xywz089: raises $6 to $12
GlobalChance: calls $6
*** RIVER *** [7c Th 5s Kd] [8s]
xywz089: bets $6
GlobalChance: raises $6 to $12
xywz089: folds
Uncalled bet ($6) returned to GlobalChance
GlobalChance collected $53.50 from pot
GlobalChance: doesn't show hand
*** SUMMARY ***
Total pot $54 | Rake $0.50
Board [7c Th 5s Kd 8s]
Seat 1: xywz089 (big blind) folded on the River
Seat 10: GlobalChance (button) (small blind) collected ($53.50)


PokerStars Hand #160980846043:  Hold'em Limit ($3/$6 USD) - 2016/11/06 6:17:24 ET
Table 'Griqua' 10-max Seat #1 is the button
Seat 1: xywz089 ($130.97 in chips)
Seat 10: GlobalChance ($233.80 in chips)
xywz089: posts small blind $1
GlobalChance: posts big blind $3
*** HOLE CARDS ***
xywz089: raises $3 to $6
GlobalChance: calls $3
*** FLOP *** [6c Kc 3d]
GlobalChance: checks
xywz089: checks
*** TURN *** [6c Kc 3d] [6s]
GlobalChance: bets $6
xywz089: calls $6
*** RIVER *** [6c Kc 3d 6s] [Ah]
GlobalChance: checks
xywz089: checks
*** SHOW DOWN ***
GlobalChance: shows [5d 3c] (two pair, Sixes and Threes)
xywz089: mucks hand
GlobalChance collected $23.52 from pot
*** SUMMARY ***
Total pot $24 | Rake $0.48
Board [6c Kc 3d 6s Ah]
Seat 1: xywz089 (button) (small blind) mucked
Seat 10: GlobalChance (big blind) showed [5d 3c] and won ($23.52) with two pair, Sixes and Threes


PokerStars Hand #160980853208:  Hold'em Limit ($3/$6 USD) - 2016/11/06 6:17:37 ET
Table 'Griqua' 10-max Seat #10 is the button
Seat 1: xywz089 ($118.97 in chips)
Seat 10: GlobalChance ($245.32 in chips)
GlobalChance: posts small blind $1
xywz089: posts big blind $3
*** HOLE CARDS ***
GlobalChance: raises $3 to $6
xywz089: calls $3
*** FLOP *** [Th Qh 8h]
xywz089: checks
GlobalChance: bets $3
xywz089: calls $3
*** TURN *** [Th Qh 8h] [3s]
xywz089: checks
GlobalChance: checks
*** RIVER *** [Th Qh 8h 3s] [2d]
xywz089: checks
GlobalChance: checks
*** SHOW DOWN ***
xywz089: shows [5h Kd] (high card King)
GlobalChance: shows [Ac 5c] (high card Ace)
GlobalChance collected $17.64 from pot
*** SUMMARY ***
Total pot $18 | Rake $0.36
Board [Th Qh 8h 3s 2d]
Seat 1: xywz089 (big blind) showed [5h Kd] and lost with high card King
Seat 10: GlobalChance (button) (small blind) showed [Ac 5c] and won ($17.64) with high card Ace


PokerStars Hand #160980862855:  Hold'em Limit ($3/$6 USD) - 2016/11/06 6:17:55 ET
Table 'Griqua' 10-max Seat #10 is the button
Seat 1: xywz089 ($108.97 in chips)
Seat 10: GlobalChance ($254.96 in chips)
GlobalChance: posts small blind $1
xywz089: posts big blind $3
*** HOLE CARDS ***
GlobalChance: raises $3 to $6
xywz089: folds
Uncalled bet ($3) returned to GlobalChance
GlobalChance collected $6 from pot
GlobalChance: doesn't show hand
*** SUMMARY ***
Total pot $6 | Rake $0
Seat 1: xywz089 (big blind) folded before Flop
Seat 10: GlobalChance (button) (small blind) collected ($6)


PokerStars Hand #160980860348:  Hold'em Limit ($3/$6 USD) - 2016/11/06 6:17:51 ET
Table 'Griqua' 10-max Seat #1 is the button
Seat 1: xywz089 ($109.97 in chips)
Seat 10: GlobalChance ($253.96 in chips)
xywz089: posts small blind $1
GlobalChance: posts big blind $3
*** HOLE CARDS ***
xywz089: folds
Uncalled bet ($2) returned to GlobalChance
GlobalChance collected $2 from pot
GlobalChance: doesn't show hand
*** SUMMARY ***
Total pot $2 | Rake $0
Seat 1: xywz089 (button) (small blind) folded before Flop
Seat 10: GlobalChance (big blind) collected ($2)


PokerStars Hand #160980870476:  Hold'em Limit ($3/$6 USD) - 2016/11/06 6:18:10 ET
Table 'Griqua' 10-max Seat #10 is the button
Seat 1: xywz089 ($111.73 in chips)
Seat 10: GlobalChance ($251.96 in chips)
GlobalChance: posts small blind $1
xywz089: posts big blind $3
*** HOLE CARDS ***
GlobalChance: folds
Uncalled bet ($2) returned to xywz089
xywz089 collected $2 from pot
*** SUMMARY ***
Total pot $2 | Rake $0
Seat 1: xywz089 (big blind) collected ($2)
Seat 10: GlobalChance (button) (small blind) folded before Flop


PokerStars Hand #160980865697:  Hold'em Limit ($3/$6 USD) - 2016/11/06 6:18:01 ET
Table 'Griqua' 10-max Seat #1 is the button
Seat 1: xywz089 ($105.97 in chips)
Seat 10: GlobalChance ($257.96 in chips)
xywz089: posts small blind $1
GlobalChance: posts big blind $3
*** HOLE CARDS ***
xywz089: raises $3 to $6
GlobalChance: calls $3
*** FLOP *** [Ah 8h 8s]
GlobalChance: checks
xywz089: bets $3
GlobalChance: folds
Uncalled bet ($3) returned to xywz089
xywz089 collected $11.76 from pot
*** SUMMARY ***
Total pot $12 | Rake $0.24
Board [Ah 8h 8s]
Seat 1: xywz089 (button) (small blind) collected ($11.76)
Seat 10: GlobalChance (big blind) folded on the Flop


PokerStars Hand #160980873026:  Hold'em Limit ($3/$6 USD) - 2016/11/06 6:18:14 ET
Table 'Griqua' 10-max Seat #1 is the button
Seat 1: xywz089 ($112.73 in chips)
Seat 10: GlobalChance ($250.96 in chips)
xywz089: posts small blind $1
GlobalChance: posts big blind $3
*** HOLE CARDS ***
xywz089: raises $3 to $6
GlobalChance: calls $3
*** FLOP *** [Qd 6h 4s]
GlobalChance: checks
xywz089: bets $3
GlobalChance: calls $3
*** TURN *** [Qd 6h 4s] [Th]
GlobalChance: checks
xywz089: bets $6
GlobalChance: folds
Uncalled bet ($6) returned to xywz089
xywz089 collected $17.64 from pot
*** SUMMARY ***
Total pot $18 | Rake $0.36
Board [Qd 6h 4s Th]
Seat 1: xywz089 (button) (small blind) collected ($17.64)
Seat 10: GlobalChance (big blind) folded on the Turn


PokerStars Hand #160980878900:  Hold'em Limit ($3/$6 USD) - 2016/11/06 6:18:26 ET
Table 'Griqua' 10-max Seat #10 is the button
Seat 1: xywz089 ($121.37 in chips)
Seat 10: GlobalChance ($241.96 in chips)
GlobalChance: posts small blind $1
xywz089: posts big blind $3
*** HOLE CARDS ***
GlobalChance: raises $3 to $6
xywz089: calls $3
*** FLOP *** [Qd Jd 9d]
xywz089: checks
GlobalChance: bets $3
xywz089: calls $3
*** TURN *** [Qd Jd 9d] [Qh]
xywz089: checks
GlobalChance: checks
*** RIVER *** [Qd Jd 9d Qh] [6d]
xywz089: bets $6
GlobalChance: raises $6 to $12
xywz089: calls $6
*** SHOW DOWN ***
GlobalChance: shows [7s Ad] (a flush, Ace high)
xywz089: mucks hand
GlobalChance collected $41.50 from pot
*** SUMMARY ***
Total pot $42 | Rake $0.50
Board [Qd Jd 9d Qh 6d]
Seat 1: xywz089 (big blind) mucked
Seat 10: GlobalChance (button) (small blind) showed [7s Ad] and won ($41.50) with a flush, Ace high


PokerStars Hand #160980888077:  Hold'em Limit ($3/$6 USD) - 2016/11/06 6:18:43 ET
Table 'Griqua' 10-max Seat #1 is the button
Seat 1: xywz089 ($100.37 in chips)
Seat 10: GlobalChance ($262.46 in chips)
xywz089: posts small blind $1
GlobalChance: posts big blind $3
*** HOLE CARDS ***
xywz089: raises $3 to $6
GlobalChance: calls $3
*** FLOP *** [8s Qd 4h]
GlobalChance: checks
xywz089: bets $3
GlobalChance: raises $3 to $6
xywz089: calls $3
*** TURN *** [8s Qd 4h] [Th]
GlobalChance: bets $6
xywz089: calls $6
*** RIVER *** [8s Qd 4h Th] [6h]
GlobalChance: bets $6
xywz089: calls $6
*** SHOW DOWN ***
GlobalChance: shows [6s 7h] (a pair of Sixes)
xywz089: shows [Ah Qs] (a pair of Queens)
xywz089 collected $47.50 from pot
*** SUMMARY ***
Total pot $48 | Rake $0.50
Board [8s Qd 4h Th 6h]
Seat 1: xywz089 (button) (small blind) showed [Ah Qs] and won ($47.50) with a pair of Queens
Seat 10: GlobalChance (big blind) showed [6s 7h] and lost with a pair of Sixes


PokerStars Hand #160980896564:  Hold'em Limit ($3/$6 USD) - 2016/11/06 6:18:59 ET
Table 'Griqua' 10-max Seat #10 is the button
Seat 1: xywz089 ($123.87 in chips)
Seat 10: GlobalChance ($238.46 in chips)
GlobalChance: posts small blind $1
xywz089: posts big blind $3
*** HOLE CARDS ***
GlobalChance: raises $3 to $6
xywz089: calls $3
*** FLOP *** [4s 7s 3s]
xywz089: bets $3
GlobalChance: calls $3
*** TURN *** [4s 7s 3s] [6d]
xywz089: bets $6
GlobalChance: raises $6 to $12
xywz089: calls $6
*** RIVER *** [4s 7s 3s 6d] [Th]
xywz089: checks
GlobalChance: bets $6
xywz089: calls $6
*** SHOW DOWN ***
GlobalChance: shows [5h 2h] (a straight, Three to Seven)
xywz089: mucks hand
GlobalChance collected $53.50 from pot
*** SUMMARY ***
Total pot $54 | Rake $0.50
Board [4s 7s 3s 6d Th]
Seat 1: xywz089 (big blind) mucked
Seat 10: GlobalChance (button) (small blind) showed [5h 2h] and won ($53.50) with a straight, Three to Seven


PokerStars Hand #160980905680:  Hold'em Limit ($3/$6 USD) - 2016/11/06 6:19:16 ET
Table 'Griqua' 10-max Seat #1 is the button
Seat 1: xywz089 ($96.87 in chips)
Seat 10: GlobalChance ($264.96 in chips)
xywz089: posts small blind $1
GlobalChance: posts big blind $3
*** HOLE CARDS ***
xywz089: calls $2
GlobalChance: checks
*** FLOP *** [Qh 7s Js]
GlobalChance: checks
xywz089: bets $3
GlobalChance: calls $3
*** TURN *** [Qh 7s Js] [6d]
GlobalChance: checks
xywz089: bets $6
GlobalChance: calls $6
*** RIVER *** [Qh 7s Js 6d] [Jc]
GlobalChance: checks
xywz089: bets $6
GlobalChance: calls $6
*** SHOW DOWN ***
xywz089: shows [8d 5d] (a pair of Jacks)
GlobalChance: shows [9h 7d] (two pair, Jacks and Sevens)
GlobalChance collected $35.50 from pot
*** SUMMARY ***
Total pot $36 | Rake $0.50
Board [Qh 7s Js 6d Jc]
Seat 1: xywz089 (button) (small blind) showed [8d 5d] and lost with a pair of Jacks
Seat 10: GlobalChance (big blind) showed [9h 7d] and won ($35.50) with two pair, Jacks and Sevens


PokerStars Hand #160980913653:  Hold'em Limit ($3/$6 USD) - 2016/11/06 6:19:31 ET
Table 'Griqua' 10-max Seat #10 is the button
Seat 1: xywz089 ($78.87 in chips)
Seat 10: GlobalChance ($282.46 in chips)
GlobalChance: posts small blind $1
xywz089: posts big blind $3
*** HOLE CARDS ***
GlobalChance: raises $3 to $6
xywz089: raises $3 to $9
GlobalChance: calls $3
*** FLOP *** [7d 4h Ac]
xywz089: bets $3
GlobalChance: calls $3
*** TURN *** [7d 4h Ac] [Jc]
xywz089: bets $6
GlobalChance: folds
Uncalled bet ($6) returned to xywz089
xywz089 collected $23.52 from pot
*** SUMMARY ***
Total pot $24 | Rake $0.48
Board [7d 4h Ac Jc]
Seat 1: xywz089 (big blind) collected ($23.52)
Seat 10: GlobalChance (button) (small blind) folded on the Turn


PokerStars Hand #160980920604:  Hold'em Limit ($3/$6 USD) - 2016/11/06 6:19:44 ET
Table 'Griqua' 10-max Seat #1 is the button
Seat 1: xywz089 ($90.39 in chips)
Seat 10: GlobalChance ($270.46 in chips)
xywz089: posts small blind $1
GlobalChance: posts big blind $3
*** HOLE CARDS ***
xywz089: calls $2
GlobalChance: checks
*** FLOP *** [Ks Th 6h]
GlobalChance: checks
xywz089: checks
*** TURN *** [Ks Th 6h] [6d]
GlobalChance: checks
xywz089: checks
*** RIVER *** [Ks Th 6h 6d] [8h]
GlobalChance: checks
xywz089: bets $6
GlobalChance: folds
Uncalled bet ($6) returned to xywz089
xywz089 collected $5.88 from pot
*** SUMMARY ***
Total pot $6 | Rake $0.12
Board [Ks Th 6h 6d 8h]
Seat 1: xywz089 (button) (small blind) collected ($5.88)
Seat 10: GlobalChance (big blind) folded on the River


PokerStars Hand #160980928136:  Hold'em Limit ($3/$6 USD) - 2016/11/06 6:19:58 ET
Table 'Griqua' 10-max Seat #10 is the button
Seat 1: xywz089 ($93.27 in chips)
Seat 10: GlobalChance ($267.46 in chips)
GlobalChance: posts small blind $1
xywz089: posts big blind $3
*** HOLE CARDS ***
GlobalChance: folds
Uncalled bet ($2) returned to xywz089
GlobalChance leaves the table
xywz089 collected $2 from pot
*** SUMMARY ***
Total pot $2 | Rake $0
Seat 1: xywz089 (big blind) collected ($2)
Seat 10: GlobalChance (button) (small blind) folded before Flop


