PokerStars Hand #145784093103:  Hold'em Limit ($3/$6 USD) - 2015/12/23 5:51:48 ET
Table 'Griqua' 6-max Seat #3 is the button
Seat 3: daniya73 ($50.37 in chips)
Seat 4: SlickDickey ($120 in chips)
daniya73: posts small blind $1
SlickDickey: posts big blind $3
*** HOLE CARDS ***
daniya73: raises $3 to $6
SlickDickey: folds
Uncalled bet ($3) returned to daniya73
daniya73 collected $6 from pot
daniya73: doesn't show hand
*** SUMMARY ***
Total pot $6 | Rake $0
Seat 3: daniya73 (button) (small blind) collected ($6)
Seat 4: SlickDickey (big blind) folded before Flop


PokerStars Hand #145784115665:  Hold'em Limit ($3/$6 USD) - 2015/12/23 5:52:37 ET
Table 'Griqua' 6-max Seat #3 is the button
Seat 3: daniya73 ($67.87 in chips)
Seat 4: SlickDickey ($102 in chips)
daniya73: posts small blind $1
SlickDickey: posts big blind $3
*** HOLE CARDS ***
daniya73: raises $3 to $6
SlickDickey: raises $3 to $9
daniya73: calls $3
*** FLOP *** [5d 7s Tc]
SlickDickey: bets $3
maxna1000000 joins the table at seat #6
daniya73: raises $3 to $6
SlickDickey: calls $3
*** TURN *** [5d 7s Tc] [8h]
SlickDickey: checks
daniya73: bets $6
SlickDickey: calls $6
*** RIVER *** [5d 7s Tc 8h] [Ac]
SlickDickey: bets $6
daniya73: raises $6 to $12
SlickDickey: calls $6
*** SHOW DOWN ***
daniya73: shows [Ts Ah] (two pair, Aces and Tens)
SlickDickey: mucks hand
daniya73 collected $65.50 from pot
*** SUMMARY ***
Total pot $66 | Rake $0.50
Board [5d 7s Tc 8h Ac]
Seat 3: daniya73 (button) (small blind) showed [Ts Ah] and won ($65.50) with two pair, Aces and Tens
Seat 4: SlickDickey (big blind) mucked


PokerStars Hand #145784102343:  Hold'em Limit ($3/$6 USD) - 2015/12/23 5:52:08 ET
Table 'Griqua' 6-max Seat #4 is the button
Seat 3: daniya73 ($53.37 in chips)
Seat 4: SlickDickey ($117 in chips)
SlickDickey: posts small blind $1
daniya73: posts big blind $3
*** HOLE CARDS ***
SlickDickey: raises $3 to $6
daniya73: calls $3
*** FLOP *** [Qs 8c 8d]
daniya73: checks
SlickDickey: bets $3
daniya73: calls $3
*** TURN *** [Qs 8c 8d] [2s]
daniya73: checks
SlickDickey: checks
*** RIVER *** [Qs 8c 8d 2s] [6h]
daniya73: bets $6
SlickDickey: calls $6
*** SHOW DOWN ***
daniya73: shows [3c As] (a pair of Eights)
SlickDickey: mucks hand
daniya73 collected $29.50 from pot
*** SUMMARY ***
Total pot $30 | Rake $0.50
Board [Qs 8c 8d 2s 6h]
Seat 3: daniya73 (big blind) showed [3c As] and won ($29.50) with a pair of Eights
Seat 4: SlickDickey (button) (small blind) mucked


PokerStars Hand #145784326812:  Hold'em Limit ($3/$6 USD) - 2015/12/23 6:01:06 ET
Table 'Griqua' 6-max Seat #5 is the button
Seat 4: SlickDickey ($111.28 in chips)
Seat 5: scorpio04 ($72 in chips)
scorpio04: posts small blind $1
Nicksteven28: is sitting out
SlickDickey: posts big blind $3
*** HOLE CARDS ***
scorpio04: folds
Uncalled bet ($2) returned to SlickDickey
SlickDickey collected $2 from pot
SlickDickey: doesn't show hand
*** SUMMARY ***
Total pot $2 | Rake $0
Seat 4: SlickDickey (big blind) collected ($2)
Seat 5: scorpio04 (button) (small blind) folded before Flop


