PokerStars Hand #145460084620:  Hold'em Limit ($3/$6 USD) - 2015/12/16 19:23:37 ET
Table 'Griseldis' 6-max Seat #4 is the button
Seat 3: Arsenal5015 ($45.32 in chips)
Seat 4: AzureCaper ($77.64 in chips)
AzureCaper: posts small blind $1
LukaSteel has timed out while disconnected
LukaSteel: is sitting out
Arsenal5015: posts big blind $3
*** HOLE CARDS ***
AzureCaper: folds
Uncalled bet ($2) returned to Arsenal5015
Arsenal5015 collected $2 from pot
Arsenal5015: doesn't show hand
*** SUMMARY ***
Total pot $2 | Rake $0
Seat 3: Arsenal5015 (big blind) collected ($2)
Seat 4: AzureCaper (button) (small blind) folded before Flop


PokerStars Hand #145460096773:  Hold'em Limit ($3/$6 USD) - 2015/12/16 19:23:57 ET
Table 'Griseldis' 6-max Seat #3 is the button
Seat 3: Arsenal5015 ($46.32 in chips)
Seat 4: AzureCaper ($76.64 in chips)
Arsenal5015: posts small blind $1
AzureCaper: posts big blind $3
*** HOLE CARDS ***
Arsenal5015: raises $3 to $6
AzureCaper: calls $3
*** FLOP *** [9s 7c 3d]
AzureCaper: checks
Arsenal5015: checks
*** TURN *** [9s 7c 3d] [5s]
AzureCaper: bets $6
Arsenal5015: calls $6
*** RIVER *** [9s 7c 3d 5s] [8h]
AzureCaper: checks
Arsenal5015: bets $6
AzureCaper: folds
Uncalled bet ($6) returned to Arsenal5015
Arsenal5015 collected $23.52 from pot
Arsenal5015: doesn't show hand
*** SUMMARY ***
Total pot $24 | Rake $0.48
Board [9s 7c 3d 5s 8h]
Seat 3: Arsenal5015 (button) (small blind) collected ($23.52)
Seat 4: AzureCaper (big blind) folded on the River


PokerStars Hand #145460235685:  Hold'em Limit ($3/$6 USD) - 2015/12/16 19:27:46 ET
Table 'Griseldis' 6-max Seat #4 is the button
Seat 4: AzureCaper ($122.28 in chips)
Seat 5: LukaSteel ($120 in chips)
AzureCaper: posts small blind $1
LukaSteel: posts big blind $3
*** HOLE CARDS ***
AzureCaper: folds
Uncalled bet ($2) returned to LukaSteel
LukaSteel collected $2 from pot
LukaSteel: doesn't show hand
*** SUMMARY ***
Total pot $2 | Rake $0
Seat 4: AzureCaper (button) (small blind) folded before Flop
Seat 5: LukaSteel (big blind) collected ($2)


PokerStars Hand #145460226114:  Hold'em Limit ($3/$6 USD) - 2015/12/16 19:27:30 ET
Table 'Griseldis' 6-max Seat #5 is the button
Seat 4: AzureCaper ($113.64 in chips)
Seat 5: LukaSteel ($128.46 in chips)
LukaSteel: posts small blind $1
AzureCaper: posts big blind $3
*** HOLE CARDS ***
LukaSteel: raises $3 to $6
AzureCaper: raises $3 to $9
LukaSteel: calls $3
*** FLOP *** [Ts Qh 5s]
AzureCaper: bets $3
LukaSteel: folds
Uncalled bet ($3) returned to AzureCaper
AzureCaper collected $17.64 from pot
AzureCaper: doesn't show hand
*** SUMMARY ***
Total pot $18 | Rake $0.36
Board [Ts Qh 5s]
Seat 4: AzureCaper (big blind) collected ($17.64)
Seat 5: LukaSteel (button) (small blind) folded on the Flop


