PokerStars Hand #148591193259:  Hold'em Limit ($3/$6 USD) - 2016/02/10 19:13:47 ET
Table 'Grogler' 6-max Seat #6 is the button
Seat 2: PayMyAudiR8 ($68.99 in chips)
Seat 6: MaSnaQ9 ($318.51 in chips)
MaSnaQ9: posts small blind $1
PayMyAudiR8: posts big blind $3
*** HOLE CARDS ***
MaSnaQ9: folds
Uncalled bet ($2) returned to PayMyAudiR8
PayMyAudiR8 collected $2 from pot
PayMyAudiR8: doesn't show hand
*** SUMMARY ***
Total pot $2 | Rake $0
Seat 2: PayMyAudiR8 (big blind) collected ($2)
Seat 6: MaSnaQ9 (button) (small blind) folded before Flop


PokerStars Hand #148591189265:  Hold'em Limit ($3/$6 USD) - 2016/02/10 19:13:41 ET
Table 'Grogler' 6-max Seat #2 is the button
Seat 2: PayMyAudiR8 ($65.99 in chips)
Seat 6: MaSnaQ9 ($321.51 in chips)
PayMyAudiR8: posts small blind $1
love_mmm: is sitting out
MaSnaQ9: posts big blind $3
*** HOLE CARDS ***
PayMyAudiR8: raises $3 to $6
MaSnaQ9: folds
Uncalled bet ($3) returned to PayMyAudiR8
PayMyAudiR8 collected $6 from pot
PayMyAudiR8: doesn't show hand
*** SUMMARY ***
Total pot $6 | Rake $0
Seat 2: PayMyAudiR8 (button) (small blind) collected ($6)
Seat 6: MaSnaQ9 (big blind) folded before Flop


PokerStars Hand #148591347455:  Hold'em Limit ($3/$6 USD) - 2016/02/10 19:17:23 ET
Table 'Grogler' 6-max Seat #2 is the button
Seat 2: PayMyAudiR8 ($25.49 in chips)
Seat 6: MaSnaQ9 ($352.58 in chips)
PayMyAudiR8: posts small blind $1
MaSnaQ9: posts big blind $3
*** HOLE CARDS ***
PayMyAudiR8: raises $3 to $6
MaSnaQ9: raises $3 to $9
PayMyAudiR8: calls $3
*** FLOP *** [4s 3h 7c]
MaSnaQ9: checks
PayMyAudiR8: bets $3
MaSnaQ9: calls $3
*** TURN *** [4s 3h 7c] [7h]
MaSnaQ9: checks
PayMyAudiR8: bets $6
MaSnaQ9: calls $6
*** RIVER *** [4s 3h 7c 7h] [Qd]
MaSnaQ9: bets $6
PayMyAudiR8: calls $6
*** SHOW DOWN ***
MaSnaQ9: shows [Jd Ad] (a pair of Sevens)
PayMyAudiR8: shows [Ts 3d] (two pair, Sevens and Threes)
PayMyAudiR8 collected $47.50 from pot
*** SUMMARY ***
Total pot $48 | Rake $0.50
Board [4s 3h 7c 7h Qd]
Seat 2: PayMyAudiR8 (button) (small blind) showed [Ts 3d] and won ($47.50) with two pair, Sevens and Threes
Seat 6: MaSnaQ9 (big blind) showed [Jd Ad] and lost with a pair of Sevens


PokerStars Hand #148591364469:  Hold'em Limit ($3/$6 USD) - 2016/02/10 19:17:47 ET
Table 'Grogler' 6-max Seat #6 is the button
Seat 2: PayMyAudiR8 ($48.99 in chips)
Seat 6: MaSnaQ9 ($328.58 in chips)
MaSnaQ9: posts small blind $1
PayMyAudiR8: posts big blind $3
*** HOLE CARDS ***
MaSnaQ9: raises $3 to $6
PayMyAudiR8: calls $3
*** FLOP *** [3h 7h 5h]
PayMyAudiR8: bets $3
MaSnaQ9: calls $3
*** TURN *** [3h 7h 5h] [6d]
PayMyAudiR8: bets $6
MaSnaQ9: calls $6
*** RIVER *** [3h 7h 5h 6d] [7d]
PayMyAudiR8: bets $6
MaSnaQ9: calls $6
*** SHOW DOWN ***
PayMyAudiR8: shows [4c Qh] (a straight, Three to Seven)
MaSnaQ9: mucks hand
PayMyAudiR8 collected $41.50 from pot
*** SUMMARY ***
Total pot $42 | Rake $0.50
Board [3h 7h 5h 6d 7d]
Seat 2: PayMyAudiR8 (big blind) showed [4c Qh] and won ($41.50) with a straight, Three to Seven
Seat 6: MaSnaQ9 (button) (small blind) mucked


PokerStars Hand #148591385923:  Hold'em Limit ($3/$6 USD) - 2016/02/10 19:18:18 ET
Table 'Grogler' 6-max Seat #6 is the button
Seat 2: PayMyAudiR8 ($75.25 in chips)
Seat 6: MaSnaQ9 ($301.58 in chips)
MaSnaQ9: posts small blind $1
PayMyAudiR8: posts big blind $3
*** HOLE CARDS ***
MaSnaQ9: folds
Uncalled bet ($2) returned to PayMyAudiR8
PayMyAudiR8 collected $2 from pot
PayMyAudiR8: doesn't show hand
*** SUMMARY ***
Total pot $2 | Rake $0
Seat 2: PayMyAudiR8 (big blind) collected ($2)
Seat 6: MaSnaQ9 (button) (small blind) folded before Flop


PokerStars Hand #148591376062:  Hold'em Limit ($3/$6 USD) - 2016/02/10 19:18:04 ET
Table 'Grogler' 6-max Seat #2 is the button
Seat 2: PayMyAudiR8 ($69.49 in chips)
Seat 6: MaSnaQ9 ($307.58 in chips)
PayMyAudiR8: posts small blind $1
MaSnaQ9: posts big blind $3
*** HOLE CARDS ***
PayMyAudiR8: raises $3 to $6
MaSnaQ9: calls $3
*** FLOP *** [4h 3s Ac]
MaSnaQ9: checks
PayMyAudiR8: bets $3
MaSnaQ9: folds
Uncalled bet ($3) returned to PayMyAudiR8
PayMyAudiR8 collected $11.76 from pot
PayMyAudiR8: doesn't show hand
*** SUMMARY ***
Total pot $12 | Rake $0.24
Board [4h 3s Ac]
Seat 2: PayMyAudiR8 (button) (small blind) collected ($11.76)
Seat 6: MaSnaQ9 (big blind) folded on the Flop


PokerStars Hand #148591389387:  Hold'em Limit ($3/$6 USD) - 2016/02/10 19:18:23 ET
Table 'Grogler' 6-max Seat #2 is the button
Seat 2: PayMyAudiR8 ($76.25 in chips)
Seat 6: MaSnaQ9 ($300.58 in chips)
PayMyAudiR8: posts small blind $1
MaSnaQ9: posts big blind $3
*** HOLE CARDS ***
PayMyAudiR8: raises $3 to $6
MaSnaQ9: raises $3 to $9
PayMyAudiR8: raises $3 to $12
Betting is capped
MaSnaQ9: calls $3
*** FLOP *** [6d Jc 5s]
MaSnaQ9: bets $3
PayMyAudiR8: raises $3 to $6
MaSnaQ9: calls $3
*** TURN *** [6d Jc 5s] [4d]
MaSnaQ9: checks
PayMyAudiR8: bets $6
MaSnaQ9: calls $6
*** RIVER *** [6d Jc 5s 4d] [3s]
MaSnaQ9: checks
PayMyAudiR8: checks
*** SHOW DOWN ***
MaSnaQ9: shows [Js Kc] (a pair of Jacks)
PayMyAudiR8: mucks hand
MaSnaQ9 collected $47.50 from pot
*** SUMMARY ***
Total pot $48 | Rake $0.50
Board [6d Jc 5s 4d 3s]
Seat 2: PayMyAudiR8 (button) (small blind) mucked
Seat 6: MaSnaQ9 (big blind) showed [Js Kc] and won ($47.50) with a pair of Jacks


PokerStars Hand #148591406796:  Hold'em Limit ($3/$6 USD) - 2016/02/10 19:18:47 ET
Table 'Grogler' 6-max Seat #6 is the button
Seat 2: PayMyAudiR8 ($52.25 in chips)
Seat 6: MaSnaQ9 ($324.08 in chips)
MaSnaQ9: posts small blind $1
PayMyAudiR8: posts big blind $3
*** HOLE CARDS ***
MaSnaQ9: raises $3 to $6
PayMyAudiR8: raises $3 to $9
MaSnaQ9: calls $3
*** FLOP *** [9c 7d 8c]
PayMyAudiR8: bets $3
MaSnaQ9: raises $3 to $6
PayMyAudiR8: raises $3 to $9
MaSnaQ9: calls $3
*** TURN *** [9c 7d 8c] [4d]
PayMyAudiR8: bets $6
MaSnaQ9: calls $6
*** RIVER *** [9c 7d 8c 4d] [3h]
PayMyAudiR8: bets $6
MaSnaQ9: calls $6
*** SHOW DOWN ***
PayMyAudiR8: shows [6c Jc] (high card Jack)
MaSnaQ9: shows [Jh 9h] (a pair of Nines)
MaSnaQ9 collected $59.50 from pot
*** SUMMARY ***
Total pot $60 | Rake $0.50
Board [9c 7d 8c 4d 3h]
Seat 2: PayMyAudiR8 (big blind) showed [6c Jc] and lost with high card Jack
Seat 6: MaSnaQ9 (button) (small blind) showed [Jh 9h] and won ($59.50) with a pair of Nines


PokerStars Hand #148591454966:  Hold'em Limit ($3/$6 USD) - 2016/02/10 19:19:56 ET
Table 'Grogler' 6-max Seat #6 is the button
Seat 2: PayMyAudiR8 ($33.77 in chips)
Seat 6: MaSnaQ9 ($341.58 in chips)
MaSnaQ9: posts small blind $1
PayMyAudiR8: posts big blind $3
*** HOLE CARDS ***
MaSnaQ9: folds
Uncalled bet ($2) returned to PayMyAudiR8
PayMyAudiR8 collected $2 from pot
PayMyAudiR8: doesn't show hand
*** SUMMARY ***
Total pot $2 | Rake $0
Seat 2: PayMyAudiR8 (big blind) collected ($2)
Seat 6: MaSnaQ9 (button) (small blind) folded before Flop


PokerStars Hand #148591429251:  Hold'em Limit ($3/$6 USD) - 2016/02/10 19:19:19 ET
Table 'Grogler' 6-max Seat #2 is the button
Seat 2: PayMyAudiR8 ($22.25 in chips)
Seat 6: MaSnaQ9 ($353.58 in chips)
PayMyAudiR8: posts small blind $1
MaSnaQ9: posts big blind $3
*** HOLE CARDS ***
PayMyAudiR8: raises $3 to $6
MaSnaQ9: raises $3 to $9
PayMyAudiR8: calls $3
*** FLOP *** [8d 7c 5h]
MaSnaQ9: checks
PayMyAudiR8: bets $3
MaSnaQ9: calls $3
*** TURN *** [8d 7c 5h] [Qs]
MaSnaQ9: checks
PayMyAudiR8: bets $6
MaSnaQ9: folds
Uncalled bet ($6) returned to PayMyAudiR8
PayMyAudiR8 collected $23.52 from pot
PayMyAudiR8: doesn't show hand
*** SUMMARY ***
Total pot $24 | Rake $0.48
Board [8d 7c 5h Qs]
Seat 2: PayMyAudiR8 (button) (small blind) collected ($23.52)
Seat 6: MaSnaQ9 (big blind) folded on the Turn


PokerStars Hand #148591462962:  Hold'em Limit ($3/$6 USD) - 2016/02/10 19:20:08 ET
Table 'Grogler' 6-max Seat #6 is the button
Seat 2: PayMyAudiR8 ($33.77 in chips)
Seat 6: MaSnaQ9 ($341.58 in chips)
MaSnaQ9: posts small blind $1
PayMyAudiR8: posts big blind $3
*** HOLE CARDS ***
MaSnaQ9: folds
Uncalled bet ($2) returned to PayMyAudiR8
PayMyAudiR8 collected $2 from pot
PayMyAudiR8: doesn't show hand
*** SUMMARY ***
Total pot $2 | Rake $0
Seat 2: PayMyAudiR8 (big blind) collected ($2)
Seat 6: MaSnaQ9 (button) (small blind) folded before Flop


PokerStars Hand #148591459781:  Hold'em Limit ($3/$6 USD) - 2016/02/10 19:20:03 ET
Table 'Grogler' 6-max Seat #2 is the button
Seat 2: PayMyAudiR8 ($34.77 in chips)
Seat 6: MaSnaQ9 ($340.58 in chips)
PayMyAudiR8: posts small blind $1
MaSnaQ9: posts big blind $3
*** HOLE CARDS ***
PayMyAudiR8: folds
Uncalled bet ($2) returned to MaSnaQ9
MaSnaQ9 collected $2 from pot
MaSnaQ9: doesn't show hand
*** SUMMARY ***
Total pot $2 | Rake $0
Seat 2: PayMyAudiR8 (button) (small blind) folded before Flop
Seat 6: MaSnaQ9 (big blind) collected ($2)


PokerStars Hand #148591484602:  Hold'em Limit ($3/$6 USD) - 2016/02/10 19:20:39 ET
Table 'Grogler' 6-max Seat #6 is the button
Seat 2: PayMyAudiR8 ($13.77 in chips)
Seat 6: MaSnaQ9 ($361.08 in chips)
MaSnaQ9: posts small blind $1
PayMyAudiR8: posts big blind $3
*** HOLE CARDS ***
MaSnaQ9: folds
Uncalled bet ($2) returned to PayMyAudiR8
PayMyAudiR8 collected $2 from pot
PayMyAudiR8: doesn't show hand
*** SUMMARY ***
Total pot $2 | Rake $0
Seat 2: PayMyAudiR8 (big blind) collected ($2)
Seat 6: MaSnaQ9 (button) (small blind) folded before Flop


PokerStars Hand #148591465889:  Hold'em Limit ($3/$6 USD) - 2016/02/10 19:20:12 ET
Table 'Grogler' 6-max Seat #2 is the button
Seat 2: PayMyAudiR8 ($34.77 in chips)
Seat 6: MaSnaQ9 ($340.58 in chips)
PayMyAudiR8: posts small blind $1
MaSnaQ9: posts big blind $3
*** HOLE CARDS ***
PayMyAudiR8: raises $3 to $6
MaSnaQ9: raises $3 to $9
PayMyAudiR8: raises $3 to $12
Betting is capped
MaSnaQ9: calls $3
*** FLOP *** [4c 9c Qh]
MaSnaQ9: bets $3
PayMyAudiR8: calls $3
*** TURN *** [4c 9c Qh] [7s]
MaSnaQ9: bets $6
PayMyAudiR8: calls $6
*** RIVER *** [4c 9c Qh 7s] [3s]
MaSnaQ9: checks
PayMyAudiR8: checks
*** SHOW DOWN ***
MaSnaQ9: shows [Ad Kc] (high card Ace)
PayMyAudiR8: mucks hand
MaSnaQ9 collected $41.50 from pot
*** SUMMARY ***
Total pot $42 | Rake $0.50
Board [4c 9c Qh 7s 3s]
Seat 2: PayMyAudiR8 (button) (small blind) mucked
Seat 6: MaSnaQ9 (big blind) showed [Ad Kc] and won ($41.50) with high card Ace


PokerStars Hand #148591491254:  Hold'em Limit ($3/$6 USD) - 2016/02/10 19:20:48 ET
Table 'Grogler' 6-max Seat #6 is the button
Seat 2: PayMyAudiR8 ($17.77 in chips)
Seat 6: MaSnaQ9 ($357.08 in chips)
MaSnaQ9: posts small blind $1
PayMyAudiR8: posts big blind $3
*** HOLE CARDS ***
MaSnaQ9: folds
Uncalled bet ($2) returned to PayMyAudiR8
PayMyAudiR8 collected $2 from pot
PayMyAudiR8: doesn't show hand
*** SUMMARY ***
Total pot $2 | Rake $0
Seat 2: PayMyAudiR8 (big blind) collected ($2)
Seat 6: MaSnaQ9 (button) (small blind) folded before Flop


PokerStars Hand #148591487813:  Hold'em Limit ($3/$6 USD) - 2016/02/10 19:20:44 ET
Table 'Grogler' 6-max Seat #2 is the button
Seat 2: PayMyAudiR8 ($14.77 in chips)
Seat 6: MaSnaQ9 ($360.08 in chips)
PayMyAudiR8: posts small blind $1
MaSnaQ9: posts big blind $3
*** HOLE CARDS ***
PayMyAudiR8: raises $3 to $6
MaSnaQ9: folds
Uncalled bet ($3) returned to PayMyAudiR8
PayMyAudiR8 collected $6 from pot
PayMyAudiR8: doesn't show hand
*** SUMMARY ***
Total pot $6 | Rake $0
Seat 2: PayMyAudiR8 (button) (small blind) collected ($6)
Seat 6: MaSnaQ9 (big blind) folded before Flop


PokerStars Hand #148591536189:  Hold'em Limit ($3/$6 USD) - 2016/02/10 19:21:54 ET
Table 'Grogler' 6-max Seat #6 is the button
Seat 2: PayMyAudiR8 ($46.04 in chips)
Seat 6: MaSnaQ9 ($328.31 in chips)
MaSnaQ9: posts small blind $1
PayMyAudiR8: posts big blind $3
*** HOLE CARDS ***
MaSnaQ9: folds
Uncalled bet ($2) returned to PayMyAudiR8
PayMyAudiR8 collected $2 from pot
PayMyAudiR8: doesn't show hand
*** SUMMARY ***
Total pot $2 | Rake $0
Seat 2: PayMyAudiR8 (big blind) collected ($2)
Seat 6: MaSnaQ9 (button) (small blind) folded before Flop


PokerStars Hand #148591529866:  Hold'em Limit ($3/$6 USD) - 2016/02/10 19:21:45 ET
Table 'Grogler' 6-max Seat #2 is the button
Seat 2: PayMyAudiR8 ($43.04 in chips)
Seat 6: MaSnaQ9 ($331.31 in chips)
PayMyAudiR8: posts small blind $1
MaSnaQ9: posts big blind $3
*** HOLE CARDS ***
PayMyAudiR8: raises $3 to $6
MaSnaQ9: folds
Uncalled bet ($3) returned to PayMyAudiR8
PayMyAudiR8 collected $6 from pot
PayMyAudiR8: doesn't show hand
*** SUMMARY ***
Total pot $6 | Rake $0
Seat 2: PayMyAudiR8 (button) (small blind) collected ($6)
Seat 6: MaSnaQ9 (big blind) folded before Flop


PokerStars Hand #148591502235:  Hold'em Limit ($3/$6 USD) - 2016/02/10 19:21:05 ET
Table 'Grogler' 6-max Seat #6 is the button
Seat 2: PayMyAudiR8 ($21.77 in chips)
Seat 6: MaSnaQ9 ($353.08 in chips)
MaSnaQ9: posts small blind $1
PayMyAudiR8: posts big blind $3
*** HOLE CARDS ***
MaSnaQ9: raises $3 to $6
PayMyAudiR8: raises $3 to $9
MaSnaQ9: calls $3
*** FLOP *** [7h 8h 2s]
PayMyAudiR8: bets $3
MaSnaQ9: calls $3
*** TURN *** [7h 8h 2s] [6d]
PayMyAudiR8: bets $6
MaSnaQ9: calls $6
*** RIVER *** [7h 8h 2s 6d] [7c]
PayMyAudiR8: bets $3.77 and is all-in
MaSnaQ9: calls $3.77
*** SHOW DOWN ***
PayMyAudiR8: shows [8s Js] (two pair, Eights and Sevens)
MaSnaQ9: shows [Jc 9d] (a pair of Sevens)
PayMyAudiR8 collected $43.04 from pot
*** SUMMARY ***
Total pot $43.54 | Rake $0.50
Board [7h 8h 2s 6d 7c]
Seat 2: PayMyAudiR8 (big blind) showed [8s Js] and won ($43.04) with two pair, Eights and Sevens
Seat 6: MaSnaQ9 (button) (small blind) showed [Jc 9d] and lost with a pair of Sevens


PokerStars Hand #148591494612:  Hold'em Limit ($3/$6 USD) - 2016/02/10 19:20:54 ET
Table 'Grogler' 6-max Seat #2 is the button
Seat 2: PayMyAudiR8 ($18.77 in chips)
Seat 6: MaSnaQ9 ($356.08 in chips)
PayMyAudiR8: posts small blind $1
MaSnaQ9: posts big blind $3
*** HOLE CARDS ***
PayMyAudiR8: raises $3 to $6
MaSnaQ9: folds
Uncalled bet ($3) returned to PayMyAudiR8
PayMyAudiR8 collected $6 from pot
PayMyAudiR8: doesn't show hand
*** SUMMARY ***
Total pot $6 | Rake $0
Seat 2: PayMyAudiR8 (button) (small blind) collected ($6)
Seat 6: MaSnaQ9 (big blind) folded before Flop


PokerStars Hand #148591551227:  Hold'em Limit ($3/$6 USD) - 2016/02/10 19:22:16 ET
Table 'Grogler' 6-max Seat #6 is the button
Seat 2: PayMyAudiR8 ($50.04 in chips)
Seat 6: MaSnaQ9 ($324.31 in chips)
MaSnaQ9: posts small blind $1
PayMyAudiR8: posts big blind $3
*** HOLE CARDS ***
MaSnaQ9: folds
Uncalled bet ($2) returned to PayMyAudiR8
PayMyAudiR8 collected $2 from pot
PayMyAudiR8: doesn't show hand
*** SUMMARY ***
Total pot $2 | Rake $0
Seat 2: PayMyAudiR8 (big blind) collected ($2)
Seat 6: MaSnaQ9 (button) (small blind) folded before Flop


PokerStars Hand #148591540267:  Hold'em Limit ($3/$6 USD) - 2016/02/10 19:22:00 ET
Table 'Grogler' 6-max Seat #2 is the button
Seat 2: PayMyAudiR8 ($47.04 in chips)
Seat 6: MaSnaQ9 ($327.31 in chips)
PayMyAudiR8: posts small blind $1
MaSnaQ9: posts big blind $3
*** HOLE CARDS ***
PayMyAudiR8: raises $3 to $6
MaSnaQ9: folds
Uncalled bet ($3) returned to PayMyAudiR8
PayMyAudiR8 collected $6 from pot
PayMyAudiR8: doesn't show hand
*** SUMMARY ***
Total pot $6 | Rake $0
Seat 2: PayMyAudiR8 (button) (small blind) collected ($6)
Seat 6: MaSnaQ9 (big blind) folded before Flop


PokerStars Hand #148591558259:  Hold'em Limit ($3/$6 USD) - 2016/02/10 19:22:27 ET
Table 'Grogler' 6-max Seat #6 is the button
Seat 2: PayMyAudiR8 ($54.04 in chips)
Seat 6: MaSnaQ9 ($320.31 in chips)
MaSnaQ9: posts small blind $1
PayMyAudiR8: posts big blind $3
*** HOLE CARDS ***
MaSnaQ9: raises $3 to $6
PayMyAudiR8: calls $3
*** FLOP *** [4h 7h 2d]
PayMyAudiR8: checks
MaSnaQ9: bets $3
PayMyAudiR8: calls $3
*** TURN *** [4h 7h 2d] [2h]
PayMyAudiR8: checks
MaSnaQ9: bets $6
PayMyAudiR8: folds
Uncalled bet ($6) returned to MaSnaQ9
MaSnaQ9 collected $17.64 from pot
MaSnaQ9: doesn't show hand
*** SUMMARY ***
Total pot $18 | Rake $0.36
Board [4h 7h 2d 2h]
Seat 2: PayMyAudiR8 (big blind) folded on the Turn
Seat 6: MaSnaQ9 (button) (small blind) collected ($17.64)


PokerStars Hand #148591573939:  Hold'em Limit ($3/$6 USD) - 2016/02/10 19:22:50 ET
Table 'Grogler' 6-max Seat #6 is the button
Seat 2: PayMyAudiR8 ($48.04 in chips)
Seat 6: MaSnaQ9 ($325.95 in chips)
MaSnaQ9: posts small blind $1
PayMyAudiR8: posts big blind $3
*** HOLE CARDS ***
MaSnaQ9: folds
Uncalled bet ($2) returned to PayMyAudiR8
PayMyAudiR8 collected $2 from pot
PayMyAudiR8: doesn't show hand
*** SUMMARY ***
Total pot $2 | Rake $0
Seat 2: PayMyAudiR8 (big blind) collected ($2)
Seat 6: MaSnaQ9 (button) (small blind) folded before Flop


PokerStars Hand #148591609758:  Hold'em Limit ($3/$6 USD) - 2016/02/10 19:23:43 ET
Table 'Grogler' 6-max Seat #6 is the button
Seat 2: PayMyAudiR8 ($48.04 in chips)
Seat 6: MaSnaQ9 ($325.59 in chips)
MaSnaQ9: posts small blind $1
PayMyAudiR8: posts big blind $3
*** HOLE CARDS ***
MaSnaQ9: raises $3 to $6
PayMyAudiR8: calls $3
*** FLOP *** [2h Kh Jh]
PayMyAudiR8: checks
MaSnaQ9: checks
*** TURN *** [2h Kh Jh] [Tc]
PayMyAudiR8: checks
MaSnaQ9: checks
*** RIVER *** [2h Kh Jh Tc] [Qs]
PayMyAudiR8: checks
MaSnaQ9: bets $6
PayMyAudiR8: folds
Uncalled bet ($6) returned to MaSnaQ9
MaSnaQ9 collected $11.76 from pot
MaSnaQ9: doesn't show hand
*** SUMMARY ***
Total pot $12 | Rake $0.24
Board [2h Kh Jh Tc Qs]
Seat 2: PayMyAudiR8 (big blind) folded on the River
Seat 6: MaSnaQ9 (button) (small blind) collected ($11.76)


PokerStars Hand #148591585960:  Hold'em Limit ($3/$6 USD) - 2016/02/10 19:23:08 ET
Table 'Grogler' 6-max Seat #6 is the button
Seat 2: PayMyAudiR8 ($52.04 in chips)
Seat 6: MaSnaQ9 ($321.95 in chips)
MaSnaQ9: posts small blind $1
PayMyAudiR8: posts big blind $3
*** HOLE CARDS ***
MaSnaQ9: folds
Uncalled bet ($2) returned to PayMyAudiR8
PayMyAudiR8 collected $2 from pot
PayMyAudiR8: doesn't show hand
*** SUMMARY ***
Total pot $2 | Rake $0
Seat 2: PayMyAudiR8 (big blind) collected ($2)
Seat 6: MaSnaQ9 (button) (small blind) folded before Flop


PokerStars Hand #148591596010:  Hold'em Limit ($3/$6 USD) - 2016/02/10 19:23:22 ET
Table 'Grogler' 6-max Seat #6 is the button
Seat 2: PayMyAudiR8 ($44.04 in chips)
Seat 6: MaSnaQ9 ($329.59 in chips)
MaSnaQ9: posts small blind $1
PayMyAudiR8: posts big blind $3
*** HOLE CARDS ***
MaSnaQ9: folds
Uncalled bet ($2) returned to PayMyAudiR8
PayMyAudiR8 collected $2 from pot
PayMyAudiR8: doesn't show hand
*** SUMMARY ***
Total pot $2 | Rake $0
Seat 2: PayMyAudiR8 (big blind) collected ($2)
Seat 6: MaSnaQ9 (button) (small blind) folded before Flop


PokerStars Hand #148591589045:  Hold'em Limit ($3/$6 USD) - 2016/02/10 19:23:12 ET
Table 'Grogler' 6-max Seat #2 is the button
Seat 2: PayMyAudiR8 ($53.04 in chips)
Seat 6: MaSnaQ9 ($320.95 in chips)
PayMyAudiR8: posts small blind $1
MaSnaQ9: posts big blind $3
*** HOLE CARDS ***
PayMyAudiR8: raises $3 to $6
MaSnaQ9: raises $3 to $9
PayMyAudiR8: calls $3
*** FLOP *** [9d Qs As]
MaSnaQ9: bets $3
PayMyAudiR8: folds
Uncalled bet ($3) returned to MaSnaQ9
MaSnaQ9 collected $17.64 from pot
MaSnaQ9: doesn't show hand
*** SUMMARY ***
Total pot $18 | Rake $0.36
Board [9d Qs As]
Seat 2: PayMyAudiR8 (button) (small blind) folded on the Flop
Seat 6: MaSnaQ9 (big blind) collected ($17.64)


PokerStars Hand #148591606732:  Hold'em Limit ($3/$6 USD) - 2016/02/10 19:23:38 ET
Table 'Grogler' 6-max Seat #2 is the button
Seat 2: PayMyAudiR8 ($49.04 in chips)
Seat 6: MaSnaQ9 ($324.59 in chips)
PayMyAudiR8: posts small blind $1
MaSnaQ9: posts big blind $3
*** HOLE CARDS ***
PayMyAudiR8: folds
Uncalled bet ($2) returned to MaSnaQ9
MaSnaQ9 collected $2 from pot
MaSnaQ9: doesn't show hand
*** SUMMARY ***
Total pot $2 | Rake $0
Seat 2: PayMyAudiR8 (button) (small blind) folded before Flop
Seat 6: MaSnaQ9 (big blind) collected ($2)


PokerStars Hand #148591602853:  Hold'em Limit ($3/$6 USD) - 2016/02/10 19:23:32 ET
Table 'Grogler' 6-max Seat #6 is the button
Seat 2: PayMyAudiR8 ($48.04 in chips)
Seat 6: MaSnaQ9 ($325.59 in chips)
MaSnaQ9: posts small blind $1
PayMyAudiR8: posts big blind $3
*** HOLE CARDS ***
MaSnaQ9: folds
Uncalled bet ($2) returned to PayMyAudiR8
PayMyAudiR8 collected $2 from pot
PayMyAudiR8: doesn't show hand
*** SUMMARY ***
Total pot $2 | Rake $0
Seat 2: PayMyAudiR8 (big blind) collected ($2)
Seat 6: MaSnaQ9 (button) (small blind) folded before Flop


PokerStars Hand #148591656209:  Hold'em Limit ($3/$6 USD) - 2016/02/10 19:24:51 ET
Table 'Grogler' 6-max Seat #2 is the button
Seat 2: PayMyAudiR8 ($172.56 in chips)
Seat 6: MaSnaQ9 ($315.35 in chips)
PayMyAudiR8: posts small blind $1
MaSnaQ9: posts big blind $3
*** HOLE CARDS ***
PayMyAudiR8: raises $3 to $6
MaSnaQ9: folds
Uncalled bet ($3) returned to PayMyAudiR8
PayMyAudiR8 collected $6 from pot
PayMyAudiR8: doesn't show hand
*** SUMMARY ***
Total pot $6 | Rake $0
Seat 2: PayMyAudiR8 (button) (small blind) collected ($6)
Seat 6: MaSnaQ9 (big blind) folded before Flop


PokerStars Hand #148591622145:  Hold'em Limit ($3/$6 USD) - 2016/02/10 19:24:01 ET
Table 'Grogler' 6-max Seat #2 is the button
Seat 2: PayMyAudiR8 ($42.04 in chips)
Seat 6: MaSnaQ9 ($331.35 in chips)
PayMyAudiR8: posts small blind $1
MaSnaQ9: posts big blind $3
*** HOLE CARDS ***
PayMyAudiR8: raises $3 to $6
MaSnaQ9: calls $3
*** FLOP *** [3d 4h 9c]
MaSnaQ9: checks
PayMyAudiR8: bets $3
MaSnaQ9: folds
Uncalled bet ($3) returned to PayMyAudiR8
PayMyAudiR8 collected $11.76 from pot
PayMyAudiR8: doesn't show hand
*** SUMMARY ***
Total pot $12 | Rake $0.24
Board [3d 4h 9c]
Seat 2: PayMyAudiR8 (button) (small blind) collected ($11.76)
Seat 6: MaSnaQ9 (big blind) folded on the Flop


PokerStars Hand #148591643709:  Hold'em Limit ($3/$6 USD) - 2016/02/10 19:24:33 ET
Table 'Grogler' 6-max Seat #6 is the button
Seat 2: PayMyAudiR8 ($166.80 in chips)
Seat 6: MaSnaQ9 ($321.35 in chips)
MaSnaQ9: posts small blind $1
PayMyAudiR8: posts big blind $3
*** HOLE CARDS ***
MaSnaQ9: calls $2
PayMyAudiR8: raises $3 to $6
MaSnaQ9: calls $3
*** FLOP *** [Qs Js 2d]
PayMyAudiR8: bets $3
MaSnaQ9: folds
Uncalled bet ($3) returned to PayMyAudiR8
PayMyAudiR8 collected $11.76 from pot
PayMyAudiR8: doesn't show hand
*** SUMMARY ***
Total pot $12 | Rake $0.24
Board [Qs Js 2d]
Seat 2: PayMyAudiR8 (big blind) collected ($11.76)
Seat 6: MaSnaQ9 (button) (small blind) folded on the Flop


PokerStars Hand #148591638534:  Hold'em Limit ($3/$6 USD) - 2016/02/10 19:24:25 ET
Table 'Grogler' 6-max Seat #2 is the button
Seat 2: PayMyAudiR8 ($48.80 in chips)
Seat 6: MaSnaQ9 ($324.35 in chips)
PayMyAudiR8: posts small blind $1
MaSnaQ9: posts big blind $3
*** HOLE CARDS ***
PayMyAudiR8: raises $3 to $6
MaSnaQ9: folds
Uncalled bet ($3) returned to PayMyAudiR8
PayMyAudiR8 collected $6 from pot
PayMyAudiR8: doesn't show hand
*** SUMMARY ***
Total pot $6 | Rake $0
Seat 2: PayMyAudiR8 (button) (small blind) collected ($6)
Seat 6: MaSnaQ9 (big blind) folded before Flop


PokerStars Hand #148591634752:  Hold'em Limit ($3/$6 USD) - 2016/02/10 19:24:20 ET
Table 'Grogler' 6-max Seat #6 is the button
Seat 2: PayMyAudiR8 ($47.80 in chips)
Seat 6: MaSnaQ9 ($325.35 in chips)
MaSnaQ9: posts small blind $1
PayMyAudiR8: posts big blind $3
*** HOLE CARDS ***
MaSnaQ9: folds
Uncalled bet ($2) returned to PayMyAudiR8
PayMyAudiR8 collected $2 from pot
PayMyAudiR8: doesn't show hand
*** SUMMARY ***
Total pot $2 | Rake $0
Seat 2: PayMyAudiR8 (big blind) collected ($2)
Seat 6: MaSnaQ9 (button) (small blind) folded before Flop


PokerStars Hand #148591695794:  Hold'em Limit ($3/$6 USD) - 2016/02/10 19:25:50 ET
Table 'Grogler' 6-max Seat #2 is the button
Seat 2: PayMyAudiR8 ($159.56 in chips)
Seat 6: MaSnaQ9 ($327.51 in chips)
PayMyAudiR8: posts small blind $1
MaSnaQ9: posts big blind $3
*** HOLE CARDS ***
PayMyAudiR8: raises $3 to $6
MaSnaQ9: folds
Uncalled bet ($3) returned to PayMyAudiR8
PayMyAudiR8 collected $6 from pot
PayMyAudiR8: doesn't show hand
*** SUMMARY ***
Total pot $6 | Rake $0
Seat 2: PayMyAudiR8 (button) (small blind) collected ($6)
Seat 6: MaSnaQ9 (big blind) folded before Flop


PokerStars Hand #148591688809:  Hold'em Limit ($3/$6 USD) - 2016/02/10 19:25:39 ET
Table 'Grogler' 6-max Seat #6 is the button
Seat 2: PayMyAudiR8 ($158.56 in chips)
Seat 6: MaSnaQ9 ($328.51 in chips)
MaSnaQ9: posts small blind $1
PayMyAudiR8: posts big blind $3
*** HOLE CARDS ***
MaSnaQ9: folds
Uncalled bet ($2) returned to PayMyAudiR8
PayMyAudiR8 collected $2 from pot
PayMyAudiR8: doesn't show hand
*** SUMMARY ***
Total pot $2 | Rake $0
Seat 2: PayMyAudiR8 (big blind) collected ($2)
Seat 6: MaSnaQ9 (button) (small blind) folded before Flop


PokerStars Hand #148591659256:  Hold'em Limit ($3/$6 USD) - 2016/02/10 19:24:56 ET
Table 'Grogler' 6-max Seat #6 is the button
Seat 2: PayMyAudiR8 ($175.56 in chips)
Seat 6: MaSnaQ9 ($312.35 in chips)
MaSnaQ9: posts small blind $1
PayMyAudiR8: posts big blind $3
*** HOLE CARDS ***
MaSnaQ9: raises $3 to $6
PayMyAudiR8: calls $3
*** FLOP *** [7h Jc 6d]
PayMyAudiR8: checks
MaSnaQ9: checks
*** TURN *** [7h Jc 6d] [Kd]
PayMyAudiR8: checks
MaSnaQ9: bets $6
PayMyAudiR8: calls $6
*** RIVER *** [7h Jc 6d Kd] [9d]
PayMyAudiR8: checks
MaSnaQ9: checks
*** SHOW DOWN ***
PayMyAudiR8: shows [9h 8s] (a pair of Nines)
MaSnaQ9: shows [As 9c] (a pair of Nines - Ace kicker)
MaSnaQ9 collected $23.52 from pot
*** SUMMARY ***
Total pot $24 | Rake $0.48
Board [7h Jc 6d Kd 9d]
Seat 2: PayMyAudiR8 (big blind) showed [9h 8s] and lost with a pair of Nines
Seat 6: MaSnaQ9 (button) (small blind) showed [As 9c] and won ($23.52) with a pair of Nines


PokerStars Hand #148591682572:  Hold'em Limit ($3/$6 USD) - 2016/02/10 19:25:30 ET
Table 'Grogler' 6-max Seat #6 is the button
Seat 2: PayMyAudiR8 ($154.56 in chips)
Seat 6: MaSnaQ9 ($332.51 in chips)
MaSnaQ9: posts small blind $1
PayMyAudiR8: posts big blind $3
*** HOLE CARDS ***
MaSnaQ9: folds
Uncalled bet ($2) returned to PayMyAudiR8
PayMyAudiR8 collected $2 from pot
PayMyAudiR8: doesn't show hand
*** SUMMARY ***
Total pot $2 | Rake $0
Seat 2: PayMyAudiR8 (big blind) collected ($2)
Seat 6: MaSnaQ9 (button) (small blind) folded before Flop


PokerStars Hand #148591669810:  Hold'em Limit ($3/$6 USD) - 2016/02/10 19:25:11 ET
Table 'Grogler' 6-max Seat #2 is the button
Seat 2: PayMyAudiR8 ($163.56 in chips)
Seat 6: MaSnaQ9 ($323.87 in chips)
PayMyAudiR8: posts small blind $1
MaSnaQ9: posts big blind $3
*** HOLE CARDS ***
PayMyAudiR8: raises $3 to $6
MaSnaQ9: calls $3
*** FLOP *** [7d 3s Tc]
MaSnaQ9: checks
PayMyAudiR8: bets $3
MaSnaQ9: calls $3
*** TURN *** [7d 3s Tc] [5d]
MaSnaQ9: checks
PayMyAudiR8: checks
*** RIVER *** [7d 3s Tc 5d] [6h]
MaSnaQ9: checks
PayMyAudiR8: checks
*** SHOW DOWN ***
MaSnaQ9: shows [2c Ad] (high card Ace)
PayMyAudiR8: mucks hand
MaSnaQ9 collected $17.64 from pot
*** SUMMARY ***
Total pot $18 | Rake $0.36
Board [7d 3s Tc 5d 6h]
Seat 2: PayMyAudiR8 (button) (small blind) mucked
Seat 6: MaSnaQ9 (big blind) showed [2c Ad] and won ($17.64) with high card Ace


PokerStars Hand #148591685587:  Hold'em Limit ($3/$6 USD) - 2016/02/10 19:25:35 ET
Table 'Grogler' 6-max Seat #2 is the button
Seat 2: PayMyAudiR8 ($155.56 in chips)
Seat 6: MaSnaQ9 ($331.51 in chips)
PayMyAudiR8: posts small blind $1
MaSnaQ9: posts big blind $3
*** HOLE CARDS ***
PayMyAudiR8: raises $3 to $6
MaSnaQ9: folds
Uncalled bet ($3) returned to PayMyAudiR8
PayMyAudiR8 collected $6 from pot
PayMyAudiR8: doesn't show hand
*** SUMMARY ***
Total pot $6 | Rake $0
Seat 2: PayMyAudiR8 (button) (small blind) collected ($6)
Seat 6: MaSnaQ9 (big blind) folded before Flop


PokerStars Hand #148591729109:  Hold'em Limit ($3/$6 USD) - 2016/02/10 19:26:39 ET
Table 'Grogler' 6-max Seat #6 is the button
Seat 2: PayMyAudiR8 ($176.08 in chips)
Seat 6: MaSnaQ9 ($310.51 in chips)
MaSnaQ9: posts small blind $1
PayMyAudiR8: posts big blind $3
*** HOLE CARDS ***
MaSnaQ9: raises $3 to $6
PayMyAudiR8: calls $3
*** FLOP *** [5s 6h 7s]
PayMyAudiR8: checks
MaSnaQ9: bets $3
PayMyAudiR8: raises $3 to $6
MaSnaQ9: calls $3
*** TURN *** [5s 6h 7s] [8d]
PayMyAudiR8: bets $6
MaSnaQ9: folds
Uncalled bet ($6) returned to PayMyAudiR8
PayMyAudiR8 collected $23.52 from pot
PayMyAudiR8: doesn't show hand
*** SUMMARY ***
Total pot $24 | Rake $0.48
Board [5s 6h 7s 8d]
Seat 2: PayMyAudiR8 (big blind) collected ($23.52)
Seat 6: MaSnaQ9 (button) (small blind) folded on the Turn


PokerStars Hand #148591701014:  Hold'em Limit ($3/$6 USD) - 2016/02/10 19:25:58 ET
Table 'Grogler' 6-max Seat #6 is the button
Seat 2: PayMyAudiR8 ($162.56 in chips)
Seat 6: MaSnaQ9 ($324.51 in chips)
MaSnaQ9: posts small blind $1
PayMyAudiR8: posts big blind $3
*** HOLE CARDS ***
MaSnaQ9: raises $3 to $6
PayMyAudiR8: calls $3
*** FLOP *** [7s Jd Ah]
PayMyAudiR8: checks
MaSnaQ9: checks
*** TURN *** [7s Jd Ah] [6s]
PayMyAudiR8: bets $6
MaSnaQ9: folds
Uncalled bet ($6) returned to PayMyAudiR8
PayMyAudiR8 collected $11.76 from pot
PayMyAudiR8: doesn't show hand
*** SUMMARY ***
Total pot $12 | Rake $0.24
Board [7s Jd Ah 6s]
Seat 2: PayMyAudiR8 (big blind) collected ($11.76)
Seat 6: MaSnaQ9 (button) (small blind) folded on the Turn


PokerStars Hand #148591711570:  Hold'em Limit ($3/$6 USD) - 2016/02/10 19:26:13 ET
Table 'Grogler' 6-max Seat #2 is the button
Seat 2: PayMyAudiR8 ($168.32 in chips)
Seat 6: MaSnaQ9 ($318.51 in chips)
PayMyAudiR8: posts small blind $1
MaSnaQ9: posts big blind $3
*** HOLE CARDS ***
PayMyAudiR8: raises $3 to $6
MaSnaQ9: folds
Uncalled bet ($3) returned to PayMyAudiR8
PayMyAudiR8 collected $6 from pot
PayMyAudiR8: doesn't show hand
*** SUMMARY ***
Total pot $6 | Rake $0
Seat 2: PayMyAudiR8 (button) (small blind) collected ($6)
Seat 6: MaSnaQ9 (big blind) folded before Flop


PokerStars Hand #148591715798:  Hold'em Limit ($3/$6 USD) - 2016/02/10 19:26:20 ET
Table 'Grogler' 6-max Seat #6 is the button
Seat 2: PayMyAudiR8 ($171.32 in chips)
Seat 6: MaSnaQ9 ($315.51 in chips)
MaSnaQ9: posts small blind $1
PayMyAudiR8: posts big blind $3
*** HOLE CARDS ***
MaSnaQ9: raises $3 to $6
PayMyAudiR8: calls $3
*** FLOP *** [Qc Tc 3d]
PayMyAudiR8: checks
MaSnaQ9: checks
*** TURN *** [Qc Tc 3d] [Kd]
PayMyAudiR8: checks
MaSnaQ9: checks
*** RIVER *** [Qc Tc 3d Kd] [7d]
PayMyAudiR8: bets $6
MaSnaQ9: folds
Uncalled bet ($6) returned to PayMyAudiR8
PayMyAudiR8 collected $11.76 from pot
PayMyAudiR8: doesn't show hand
*** SUMMARY ***
Total pot $12 | Rake $0.24
Board [Qc Tc 3d Kd 7d]
Seat 2: PayMyAudiR8 (big blind) collected ($11.76)
Seat 6: MaSnaQ9 (button) (small blind) folded on the River


PokerStars Hand #148591725889:  Hold'em Limit ($3/$6 USD) - 2016/02/10 19:26:35 ET
Table 'Grogler' 6-max Seat #2 is the button
Seat 2: PayMyAudiR8 ($177.08 in chips)
Seat 6: MaSnaQ9 ($309.51 in chips)
PayMyAudiR8: posts small blind $1
MaSnaQ9: posts big blind $3
*** HOLE CARDS ***
PayMyAudiR8: folds
Uncalled bet ($2) returned to MaSnaQ9
MaSnaQ9 collected $2 from pot
MaSnaQ9: doesn't show hand
*** SUMMARY ***
Total pot $2 | Rake $0
Seat 2: PayMyAudiR8 (button) (small blind) folded before Flop
Seat 6: MaSnaQ9 (big blind) collected ($2)


PokerStars Hand #148591741611:  Hold'em Limit ($3/$6 USD) - 2016/02/10 19:26:58 ET
Table 'Grogler' 6-max Seat #2 is the button
Seat 2: PayMyAudiR8 ($187.60 in chips)
Seat 6: MaSnaQ9 ($298.51 in chips)
PayMyAudiR8: posts small blind $1
MaSnaQ9: posts big blind $3
*** HOLE CARDS ***
PayMyAudiR8: raises $3 to $6
MaSnaQ9: calls $3
*** FLOP *** [6s 8c Ac]
MaSnaQ9: checks
PayMyAudiR8: bets $3
MaSnaQ9: calls $3
*** TURN *** [6s 8c Ac] [5c]
MaSnaQ9: checks
PayMyAudiR8: bets $6
ToDaFelt joins the table at seat #1
MaSnaQ9: calls $6
*** RIVER *** [6s 8c Ac 5c] [3h]
MaSnaQ9: checks
PayMyAudiR8: bets $6
MaSnaQ9: calls $6
*** SHOW DOWN ***
PayMyAudiR8: shows [7h 4c] (a straight, Four to Eight)
MaSnaQ9: mucks hand
PayMyAudiR8 collected $41.50 from pot
*** SUMMARY ***
Total pot $42 | Rake $0.50
Board [6s 8c Ac 5c 3h]
Seat 2: PayMyAudiR8 (button) (small blind) showed [7h 4c] and won ($41.50) with a straight, Four to Eight
Seat 6: MaSnaQ9 (big blind) mucked


PokerStars Hand #148596997619:  Hold'em Limit ($3/$6 USD) - 2016/02/10 22:22:30 ET
Table 'Grogler' 6-max Seat #3 is the button
Seat 1: ToDaFelt ($220.53 in chips)
Seat 3: wobetting ($147.88 in chips)
love_mmm leaves the table
wobetting: posts small blind $1
ToDaFelt: posts big blind $3
*** HOLE CARDS ***
wobetting: raises $3 to $6
ToDaFelt: calls $3
*** FLOP *** [Ks Ac 4h]
ToDaFelt: checks
wobetting: bets $3
ToDaFelt: raises $3 to $6
wobetting: calls $3
*** TURN *** [Ks Ac 4h] [6h]
ToDaFelt: bets $6
wobetting: calls $6
*** RIVER *** [Ks Ac 4h 6h] [Ts]
ToDaFelt: bets $6
wobetting: raises $6 to $12
ToDaFelt: calls $6
*** SHOW DOWN ***
wobetting: shows [Ad Td] (two pair, Aces and Tens)
ToDaFelt: mucks hand
wobetting collected $59.50 from pot
*** SUMMARY ***
Total pot $60 | Rake $0.50
Board [Ks Ac 4h 6h Ts]
Seat 1: ToDaFelt (big blind) mucked
Seat 3: wobetting (button) (small blind) showed [Ad Td] and won ($59.50) with two pair, Aces and Tens


