PokerStars Hand #172294336055:  Hold'em Limit ($3/$6 USD) - 2017/06/27 4:13:20 ET
Table 'Grumium' 6-max Seat #3 is the button
Seat 3: chebob ($77 in chips)
Seat 4: Agrotait ($72 in chips)
chebob: posts small blind $1
Agrotait: posts big blind $3
*** HOLE CARDS ***
chebob: folds
Uncalled bet ($2) returned to Agrotait
Agrotait collected $2 from pot
Agrotait: doesn't show hand
*** SUMMARY ***
Total pot $2 | Rake $0
Seat 3: chebob (button) (small blind) folded before Flop
Seat 4: Agrotait (big blind) collected ($2)


PokerStars Hand #172294340932:  Hold'em Limit ($3/$6 USD) - 2017/06/27 4:13:37 ET
Table 'Grumium' 6-max Seat #3 is the button
Seat 3: chebob ($73 in chips)
Seat 4: Agrotait ($76 in chips)
chebob: posts small blind $1
Agrotait: posts big blind $3
*** HOLE CARDS ***
chebob: raises $3 to $6
Agrotait: calls $3
*** FLOP *** [4c Qs 6d]
Agrotait: checks
chebob: bets $3
Agrotait: calls $3
*** TURN *** [4c Qs 6d] [4d]
Agrotait: checks
chebob: bets $6
muugiii944 joins the table at seat #6
Agrotait: calls $6
*** RIVER *** [4c Qs 6d 4d] [2h]
Agrotait: checks
chebob: bets $6
Agrotait: calls $6
*** SHOW DOWN ***
chebob: shows [7d 7s] (two pair, Sevens and Fours)
Agrotait: mucks hand
chebob collected $41.50 from pot
*** SUMMARY ***
Total pot $42 | Rake $0.50
Board [4c Qs 6d 4d 2h]
Seat 3: chebob (button) (small blind) showed [7d 7s] and won ($41.50) with two pair, Sevens and Fours
Seat 4: Agrotait (big blind) mucked


PokerStars Hand #172294416950:  Hold'em Limit ($3/$6 USD) - 2017/06/27 4:18:00 ET
Table 'Grumium' 6-max Seat #6 is the button
Seat 3: chebob ($53.85 in chips)
Seat 6: muugiii944 ($128.63 in chips)
muugiii944: posts small blind $1
chebob: posts big blind $3
*** HOLE CARDS ***
muugiii944: folds
Uncalled bet ($2) returned to chebob
chebob collected $2 from pot
chebob: doesn't show hand
*** SUMMARY ***
Total pot $2 | Rake $0
Seat 3: chebob (big blind) collected ($2)
Seat 6: muugiii944 (button) (small blind) folded before Flop


PokerStars Hand #172294415100:  Hold'em Limit ($3/$6 USD) - 2017/06/27 4:17:54 ET
Table 'Grumium' 6-max Seat #3 is the button
Seat 3: chebob ($50.85 in chips)
Seat 6: muugiii944 ($131.63 in chips)
chebob: posts small blind $1
muugiii944: posts big blind $3
*** HOLE CARDS ***
chebob: raises $3 to $6
muugiii944: folds
Uncalled bet ($3) returned to chebob
chebob collected $6 from pot
chebob: doesn't show hand
*** SUMMARY ***
Total pot $6 | Rake $0
Seat 3: chebob (button) (small blind) collected ($6)
Seat 6: muugiii944 (big blind) folded before Flop


PokerStars Hand #172294410994:  Hold'em Limit ($3/$6 USD) - 2017/06/27 4:17:40 ET
Table 'Grumium' 6-max Seat #6 is the button
Seat 3: chebob ($62.85 in chips)
Seat 6: muugiii944 ($120.11 in chips)
muugiii944: posts small blind $1
chebob: posts big blind $3
*** HOLE CARDS ***
muugiii944: raises $3 to $6
chebob: raises $3 to $9
muugiii944: raises $3 to $12
Betting is capped
chebob: calls $3
*** FLOP *** [5c 2c Qc]
chebob: checks
muugiii944: bets $3
chebob: folds
Uncalled bet ($3) returned to muugiii944
muugiii944 collected $23.52 from pot
muugiii944: doesn't show hand
*** SUMMARY ***
Total pot $24 | Rake $0.48
Board [5c 2c Qc]
Seat 3: chebob (big blind) folded on the Flop
Seat 6: muugiii944 (button) (small blind) collected ($23.52)


PokerStars Hand #172294408847:  Hold'em Limit ($3/$6 USD) - 2017/06/27 4:17:32 ET
Table 'Grumium' 6-max Seat #3 is the button
Seat 3: chebob ($59.85 in chips)
Seat 6: muugiii944 ($123.11 in chips)
chebob: posts small blind $1
Agrotait: is sitting out
muugiii944: posts big blind $3
*** HOLE CARDS ***
chebob: raises $3 to $6
Agrotait leaves the table
muugiii944: folds
Uncalled bet ($3) returned to chebob
chebob collected $6 from pot
chebob: doesn't show hand
*** SUMMARY ***
Total pot $6 | Rake $0
Seat 3: chebob (button) (small blind) collected ($6)
Seat 6: muugiii944 (big blind) folded before Flop


