PokerStars Hand #145697229469:  Hold'em Limit ($3/$6 USD) - 2015/12/21 13:32:33 ET
Table 'Grus' 10-max Seat #7 is the button
Seat 2: Phil Pacino ($143.50 in chips)
Seat 7: Pandakey ($96 in chips)
Pandakey: posts small blind $1
Phil Pacino: posts big blind $3
*** HOLE CARDS ***
Pandakey: raises $3 to $6
GoliafUa joins the table at seat #4
Phil Pacino: folds
Uncalled bet ($3) returned to Pandakey
Pandakey collected $6 from pot
Pandakey: doesn't show hand
*** SUMMARY ***
Total pot $6 | Rake $0
Seat 2: Phil Pacino (big blind) folded before Flop
Seat 7: Pandakey (button) (small blind) collected ($6)


PokerStars Hand #145710553899:  Hold'em Limit ($3/$6 USD) - 2015/12/21 17:31:38 ET
Table 'Grus' 10-max Seat #7 is the button
Seat 6: urGodsent9 ($56.47 in chips)
Seat 7: Zubasa07 ($461 in chips)
Zubasa07: posts small blind $1
alexslep: is sitting out
urGodsent9: posts big blind $3
*** HOLE CARDS ***
alexslep leaves the table
Zubasa07: raises $3 to $6
urGodsent9: raises $3 to $9
Zubasa07: calls $3
*** FLOP *** [Jc Ks 2d]
urGodsent9: bets $3
call2light leaves the table
Zubasa07: calls $3
*** TURN *** [Jc Ks 2d] [5c]
urGodsent9: bets $6
Zubasa07: calls $6
*** RIVER *** [Jc Ks 2d 5c] [8d]
urGodsent9: checks
Zubasa07: checks
*** SHOW DOWN ***
urGodsent9: shows [Jh Ad] (a pair of Jacks)
Zubasa07: mucks hand
urGodsent9 collected $35.50 from pot
*** SUMMARY ***
Total pot $36 | Rake $0.50
Board [Jc Ks 2d 5c 8d]
Seat 6: urGodsent9 (big blind) showed [Jh Ad] and won ($35.50) with a pair of Jacks
Seat 7: Zubasa07 (button) (small blind) mucked


