PokerStars Hand #163941850907:  Hold'em Limit ($3/$6 USD) - 2017/01/02 19:07:57 ET
Table 'Gryphia' 6-max Seat #3 is the button
Seat 3: Lucylove12 ($155.41 in chips)
Seat 5: GoliafUa ($108.51 in chips)
Lucylove12: posts small blind $1
Zubasa07: is sitting out
GoliafUa: posts big blind $3
*** HOLE CARDS ***
Lucylove12: calls $2
GoliafUa: checks
*** FLOP *** [8d Jd 9h]
GoliafUa: bets $3
Lucylove12: calls $3
*** TURN *** [8d Jd 9h] [Qd]
GoliafUa: bets $6
Lucylove12: calls $6
*** RIVER *** [8d Jd 9h Qd] [7d]
GoliafUa: bets $6
Lucylove12: calls $6
*** SHOW DOWN ***
GoliafUa: shows [5h Tc] (a straight, Eight to Queen)
Lucylove12: mucks hand
GoliafUa collected $35.50 from pot
*** SUMMARY ***
Total pot $36 | Rake $0.50
Board [8d Jd 9h Qd 7d]
Seat 3: Lucylove12 (button) (small blind) mucked
Seat 5: GoliafUa (big blind) showed [5h Tc] and won ($35.50) with a straight, Eight to Queen


PokerStars Hand #163941863915:  Hold'em Limit ($3/$6 USD) - 2017/01/02 19:08:14 ET
Table 'Gryphia' 6-max Seat #5 is the button
Seat 3: Lucylove12 ($137.41 in chips)
Seat 5: GoliafUa ($126.01 in chips)
GoliafUa: posts small blind $1
Lucylove12: posts big blind $3
*** HOLE CARDS ***
GoliafUa: raises $3 to $6
Lucylove12: calls $3
*** FLOP *** [6d 4c 9d]
Lucylove12: checks
GoliafUa: bets $3
Lucylove12: folds
Uncalled bet ($3) returned to GoliafUa
GoliafUa collected $11.76 from pot
GoliafUa: doesn't show hand
*** SUMMARY ***
Total pot $12 | Rake $0.24
Board [6d 4c 9d]
Seat 3: Lucylove12 (big blind) folded on the Flop
Seat 5: GoliafUa (button) (small blind) collected ($11.76)


PokerStars Hand #163941871382:  Hold'em Limit ($3/$6 USD) - 2017/01/02 19:08:24 ET
Table 'Gryphia' 6-max Seat #3 is the button
Seat 3: Lucylove12 ($131.41 in chips)
Seat 5: GoliafUa ($131.77 in chips)
Lucylove12: posts small blind $1
GoliafUa: posts big blind $3
*** HOLE CARDS ***
Lucylove12: raises $3 to $6
GoliafUa: calls $3
*** FLOP *** [Ks 8s 4s]
GoliafUa: checks
Lucylove12: checks
*** TURN *** [Ks 8s 4s] [6h]
GoliafUa: bets $6
Lucylove12: calls $6
*** RIVER *** [Ks 8s 4s 6h] [Ad]
GoliafUa: bets $6
Lucylove12: raises $6 to $12
GoliafUa: raises $6 to $18
Lucylove12: calls $6
*** SHOW DOWN ***
GoliafUa: shows [4d Kc] (two pair, Kings and Fours)
Lucylove12: mucks hand
GoliafUa collected $59.50 from pot
*** SUMMARY ***
Total pot $60 | Rake $0.50
Board [Ks 8s 4s 6h Ad]
Seat 3: Lucylove12 (button) (small blind) mucked
Seat 5: GoliafUa (big blind) showed [4d Kc] and won ($59.50) with two pair, Kings and Fours


PokerStars Hand #163941901958:  Hold'em Limit ($3/$6 USD) - 2017/01/02 19:09:04 ET
Table 'Gryphia' 6-max Seat #5 is the button
Seat 3: Lucylove12 ($118.79 in chips)
Seat 5: GoliafUa ($143.27 in chips)
GoliafUa: posts small blind $1
Lucylove12: posts big blind $3
*** HOLE CARDS ***
GoliafUa: raises $3 to $6
Lucylove12: calls $3
*** FLOP *** [Kh Qd Ks]
Lucylove12: checks
GoliafUa: bets $3
Lucylove12: calls $3
*** TURN *** [Kh Qd Ks] [7d]
Lucylove12: checks
GoliafUa: bets $6
Lucylove12: folds
Uncalled bet ($6) returned to GoliafUa
GoliafUa collected $17.64 from pot
GoliafUa: doesn't show hand
*** SUMMARY ***
Total pot $18 | Rake $0.36
Board [Kh Qd Ks 7d]
Seat 3: Lucylove12 (big blind) folded on the Turn
Seat 5: GoliafUa (button) (small blind) collected ($17.64)


PokerStars Hand #163941882571:  Hold'em Limit ($3/$6 USD) - 2017/01/02 19:08:39 ET
Table 'Gryphia' 6-max Seat #5 is the button
Seat 3: Lucylove12 ($101.41 in chips)
Seat 5: GoliafUa ($161.27 in chips)
GoliafUa: posts small blind $1
Lucylove12: posts big blind $3
*** HOLE CARDS ***
GoliafUa: raises $3 to $6
Lucylove12: calls $3
*** FLOP *** [Kh 3s Kc]
Lucylove12: bets $3
GoliafUa: calls $3
*** TURN *** [Kh 3s Kc] [6c]
Lucylove12: bets $6
GoliafUa: calls $6
*** RIVER *** [Kh 3s Kc 6c] [8h]
Lucylove12: checks
GoliafUa: checks
*** SHOW DOWN ***
Lucylove12: shows [9h 3c] (two pair, Kings and Threes)
GoliafUa: mucks hand
Lucylove12 collected $29.50 from pot
*** SUMMARY ***
Total pot $30 | Rake $0.50
Board [Kh 3s Kc 6c 8h]
Seat 3: Lucylove12 (big blind) showed [9h 3c] and won ($29.50) with two pair, Kings and Threes
Seat 5: GoliafUa (button) (small blind) mucked


PokerStars Hand #163941894490:  Hold'em Limit ($3/$6 USD) - 2017/01/02 19:08:54 ET
Table 'Gryphia' 6-max Seat #3 is the button
Seat 3: Lucylove12 ($115.91 in chips)
Seat 5: GoliafUa ($146.27 in chips)
Lucylove12: posts small blind $1
GoliafUa: posts big blind $3
*** HOLE CARDS ***
Lucylove12: calls $2
GoliafUa: checks
*** FLOP *** [6c Js 7s]
GoliafUa: checks
Lucylove12: bets $3
GoliafUa: folds
Uncalled bet ($3) returned to Lucylove12
Lucylove12 collected $5.88 from pot
Lucylove12: doesn't show hand
*** SUMMARY ***
Total pot $6 | Rake $0.12
Board [6c Js 7s]
Seat 3: Lucylove12 (button) (small blind) collected ($5.88)
Seat 5: GoliafUa (big blind) folded on the Flop


PokerStars Hand #163941948704:  Hold'em Limit ($3/$6 USD) - 2017/01/02 19:10:05 ET
Table 'Gryphia' 6-max Seat #3 is the button
Seat 3: Lucylove12 ($124.07 in chips)
Seat 5: GoliafUa ($136.67 in chips)
Lucylove12: posts small blind $1
GoliafUa: posts big blind $3
*** HOLE CARDS ***
Lucylove12: raises $3 to $6
GoliafUa: calls $3
*** FLOP *** [Qh 6d Ks]
GoliafUa: checks
Lucylove12: bets $3
GoliafUa: calls $3
*** TURN *** [Qh 6d Ks] [Td]
GoliafUa: checks
Lucylove12: bets $6
GoliafUa: raises $6 to $12
Lucylove12: calls $6
*** RIVER *** [Qh 6d Ks Td] [Kc]
GoliafUa: bets $6
Lucylove12: folds
Uncalled bet ($6) returned to GoliafUa
GoliafUa collected $41.50 from pot
GoliafUa: doesn't show hand
*** SUMMARY ***
Total pot $42 | Rake $0.50
Board [Qh 6d Ks Td Kc]
Seat 3: Lucylove12 (button) (small blind) folded on the River
Seat 5: GoliafUa (big blind) collected ($41.50)


PokerStars Hand #163941925140:  Hold'em Limit ($3/$6 USD) - 2017/01/02 19:09:34 ET
Table 'Gryphia' 6-max Seat #5 is the button
Seat 3: Lucylove12 ($118.43 in chips)
Seat 5: GoliafUa ($142.91 in chips)
GoliafUa: posts small blind $1
Lucylove12: posts big blind $3
*** HOLE CARDS ***
GoliafUa: raises $3 to $6
Lucylove12: calls $3
*** FLOP *** [2h 8d 8h]
Lucylove12: checks
GoliafUa: bets $3
Lucylove12: folds
Uncalled bet ($3) returned to GoliafUa
GoliafUa collected $11.76 from pot
GoliafUa: doesn't show hand
*** SUMMARY ***
Total pot $12 | Rake $0.24
Board [2h 8d 8h]
Seat 3: Lucylove12 (big blind) folded on the Flop
Seat 5: GoliafUa (button) (small blind) collected ($11.76)


PokerStars Hand #163941932724:  Hold'em Limit ($3/$6 USD) - 2017/01/02 19:09:44 ET
Table 'Gryphia' 6-max Seat #3 is the button
Seat 3: Lucylove12 ($112.43 in chips)
Seat 5: GoliafUa ($148.67 in chips)
Lucylove12: posts small blind $1
GoliafUa: posts big blind $3
*** HOLE CARDS ***
Lucylove12: raises $3 to $6
GoliafUa: folds
Uncalled bet ($3) returned to Lucylove12
Lucylove12 collected $6 from pot
Lucylove12: doesn't show hand
*** SUMMARY ***
Total pot $6 | Rake $0
Seat 3: Lucylove12 (button) (small blind) collected ($6)
Seat 5: GoliafUa (big blind) folded before Flop


PokerStars Hand #163941938602:  Hold'em Limit ($3/$6 USD) - 2017/01/02 19:09:52 ET
Table 'Gryphia' 6-max Seat #5 is the button
Seat 3: Lucylove12 ($115.43 in chips)
Seat 5: GoliafUa ($145.67 in chips)
GoliafUa: posts small blind $1
Lucylove12: posts big blind $3
*** HOLE CARDS ***
GoliafUa: raises $3 to $6
Lucylove12: calls $3
*** FLOP *** [Td Qh 3s]
Lucylove12: checks
GoliafUa: bets $3
Lucylove12: raises $3 to $6
GoliafUa: folds
Uncalled bet ($3) returned to Lucylove12
Lucylove12 collected $17.64 from pot
Lucylove12: doesn't show hand
*** SUMMARY ***
Total pot $18 | Rake $0.36
Board [Td Qh 3s]
Seat 3: Lucylove12 (big blind) collected ($17.64)
Seat 5: GoliafUa (button) (small blind) folded on the Flop


PokerStars Hand #163941959987:  Hold'em Limit ($3/$6 USD) - 2017/01/02 19:10:20 ET
Table 'Gryphia' 6-max Seat #5 is the button
Seat 3: Lucylove12 ($103.07 in chips)
Seat 5: GoliafUa ($157.17 in chips)
GoliafUa: posts small blind $1
Lucylove12: posts big blind $3
*** HOLE CARDS ***
GoliafUa: raises $3 to $6
Lucylove12: folds
Uncalled bet ($3) returned to GoliafUa
GoliafUa collected $6 from pot
GoliafUa: doesn't show hand
*** SUMMARY ***
Total pot $6 | Rake $0
Seat 3: Lucylove12 (big blind) folded before Flop
Seat 5: GoliafUa (button) (small blind) collected ($6)


