PokerStars Hand #163941038279:  Hold'em Limit ($3/$6 USD) - 2017/01/02 18:49:49 ET
Table 'Gryphia' 6-max Seat #3 is the button
Seat 3: Lucylove12 ($124.85 in chips)
Seat 5: GoliafUa ($131.50 in chips)
Lucylove12: posts small blind $1
GoliafUa: posts big blind $3
*** HOLE CARDS ***
Lucylove12: raises $3 to $6
GoliafUa: calls $3
*** FLOP *** [4h Js As]
GoliafUa: checks
Lucylove12: bets $3
GoliafUa: calls $3
*** TURN *** [4h Js As] [4c]
GoliafUa: checks
Lucylove12: checks
*** RIVER *** [4h Js As 4c] [9d]
GoliafUa: bets $6
Lucylove12: calls $6
*** SHOW DOWN ***
GoliafUa: shows [Jh 9s] (two pair, Jacks and Nines)
Lucylove12: mucks hand
GoliafUa collected $29.50 from pot
*** SUMMARY ***
Total pot $30 | Rake $0.50
Board [4h Js As 4c 9d]
Seat 3: Lucylove12 (button) (small blind) mucked
Seat 5: GoliafUa (big blind) showed [Jh 9s] and won ($29.50) with two pair, Jacks and Nines


PokerStars Hand #163941023156:  Hold'em Limit ($3/$6 USD) - 2017/01/02 18:49:30 ET
Table 'Gryphia' 6-max Seat #5 is the button
Seat 3: Lucylove12 ($145.85 in chips)
Seat 5: GoliafUa ($111 in chips)
GoliafUa: posts small blind $1
Lucylove12: posts big blind $3
*** HOLE CARDS ***
GoliafUa: raises $3 to $6
Lucylove12: calls $3
*** FLOP *** [5h Qc Ks]
Lucylove12: checks
GoliafUa: bets $3
Lucylove12: calls $3
*** TURN *** [5h Qc Ks] [8c]
Lucylove12: checks
GoliafUa: bets $6
Lucylove12: calls $6
*** RIVER *** [5h Qc Ks 8c] [7h]
Lucylove12: checks
GoliafUa: bets $6
Lucylove12: calls $6
*** SHOW DOWN ***
GoliafUa: shows [Qh 4c] (a pair of Queens)
Lucylove12: mucks hand
GoliafUa collected $41.50 from pot
*** SUMMARY ***
Total pot $42 | Rake $0.50
Board [5h Qc Ks 8c 7h]
Seat 3: Lucylove12 (big blind) mucked
Seat 5: GoliafUa (button) (small blind) showed [Qh 4c] and won ($41.50) with a pair of Queens


PokerStars Hand #163941051650:  Hold'em Limit ($3/$6 USD) - 2017/01/02 18:50:05 ET
Table 'Gryphia' 6-max Seat #5 is the button
Seat 3: Lucylove12 ($109.85 in chips)
Seat 5: GoliafUa ($146 in chips)
GoliafUa: posts small blind $1
Lucylove12: posts big blind $3
*** HOLE CARDS ***
GoliafUa: raises $3 to $6
Lucylove12: calls $3
*** FLOP *** [9c 3d 2h]
Lucylove12: bets $3
GoliafUa: raises $3 to $6
Lucylove12: calls $3
*** TURN *** [9c 3d 2h] [Ad]
Lucylove12: checks
GoliafUa: bets $6
Lucylove12: folds
Uncalled bet ($6) returned to GoliafUa
GoliafUa collected $23.52 from pot
GoliafUa: doesn't show hand
*** SUMMARY ***
Total pot $24 | Rake $0.48
Board [9c 3d 2h Ad]
Seat 3: Lucylove12 (big blind) folded on the Turn
Seat 5: GoliafUa (button) (small blind) collected ($23.52)


PokerStars Hand #163941078313:  Hold'em Limit ($3/$6 USD) - 2017/01/02 18:50:39 ET
Table 'Gryphia' 6-max Seat #5 is the button
Seat 3: Lucylove12 ($85.85 in chips)
Seat 5: GoliafUa ($169.04 in chips)
GoliafUa: posts small blind $1
Lucylove12: posts big blind $3
*** HOLE CARDS ***
GoliafUa: raises $3 to $6
Lucylove12: folds
Uncalled bet ($3) returned to GoliafUa
GoliafUa collected $6 from pot
GoliafUa: doesn't show hand
*** SUMMARY ***
Total pot $6 | Rake $0
Seat 3: Lucylove12 (big blind) folded before Flop
Seat 5: GoliafUa (button) (small blind) collected ($6)


PokerStars Hand #163941064383:  Hold'em Limit ($3/$6 USD) - 2017/01/02 18:50:21 ET
Table 'Gryphia' 6-max Seat #3 is the button
Seat 3: Lucylove12 ($97.85 in chips)
Seat 5: GoliafUa ($157.52 in chips)
Lucylove12: posts small blind $1
GoliafUa: posts big blind $3
*** HOLE CARDS ***
Lucylove12: raises $3 to $6
Zubasa07 joins the table at seat #4
GoliafUa: calls $3
*** FLOP *** [2c 7s Td]
GoliafUa: checks
Lucylove12: checks
*** TURN *** [2c 7s Td] [7c]
GoliafUa: bets $6
Lucylove12: calls $6
*** RIVER *** [2c 7s Td 7c] [6c]
GoliafUa: bets $6
Lucylove12: folds
Uncalled bet ($6) returned to GoliafUa
GoliafUa collected $23.52 from pot
GoliafUa: doesn't show hand
*** SUMMARY ***
Total pot $24 | Rake $0.48
Board [2c 7s Td 7c 6c]
Seat 3: Lucylove12 (button) (small blind) folded on the River
Seat 5: GoliafUa (big blind) collected ($23.52)


