PokerStars Hand #151153730506:  Hold'em Limit ($3/$6 USD) - 2016/03/30 4:18:02 ET
Table 'Gryphia II' 6-max Seat #4 is the button
Seat 3: DimaZips ($108.50 in chips)
Seat 4: Agrotait ($80 in chips)
Agrotait: posts small blind $1
DimaZips: posts big blind $3
*** HOLE CARDS ***
Agrotait: folds
Uncalled bet ($2) returned to DimaZips
DimaZips collected $2 from pot
DimaZips: doesn't show hand
*** SUMMARY ***
Total pot $2 | Rake $0
Seat 3: DimaZips (big blind) collected ($2)
Seat 4: Agrotait (button) (small blind) folded before Flop


PokerStars Hand #151153728878:  Hold'em Limit ($3/$6 USD) - 2016/03/30 4:17:58 ET
Table 'Gryphia II' 6-max Seat #3 is the button
Seat 3: DimaZips ($109.50 in chips)
Seat 4: Agrotait ($79 in chips)
DimaZips: posts small blind $1
Agrotait: posts big blind $3
*** HOLE CARDS ***
DimaZips: folds
Uncalled bet ($2) returned to Agrotait
Agrotait collected $2 from pot
Agrotait: doesn't show hand
*** SUMMARY ***
Total pot $2 | Rake $0
Seat 3: DimaZips (button) (small blind) folded before Flop
Seat 4: Agrotait (big blind) collected ($2)


PokerStars Hand #151153725908:  Hold'em Limit ($3/$6 USD) - 2016/03/30 4:17:49 ET
Table 'Gryphia II' 6-max Seat #4 is the button
Seat 3: DimaZips ($112.50 in chips)
Seat 4: Agrotait ($76 in chips)
Agrotait: posts small blind $1
DimaZips: posts big blind $3
*** HOLE CARDS ***
Agrotait: raises $3 to $6
DimaZips: folds
Uncalled bet ($3) returned to Agrotait
Agrotait collected $6 from pot
Agrotait: doesn't show hand
*** SUMMARY ***
Total pot $6 | Rake $0
Seat 3: DimaZips (big blind) folded before Flop
Seat 4: Agrotait (button) (small blind) collected ($6)


PokerStars Hand #151153724377:  Hold'em Limit ($3/$6 USD) - 2016/03/30 4:17:45 ET
Table 'Gryphia II' 6-max Seat #3 is the button
Seat 3: DimaZips ($113.50 in chips)
Seat 4: Agrotait ($75 in chips)
DimaZips: posts small blind $1
Agrotait: posts big blind $3
*** HOLE CARDS ***
DimaZips: folds
Uncalled bet ($2) returned to Agrotait
Agrotait collected $2 from pot
Agrotait: doesn't show hand
*** SUMMARY ***
Total pot $2 | Rake $0
Seat 3: DimaZips (button) (small blind) folded before Flop
Seat 4: Agrotait (big blind) collected ($2)


PokerStars Hand #151153722149:  Hold'em Limit ($3/$6 USD) - 2016/03/30 4:17:38 ET
Table 'Gryphia II' 6-max Seat #4 is the button
Seat 3: DimaZips ($116.50 in chips)
Seat 4: Agrotait ($72 in chips)
Agrotait: posts small blind $1
DimaZips: posts big blind $3
*** HOLE CARDS ***
Agrotait: raises $3 to $6
DimaZips: folds
Uncalled bet ($3) returned to Agrotait
Agrotait collected $6 from pot
Agrotait: doesn't show hand
*** SUMMARY ***
Total pot $6 | Rake $0
Seat 3: DimaZips (big blind) folded before Flop
Seat 4: Agrotait (button) (small blind) collected ($6)


PokerStars Hand #151153706409:  Hold'em Limit ($3/$6 USD) - 2016/03/30 4:16:53 ET
Table 'Gryphia II' 6-max Seat #3 is the button
Seat 3: DimaZips ($96 in chips)
Seat 4: Agrotait ($72 in chips)
DimaZips: posts small blind $1
Agrotait: posts big blind $3
*** HOLE CARDS ***
DimaZips: raises $3 to $6
Agrotait: calls $3
*** FLOP *** [6c Ts Jc]
Agrotait: checks
DimaZips: bets $3
Agrotait: calls $3
*** TURN *** [6c Ts Jc] [Tc]
Agrotait: checks
DimaZips: bets $6
Agrotait: calls $6
*** RIVER *** [6c Ts Jc Tc] [7d]
Agrotait: checks
DimaZips: bets $6
Agrotait: calls $6
*** SHOW DOWN ***
DimaZips: shows [Kd Jd] (two pair, Jacks and Tens)
Agrotait: mucks hand
DimaZips collected $41.50 from pot
*** SUMMARY ***
Total pot $42 | Rake $0.50
Board [6c Ts Jc Tc 7d]
Seat 3: DimaZips (button) (small blind) showed [Kd Jd] and won ($41.50) with two pair, Jacks and Tens
Seat 4: Agrotait (big blind) mucked


PokerStars Hand #151153747174:  Hold'em Limit ($3/$6 USD) - 2016/03/30 4:18:50 ET
Table 'Gryphia II' 6-max Seat #4 is the button
Seat 3: DimaZips ($77.50 in chips)
Seat 4: Agrotait ($110.50 in chips)
Agrotait: posts small blind $1
DimaZips: posts big blind $3
*** HOLE CARDS ***
Agrotait: raises $3 to $6
DimaZips: calls $3
*** FLOP *** [6c 2c Ac]
DimaZips: checks
Agrotait: bets $3
DimaZips: folds
Uncalled bet ($3) returned to Agrotait
Agrotait collected $11.76 from pot
Agrotait: doesn't show hand
*** SUMMARY ***
Total pot $12 | Rake $0.24
Board [6c 2c Ac]
Seat 3: DimaZips (big blind) folded on the Flop
Seat 4: Agrotait (button) (small blind) collected ($11.76)


PokerStars Hand #151153745608:  Hold'em Limit ($3/$6 USD) - 2016/03/30 4:18:45 ET
Table 'Gryphia II' 6-max Seat #3 is the button
Seat 3: DimaZips ($78.50 in chips)
Seat 4: Agrotait ($109.50 in chips)
DimaZips: posts small blind $1
Agrotait: posts big blind $3
*** HOLE CARDS ***
DimaZips: folds
Uncalled bet ($2) returned to Agrotait
Agrotait collected $2 from pot
Agrotait: doesn't show hand
*** SUMMARY ***
Total pot $2 | Rake $0
Seat 3: DimaZips (button) (small blind) folded before Flop
Seat 4: Agrotait (big blind) collected ($2)


PokerStars Hand #151153735664:  Hold'em Limit ($3/$6 USD) - 2016/03/30 4:18:17 ET
Table 'Gryphia II' 6-max Seat #4 is the button
Seat 3: DimaZips ($108.50 in chips)
Seat 4: Agrotait ($80 in chips)
Agrotait: posts small blind $1
DimaZips: posts big blind $3
*** HOLE CARDS ***
Agrotait: raises $3 to $6
DimaZips: calls $3
*** FLOP *** [3s As Jh]
DimaZips: checks
Agrotait: bets $3
DimaZips: raises $3 to $6
Agrotait: calls $3
*** TURN *** [3s As Jh] [4h]
DimaZips: bets $6
Agrotait: calls $6
*** RIVER *** [3s As Jh 4h] [3d]
DimaZips: bets $6
Agrotait: raises $6 to $12
DimaZips: calls $6
*** SHOW DOWN ***
Agrotait: shows [3c Js] (a full house, Threes full of Jacks)
DimaZips: mucks hand
Agrotait collected $59.50 from pot
*** SUMMARY ***
Total pot $60 | Rake $0.50
Board [3s As Jh 4h 3d]
Seat 3: DimaZips (big blind) mucked
Seat 4: Agrotait (button) (small blind) showed [3c Js] and won ($59.50) with a full house, Threes full of Jacks


PokerStars Hand #151153734092:  Hold'em Limit ($3/$6 USD) - 2016/03/30 4:18:12 ET
Table 'Gryphia II' 6-max Seat #3 is the button
Seat 3: DimaZips ($109.50 in chips)
Seat 4: Agrotait ($79 in chips)
DimaZips: posts small blind $1
Agrotait: posts big blind $3
*** HOLE CARDS ***
DimaZips: folds
Uncalled bet ($2) returned to Agrotait
Agrotait collected $2 from pot
Agrotait: doesn't show hand
*** SUMMARY ***
Total pot $2 | Rake $0
Seat 3: DimaZips (button) (small blind) folded before Flop
Seat 4: Agrotait (big blind) collected ($2)


PokerStars Hand #151153769050:  Hold'em Limit ($3/$6 USD) - 2016/03/30 4:19:53 ET
Table 'Gryphia II' 6-max Seat #3 is the button
Seat 3: DimaZips ($79 in chips)
Seat 4: Agrotait ($108.26 in chips)
DimaZips: posts small blind $1
Agrotait: posts big blind $3
*** HOLE CARDS ***
DimaZips: folds
Uncalled bet ($2) returned to Agrotait
Agrotait collected $2 from pot
Agrotait: doesn't show hand
*** SUMMARY ***
Total pot $2 | Rake $0
Seat 3: DimaZips (button) (small blind) folded before Flop
Seat 4: Agrotait (big blind) collected ($2)


PokerStars Hand #151153765591:  Hold'em Limit ($3/$6 USD) - 2016/03/30 4:19:43 ET
Table 'Gryphia II' 6-max Seat #4 is the button
Seat 3: DimaZips ($82 in chips)
Seat 4: Agrotait ($105.26 in chips)
Agrotait: posts small blind $1
DimaZips: posts big blind $3
*** HOLE CARDS ***
Agrotait: raises $3 to $6
DimaZips: folds
Uncalled bet ($3) returned to Agrotait
Agrotait collected $6 from pot
Agrotait: doesn't show hand
*** SUMMARY ***
Total pot $6 | Rake $0
Seat 3: DimaZips (big blind) folded before Flop
Seat 4: Agrotait (button) (small blind) collected ($6)


PokerStars Hand #151153763982:  Hold'em Limit ($3/$6 USD) - 2016/03/30 4:19:38 ET
Table 'Gryphia II' 6-max Seat #3 is the button
Seat 3: DimaZips ($83 in chips)
Seat 4: Agrotait ($104.26 in chips)
DimaZips: posts small blind $1
Agrotait: posts big blind $3
*** HOLE CARDS ***
DimaZips: folds
Uncalled bet ($2) returned to Agrotait
Agrotait collected $2 from pot
Agrotait: doesn't show hand
*** SUMMARY ***
Total pot $2 | Rake $0
Seat 3: DimaZips (button) (small blind) folded before Flop
Seat 4: Agrotait (big blind) collected ($2)


PokerStars Hand #151153761727:  Hold'em Limit ($3/$6 USD) - 2016/03/30 4:19:32 ET
Table 'Gryphia II' 6-max Seat #4 is the button
Seat 3: DimaZips ($86 in chips)
Seat 4: Agrotait ($101.26 in chips)
Agrotait: posts small blind $1
DimaZips: posts big blind $3
*** HOLE CARDS ***
Agrotait: raises $3 to $6
DimaZips: folds
Uncalled bet ($3) returned to Agrotait
Agrotait collected $6 from pot
Agrotait: doesn't show hand
*** SUMMARY ***
Total pot $6 | Rake $0
Seat 3: DimaZips (big blind) folded before Flop
Seat 4: Agrotait (button) (small blind) collected ($6)


PokerStars Hand #151153751582:  Hold'em Limit ($3/$6 USD) - 2016/03/30 4:19:03 ET
Table 'Gryphia II' 6-max Seat #3 is the button
Seat 3: DimaZips ($71.50 in chips)
Seat 4: Agrotait ($116.26 in chips)
DimaZips: posts small blind $1
Agrotait: posts big blind $3
*** HOLE CARDS ***
DimaZips: raises $3 to $6
Agrotait: raises $3 to $9
DimaZips: raises $3 to $12
Betting is capped
Agrotait: calls $3
*** FLOP *** [Qd Jd 4h]
Agrotait: checks
DimaZips: bets $3
Agrotait: calls $3
*** TURN *** [Qd Jd 4h] [7c]
Agrotait: checks
DimaZips: bets $6
Agrotait: folds
Uncalled bet ($6) returned to DimaZips
DimaZips collected $29.50 from pot
DimaZips: doesn't show hand
*** SUMMARY ***
Total pot $30 | Rake $0.50
Board [Qd Jd 4h 7c]
Seat 3: DimaZips (button) (small blind) collected ($29.50)
Seat 4: Agrotait (big blind) folded on the Turn


PokerStars Hand #151153779508:  Hold'em Limit ($3/$6 USD) - 2016/03/30 4:20:23 ET
Table 'Gryphia II' 6-max Seat #4 is the button
Seat 3: DimaZips ($71 in chips)
Seat 4: Agrotait ($116.02 in chips)
Agrotait: posts small blind $1
DimaZips: posts big blind $3
*** HOLE CARDS ***
Agrotait: raises $3 to $6
DimaZips: raises $3 to $9
Agrotait: calls $3
*** FLOP *** [Jc 9s 3h]
DimaZips: bets $3
Agrotait: folds
Uncalled bet ($3) returned to DimaZips
DimaZips collected $17.64 from pot
DimaZips: doesn't show hand
*** SUMMARY ***
Total pot $18 | Rake $0.36
Board [Jc 9s 3h]
Seat 3: DimaZips (big blind) collected ($17.64)
Seat 4: Agrotait (button) (small blind) folded on the Flop


PokerStars Hand #151153777798:  Hold'em Limit ($3/$6 USD) - 2016/03/30 4:20:18 ET
Table 'Gryphia II' 6-max Seat #3 is the button
Seat 3: DimaZips ($72 in chips)
Seat 4: Agrotait ($115.02 in chips)
DimaZips: posts small blind $1
Agrotait: posts big blind $3
*** HOLE CARDS ***
DimaZips: folds
Uncalled bet ($2) returned to Agrotait
Agrotait collected $2 from pot
Agrotait: doesn't show hand
*** SUMMARY ***
Total pot $2 | Rake $0
Seat 3: DimaZips (button) (small blind) folded before Flop
Seat 4: Agrotait (big blind) collected ($2)


PokerStars Hand #151153770698:  Hold'em Limit ($3/$6 USD) - 2016/03/30 4:19:58 ET
Table 'Gryphia II' 6-max Seat #4 is the button
Seat 3: DimaZips ($78 in chips)
Seat 4: Agrotait ($109.26 in chips)
Agrotait: posts small blind $1
DimaZips: posts big blind $3
*** HOLE CARDS ***
Agrotait: raises $3 to $6
DimaZips: calls $3
*** FLOP *** [9c 5h Ac]
DimaZips: checks
Agrotait: bets $3
DimaZips: folds
Uncalled bet ($3) returned to Agrotait
Agrotait collected $11.76 from pot
Agrotait: doesn't show hand
*** SUMMARY ***
Total pot $12 | Rake $0.24
Board [9c 5h Ac]
Seat 3: DimaZips (big blind) folded on the Flop
Seat 4: Agrotait (button) (small blind) collected ($11.76)


PokerStars Hand #151153793788:  Hold'em Limit ($3/$6 USD) - 2016/03/30 4:21:03 ET
Table 'Gryphia II' 6-max Seat #3 is the button
Seat 3: DimaZips ($79.64 in chips)
Seat 4: Agrotait ($107.02 in chips)
DimaZips: posts small blind $1
Agrotait: posts big blind $3
*** HOLE CARDS ***
DimaZips: raises $3 to $6
Agrotait: calls $3
*** FLOP *** [2s 8d 4c]
Agrotait: checks
DimaZips: bets $3
Agrotait: raises $3 to $6
DimaZips: raises $3 to $9
Agrotait: calls $3
*** TURN *** [2s 8d 4c] [Qs]
Agrotait: checks
DimaZips: bets $6
Agrotait: calls $6
*** RIVER *** [2s 8d 4c Qs] [5c]
Agrotait: checks
DimaZips: bets $6
Agrotait: calls $6
*** SHOW DOWN ***
DimaZips: shows [8h Tc] (a pair of Eights)
Agrotait: mucks hand
DimaZips collected $53.50 from pot
*** SUMMARY ***
Total pot $54 | Rake $0.50
Board [2s 8d 4c Qs 5c]
Seat 3: DimaZips (button) (small blind) showed [8h Tc] and won ($53.50) with a pair of Eights
Seat 4: Agrotait (big blind) mucked


PokerStars Hand #151153822752:  Hold'em Limit ($3/$6 USD) - 2016/03/30 4:22:25 ET
Table 'Gryphia II' 6-max Seat #3 is the button
Seat 3: DimaZips ($111.90 in chips)
Seat 4: Agrotait ($74.02 in chips)
DimaZips: posts small blind $1
Agrotait: posts big blind $3
*** HOLE CARDS ***
DimaZips: raises $3 to $6
Agrotait: raises $3 to $9
DimaZips: calls $3
*** FLOP *** [3s 6s Ah]
Agrotait: bets $3
DimaZips: folds
Uncalled bet ($3) returned to Agrotait
Agrotait collected $17.64 from pot
Agrotait: doesn't show hand
*** SUMMARY ***
Total pot $18 | Rake $0.36
Board [3s 6s Ah]
Seat 3: DimaZips (button) (small blind) folded on the Flop
Seat 4: Agrotait (big blind) collected ($17.64)


PokerStars Hand #151153817362:  Hold'em Limit ($3/$6 USD) - 2016/03/30 4:22:10 ET
Table 'Gryphia II' 6-max Seat #4 is the button
Seat 3: DimaZips ($106.14 in chips)
Seat 4: Agrotait ($80.02 in chips)
Agrotait: posts small blind $1
DimaZips: posts big blind $3
*** HOLE CARDS ***
Agrotait: raises $3 to $6
DimaZips: calls $3
*** FLOP *** [Kh Qs 9c]
DimaZips: bets $3
Agrotait: folds
Uncalled bet ($3) returned to DimaZips
DimaZips collected $11.76 from pot
DimaZips: doesn't show hand
*** SUMMARY ***
Total pot $12 | Rake $0.24
Board [Kh Qs 9c]
Seat 3: DimaZips (big blind) collected ($11.76)
Seat 4: Agrotait (button) (small blind) folded on the Flop


PokerStars Hand #151153857132:  Hold'em Limit ($3/$6 USD) - 2016/03/30 4:24:04 ET
Table 'Gryphia II' 6-max Seat #3 is the button
Seat 3: DimaZips ($111.40 in chips)
Seat 4: Agrotait ($73.42 in chips)
DimaZips: posts small blind $1
Agrotait: posts big blind $3
*** HOLE CARDS ***
DimaZips: folds
Uncalled bet ($2) returned to Agrotait
Agrotait collected $2 from pot
Agrotait: doesn't show hand
DimaZips leaves the table
*** SUMMARY ***
Total pot $2 | Rake $0
Seat 3: DimaZips (button) (small blind) folded before Flop
Seat 4: Agrotait (big blind) collected ($2)


PokerStars Hand #151153855308:  Hold'em Limit ($3/$6 USD) - 2016/03/30 4:23:59 ET
Table 'Gryphia II' 6-max Seat #4 is the button
Seat 3: DimaZips ($110.40 in chips)
Seat 4: Agrotait ($74.42 in chips)
Agrotait: posts small blind $1
DimaZips: posts big blind $3
*** HOLE CARDS ***
Agrotait: folds
Uncalled bet ($2) returned to DimaZips
DimaZips collected $2 from pot
DimaZips: doesn't show hand
*** SUMMARY ***
Total pot $2 | Rake $0
Seat 3: DimaZips (big blind) collected ($2)
Seat 4: Agrotait (button) (small blind) folded before Flop


PokerStars Hand #151153847193:  Hold'em Limit ($3/$6 USD) - 2016/03/30 4:23:35 ET
Table 'Gryphia II' 6-max Seat #3 is the button
Seat 3: DimaZips ($116.40 in chips)
Seat 4: Agrotait ($68.66 in chips)
DimaZips: posts small blind $1
Agrotait: posts big blind $3
*** HOLE CARDS ***
DimaZips: raises $3 to $6
Agrotait: calls $3
*** FLOP *** [3d Jd Js]
Agrotait: checks
DimaZips: checks
*** TURN *** [3d Jd Js] [7c]
Agrotait: bets $6
DimaZips: folds
Uncalled bet ($6) returned to Agrotait
Agrotait collected $11.76 from pot
Agrotait: doesn't show hand
*** SUMMARY ***
Total pot $12 | Rake $0.24
Board [3d Jd Js 7c]
Seat 3: DimaZips (button) (small blind) folded on the Turn
Seat 4: Agrotait (big blind) collected ($11.76)


PokerStars Hand #151153845040:  Hold'em Limit ($3/$6 USD) - 2016/03/30 4:23:29 ET
Table 'Gryphia II' 6-max Seat #4 is the button
Seat 3: DimaZips ($119.40 in chips)
Seat 4: Agrotait ($65.66 in chips)
Agrotait: posts small blind $1
DimaZips: posts big blind $3
*** HOLE CARDS ***
Agrotait: raises $3 to $6
DimaZips: folds
Uncalled bet ($3) returned to Agrotait
Agrotait collected $6 from pot
Agrotait: doesn't show hand
*** SUMMARY ***
Total pot $6 | Rake $0
Seat 3: DimaZips (big blind) folded before Flop
Seat 4: Agrotait (button) (small blind) collected ($6)


PokerStars Hand #151153843453:  Hold'em Limit ($3/$6 USD) - 2016/03/30 4:23:25 ET
Table 'Gryphia II' 6-max Seat #3 is the button
Seat 3: DimaZips ($120.40 in chips)
Seat 4: Agrotait ($64.66 in chips)
DimaZips: posts small blind $1
Agrotait: posts big blind $3
*** HOLE CARDS ***
DimaZips: folds
Uncalled bet ($2) returned to Agrotait
Agrotait collected $2 from pot
Agrotait: doesn't show hand
*** SUMMARY ***
Total pot $2 | Rake $0
Seat 3: DimaZips (button) (small blind) folded before Flop
Seat 4: Agrotait (big blind) collected ($2)


PokerStars Hand #151153831358:  Hold'em Limit ($3/$6 USD) - 2016/03/30 4:22:50 ET
Table 'Gryphia II' 6-max Seat #4 is the button
Seat 3: DimaZips ($102.90 in chips)
Seat 4: Agrotait ($82.66 in chips)
Agrotait: posts small blind $1
DimaZips: posts big blind $3
*** HOLE CARDS ***
Agrotait: raises $3 to $6
DimaZips: raises $3 to $9
Agrotait: calls $3
*** FLOP *** [Td 5h Ah]
DimaZips: bets $3
Agrotait: calls $3
*** TURN *** [Td 5h Ah] [Ks]
DimaZips: checks
Agrotait: bets $6
DimaZips: raises $6 to $12
Agrotait: folds [Ad]
Uncalled bet ($6) returned to DimaZips
DimaZips collected $35.50 from pot
DimaZips: doesn't show hand
*** SUMMARY ***
Total pot $36 | Rake $0.50
Board [Td 5h Ah Ks]
Seat 3: DimaZips (big blind) collected ($35.50)
Seat 4: Agrotait (button) (small blind) folded on the Turn


