PokerStars Hand #169396572345:  Hold'em Limit ($3/$6 USD) - 2017/04/22 9:44:34 ET
Table 'Guacolda' 6-max Seat #4 is the button
Seat 3: Bonafidegirl ($115 in chips)
Seat 4: kolaz03 ($77 in chips)
kolaz03: posts small blind $1
Bonafidegirl: posts big blind $3
*** HOLE CARDS ***
kolaz03: raises $3 to $6
Bonafidegirl: calls $3
*** FLOP *** [Ts 4s Kc]
Bonafidegirl: checks
kolaz03: bets $3
Bonafidegirl: calls $3
*** TURN *** [Ts 4s Kc] [Tc]
Bonafidegirl: checks
kolaz03: bets $6
Bonafidegirl: calls $6
*** RIVER *** [Ts 4s Kc Tc] [Ad]
Bonafidegirl: checks
kolaz03: bets $6
Bonafidegirl: calls $6
*** SHOW DOWN ***
kolaz03: shows [As 3c] (two pair, Aces and Tens)
Bonafidegirl: shows [Ac 6c] (two pair, Aces and Tens)
Bonafidegirl collected $20.75 from pot
kolaz03 collected $20.75 from pot
*** SUMMARY ***
Total pot $42 | Rake $0.50
Board [Ts 4s Kc Tc Ad]
Seat 3: Bonafidegirl (big blind) showed [Ac 6c] and won ($20.75) with two pair, Aces and Tens
Seat 4: kolaz03 (button) (small blind) showed [As 3c] and won ($20.75) with two pair, Aces and Tens


PokerStars Hand #169396588744:  Hold'em Limit ($3/$6 USD) - 2017/04/22 9:45:00 ET
Table 'Guacolda' 6-max Seat #4 is the button
Seat 3: Bonafidegirl ($113.75 in chips)
Seat 4: kolaz03 ($77.75 in chips)
kolaz03: posts small blind $1
Bonafidegirl: posts big blind $3
*** HOLE CARDS ***
kolaz03: folds
Uncalled bet ($2) returned to Bonafidegirl
Bonafidegirl collected $2 from pot
*** SUMMARY ***
Total pot $2 | Rake $0
Seat 3: Bonafidegirl (big blind) collected ($2)
Seat 4: kolaz03 (button) (small blind) folded before Flop


PokerStars Hand #169396585749:  Hold'em Limit ($3/$6 USD) - 2017/04/22 9:44:55 ET
Table 'Guacolda' 6-max Seat #3 is the button
Seat 3: Bonafidegirl ($114.75 in chips)
Seat 4: kolaz03 ($76.75 in chips)
Bonafidegirl: posts small blind $1
kolaz03: posts big blind $3
*** HOLE CARDS ***
Bonafidegirl: folds
Uncalled bet ($2) returned to kolaz03
kolaz03 collected $2 from pot
kolaz03: doesn't show hand
*** SUMMARY ***
Total pot $2 | Rake $0
Seat 3: Bonafidegirl (button) (small blind) folded before Flop
Seat 4: kolaz03 (big blind) collected ($2)


PokerStars Hand #169396562056:  Hold'em Limit ($3/$6 USD) - 2017/04/22 9:44:18 ET
Table 'Guacolda' 6-max Seat #4 is the button
Seat 3: Bonafidegirl ($119 in chips)
Seat 4: kolaz03 ($73 in chips)
kolaz03: posts small blind $1
Bonafidegirl: posts big blind $3
*** HOLE CARDS ***
kolaz03: raises $3 to $6
Bonafidegirl: folds
Uncalled bet ($3) returned to kolaz03
kolaz03 collected $6 from pot
kolaz03: doesn't show hand
*** SUMMARY ***
Total pot $6 | Rake $0
Seat 3: Bonafidegirl (big blind) folded before Flop
Seat 4: kolaz03 (button) (small blind) collected ($6)


PokerStars Hand #169396591962:  Hold'em Limit ($3/$6 USD) - 2017/04/22 9:45:05 ET
Table 'Guacolda' 6-max Seat #3 is the button
Seat 3: Bonafidegirl ($114.75 in chips)
Seat 4: kolaz03 ($76.75 in chips)
Bonafidegirl: posts small blind $1
kolaz03: posts big blind $3
*** HOLE CARDS ***
Bonafidegirl: folds
Uncalled bet ($2) returned to kolaz03
kolaz03 collected $2 from pot
kolaz03: doesn't show hand
*** SUMMARY ***
Total pot $2 | Rake $0
Seat 3: Bonafidegirl (button) (small blind) folded before Flop
Seat 4: kolaz03 (big blind) collected ($2)


PokerStars Hand #169396617598:  Hold'em Limit ($3/$6 USD) - 2017/04/22 9:45:45 ET
Table 'Guacolda' 6-max Seat #4 is the button
Seat 3: Bonafidegirl ($124.27 in chips)
Seat 4: kolaz03 ($73 in chips)
kolaz03: posts small blind $1
Bonafidegirl: posts big blind $3
*** HOLE CARDS ***
kolaz03: folds
Uncalled bet ($2) returned to Bonafidegirl
Bonafidegirl collected $2 from pot
*** SUMMARY ***
Total pot $2 | Rake $0
Seat 3: Bonafidegirl (big blind) collected ($2)
Seat 4: kolaz03 (button) (small blind) folded before Flop


PokerStars Hand #169396614276:  Hold'em Limit ($3/$6 USD) - 2017/04/22 9:45:40 ET
Table 'Guacolda' 6-max Seat #3 is the button
Seat 3: Bonafidegirl ($125.27 in chips)
Seat 4: kolaz03 ($72 in chips)
Bonafidegirl: posts small blind $1
kolaz03: posts big blind $3
*** HOLE CARDS ***
Bonafidegirl: folds
Uncalled bet ($2) returned to kolaz03
kolaz03 collected $2 from pot
kolaz03: doesn't show hand
*** SUMMARY ***
Total pot $2 | Rake $0
Seat 3: Bonafidegirl (button) (small blind) folded before Flop
Seat 4: kolaz03 (big blind) collected ($2)


PokerStars Hand #169396605352:  Hold'em Limit ($3/$6 USD) - 2017/04/22 9:45:26 ET
Table 'Guacolda' 6-max Seat #4 is the button
Seat 3: Bonafidegirl ($113.75 in chips)
Seat 4: kolaz03 ($77.75 in chips)
kolaz03: posts small blind $1
Bonafidegirl: posts big blind $3
*** HOLE CARDS ***
kolaz03: raises $3 to $6
Bonafidegirl: raises $3 to $9
kolaz03: calls $3
*** FLOP *** [7d 5s 5d]
Bonafidegirl: bets $3
kolaz03: calls $3
*** TURN *** [7d 5s 5d] [3c]
Bonafidegirl: bets $6
kolaz03: folds
Uncalled bet ($6) returned to Bonafidegirl
Bonafidegirl collected $23.52 from pot
*** SUMMARY ***
Total pot $24 | Rake $0.48
Board [7d 5s 5d 3c]
Seat 3: Bonafidegirl (big blind) collected ($23.52)
Seat 4: kolaz03 (button) (small blind) folded on the Turn


PokerStars Hand #169396600389:  Hold'em Limit ($3/$6 USD) - 2017/04/22 9:45:18 ET
Table 'Guacolda' 6-max Seat #3 is the button
Seat 3: Bonafidegirl ($110.75 in chips)
Seat 4: kolaz03 ($80.75 in chips)
Bonafidegirl: posts small blind $1
kolaz03: posts big blind $3
*** HOLE CARDS ***
Bonafidegirl: raises $3 to $6
kolaz03: folds
Uncalled bet ($3) returned to Bonafidegirl
Bonafidegirl collected $6 from pot
*** SUMMARY ***
Total pot $6 | Rake $0
Seat 3: Bonafidegirl (button) (small blind) collected ($6)
Seat 4: kolaz03 (big blind) folded before Flop


PokerStars Hand #169396595250:  Hold'em Limit ($3/$6 USD) - 2017/04/22 9:45:10 ET
Table 'Guacolda' 6-max Seat #4 is the button
Seat 3: Bonafidegirl ($113.75 in chips)
Seat 4: kolaz03 ($77.75 in chips)
kolaz03: posts small blind $1
Bonafidegirl: posts big blind $3
*** HOLE CARDS ***
kolaz03: raises $3 to $6
Bonafidegirl: folds
Uncalled bet ($3) returned to kolaz03
kolaz03 collected $6 from pot
kolaz03: doesn't show hand
*** SUMMARY ***
Total pot $6 | Rake $0
Seat 3: Bonafidegirl (big blind) folded before Flop
Seat 4: kolaz03 (button) (small blind) collected ($6)


PokerStars Hand #169396620577:  Hold'em Limit ($3/$6 USD) - 2017/04/22 9:45:50 ET
Table 'Guacolda' 6-max Seat #3 is the button
Seat 3: Bonafidegirl ($125.27 in chips)
Seat 4: kolaz03 ($72 in chips)
Bonafidegirl: posts small blind $1
kolaz03: posts big blind $3
*** HOLE CARDS ***
Bonafidegirl: raises $3 to $6
kolaz03: raises $3 to $9
Bonafidegirl: calls $3
*** FLOP *** [Qs 3c Js]
kolaz03: bets $3
Bonafidegirl: raises $3 to $6
kolaz03: calls $3
*** TURN *** [Qs 3c Js] [Ad]
kolaz03: bets $6
isitme1973 joins the table at seat #2
Bonafidegirl: calls $6
*** RIVER *** [Qs 3c Js Ad] [7c]
HamNEgger100 joins the table at seat #6
kolaz03: bets $6
Bonafidegirl: folds
Uncalled bet ($6) returned to kolaz03
kolaz03 collected $41.50 from pot
kolaz03: doesn't show hand
*** SUMMARY ***
Total pot $42 | Rake $0.50
Board [Qs 3c Js Ad 7c]
Seat 3: Bonafidegirl (button) (small blind) folded on the River
Seat 4: kolaz03 (big blind) collected ($41.50)


PokerStars Hand #169399455208:  Hold'em Limit ($3/$6 USD) - 2017/04/22 10:57:31 ET
Table 'Guacolda' 6-max Seat #3 is the button
Seat 1: MTLranger54 ($135.70 in chips)
Seat 3: HamNEgger100 ($122.43 in chips)
HamNEgger100: posts small blind $1
Jack_Wu1985: is sitting out
Jack_Wu1985 leaves the table
MTLranger54: posts big blind $3
*** HOLE CARDS ***
HamNEgger100: calls $2
MTLranger54: checks
*** FLOP *** [9c 6s Kh]
MTLranger54: checks
B_loJkl joins the table at seat #4
HamNEgger100: checks
*** TURN *** [9c 6s Kh] [Ad]
MTLranger54: bets $6
HamNEgger100: folds
Uncalled bet ($6) returned to MTLranger54
MTLranger54 collected $5.88 from pot
*** SUMMARY ***
Total pot $6 | Rake $0.12
Board [9c 6s Kh Ad]
Seat 1: MTLranger54 (big blind) collected ($5.88)
Seat 3: HamNEgger100 (button) (small blind) folded on the Turn


PokerStars Hand #169399475212:  Hold'em Limit ($3/$6 USD) - 2017/04/22 10:58:05 ET
Table 'Guacolda' 6-max Seat #1 is the button
Seat 1: MTLranger54 ($138.58 in chips)
Seat 3: HamNEgger100 ($119.43 in chips)
MTLranger54: posts small blind $1
HamNEgger100: posts big blind $3
*** HOLE CARDS ***
MTLranger54: raises $3 to $6
HamNEgger100: calls $3
*** FLOP *** [3h Jh Ah]
HamNEgger100: checks
MTLranger54: bets $3
HamNEgger100: calls $3
*** TURN *** [3h Jh Ah] [4c]
HamNEgger100: checks
MTLranger54: bets $6
HamNEgger100: calls $6
*** RIVER *** [3h Jh Ah 4c] [7d]
HamNEgger100: checks
MTLranger54: bets $6
HamNEgger100: calls $6
*** SHOW DOWN ***
MTLranger54: shows [Kh 6h] (a flush, Ace high)
HamNEgger100: mucks hand
MTLranger54 collected $41.50 from pot
*** SUMMARY ***
Total pot $42 | Rake $0.50
Board [3h Jh Ah 4c 7d]
Seat 1: MTLranger54 (button) (small blind) showed [Kh 6h] and won ($41.50) with a flush, Ace high
Seat 3: HamNEgger100 (big blind) mucked


PokerStars Hand #169399515050:  Hold'em Limit ($3/$6 USD) - 2017/04/22 10:59:13 ET
Table 'Guacolda' 6-max Seat #4 is the button
Seat 3: HamNEgger100 ($97.43 in chips)
Seat 4: B_loJkl ($147 in chips)
B_loJkl: posts small blind $1
HamNEgger100: posts big blind $3
*** HOLE CARDS ***
B_loJkl: raises $3 to $6
MTLranger54 leaves the table
HamNEgger100: calls $3
*** FLOP *** [Td 4c 5c]
HamNEgger100: checks
artecris joins the table at seat #2
DismasX leaves the table
B_loJkl: bets $3
HamNEgger100: folds
Uncalled bet ($3) returned to B_loJkl
B_loJkl collected $11.76 from pot
B_loJkl: doesn't show hand
*** SUMMARY ***
Total pot $12 | Rake $0.24
Board [Td 4c 5c]
Seat 3: HamNEgger100 (big blind) folded on the Flop
Seat 4: B_loJkl (button) (small blind) collected ($11.76)


PokerStars Hand #169399525514:  Hold'em Limit ($3/$6 USD) - 2017/04/22 10:59:31 ET
Table 'Guacolda' 6-max Seat #3 is the button
Seat 3: HamNEgger100 ($91.43 in chips)
Seat 4: B_loJkl ($152.76 in chips)
HamNEgger100: posts small blind $1
B_loJkl: posts big blind $3
*** HOLE CARDS ***
HamNEgger100: folds
Uncalled bet ($2) returned to B_loJkl
B_loJkl collected $2 from pot
B_loJkl: doesn't show hand
*** SUMMARY ***
Total pot $2 | Rake $0
Seat 3: HamNEgger100 (button) (small blind) folded before Flop
Seat 4: B_loJkl (big blind) collected ($2)


PokerStars Hand #169400197624:  Hold'em Limit ($3/$6 USD) - 2017/04/22 11:15:58 ET
Table 'Guacolda' 6-max Seat #3 is the button
Seat 3: HamNEgger100 ($70.33 in chips)
Seat 6: MTLranger54 ($113.15 in chips)
hooverr will be allowed to play after the button
HamNEgger100: posts small blind $1
B_loJkl: is sitting out
MTLranger54: posts big blind $3
*** HOLE CARDS ***
HamNEgger100: folds
Uncalled bet ($2) returned to MTLranger54
MTLranger54 collected $2 from pot
*** SUMMARY ***
Total pot $2 | Rake $0
Seat 3: HamNEgger100 (button) (small blind) folded before Flop
Seat 6: MTLranger54 (big blind) collected ($2)


PokerStars Hand #169400405948:  Hold'em Limit ($3/$6 USD) - 2017/04/22 11:21:01 ET
Table 'Guacolda' 6-max Seat #3 is the button
Seat 3: HamNEgger100 ($120 in chips)
Seat 6: hooverr ($120 in chips)
HamNEgger100: posts small blind $1
hooverr: posts big blind $3
*** HOLE CARDS ***
HamNEgger100: calls $2
hooverr: checks
*** FLOP *** [Js 2c Th]
hooverr: checks
HamNEgger100: bets $3
hooverr: calls $3
*** TURN *** [Js 2c Th] [7h]
hooverr: checks
HamNEgger100: bets $6
hooverr: raises $6 to $12
HamNEgger100: calls $6
*** RIVER *** [Js 2c Th 7h] [2s]
hooverr: bets $6
HamNEgger100: calls $6
*** SHOW DOWN ***
hooverr: shows [Jc Ah] (two pair, Jacks and Deuces)
HamNEgger100: mucks hand
hooverr collected $47.50 from pot
*** SUMMARY ***
Total pot $48 | Rake $0.50
Board [Js 2c Th 7h 2s]
Seat 3: HamNEgger100 (button) (small blind) mucked
Seat 6: hooverr (big blind) showed [Jc Ah] and won ($47.50) with two pair, Jacks and Deuces


PokerStars Hand #169400434691:  Hold'em Limit ($3/$6 USD) - 2017/04/22 11:21:43 ET
Table 'Guacolda' 6-max Seat #6 is the button
Seat 3: HamNEgger100 ($96 in chips)
Seat 6: hooverr ($143.50 in chips)
hooverr: posts small blind $1
HamNEgger100: posts big blind $3
*** HOLE CARDS ***
hooverr: raises $3 to $6
HamNEgger100: calls $3
*** FLOP *** [7d 2s 9s]
HamNEgger100: bets $3
hooverr: calls $3
*** TURN *** [7d 2s 9s] [As]
HamNEgger100: bets $6
hooverr: folds
Uncalled bet ($6) returned to HamNEgger100
HamNEgger100 collected $17.64 from pot
*** SUMMARY ***
Total pot $18 | Rake $0.36
Board [7d 2s 9s As]
Seat 3: HamNEgger100 (big blind) collected ($17.64)
Seat 6: hooverr (button) (small blind) folded on the Turn


PokerStars Hand #169400481821:  Hold'em Limit ($3/$6 USD) - 2017/04/22 11:22:52 ET
Table 'Guacolda' 6-max Seat #6 is the button
Seat 3: HamNEgger100 ($98.64 in chips)
Seat 6: hooverr ($140.26 in chips)
hooverr: posts small blind $1
HamNEgger100: posts big blind $3
*** HOLE CARDS ***
hooverr: folds
Uncalled bet ($2) returned to HamNEgger100
HamNEgger100 collected $2 from pot
*** SUMMARY ***
Total pot $2 | Rake $0
Seat 3: HamNEgger100 (big blind) collected ($2)
Seat 6: hooverr (button) (small blind) folded before Flop


PokerStars Hand #169400465724:  Hold'em Limit ($3/$6 USD) - 2017/04/22 11:22:28 ET
Table 'Guacolda' 6-max Seat #3 is the button
Seat 3: HamNEgger100 ($104.64 in chips)
Seat 6: hooverr ($134.50 in chips)
HamNEgger100: posts small blind $1
hooverr: posts big blind $3
*** HOLE CARDS ***
HamNEgger100: calls $2
hooverr: raises $3 to $6
HamNEgger100: calls $3
*** FLOP *** [9d Th Qc]
hooverr: bets $3
HamNEgger100: folds
Uncalled bet ($3) returned to hooverr
hooverr collected $11.76 from pot
hooverr: doesn't show hand
*** SUMMARY ***
Total pot $12 | Rake $0.24
Board [9d Th Qc]
Seat 3: HamNEgger100 (button) (small blind) folded on the Flop
Seat 6: hooverr (big blind) collected ($11.76)


PokerStars Hand #169400512988:  Hold'em Limit ($3/$6 USD) - 2017/04/22 11:23:38 ET
Table 'Guacolda' 6-max Seat #6 is the button
Seat 3: HamNEgger100 ($120.14 in chips)
Seat 6: hooverr ($118.26 in chips)
hooverr: posts small blind $1
HamNEgger100: posts big blind $3
*** HOLE CARDS ***
hooverr: raises $3 to $6
HamNEgger100: calls $3
*** FLOP *** [6h 7c 5d]
HamNEgger100: checks
hooverr: bets $3
HamNEgger100: calls $3
*** TURN *** [6h 7c 5d] [Js]
HamNEgger100: checks
hooverr: checks
*** RIVER *** [6h 7c 5d Js] [Qh]
HamNEgger100: checks
hooverr: checks
*** SHOW DOWN ***
HamNEgger100: shows [6s As] (a pair of Sixes)
hooverr: mucks hand
HamNEgger100 collected $17.64 from pot
*** SUMMARY ***
Total pot $18 | Rake $0.36
Board [6h 7c 5d Js Qh]
Seat 3: HamNEgger100 (big blind) showed [6s As] and won ($17.64) with a pair of Sixes
Seat 6: hooverr (button) (small blind) mucked


PokerStars Hand #169400486689:  Hold'em Limit ($3/$6 USD) - 2017/04/22 11:22:59 ET
Table 'Guacolda' 6-max Seat #3 is the button
Seat 3: HamNEgger100 ($99.64 in chips)
Seat 6: hooverr ($139.26 in chips)
HamNEgger100: posts small blind $1
hooverr: posts big blind $3
*** HOLE CARDS ***
HamNEgger100: calls $2
hooverr: checks
*** FLOP *** [2s 8d 3h]
hooverr: checks
HamNEgger100: checks
*** TURN *** [2s 8d 3h] [5d]
hooverr: bets $6
HamNEgger100: raises $6 to $12
hooverr: calls $6
*** RIVER *** [2s 8d 3h 5d] [5c]
hooverr: checks
HamNEgger100: bets $6
hooverr: calls $6
*** SHOW DOWN ***
HamNEgger100: shows [9d 8s] (two pair, Eights and Fives)
hooverr: mucks hand
HamNEgger100 collected $41.50 from pot
*** SUMMARY ***
Total pot $42 | Rake $0.50
Board [2s 8d 3h 5d 5c]
Seat 3: HamNEgger100 (button) (small blind) showed [9d 8s] and won ($41.50) with two pair, Eights and Fives
Seat 6: hooverr (big blind) mucked


PokerStars Hand #169400566552:  Hold'em Limit ($3/$6 USD) - 2017/04/22 11:24:57 ET
Table 'Guacolda' 6-max Seat #6 is the button
Seat 3: HamNEgger100 ($117.78 in chips)
Seat 6: hooverr ($119.78 in chips)
hooverr: posts small blind $1
HamNEgger100: posts big blind $3
*** HOLE CARDS ***
hooverr: folds
Uncalled bet ($2) returned to HamNEgger100
HamNEgger100 collected $2 from pot
*** SUMMARY ***
Total pot $2 | Rake $0
Seat 3: HamNEgger100 (big blind) collected ($2)
Seat 6: hooverr (button) (small blind) folded before Flop


PokerStars Hand #169400545418:  Hold'em Limit ($3/$6 USD) - 2017/04/22 11:24:25 ET
Table 'Guacolda' 6-max Seat #3 is the button
Seat 3: HamNEgger100 ($126.78 in chips)
Seat 6: hooverr ($111.14 in chips)
HamNEgger100: posts small blind $1
hooverr: posts big blind $3
*** HOLE CARDS ***
HamNEgger100: calls $2
hooverr: checks
*** FLOP *** [4h Qd Js]
hooverr: checks
HamNEgger100: checks
*** TURN *** [4h Qd Js] [Td]
hooverr: checks
HamNEgger100: bets $6
hooverr: calls $6
*** RIVER *** [4h Qd Js Td] [As]
hooverr: checks
HamNEgger100: checks
*** SHOW DOWN ***
hooverr: shows [4s 2c] (a pair of Fours)
HamNEgger100: mucks hand
hooverr collected $17.64 from pot
*** SUMMARY ***
Total pot $18 | Rake $0.36
Board [4h Qd Js Td As]
Seat 3: HamNEgger100 (button) (small blind) mucked
Seat 6: hooverr (big blind) showed [4s 2c] and won ($17.64) with a pair of Fours


PokerStars Hand #169400541732:  Hold'em Limit ($3/$6 USD) - 2017/04/22 11:24:20 ET
Table 'Guacolda' 6-max Seat #6 is the button
Seat 3: HamNEgger100 ($125.78 in chips)
Seat 6: hooverr ($112.14 in chips)
hooverr: posts small blind $1
HamNEgger100: posts big blind $3
*** HOLE CARDS ***
hooverr: folds
Uncalled bet ($2) returned to HamNEgger100
HamNEgger100 collected $2 from pot
*** SUMMARY ***
Total pot $2 | Rake $0
Seat 3: HamNEgger100 (big blind) collected ($2)
Seat 6: hooverr (button) (small blind) folded before Flop


PokerStars Hand #169400528517:  Hold'em Limit ($3/$6 USD) - 2017/04/22 11:24:00 ET
Table 'Guacolda' 6-max Seat #3 is the button
Seat 3: HamNEgger100 ($128.78 in chips)
Seat 6: hooverr ($109.26 in chips)
HamNEgger100: posts small blind $1
hooverr: posts big blind $3
*** HOLE CARDS ***
HamNEgger100: calls $2
hooverr: checks
*** FLOP *** [Ah 6c 5s]
hooverr: checks
HamNEgger100: checks
*** TURN *** [Ah 6c 5s] [3d]
hooverr: bets $6
HamNEgger100: folds
Uncalled bet ($6) returned to hooverr
hooverr collected $5.88 from pot
hooverr: doesn't show hand
*** SUMMARY ***
Total pot $6 | Rake $0.12
Board [Ah 6c 5s 3d]
Seat 3: HamNEgger100 (button) (small blind) folded on the Turn
Seat 6: hooverr (big blind) collected ($5.88)


PokerStars Hand #169400590586:  Hold'em Limit ($3/$6 USD) - 2017/04/22 11:25:31 ET
Table 'Guacolda' 6-max Seat #6 is the button
Seat 3: HamNEgger100 ($117.78 in chips)
Seat 6: hooverr ($119.78 in chips)
hooverr: posts small blind $1
HamNEgger100: posts big blind $3
*** HOLE CARDS ***
hooverr: folds
Uncalled bet ($2) returned to HamNEgger100
HamNEgger100 collected $2 from pot
*** SUMMARY ***
Total pot $2 | Rake $0
Seat 3: HamNEgger100 (big blind) collected ($2)
Seat 6: hooverr (button) (small blind) folded before Flop


PokerStars Hand #169400573954:  Hold'em Limit ($3/$6 USD) - 2017/04/22 11:25:07 ET
Table 'Guacolda' 6-max Seat #6 is the button
Seat 3: HamNEgger100 ($117.78 in chips)
Seat 6: hooverr ($119.78 in chips)
hooverr: posts small blind $1
HamNEgger100: posts big blind $3
*** HOLE CARDS ***
hooverr: folds
Uncalled bet ($2) returned to HamNEgger100
HamNEgger100 collected $2 from pot
*** SUMMARY ***
Total pot $2 | Rake $0
Seat 3: HamNEgger100 (big blind) collected ($2)
Seat 6: hooverr (button) (small blind) folded before Flop


PokerStars Hand #169400570175:  Hold'em Limit ($3/$6 USD) - 2017/04/22 11:25:02 ET
Table 'Guacolda' 6-max Seat #3 is the button
Seat 3: HamNEgger100 ($118.78 in chips)
Seat 6: hooverr ($118.78 in chips)
HamNEgger100: posts small blind $1
hooverr: posts big blind $3
*** HOLE CARDS ***
HamNEgger100: folds
Uncalled bet ($2) returned to hooverr
hooverr collected $2 from pot
hooverr: doesn't show hand
*** SUMMARY ***
Total pot $2 | Rake $0
Seat 3: HamNEgger100 (button) (small blind) folded before Flop
Seat 6: hooverr (big blind) collected ($2)


PokerStars Hand #169400586215:  Hold'em Limit ($3/$6 USD) - 2017/04/22 11:25:25 ET
Table 'Guacolda' 6-max Seat #3 is the button
Seat 3: HamNEgger100 ($118.78 in chips)
Seat 6: hooverr ($118.78 in chips)
HamNEgger100: posts small blind $1
hooverr: posts big blind $3
*** HOLE CARDS ***
HamNEgger100: folds
Uncalled bet ($2) returned to hooverr
hooverr collected $2 from pot
hooverr: doesn't show hand
*** SUMMARY ***
Total pot $2 | Rake $0
Seat 3: HamNEgger100 (button) (small blind) folded before Flop
Seat 6: hooverr (big blind) collected ($2)


PokerStars Hand #169400582332:  Hold'em Limit ($3/$6 USD) - 2017/04/22 11:25:19 ET
Table 'Guacolda' 6-max Seat #6 is the button
Seat 3: HamNEgger100 ($117.78 in chips)
Seat 6: hooverr ($119.78 in chips)
hooverr: posts small blind $1
HamNEgger100: posts big blind $3
*** HOLE CARDS ***
hooverr: folds
Uncalled bet ($2) returned to HamNEgger100
HamNEgger100 collected $2 from pot
*** SUMMARY ***
Total pot $2 | Rake $0
Seat 3: HamNEgger100 (big blind) collected ($2)
Seat 6: hooverr (button) (small blind) folded before Flop


PokerStars Hand #169400578296:  Hold'em Limit ($3/$6 USD) - 2017/04/22 11:25:14 ET
Table 'Guacolda' 6-max Seat #3 is the button
Seat 3: HamNEgger100 ($118.78 in chips)
Seat 6: hooverr ($118.78 in chips)
HamNEgger100: posts small blind $1
hooverr: posts big blind $3
*** HOLE CARDS ***
HamNEgger100: folds
Uncalled bet ($2) returned to hooverr
hooverr collected $2 from pot
hooverr: doesn't show hand
*** SUMMARY ***
Total pot $2 | Rake $0
Seat 3: HamNEgger100 (button) (small blind) folded before Flop
Seat 6: hooverr (big blind) collected ($2)


PokerStars Hand #169400594443:  Hold'em Limit ($3/$6 USD) - 2017/04/22 11:25:37 ET
Table 'Guacolda' 6-max Seat #3 is the button
Seat 3: HamNEgger100 ($118.78 in chips)
Seat 6: hooverr ($118.78 in chips)
HamNEgger100: posts small blind $1
hooverr: posts big blind $3
*** HOLE CARDS ***
HamNEgger100: raises $3 to $6
hooverr: calls $3
*** FLOP *** [Kh 7d 6c]
hooverr: checks
HamNEgger100: bets $3
hooverr: calls $3
*** TURN *** [Kh 7d 6c] [3s]
hooverr: checks
HamNEgger100: checks
*** RIVER *** [Kh 7d 6c 3s] [4h]
hooverr: checks
HamNEgger100: checks
*** SHOW DOWN ***
hooverr: shows [8c 9h] (high card King)
HamNEgger100: shows [Ah Qc] (high card Ace)
HamNEgger100 collected $17.64 from pot
*** SUMMARY ***
Total pot $18 | Rake $0.36
Board [Kh 7d 6c 3s 4h]
Seat 3: HamNEgger100 (button) (small blind) showed [Ah Qc] and won ($17.64) with high card Ace
Seat 6: hooverr (big blind) showed [8c 9h] and lost with high card King


PokerStars Hand #169400613212:  Hold'em Limit ($3/$6 USD) - 2017/04/22 11:26:05 ET
Table 'Guacolda' 6-max Seat #6 is the button
Seat 3: HamNEgger100 ($127.42 in chips)
Seat 6: hooverr ($109.78 in chips)
hooverr: posts small blind $1
HamNEgger100: posts big blind $3
*** HOLE CARDS ***
hooverr: raises $3 to $6
HamNEgger100: calls $3
*** FLOP *** [4c Ts 7c]
HamNEgger100: checks
hooverr: bets $3
HamNEgger100: calls $3
*** TURN *** [4c Ts 7c] [4s]
HamNEgger100: checks
hooverr: checks
*** RIVER *** [4c Ts 7c 4s] [2c]
HamNEgger100: bets $6
hooverr: calls $6
*** SHOW DOWN ***
HamNEgger100: shows [Th 9s] (two pair, Tens and Fours)
hooverr: mucks hand
HamNEgger100 collected $29.50 from pot
*** SUMMARY ***
Total pot $30 | Rake $0.50
Board [4c Ts 7c 4s 2c]
Seat 3: HamNEgger100 (big blind) showed [Th 9s] and won ($29.50) with two pair, Tens and Fours
Seat 6: hooverr (button) (small blind) mucked


PokerStars Hand #169400638985:  Hold'em Limit ($3/$6 USD) - 2017/04/22 11:26:42 ET
Table 'Guacolda' 6-max Seat #3 is the button
Seat 3: HamNEgger100 ($141.92 in chips)
Seat 6: hooverr ($94.78 in chips)
HamNEgger100: posts small blind $1
hooverr: posts big blind $3
*** HOLE CARDS ***
HamNEgger100: folds
Uncalled bet ($2) returned to hooverr
hooverr collected $2 from pot
hooverr: doesn't show hand
*** SUMMARY ***
Total pot $2 | Rake $0
Seat 3: HamNEgger100 (button) (small blind) folded before Flop
Seat 6: hooverr (big blind) collected ($2)


PokerStars Hand #169400651130:  Hold'em Limit ($3/$6 USD) - 2017/04/22 11:27:00 ET
Table 'Guacolda' 6-max Seat #6 is the button
Seat 3: HamNEgger100 ($140.92 in chips)
Seat 6: hooverr ($95.78 in chips)
hooverr: posts small blind $1
HamNEgger100: posts big blind $3
*** HOLE CARDS ***
hooverr: folds
Uncalled bet ($2) returned to HamNEgger100
HamNEgger100 collected $2 from pot
*** SUMMARY ***
Total pot $2 | Rake $0
Seat 3: HamNEgger100 (big blind) collected ($2)
Seat 6: hooverr (button) (small blind) folded before Flop


PokerStars Hand #169400647448:  Hold'em Limit ($3/$6 USD) - 2017/04/22 11:26:54 ET
Table 'Guacolda' 6-max Seat #3 is the button
Seat 3: HamNEgger100 ($141.92 in chips)
Seat 6: hooverr ($94.78 in chips)
HamNEgger100: posts small blind $1
hooverr: posts big blind $3
*** HOLE CARDS ***
HamNEgger100: folds
Uncalled bet ($2) returned to hooverr
hooverr collected $2 from pot
hooverr: doesn't show hand
*** SUMMARY ***
Total pot $2 | Rake $0
Seat 3: HamNEgger100 (button) (small blind) folded before Flop
Seat 6: hooverr (big blind) collected ($2)


PokerStars Hand #169400658988:  Hold'em Limit ($3/$6 USD) - 2017/04/22 11:27:11 ET
Table 'Guacolda' 6-max Seat #6 is the button
Seat 3: HamNEgger100 ($140.92 in chips)
Seat 6: hooverr ($95.78 in chips)
hooverr: posts small blind $1
HamNEgger100: posts big blind $3
*** HOLE CARDS ***
hooverr: raises $3 to $6
HamNEgger100: calls $3
*** FLOP *** [8h Ts 5h]
HamNEgger100: checks
hooverr: bets $3
HamNEgger100: calls $3
*** TURN *** [8h Ts 5h] [7s]
HamNEgger100: checks
hooverr: bets $6
HamNEgger100: raises $6 to $12
hooverr: calls $6
*** RIVER *** [8h Ts 5h 7s] [3d]
HamNEgger100: bets $6
hooverr: calls $6
*** SHOW DOWN ***
HamNEgger100: shows [Td Ks] (a pair of Tens)
hooverr: shows [Ad Ah] (a pair of Aces)
hooverr collected $53.50 from pot
*** SUMMARY ***
Total pot $54 | Rake $0.50
Board [8h Ts 5h 7s 3d]
Seat 3: HamNEgger100 (big blind) showed [Td Ks] and lost with a pair of Tens
Seat 6: hooverr (button) (small blind) showed [Ad Ah] and won ($53.50) with a pair of Aces


PokerStars Hand #169400654761:  Hold'em Limit ($3/$6 USD) - 2017/04/22 11:27:05 ET
Table 'Guacolda' 6-max Seat #3 is the button
Seat 3: HamNEgger100 ($141.92 in chips)
Seat 6: hooverr ($94.78 in chips)
HamNEgger100: posts small blind $1
hooverr: posts big blind $3
*** HOLE CARDS ***
HamNEgger100: folds
Uncalled bet ($2) returned to hooverr
hooverr collected $2 from pot
hooverr: doesn't show hand
*** SUMMARY ***
Total pot $2 | Rake $0
Seat 3: HamNEgger100 (button) (small blind) folded before Flop
Seat 6: hooverr (big blind) collected ($2)


PokerStars Hand #169400683623:  Hold'em Limit ($3/$6 USD) - 2017/04/22 11:27:47 ET
Table 'Guacolda' 6-max Seat #3 is the button
Seat 3: HamNEgger100 ($113.92 in chips)
Seat 6: hooverr ($122.28 in chips)
HamNEgger100: posts small blind $1
hooverr: posts big blind $3
*** HOLE CARDS ***
HamNEgger100: calls $2
hooverr: checks
*** FLOP *** [As 8d 5c]
hooverr: bets $3
HamNEgger100: calls $3
*** TURN *** [As 8d 5c] [7d]
hooverr: bets $6
HamNEgger100: calls $6
*** RIVER *** [As 8d 5c 7d] [2d]
hooverr: bets $6
HamNEgger100: calls $6
*** SHOW DOWN ***
hooverr: shows [5d 8s] (two pair, Eights and Fives)
HamNEgger100: mucks hand
hooverr collected $35.50 from pot
*** SUMMARY ***
Total pot $36 | Rake $0.50
Board [As 8d 5c 7d 2d]
Seat 3: HamNEgger100 (button) (small blind) mucked
Seat 6: hooverr (big blind) showed [5d 8s] and won ($35.50) with two pair, Eights and Fives


PokerStars Hand #169400718108:  Hold'em Limit ($3/$6 USD) - 2017/04/22 11:28:37 ET
Table 'Guacolda' 6-max Seat #3 is the button
Seat 3: HamNEgger100 ($89.92 in chips)
Seat 6: hooverr ($145.54 in chips)
HamNEgger100: posts small blind $1
hooverr: posts big blind $3
*** HOLE CARDS ***
HamNEgger100: raises $3 to $6
hooverr: folds
Uncalled bet ($3) returned to HamNEgger100
HamNEgger100 collected $6 from pot
*** SUMMARY ***
Total pot $6 | Rake $0
Seat 3: HamNEgger100 (button) (small blind) collected ($6)
Seat 6: hooverr (big blind) folded before Flop


PokerStars Hand #169400704592:  Hold'em Limit ($3/$6 USD) - 2017/04/22 11:28:17 ET
Table 'Guacolda' 6-max Seat #6 is the button
Seat 3: HamNEgger100 ($95.92 in chips)
Seat 6: hooverr ($139.78 in chips)
hooverr: posts small blind $1
HamNEgger100: posts big blind $3
*** HOLE CARDS ***
hooverr: raises $3 to $6
HamNEgger100: calls $3
*** FLOP *** [3c 4d Jh]
HamNEgger100: checks
hooverr: bets $3
HamNEgger100: folds
Uncalled bet ($3) returned to hooverr
hooverr collected $11.76 from pot
hooverr: doesn't show hand
*** SUMMARY ***
Total pot $12 | Rake $0.24
Board [3c 4d Jh]
Seat 3: HamNEgger100 (big blind) folded on the Flop
Seat 6: hooverr (button) (small blind) collected ($11.76)


PokerStars Hand #169400722187:  Hold'em Limit ($3/$6 USD) - 2017/04/22 11:28:43 ET
Table 'Guacolda' 6-max Seat #6 is the button
Seat 3: HamNEgger100 ($92.92 in chips)
Seat 6: hooverr ($142.54 in chips)
hooverr: posts small blind $1
HamNEgger100: posts big blind $3
*** HOLE CARDS ***
hooverr: raises $3 to $6
HamNEgger100: folds
Uncalled bet ($3) returned to hooverr
hooverr collected $6 from pot
hooverr: doesn't show hand
*** SUMMARY ***
Total pot $6 | Rake $0
Seat 3: HamNEgger100 (big blind) folded before Flop
Seat 6: hooverr (button) (small blind) collected ($6)


PokerStars Hand #169400728596:  Hold'em Limit ($3/$6 USD) - 2017/04/22 11:28:52 ET
Table 'Guacolda' 6-max Seat #3 is the button
Seat 3: HamNEgger100 ($89.92 in chips)
Seat 6: hooverr ($145.54 in chips)
HamNEgger100: posts small blind $1
hooverr: posts big blind $3
*** HOLE CARDS ***
HamNEgger100: calls $2
Blackadder77 joins the table at seat #2
hooverr: checks
*** FLOP *** [Kd 2h Tc]
hooverr: checks
HamNEgger100: checks
*** TURN *** [Kd 2h Tc] [Kc]
hooverr: bets $6
HamNEgger100: folds
Uncalled bet ($6) returned to hooverr
hooverr collected $5.88 from pot
hooverr: doesn't show hand
*** SUMMARY ***
Total pot $6 | Rake $0.12
Board [Kd 2h Tc Kc]
Seat 3: HamNEgger100 (button) (small blind) folded on the Turn
Seat 6: hooverr (big blind) collected ($5.88)


PokerStars Hand #169402488730:  Hold'em Limit ($3/$6 USD) - 2017/04/22 12:10:52 ET
Table 'Guacolda' 6-max Seat #2 is the button
Seat 2: Blackadder77 ($50.06 in chips)
Seat 3: HamNEgger100 ($112.09 in chips)
Blackadder77: posts small blind $1
HamNEgger100: posts big blind $3
*** HOLE CARDS ***
Blackadder77: raises $3 to $6
HamNEgger100: calls $3
*** FLOP *** [Th 8d 5h]
HamNEgger100: checks
Blackadder77: bets $3
HamNEgger100: folds
Uncalled bet ($3) returned to Blackadder77
Blackadder77 collected $11.76 from pot
Blackadder77: doesn't show hand
*** SUMMARY ***
Total pot $12 | Rake $0.24
Board [Th 8d 5h]
Seat 2: Blackadder77 (button) (small blind) collected ($11.76)
Seat 3: HamNEgger100 (big blind) folded on the Flop


PokerStars Hand #169402484449:  Hold'em Limit ($3/$6 USD) - 2017/04/22 12:10:46 ET
Table 'Guacolda' 6-max Seat #3 is the button
Seat 2: Blackadder77 ($49.06 in chips)
Seat 3: HamNEgger100 ($113.09 in chips)
HamNEgger100: posts small blind $1
Blackadder77: posts big blind $3
*** HOLE CARDS ***
HamNEgger100: folds
Uncalled bet ($2) returned to Blackadder77
Blackadder77 collected $2 from pot
Blackadder77: doesn't show hand
*** SUMMARY ***
Total pot $2 | Rake $0
Seat 2: Blackadder77 (big blind) collected ($2)
Seat 3: HamNEgger100 (button) (small blind) folded before Flop


PokerStars Hand #169402480745:  Hold'em Limit ($3/$6 USD) - 2017/04/22 12:10:41 ET
Table 'Guacolda' 6-max Seat #2 is the button
Seat 2: Blackadder77 ($50.06 in chips)
Seat 3: HamNEgger100 ($112.09 in chips)
Blackadder77: posts small blind $1
HamNEgger100: posts big blind $3
*** HOLE CARDS ***
Blackadder77: folds
Uncalled bet ($2) returned to HamNEgger100
HamNEgger100 collected $2 from pot
*** SUMMARY ***
Total pot $2 | Rake $0
Seat 2: Blackadder77 (button) (small blind) folded before Flop
Seat 3: HamNEgger100 (big blind) collected ($2)


PokerStars Hand #169402520359:  Hold'em Limit ($3/$6 USD) - 2017/04/22 12:11:34 ET
Table 'Guacolda' 6-max Seat #2 is the button
Seat 2: Blackadder77 ($61.58 in chips)
Seat 3: HamNEgger100 ($100.09 in chips)
Blackadder77: posts small blind $1
HamNEgger100: posts big blind $3
*** HOLE CARDS ***
Blackadder77: raises $3 to $6
HamNEgger100: calls $3
*** FLOP *** [Kh 6h 5d]
HamNEgger100: checks
Blackadder77: bets $3
HamNEgger100: folds
Uncalled bet ($3) returned to Blackadder77
Blackadder77 collected $11.76 from pot
Blackadder77: doesn't show hand
*** SUMMARY ***
Total pot $12 | Rake $0.24
Board [Kh 6h 5d]
Seat 2: Blackadder77 (button) (small blind) collected ($11.76)
Seat 3: HamNEgger100 (big blind) folded on the Flop


PokerStars Hand #169402537161:  Hold'em Limit ($3/$6 USD) - 2017/04/22 12:11:57 ET
Table 'Guacolda' 6-max Seat #3 is the button
Seat 2: Blackadder77 ($67.34 in chips)
Seat 3: HamNEgger100 ($94.09 in chips)
HamNEgger100: posts small blind $1
Blackadder77: posts big blind $3
*** HOLE CARDS ***
HamNEgger100: raises $3 to $6
Blackadder77: calls $3
*** FLOP *** [Ac 5h 8c]
Blackadder77: checks
HamNEgger100: bets $3
Blackadder77: folds
Uncalled bet ($3) returned to HamNEgger100
HamNEgger100 collected $11.76 from pot
*** SUMMARY ***
Total pot $12 | Rake $0.24
Board [Ac 5h 8c]
Seat 2: Blackadder77 (big blind) folded on the Flop
Seat 3: HamNEgger100 (button) (small blind) collected ($11.76)


PokerStars Hand #169402547643:  Hold'em Limit ($3/$6 USD) - 2017/04/22 12:12:11 ET
Table 'Guacolda' 6-max Seat #2 is the button
Seat 2: Blackadder77 ($61.34 in chips)
Seat 3: HamNEgger100 ($99.85 in chips)
Blackadder77: posts small blind $1
HamNEgger100: posts big blind $3
*** HOLE CARDS ***
Blackadder77: raises $3 to $6
HamNEgger100: calls $3
*** FLOP *** [5c 3s 4h]
HamNEgger100: bets $3
Blackadder77: calls $3
*** TURN *** [5c 3s 4h] [Tc]
HamNEgger100: bets $6
Blackadder77: calls $6
*** RIVER *** [5c 3s 4h Tc] [7d]
HamNEgger100: bets $6
Blackadder77: folds
Uncalled bet ($6) returned to HamNEgger100
HamNEgger100 collected $29.50 from pot
*** SUMMARY ***
Total pot $30 | Rake $0.50
Board [5c 3s 4h Tc 7d]
Seat 2: Blackadder77 (button) (small blind) folded on the River
Seat 3: HamNEgger100 (big blind) collected ($29.50)


PokerStars Hand #169402563458:  Hold'em Limit ($3/$6 USD) - 2017/04/22 12:12:32 ET
Table 'Guacolda' 6-max Seat #3 is the button
Seat 2: Blackadder77 ($46.34 in chips)
Seat 3: HamNEgger100 ($114.35 in chips)
HamNEgger100: posts small blind $1
Blackadder77: posts big blind $3
*** HOLE CARDS ***
HamNEgger100: calls $2
Blackadder77: checks
*** FLOP *** [5h 5d 6h]
Blackadder77: checks
HamNEgger100: checks
*** TURN *** [5h 5d 6h] [9c]
Blackadder77: bets $6
HamNEgger100: folds
Uncalled bet ($6) returned to Blackadder77
Blackadder77 collected $5.88 from pot
Blackadder77: doesn't show hand
*** SUMMARY ***
Total pot $6 | Rake $0.12
Board [5h 5d 6h 9c]
Seat 2: Blackadder77 (big blind) collected ($5.88)
Seat 3: HamNEgger100 (button) (small blind) folded on the Turn


PokerStars Hand #169402573491:  Hold'em Limit ($3/$6 USD) - 2017/04/22 12:12:46 ET
Table 'Guacolda' 6-max Seat #2 is the button
Seat 2: Blackadder77 ($49.22 in chips)
Seat 3: HamNEgger100 ($111.35 in chips)
Blackadder77: posts small blind $1
HamNEgger100: posts big blind $3
*** HOLE CARDS ***
Blackadder77: raises $3 to $6
HamNEgger100: calls $3
*** FLOP *** [3c 5s 8d]
HamNEgger100: checks
Blackadder77: bets $3
HamNEgger100: calls $3
*** TURN *** [3c 5s 8d] [8s]
HamNEgger100: checks
Great_Kang joins the table at seat #4
Blackadder77: bets $6
HamNEgger100: calls $6
*** RIVER *** [3c 5s 8d 8s] [Kh]
HamNEgger100: checks
Blackadder77: bets $6
HamNEgger100: folds
Uncalled bet ($6) returned to Blackadder77
Blackadder77 collected $29.50 from pot
Blackadder77: doesn't show hand
*** SUMMARY ***
Total pot $30 | Rake $0.50
Board [3c 5s 8d 8s Kh]
Seat 2: Blackadder77 (button) (small blind) collected ($29.50)
Seat 3: HamNEgger100 (big blind) folded on the River


PokerStars Hand #169420147706:  Hold'em Limit ($3/$6 USD) - 2017/04/22 18:18:22 ET
Table 'Guacolda' 6-max Seat #1 is the button
Seat 1: Willijabo ($45.79 in chips)
Seat 6: RaisemyNut$ ($97.08 in chips)
Willijabo: posts small blind $1
NOMOS1984: is sitting out
RaisemyNut$: posts big blind $3
*** HOLE CARDS ***
Willijabo: folds
Uncalled bet ($2) returned to RaisemyNut$
RaisemyNut$ collected $2 from pot
RaisemyNut$: doesn't show hand
*** SUMMARY ***
Total pot $2 | Rake $0
Seat 1: Willijabo (button) (small blind) folded before Flop
Seat 6: RaisemyNut$ (big blind) collected ($2)


PokerStars Hand #169420152700:  Hold'em Limit ($3/$6 USD) - 2017/04/22 18:18:29 ET
Table 'Guacolda' 6-max Seat #6 is the button
Seat 1: Willijabo ($44.79 in chips)
Seat 6: RaisemyNut$ ($98.08 in chips)
RaisemyNut$: posts small blind $1
Willijabo: posts big blind $3
*** HOLE CARDS ***
RaisemyNut$: raises $3 to $6
Willijabo: calls $3
*** FLOP *** [5s 4d 9d]
Willijabo: checks
RaisemyNut$: bets $3
Willijabo: calls $3
*** TURN *** [5s 4d 9d] [2s]
Willijabo: checks
RaisemyNut$: checks
*** RIVER *** [5s 4d 9d 2s] [7c]
Willijabo: checks
RaisemyNut$: checks
*** SHOW DOWN ***
Willijabo: shows [6s As] (high card Ace)
RaisemyNut$: mucks hand
Willijabo collected $17.64 from pot
*** SUMMARY ***
Total pot $18 | Rake $0.36
Board [5s 4d 9d 2s 7c]
Seat 1: Willijabo (big blind) showed [6s As] and won ($17.64) with high card Ace
Seat 6: RaisemyNut$ (button) (small blind) mucked


PokerStars Hand #169421548104:  Hold'em Limit ($3/$6 USD) - 2017/04/22 18:51:26 ET
Table 'Guacolda' 6-max Seat #2 is the button
Seat 1: Willijabo ($44.20 in chips)
Seat 2: Larooo ($101 in chips)
Larooo: posts small blind $1
Velbor107: is sitting out
NAV_SERGG was removed from the table for failing to post
NOMOS1984: is sitting out
Willijabo: posts big blind $3
*** HOLE CARDS ***
NOMOS1984 leaves the table
Larooo: folds
Uncalled bet ($2) returned to Willijabo
Willijabo collected $2 from pot
Willijabo: doesn't show hand
*** SUMMARY ***
Total pot $2 | Rake $0
Seat 1: Willijabo (big blind) collected ($2)
Seat 2: Larooo (button) (small blind) folded before Flop


PokerStars Hand #169421562101:  Hold'em Limit ($3/$6 USD) - 2017/04/22 18:51:47 ET
Table 'Guacolda' 6-max Seat #3 is the button
Seat 1: Willijabo ($44.20 in chips)
Seat 3: Velbor107 ($412.34 in chips)
Velbor107: posts small blind $1
Willijabo: posts big blind $3
*** HOLE CARDS ***
Velbor107: folds
Uncalled bet ($2) returned to Willijabo
Willijabo collected $2 from pot
Willijabo: doesn't show hand
*** SUMMARY ***
Total pot $2 | Rake $0
Seat 1: Willijabo (big blind) collected ($2)
Seat 3: Velbor107 (button) (small blind) folded before Flop


PokerStars Hand #169421558372:  Hold'em Limit ($3/$6 USD) - 2017/04/22 18:51:41 ET
Table 'Guacolda' 6-max Seat #1 is the button
Seat 1: Willijabo ($45.20 in chips)
Seat 3: Velbor107 ($411.34 in chips)
Willijabo: posts small blind $1
Velbor107: posts big blind $3
*** HOLE CARDS ***
Willijabo: folds
Uncalled bet ($2) returned to Velbor107
Velbor107 collected $2 from pot
Larooo leaves the table
*** SUMMARY ***
Total pot $2 | Rake $0
Seat 1: Willijabo (button) (small blind) folded before Flop
Seat 3: Velbor107 (big blind) collected ($2)


