PokerStars Hand #168029799068:  Hold'em Limit ($3/$6 USD) - 2017/03/24 4:58:20 ET
Table 'Guangdong' 6-max Seat #1 is the button
Seat 1: manly70 ($402.95 in chips)
Seat 4: VolkovDmitri ($120 in chips)
manly70: posts small blind $1
VolkovDmitri: posts big blind $3
*** HOLE CARDS ***
manly70: calls $2
VolkovDmitri: raises $3 to $6
manly70: calls $3
*** FLOP *** [Kc Jh 6d]
VolkovDmitri: bets $3
manly70: folds
Uncalled bet ($3) returned to VolkovDmitri
VolkovDmitri collected $11.76 from pot
VolkovDmitri: doesn't show hand
*** SUMMARY ***
Total pot $12 | Rake $0.24
Board [Kc Jh 6d]
Seat 1: manly70 (button) (small blind) folded on the Flop
Seat 4: VolkovDmitri (big blind) collected ($11.76)


PokerStars Hand #168029805709:  Hold'em Limit ($3/$6 USD) - 2017/03/24 4:58:42 ET
Table 'Guangdong' 6-max Seat #4 is the button
Seat 1: manly70 ($396.95 in chips)
Seat 4: VolkovDmitri ($125.76 in chips)
VolkovDmitri: posts small blind $1
manly70: posts big blind $3
*** HOLE CARDS ***
VolkovDmitri: raises $3 to $6
manly70: calls $3
*** FLOP *** [6h Ad As]
manly70: checks
VolkovDmitri: bets $3
manly70: folds
Uncalled bet ($3) returned to VolkovDmitri
VolkovDmitri collected $11.76 from pot
VolkovDmitri: doesn't show hand
*** SUMMARY ***
Total pot $12 | Rake $0.24
Board [6h Ad As]
Seat 1: manly70 (big blind) folded on the Flop
Seat 4: VolkovDmitri (button) (small blind) collected ($11.76)


PokerStars Hand #168029811795:  Hold'em Limit ($3/$6 USD) - 2017/03/24 4:59:03 ET
Table 'Guangdong' 6-max Seat #1 is the button
Seat 1: manly70 ($390.95 in chips)
Seat 4: VolkovDmitri ($131.52 in chips)
manly70: posts small blind $1
VolkovDmitri: posts big blind $3
*** HOLE CARDS ***
manly70: calls $2
VolkovDmitri: raises $3 to $6
manly70: calls $3
*** FLOP *** [3h Jc Qs]
VolkovDmitri: bets $3
manly70: calls $3
*** TURN *** [3h Jc Qs] [4d]
VolkovDmitri: bets $6
manly70: folds
Uncalled bet ($6) returned to VolkovDmitri
VolkovDmitri collected $17.64 from pot
VolkovDmitri: doesn't show hand
*** SUMMARY ***
Total pot $18 | Rake $0.36
Board [3h Jc Qs 4d]
Seat 1: manly70 (button) (small blind) folded on the Turn
Seat 4: VolkovDmitri (big blind) collected ($17.64)


PokerStars Hand #168029823156:  Hold'em Limit ($3/$6 USD) - 2017/03/24 4:59:41 ET
Table 'Guangdong' 6-max Seat #4 is the button
Seat 1: manly70 ($381.95 in chips)
Seat 4: VolkovDmitri ($140.16 in chips)
VolkovDmitri: posts small blind $1
manly70: posts big blind $3
*** HOLE CARDS ***
VolkovDmitri: raises $3 to $6
manly70: folds
Uncalled bet ($3) returned to VolkovDmitri
VolkovDmitri collected $6 from pot
VolkovDmitri: doesn't show hand
*** SUMMARY ***
Total pot $6 | Rake $0
Seat 1: manly70 (big blind) folded before Flop
Seat 4: VolkovDmitri (button) (small blind) collected ($6)


PokerStars Hand #168029829161:  Hold'em Limit ($3/$6 USD) - 2017/03/24 5:00:01 ET
Table 'Guangdong' 6-max Seat #1 is the button
Seat 1: manly70 ($378.95 in chips)
Seat 4: VolkovDmitri ($143.16 in chips)
manly70: posts small blind $1
VolkovDmitri: posts big blind $3
*** HOLE CARDS ***
manly70: calls $2
VolkovDmitri: raises $3 to $6
manly70: calls $3
*** FLOP *** [As Ac Ad]
VolkovDmitri: bets $3
manly70: calls $3
*** TURN *** [As Ac Ad] [2h]
VolkovDmitri: bets $6
manly70: folds
Uncalled bet ($6) returned to VolkovDmitri
VolkovDmitri collected $17.64 from pot
VolkovDmitri: doesn't show hand
*** SUMMARY ***
Total pot $18 | Rake $0.36
Board [As Ac Ad 2h]
Seat 1: manly70 (button) (small blind) folded on the Turn
Seat 4: VolkovDmitri (big blind) collected ($17.64)


PokerStars Hand #168029845081:  Hold'em Limit ($3/$6 USD) - 2017/03/24 5:00:54 ET
Table 'Guangdong' 6-max Seat #1 is the button
Seat 1: manly70 ($363.95 in chips)
Seat 4: VolkovDmitri ($157.56 in chips)
manly70: posts small blind $1
VolkovDmitri: posts big blind $3
*** HOLE CARDS ***
manly70: folds
Uncalled bet ($2) returned to VolkovDmitri
VolkovDmitri collected $2 from pot
VolkovDmitri: doesn't show hand
*** SUMMARY ***
Total pot $2 | Rake $0
Seat 1: manly70 (button) (small blind) folded before Flop
Seat 4: VolkovDmitri (big blind) collected ($2)


PokerStars Hand #168029839346:  Hold'em Limit ($3/$6 USD) - 2017/03/24 5:00:35 ET
Table 'Guangdong' 6-max Seat #4 is the button
Seat 1: manly70 ($369.95 in chips)
Seat 4: VolkovDmitri ($151.80 in chips)
VolkovDmitri: posts small blind $1
manly70: posts big blind $3
*** HOLE CARDS ***
VolkovDmitri: raises $3 to $6
manly70: calls $3
*** FLOP *** [4c 4h Ah]
manly70: checks
VolkovDmitri: bets $3
manly70: folds
Uncalled bet ($3) returned to VolkovDmitri
VolkovDmitri collected $11.76 from pot
VolkovDmitri: doesn't show hand
*** SUMMARY ***
Total pot $12 | Rake $0.24
Board [4c 4h Ah]
Seat 1: manly70 (big blind) folded on the Flop
Seat 4: VolkovDmitri (button) (small blind) collected ($11.76)


PokerStars Hand #168029865256:  Hold'em Limit ($3/$6 USD) - 2017/03/24 5:01:57 ET
Table 'Guangdong' 6-max Seat #1 is the button
Seat 1: manly70 ($371.59 in chips)
Seat 4: VolkovDmitri ($149.56 in chips)
manly70: posts small blind $1
VolkovDmitri: posts big blind $3
*** HOLE CARDS ***
manly70: folds
Uncalled bet ($2) returned to VolkovDmitri
VolkovDmitri collected $2 from pot
VolkovDmitri: doesn't show hand
*** SUMMARY ***
Total pot $2 | Rake $0
Seat 1: manly70 (button) (small blind) folded before Flop
Seat 4: VolkovDmitri (big blind) collected ($2)


PokerStars Hand #168029846931:  Hold'em Limit ($3/$6 USD) - 2017/03/24 5:01:00 ET
Table 'Guangdong' 6-max Seat #4 is the button
Seat 1: manly70 ($362.95 in chips)
Seat 4: VolkovDmitri ($158.56 in chips)
VolkovDmitri: posts small blind $1
manly70: posts big blind $3
*** HOLE CARDS ***
VolkovDmitri: raises $3 to $6
manly70: calls $3
*** FLOP *** [Qh Qd Kd]
manly70: checks
VolkovDmitri: bets $3
manly70: calls $3
*** TURN *** [Qh Qd Kd] [7s]
manly70: checks
VolkovDmitri: checks
*** RIVER *** [Qh Qd Kd 7s] [Td]
manly70: bets $6
VolkovDmitri: folds
Uncalled bet ($6) returned to manly70
manly70 collected $17.64 from pot
*** SUMMARY ***
Total pot $18 | Rake $0.36
Board [Qh Qd Kd 7s Td]
Seat 1: manly70 (big blind) collected ($17.64)
Seat 4: VolkovDmitri (button) (small blind) folded on the River


PokerStars Hand #168029870000:  Hold'em Limit ($3/$6 USD) - 2017/03/24 5:02:12 ET
Table 'Guangdong' 6-max Seat #1 is the button
Seat 1: manly70 ($371.59 in chips)
Seat 4: VolkovDmitri ($149.56 in chips)
manly70: posts small blind $1
VolkovDmitri: posts big blind $3
*** HOLE CARDS ***
manly70: folds
Uncalled bet ($2) returned to VolkovDmitri
VolkovDmitri collected $2 from pot
VolkovDmitri: doesn't show hand
*** SUMMARY ***
Total pot $2 | Rake $0
Seat 1: manly70 (button) (small blind) folded before Flop
Seat 4: VolkovDmitri (big blind) collected ($2)


PokerStars Hand #168029867305:  Hold'em Limit ($3/$6 USD) - 2017/03/24 5:02:04 ET
Table 'Guangdong' 6-max Seat #4 is the button
Seat 1: manly70 ($370.59 in chips)
Seat 4: VolkovDmitri ($150.56 in chips)
VolkovDmitri: posts small blind $1
manly70: posts big blind $3
*** HOLE CARDS ***
VolkovDmitri: folds
Uncalled bet ($2) returned to manly70
manly70 collected $2 from pot
*** SUMMARY ***
Total pot $2 | Rake $0
Seat 1: manly70 (big blind) collected ($2)
Seat 4: VolkovDmitri (button) (small blind) folded before Flop


PokerStars Hand #168029892200:  Hold'em Limit ($3/$6 USD) - 2017/03/24 5:03:19 ET
Table 'Guangdong' 6-max Seat #1 is the button
Seat 1: manly70 ($385.09 in chips)
Seat 4: VolkovDmitri ($135.56 in chips)
manly70: posts small blind $1
VolkovDmitri: posts big blind $3
*** HOLE CARDS ***
manly70: folds
Uncalled bet ($2) returned to VolkovDmitri
VolkovDmitri collected $2 from pot
VolkovDmitri: doesn't show hand
*** SUMMARY ***
Total pot $2 | Rake $0
Seat 1: manly70 (button) (small blind) folded before Flop
Seat 4: VolkovDmitri (big blind) collected ($2)


PokerStars Hand #168029872297:  Hold'em Limit ($3/$6 USD) - 2017/03/24 5:02:19 ET
Table 'Guangdong' 6-max Seat #4 is the button
Seat 1: manly70 ($370.59 in chips)
Seat 4: VolkovDmitri ($150.56 in chips)
VolkovDmitri: posts small blind $1
manly70: posts big blind $3
*** HOLE CARDS ***
VolkovDmitri: raises $3 to $6
manly70: calls $3
*** FLOP *** [Ks 4s 3d]
manly70: checks
VolkovDmitri: bets $3
manly70: calls $3
*** TURN *** [Ks 4s 3d] [Td]
manly70: checks
VolkovDmitri: bets $6
manly70: calls $6
*** RIVER *** [Ks 4s 3d Td] [4d]
manly70: checks
VolkovDmitri: checks
*** SHOW DOWN ***
manly70: shows [8h Th] (two pair, Tens and Fours)
VolkovDmitri: mucks hand
manly70 collected $29.50 from pot
*** SUMMARY ***
Total pot $30 | Rake $0.50
Board [Ks 4s 3d Td 4d]
Seat 1: manly70 (big blind) showed [8h Th] and won ($29.50) with two pair, Tens and Fours
Seat 4: VolkovDmitri (button) (small blind) mucked


PokerStars Hand #168029904302:  Hold'em Limit ($3/$6 USD) - 2017/03/24 5:03:56 ET
Table 'Guangdong' 6-max Seat #1 is the button
Seat 1: manly70 ($378.09 in chips)
Seat 4: VolkovDmitri ($142.32 in chips)
manly70: posts small blind $1
VolkovDmitri: posts big blind $3
*** HOLE CARDS ***
manly70: raises $3 to $6
VolkovDmitri: calls $3
*** FLOP *** [2h 4h Ts]
VolkovDmitri: checks
manly70: bets $3
VolkovDmitri: calls $3
*** TURN *** [2h 4h Ts] [Js]
VolkovDmitri: checks
manly70: bets $6
VolkovDmitri: calls $6
*** RIVER *** [2h 4h Ts Js] [7s]
VolkovDmitri: checks
manly70: bets $6
VolkovDmitri: folds
Uncalled bet ($6) returned to manly70
manly70 collected $29.50 from pot
*** SUMMARY ***
Total pot $30 | Rake $0.50
Board [2h 4h Ts Js 7s]
Seat 1: manly70 (button) (small blind) collected ($29.50)
Seat 4: VolkovDmitri (big blind) folded on the River


PokerStars Hand #168029894329:  Hold'em Limit ($3/$6 USD) - 2017/03/24 5:03:25 ET
Table 'Guangdong' 6-max Seat #4 is the button
Seat 1: manly70 ($384.09 in chips)
Seat 4: VolkovDmitri ($136.56 in chips)
VolkovDmitri: posts small blind $1
manly70: posts big blind $3
*** HOLE CARDS ***
VolkovDmitri: raises $3 to $6
manly70: calls $3
*** FLOP *** [Ks 2c 7h]
manly70: checks
VolkovDmitri: bets $3
manly70: folds
Uncalled bet ($3) returned to VolkovDmitri
VolkovDmitri collected $11.76 from pot
VolkovDmitri: doesn't show hand
*** SUMMARY ***
Total pot $12 | Rake $0.24
Board [Ks 2c 7h]
Seat 1: manly70 (big blind) folded on the Flop
Seat 4: VolkovDmitri (button) (small blind) collected ($11.76)


PokerStars Hand #168029922297:  Hold'em Limit ($3/$6 USD) - 2017/03/24 5:04:50 ET
Table 'Guangdong' 6-max Seat #4 is the button
Seat 1: manly70 ($392.59 in chips)
Seat 4: VolkovDmitri ($127.32 in chips)
VolkovDmitri: posts small blind $1
manly70: posts big blind $3
*** HOLE CARDS ***
VolkovDmitri: raises $3 to $6
manly70: calls $3
*** FLOP *** [Js Tc Qh]
manly70: checks
VolkovDmitri: bets $3
manly70: calls $3
*** TURN *** [Js Tc Qh] [Qd]
manly70: checks
VolkovDmitri: checks
*** RIVER *** [Js Tc Qh Qd] [5h]
manly70: checks
VolkovDmitri: checks
*** SHOW DOWN ***
manly70: shows [6c Kd] (a pair of Queens)
VolkovDmitri: shows [5s As] (two pair, Queens and Fives)
VolkovDmitri collected $17.64 from pot
*** SUMMARY ***
Total pot $18 | Rake $0.36
Board [Js Tc Qh Qd 5h]
Seat 1: manly70 (big blind) showed [6c Kd] and lost with a pair of Queens
Seat 4: VolkovDmitri (button) (small blind) showed [5s As] and won ($17.64) with two pair, Queens and Fives


PokerStars Hand #168029935953:  Hold'em Limit ($3/$6 USD) - 2017/03/24 5:05:29 ET
Table 'Guangdong' 6-max Seat #4 is the button
Seat 1: manly70 ($386.59 in chips)
Seat 4: VolkovDmitri ($132.96 in chips)
VolkovDmitri: posts small blind $1
manly70: posts big blind $3
*** HOLE CARDS ***
VolkovDmitri: raises $3 to $6
manly70: folds
Uncalled bet ($3) returned to VolkovDmitri
VolkovDmitri collected $6 from pot
VolkovDmitri: doesn't show hand
*** SUMMARY ***
Total pot $6 | Rake $0
Seat 1: manly70 (big blind) folded before Flop
Seat 4: VolkovDmitri (button) (small blind) collected ($6)


PokerStars Hand #168029932633:  Hold'em Limit ($3/$6 USD) - 2017/03/24 5:05:19 ET
Table 'Guangdong' 6-max Seat #1 is the button
Seat 1: manly70 ($383.59 in chips)
Seat 4: VolkovDmitri ($135.96 in chips)
manly70: posts small blind $1
VolkovDmitri: posts big blind $3
*** HOLE CARDS ***
manly70: raises $3 to $6
VolkovDmitri: folds
Uncalled bet ($3) returned to manly70
manly70 collected $6 from pot
*** SUMMARY ***
Total pot $6 | Rake $0
Seat 1: manly70 (button) (small blind) collected ($6)
Seat 4: VolkovDmitri (big blind) folded before Flop


PokerStars Hand #168029939700:  Hold'em Limit ($3/$6 USD) - 2017/03/24 5:05:40 ET
Table 'Guangdong' 6-max Seat #1 is the button
Seat 1: manly70 ($383.59 in chips)
Seat 4: VolkovDmitri ($135.96 in chips)
manly70: posts small blind $1
VolkovDmitri: posts big blind $3
*** HOLE CARDS ***
manly70: raises $3 to $6
VolkovDmitri: calls $3
*** FLOP *** [9s Qs 3c]
VolkovDmitri: bets $3
manly70: calls $3
*** TURN *** [9s Qs 3c] [5s]
VolkovDmitri: bets $6
manly70: calls $6
*** RIVER *** [9s Qs 3c 5s] [2s]
VolkovDmitri: checks
manly70: checks
*** SHOW DOWN ***
VolkovDmitri: shows [5d 9c] (two pair, Nines and Fives)
manly70: mucks hand
VolkovDmitri collected $29.50 from pot
*** SUMMARY ***
Total pot $30 | Rake $0.50
Board [9s Qs 3c 5s 2s]
Seat 1: manly70 (button) (small blind) mucked
Seat 4: VolkovDmitri (big blind) showed [5d 9c] and won ($29.50) with two pair, Nines and Fives


PokerStars Hand #168029956679:  Hold'em Limit ($3/$6 USD) - 2017/03/24 5:06:30 ET
Table 'Guangdong' 6-max Seat #4 is the button
Seat 1: manly70 ($368.59 in chips)
Seat 4: VolkovDmitri ($150.46 in chips)
VolkovDmitri: posts small blind $1
manly70: posts big blind $3
*** HOLE CARDS ***
VolkovDmitri: raises $3 to $6
manly70: calls $3
*** FLOP *** [3c Ah 6h]
manly70: checks
VolkovDmitri: bets $3
manly70: folds
Uncalled bet ($3) returned to VolkovDmitri
VolkovDmitri collected $11.76 from pot
VolkovDmitri: doesn't show hand
*** SUMMARY ***
Total pot $12 | Rake $0.24
Board [3c Ah 6h]
Seat 1: manly70 (big blind) folded on the Flop
Seat 4: VolkovDmitri (button) (small blind) collected ($11.76)


PokerStars Hand #168029968458:  Hold'em Limit ($3/$6 USD) - 2017/03/24 5:07:03 ET
Table 'Guangdong' 6-max Seat #1 is the button
Seat 1: manly70 ($362.59 in chips)
Seat 4: VolkovDmitri ($156.22 in chips)
manly70: posts small blind $1
VolkovDmitri: posts big blind $3
*** HOLE CARDS ***
manly70: raises $3 to $6
VolkovDmitri: calls $3
*** FLOP *** [2c 4c 7d]
VolkovDmitri: bets $3
manly70: raises $3 to $6
VolkovDmitri: calls $3
*** TURN *** [2c 4c 7d] [3s]
VolkovDmitri: checks
manly70: bets $6
VolkovDmitri: calls $6
*** RIVER *** [2c 4c 7d 3s] [8c]
VolkovDmitri: checks
manly70: bets $6
VolkovDmitri: calls $6
*** SHOW DOWN ***
manly70: shows [8s 8h] (three of a kind, Eights)
VolkovDmitri: mucks hand
manly70 collected $47.50 from pot
*** SUMMARY ***
Total pot $48 | Rake $0.50
Board [2c 4c 7d 3s 8c]
Seat 1: manly70 (button) (small blind) showed [8s 8h] and won ($47.50) with three of a kind, Eights
Seat 4: VolkovDmitri (big blind) mucked


PokerStars Hand #168029995899:  Hold'em Limit ($3/$6 USD) - 2017/03/24 5:08:24 ET
Table 'Guangdong' 6-max Seat #4 is the button
Seat 1: manly70 ($386.09 in chips)
Seat 4: VolkovDmitri ($132.22 in chips)
VolkovDmitri: posts small blind $1
manly70: posts big blind $3
*** HOLE CARDS ***
VolkovDmitri: raises $3 to $6
manly70: calls $3
*** FLOP *** [3d 4d 8s]
manly70: checks
VolkovDmitri: bets $3
manly70: calls $3
*** TURN *** [3d 4d 8s] [Jd]
manly70: checks
VolkovDmitri: checks
*** RIVER *** [3d 4d 8s Jd] [2h]
manly70: checks
VolkovDmitri: checks
*** SHOW DOWN ***
manly70: shows [Kh 9c] (high card King)
VolkovDmitri: mucks hand
manly70 collected $17.64 from pot
*** SUMMARY ***
Total pot $18 | Rake $0.36
Board [3d 4d 8s Jd 2h]
Seat 1: manly70 (big blind) showed [Kh 9c] and won ($17.64) with high card King
Seat 4: VolkovDmitri (button) (small blind) mucked


PokerStars Hand #168030010841:  Hold'em Limit ($3/$6 USD) - 2017/03/24 5:09:07 ET
Table 'Guangdong' 6-max Seat #1 is the button
Seat 1: manly70 ($394.73 in chips)
Seat 4: VolkovDmitri ($123.22 in chips)
manly70: posts small blind $1
VolkovDmitri: posts big blind $3
*** HOLE CARDS ***
manly70: raises $3 to $6
VolkovDmitri: calls $3
*** FLOP *** [Kh 5c 5s]
VolkovDmitri: checks
manly70: checks
*** TURN *** [Kh 5c 5s] [As]
VolkovDmitri: checks
manly70: bets $6
VolkovDmitri: calls $6
*** RIVER *** [Kh 5c 5s As] [Ts]
VolkovDmitri: checks
manly70: bets $6
VolkovDmitri: calls $6
*** SHOW DOWN ***
manly70: shows [Jd Ad] (two pair, Aces and Fives)
VolkovDmitri: mucks hand
manly70 collected $35.50 from pot
*** SUMMARY ***
Total pot $36 | Rake $0.50
Board [Kh 5c 5s As Ts]
Seat 1: manly70 (button) (small blind) showed [Jd Ad] and won ($35.50) with two pair, Aces and Fives
Seat 4: VolkovDmitri (big blind) mucked


PokerStars Hand #168030026870:  Hold'em Limit ($3/$6 USD) - 2017/03/24 5:09:53 ET
Table 'Guangdong' 6-max Seat #4 is the button
Seat 1: manly70 ($412.23 in chips)
Seat 4: VolkovDmitri ($120 in chips)
VolkovDmitri: posts small blind $1
manly70: posts big blind $3
*** HOLE CARDS ***
VolkovDmitri: raises $3 to $6
manly70: calls $3
*** FLOP *** [3h Kc 5c]
manly70: checks
VolkovDmitri: bets $3
manly70: raises $3 to $6
VolkovDmitri: calls $3
*** TURN *** [3h Kc 5c] [3d]
manly70: bets $6
VolkovDmitri: folds
Uncalled bet ($6) returned to manly70
manly70 collected $23.52 from pot
*** SUMMARY ***
Total pot $24 | Rake $0.48
Board [3h Kc 5c 3d]
Seat 1: manly70 (big blind) collected ($23.52)
Seat 4: VolkovDmitri (button) (small blind) folded on the Turn


PokerStars Hand #168030041153:  Hold'em Limit ($3/$6 USD) - 2017/03/24 5:10:34 ET
Table 'Guangdong' 6-max Seat #1 is the button
Seat 1: manly70 ($423.75 in chips)
Seat 4: VolkovDmitri ($120 in chips)
manly70: posts small blind $1
VolkovDmitri: posts big blind $3
*** HOLE CARDS ***
manly70: calls $2
VolkovDmitri: checks
*** FLOP *** [7s 9h Ts]
VolkovDmitri: checks
manly70: bets $3
VolkovDmitri: calls $3
*** TURN *** [7s 9h Ts] [3h]
VolkovDmitri: checks
manly70: checks
*** RIVER *** [7s 9h Ts 3h] [Js]
VolkovDmitri: checks
manly70: bets $6
VolkovDmitri: calls $6
*** SHOW DOWN ***
manly70: shows [7d 8c] (a straight, Seven to Jack)
VolkovDmitri: shows [2d 8s] (a straight, Seven to Jack)
VolkovDmitri collected $11.76 from pot
manly70 collected $11.76 from pot
*** SUMMARY ***
Total pot $24 | Rake $0.48
Board [7s 9h Ts 3h Js]
Seat 1: manly70 (button) (small blind) showed [7d 8c] and won ($11.76) with a straight, Seven to Jack
Seat 4: VolkovDmitri (big blind) showed [2d 8s] and won ($11.76) with a straight, Seven to Jack


PokerStars Hand #168030093456:  Hold'em Limit ($3/$6 USD) - 2017/03/24 5:13:05 ET
Table 'Guangdong' 6-max Seat #1 is the button
Seat 1: manly70 ($432.15 in chips)
Seat 4: VolkovDmitri ($120 in chips)
manly70: posts small blind $1
VolkovDmitri: posts big blind $3
*** HOLE CARDS ***
manly70: raises $3 to $6
VolkovDmitri: raises $3 to $9
manly70: calls $3
*** FLOP *** [8s 6d Ks]
VolkovDmitri: bets $3
manly70: calls $3
*** TURN *** [8s 6d Ks] [7s]
VolkovDmitri: bets $6
manly70: folds
Uncalled bet ($6) returned to VolkovDmitri
VolkovDmitri collected $23.52 from pot
*** SUMMARY ***
Total pot $24 | Rake $0.48
Board [8s 6d Ks 7s]
Seat 1: manly70 (button) (small blind) folded on the Turn
Seat 4: VolkovDmitri (big blind) collected ($23.52)


PokerStars Hand #168030075167:  Hold'em Limit ($3/$6 USD) - 2017/03/24 5:12:12 ET
Table 'Guangdong' 6-max Seat #4 is the button
Seat 1: manly70 ($423.51 in chips)
Seat 4: VolkovDmitri ($120 in chips)
VolkovDmitri: posts small blind $1
manly70: posts big blind $3
*** HOLE CARDS ***
VolkovDmitri: raises $3 to $6
manly70: calls $3
*** FLOP *** [Th 3c Kh]
manly70: checks
VolkovDmitri: bets $3
manly70: raises $3 to $6
VolkovDmitri: folds
Uncalled bet ($3) returned to manly70
manly70 collected $17.64 from pot
*** SUMMARY ***
Total pot $18 | Rake $0.36
Board [Th 3c Kh]
Seat 1: manly70 (big blind) collected ($17.64)
Seat 4: VolkovDmitri (button) (small blind) folded on the Flop


PokerStars Hand #168030121129:  Hold'em Limit ($3/$6 USD) - 2017/03/24 5:14:25 ET
Table 'Guangdong' 6-max Seat #4 is the button
Seat 1: manly70 ($408.15 in chips)
Seat 4: VolkovDmitri ($143.16 in chips)
VolkovDmitri: posts small blind $1
manly70: posts big blind $3
*** HOLE CARDS ***
VolkovDmitri: raises $3 to $6
manly70: calls $3
*** FLOP *** [Qs 6h Jh]
manly70: checks
VolkovDmitri: bets $3
manly70: folds
Uncalled bet ($3) returned to VolkovDmitri
VolkovDmitri collected $11.76 from pot
VolkovDmitri: doesn't show hand
*** SUMMARY ***
Total pot $12 | Rake $0.24
Board [Qs 6h Jh]
Seat 1: manly70 (big blind) folded on the Flop
Seat 4: VolkovDmitri (button) (small blind) collected ($11.76)


PokerStars Hand #168030110021:  Hold'em Limit ($3/$6 USD) - 2017/03/24 5:13:53 ET
Table 'Guangdong' 6-max Seat #1 is the button
Seat 1: manly70 ($417.15 in chips)
Seat 4: VolkovDmitri ($134.52 in chips)
manly70: posts small blind $1
VolkovDmitri: posts big blind $3
*** HOLE CARDS ***
manly70: calls $2
VolkovDmitri: raises $3 to $6
manly70: calls $3
*** FLOP *** [Kd Qd Jh]
VolkovDmitri: checks
manly70: bets $3
VolkovDmitri: calls $3
*** TURN *** [Kd Qd Jh] [Th]
VolkovDmitri: bets $6
manly70: folds
Uncalled bet ($6) returned to VolkovDmitri
VolkovDmitri collected $17.64 from pot
VolkovDmitri: doesn't show hand
*** SUMMARY ***
Total pot $18 | Rake $0.36
Board [Kd Qd Jh Th]
Seat 1: manly70 (button) (small blind) folded on the Turn
Seat 4: VolkovDmitri (big blind) collected ($17.64)


PokerStars Hand #168030105731:  Hold'em Limit ($3/$6 USD) - 2017/03/24 5:13:41 ET
Table 'Guangdong' 6-max Seat #4 is the button
Seat 1: manly70 ($420.15 in chips)
Seat 4: VolkovDmitri ($131.52 in chips)
VolkovDmitri: posts small blind $1
manly70: posts big blind $3
*** HOLE CARDS ***
VolkovDmitri: raises $3 to $6
manly70: folds
Uncalled bet ($3) returned to VolkovDmitri
VolkovDmitri collected $6 from pot
VolkovDmitri: doesn't show hand
*** SUMMARY ***
Total pot $6 | Rake $0
Seat 1: manly70 (big blind) folded before Flop
Seat 4: VolkovDmitri (button) (small blind) collected ($6)


PokerStars Hand #168030133570:  Hold'em Limit ($3/$6 USD) - 2017/03/24 5:15:01 ET
Table 'Guangdong' 6-max Seat #4 is the button
Seat 1: manly70 ($405.03 in chips)
Seat 4: VolkovDmitri ($145.92 in chips)
VolkovDmitri: posts small blind $1
manly70: posts big blind $3
*** HOLE CARDS ***
VolkovDmitri: raises $3 to $6
manly70: calls $3
*** FLOP *** [3d 2h 5c]
manly70: checks
VolkovDmitri: bets $3
manly70: calls $3
*** TURN *** [3d 2h 5c] [8h]
manly70: checks
VolkovDmitri: bets $6
manly70: calls $6
*** RIVER *** [3d 2h 5c 8h] [6c]
manly70: checks
VolkovDmitri: bets $6
manly70: calls $6
*** SHOW DOWN ***
VolkovDmitri: shows [4h 6s] (a straight, Deuce to Six)
manly70: mucks hand
VolkovDmitri collected $41.50 from pot
*** SUMMARY ***
Total pot $42 | Rake $0.50
Board [3d 2h 5c 8h 6c]
Seat 1: manly70 (big blind) mucked
Seat 4: VolkovDmitri (button) (small blind) showed [4h 6s] and won ($41.50) with a straight, Deuce to Six


PokerStars Hand #168030126851:  Hold'em Limit ($3/$6 USD) - 2017/03/24 5:14:42 ET
Table 'Guangdong' 6-max Seat #1 is the button
Seat 1: manly70 ($402.15 in chips)
Seat 4: VolkovDmitri ($148.92 in chips)
manly70: posts small blind $1
VolkovDmitri: posts big blind $3
*** HOLE CARDS ***
manly70: calls $2
VolkovDmitri: checks
*** FLOP *** [Qc Kc Ah]
VolkovDmitri: checks
manly70: bets $3
VolkovDmitri: folds
Uncalled bet ($3) returned to manly70
manly70 collected $5.88 from pot
*** SUMMARY ***
Total pot $6 | Rake $0.12
Board [Qc Kc Ah]
Seat 1: manly70 (button) (small blind) collected ($5.88)
Seat 4: VolkovDmitri (big blind) folded on the Flop


PokerStars Hand #168030146343:  Hold'em Limit ($3/$6 USD) - 2017/03/24 5:15:38 ET
Table 'Guangdong' 6-max Seat #1 is the button
Seat 1: manly70 ($384.03 in chips)
Seat 4: VolkovDmitri ($166.42 in chips)
manly70: posts small blind $1
VolkovDmitri: posts big blind $3
*** HOLE CARDS ***
manly70: raises $3 to $6
VolkovDmitri: folds
Uncalled bet ($3) returned to manly70
manly70 collected $6 from pot
*** SUMMARY ***
Total pot $6 | Rake $0
Seat 1: manly70 (button) (small blind) collected ($6)
Seat 4: VolkovDmitri (big blind) folded before Flop


PokerStars Hand #168030182313:  Hold'em Limit ($3/$6 USD) - 2017/03/24 5:17:21 ET
Table 'Guangdong' 6-max Seat #4 is the button
Seat 1: manly70 ($398.53 in chips)
Seat 4: VolkovDmitri ($151.06 in chips)
VolkovDmitri: posts small blind $1
manly70: posts big blind $3
*** HOLE CARDS ***
VolkovDmitri: raises $3 to $6
manly70: calls $3
*** FLOP *** [2c As 7c]
manly70: checks
VolkovDmitri: bets $3
manly70: folds
Uncalled bet ($3) returned to VolkovDmitri
VolkovDmitri collected $11.76 from pot
VolkovDmitri: doesn't show hand
*** SUMMARY ***
Total pot $12 | Rake $0.24
Board [2c As 7c]
Seat 1: manly70 (big blind) folded on the Flop
Seat 4: VolkovDmitri (button) (small blind) collected ($11.76)


PokerStars Hand #168030188426:  Hold'em Limit ($3/$6 USD) - 2017/03/24 5:17:39 ET
Table 'Guangdong' 6-max Seat #1 is the button
Seat 1: manly70 ($392.53 in chips)
Seat 4: VolkovDmitri ($156.82 in chips)
manly70: posts small blind $1
VolkovDmitri: posts big blind $3
*** HOLE CARDS ***
manly70: folds
Uncalled bet ($2) returned to VolkovDmitri
VolkovDmitri collected $2 from pot
VolkovDmitri: doesn't show hand
*** SUMMARY ***
Total pot $2 | Rake $0
Seat 1: manly70 (button) (small blind) folded before Flop
Seat 4: VolkovDmitri (big blind) collected ($2)


PokerStars Hand #168030202563:  Hold'em Limit ($3/$6 USD) - 2017/03/24 5:18:19 ET
Table 'Guangdong' 6-max Seat #1 is the button
Seat 1: manly70 ($400.17 in chips)
Seat 4: VolkovDmitri ($148.82 in chips)
manly70: posts small blind $1
VolkovDmitri: posts big blind $3
*** HOLE CARDS ***
manly70: raises $3 to $6
VolkovDmitri: raises $3 to $9
manly70: calls $3
*** FLOP *** [8d Qc As]
VolkovDmitri: bets $3
manly70: calls $3
*** TURN *** [8d Qc As] [7s]
VolkovDmitri: bets $6
manly70: folds
Uncalled bet ($6) returned to VolkovDmitri
VolkovDmitri collected $23.52 from pot
VolkovDmitri: doesn't show hand
*** SUMMARY ***
Total pot $24 | Rake $0.48
Board [8d Qc As 7s]
Seat 1: manly70 (button) (small blind) folded on the Turn
Seat 4: VolkovDmitri (big blind) collected ($23.52)


PokerStars Hand #168030231515:  Hold'em Limit ($3/$6 USD) - 2017/03/24 5:19:40 ET
Table 'Guangdong' 6-max Seat #4 is the button
Seat 1: manly70 ($372.17 in chips)
Seat 4: VolkovDmitri ($175.84 in chips)
VolkovDmitri: posts small blind $1
manly70: posts big blind $3
*** HOLE CARDS ***
VolkovDmitri: raises $3 to $6
manly70: folds
Uncalled bet ($3) returned to VolkovDmitri
VolkovDmitri collected $6 from pot
VolkovDmitri: doesn't show hand
*** SUMMARY ***
Total pot $6 | Rake $0
Seat 1: manly70 (big blind) folded before Flop
Seat 4: VolkovDmitri (button) (small blind) collected ($6)


PokerStars Hand #168030229441:  Hold'em Limit ($3/$6 USD) - 2017/03/24 5:19:34 ET
Table 'Guangdong' 6-max Seat #1 is the button
Seat 1: manly70 ($373.17 in chips)
Seat 4: VolkovDmitri ($174.84 in chips)
manly70: posts small blind $1
VolkovDmitri: posts big blind $3
*** HOLE CARDS ***
manly70: folds
Uncalled bet ($2) returned to VolkovDmitri
VolkovDmitri collected $2 from pot
VolkovDmitri: doesn't show hand
*** SUMMARY ***
Total pot $2 | Rake $0
Seat 1: manly70 (button) (small blind) folded before Flop
Seat 4: VolkovDmitri (big blind) collected ($2)


PokerStars Hand #168030213871:  Hold'em Limit ($3/$6 USD) - 2017/03/24 5:18:51 ET
Table 'Guangdong' 6-max Seat #4 is the button
Seat 1: manly70 ($388.17 in chips)
Seat 4: VolkovDmitri ($160.34 in chips)
VolkovDmitri: posts small blind $1
manly70: posts big blind $3
*** HOLE CARDS ***
VolkovDmitri: raises $3 to $6
manly70: calls $3
*** FLOP *** [9h Js 7d]
manly70: checks
VolkovDmitri: bets $3
manly70: calls $3
*** TURN *** [9h Js 7d] [Jc]
manly70: checks
VolkovDmitri: bets $6
manly70: calls $6
*** RIVER *** [9h Js 7d Jc] [Th]
manly70: checks
VolkovDmitri: bets $6
manly70: folds
Uncalled bet ($6) returned to VolkovDmitri
VolkovDmitri collected $29.50 from pot
VolkovDmitri: doesn't show hand
*** SUMMARY ***
Total pot $30 | Rake $0.50
Board [9h Js 7d Jc Th]
Seat 1: manly70 (big blind) folded on the River
Seat 4: VolkovDmitri (button) (small blind) collected ($29.50)


PokerStars Hand #168030235209:  Hold'em Limit ($3/$6 USD) - 2017/03/24 5:19:51 ET
Table 'Guangdong' 6-max Seat #1 is the button
Seat 1: manly70 ($369.17 in chips)
Seat 4: VolkovDmitri ($178.84 in chips)
manly70: posts small blind $1
VolkovDmitri: posts big blind $3
*** HOLE CARDS ***
manly70: raises $3 to $6
VolkovDmitri: calls $3
*** FLOP *** [5s Tc 7d]
VolkovDmitri: bets $3
manly70: raises $3 to $6
VolkovDmitri: calls $3
*** TURN *** [5s Tc 7d] [9s]
VolkovDmitri: checks
manly70: bets $6
VolkovDmitri: calls $6
*** RIVER *** [5s Tc 7d 9s] [3s]
VolkovDmitri: checks
manly70: bets $6
VolkovDmitri: folds
Uncalled bet ($6) returned to manly70
manly70 collected $35.50 from pot
*** SUMMARY ***
Total pot $36 | Rake $0.50
Board [5s Tc 7d 9s 3s]
Seat 1: manly70 (button) (small blind) collected ($35.50)
Seat 4: VolkovDmitri (big blind) folded on the River


PokerStars Hand #168030255578:  Hold'em Limit ($3/$6 USD) - 2017/03/24 5:20:49 ET
Table 'Guangdong' 6-max Seat #4 is the button
Seat 1: manly70 ($386.67 in chips)
Seat 4: VolkovDmitri ($160.84 in chips)
VolkovDmitri: posts small blind $1
manly70: posts big blind $3
*** HOLE CARDS ***
VolkovDmitri: raises $3 to $6
manly70: folds
Uncalled bet ($3) returned to VolkovDmitri
VolkovDmitri collected $6 from pot
VolkovDmitri: doesn't show hand
*** SUMMARY ***
Total pot $6 | Rake $0
Seat 1: manly70 (big blind) folded before Flop
Seat 4: VolkovDmitri (button) (small blind) collected ($6)


PokerStars Hand #168030258756:  Hold'em Limit ($3/$6 USD) - 2017/03/24 5:20:58 ET
Table 'Guangdong' 6-max Seat #1 is the button
Seat 1: manly70 ($383.67 in chips)
Seat 4: VolkovDmitri ($163.84 in chips)
manly70: posts small blind $1
VolkovDmitri: posts big blind $3
*** HOLE CARDS ***
manly70: raises $3 to $6
VolkovDmitri: raises $3 to $9
manly70: calls $3
*** FLOP *** [3d 5d 2c]
VolkovDmitri: bets $3
manly70: calls $3
*** TURN *** [3d 5d 2c] [Jc]
VolkovDmitri: bets $6
manly70: raises $6 to $12
VolkovDmitri: calls $6
*** RIVER *** [3d 5d 2c Jc] [6h]
VolkovDmitri: checks
manly70: bets $6
VolkovDmitri: folds
Uncalled bet ($6) returned to manly70
manly70 collected $47.50 from pot
*** SUMMARY ***
Total pot $48 | Rake $0.50
Board [3d 5d 2c Jc 6h]
Seat 1: manly70 (button) (small blind) collected ($47.50)
Seat 4: VolkovDmitri (big blind) folded on the River


PokerStars Hand #168030292578:  Hold'em Limit ($3/$6 USD) - 2017/03/24 5:22:34 ET
Table 'Guangdong' 6-max Seat #1 is the button
Seat 1: manly70 ($380.17 in chips)
Seat 4: VolkovDmitri ($166.34 in chips)
manly70: posts small blind $1
VolkovDmitri: posts big blind $3
*** HOLE CARDS ***
manly70: folds
Uncalled bet ($2) returned to VolkovDmitri
VolkovDmitri collected $2 from pot
VolkovDmitri: doesn't show hand
*** SUMMARY ***
Total pot $2 | Rake $0
Seat 1: manly70 (button) (small blind) folded before Flop
Seat 4: VolkovDmitri (big blind) collected ($2)


PokerStars Hand #168030271846:  Hold'em Limit ($3/$6 USD) - 2017/03/24 5:21:35 ET
Table 'Guangdong' 6-max Seat #4 is the button
Seat 1: manly70 ($407.17 in chips)
Seat 4: VolkovDmitri ($139.84 in chips)
VolkovDmitri: posts small blind $1
manly70: posts big blind $3
*** HOLE CARDS ***
VolkovDmitri: raises $3 to $6
manly70: calls $3
*** FLOP *** [6c 7c Td]
manly70: checks
VolkovDmitri: bets $3
manly70: raises $3 to $6
VolkovDmitri: raises $3 to $9
manly70: calls $3
*** TURN *** [6c 7c Td] [2s]
manly70: checks
VolkovDmitri: bets $6
manly70: calls $6
*** RIVER *** [6c 7c Td 2s] [3d]
manly70: checks
VolkovDmitri: bets $6
manly70: calls $6
*** SHOW DOWN ***
VolkovDmitri: shows [8c Tc] (a pair of Tens)
manly70: mucks hand
VolkovDmitri collected $53.50 from pot
*** SUMMARY ***
Total pot $54 | Rake $0.50
Board [6c 7c Td 2s 3d]
Seat 1: manly70 (big blind) mucked
Seat 4: VolkovDmitri (button) (small blind) showed [8c Tc] and won ($53.50) with a pair of Tens


PokerStars Hand #168030294845:  Hold'em Limit ($3/$6 USD) - 2017/03/24 5:22:40 ET
Table 'Guangdong' 6-max Seat #4 is the button
Seat 1: manly70 ($379.17 in chips)
Seat 4: VolkovDmitri ($167.34 in chips)
VolkovDmitri: posts small blind $1
manly70: posts big blind $3
*** HOLE CARDS ***
VolkovDmitri: raises $3 to $6
manly70: folds
Uncalled bet ($3) returned to VolkovDmitri
VolkovDmitri collected $6 from pot
VolkovDmitri: doesn't show hand
*** SUMMARY ***
Total pot $6 | Rake $0
Seat 1: manly70 (big blind) folded before Flop
Seat 4: VolkovDmitri (button) (small blind) collected ($6)


PokerStars Hand #168030298573:  Hold'em Limit ($3/$6 USD) - 2017/03/24 5:22:51 ET
Table 'Guangdong' 6-max Seat #1 is the button
Seat 1: manly70 ($376.17 in chips)
Seat 4: VolkovDmitri ($170.34 in chips)
manly70: posts small blind $1
VolkovDmitri: posts big blind $3
*** HOLE CARDS ***
manly70: calls $2
VolkovDmitri: raises $3 to $6
manly70: calls $3
*** FLOP *** [8d 2s 5c]
VolkovDmitri: bets $3
manly70: raises $3 to $6
VolkovDmitri: calls $3
*** TURN *** [8d 2s 5c] [5d]
VolkovDmitri: checks
manly70: bets $6
VolkovDmitri: folds
Uncalled bet ($6) returned to manly70
manly70 collected $23.52 from pot
*** SUMMARY ***
Total pot $24 | Rake $0.48
Board [8d 2s 5c 5d]
Seat 1: manly70 (button) (small blind) collected ($23.52)
Seat 4: VolkovDmitri (big blind) folded on the Turn


PokerStars Hand #168030326499:  Hold'em Limit ($3/$6 USD) - 2017/03/24 5:24:09 ET
Table 'Guangdong' 6-max Seat #4 is the button
Seat 1: manly70 ($398.21 in chips)
Seat 4: VolkovDmitri ($147.34 in chips)
VolkovDmitri: posts small blind $1
manly70: posts big blind $3
*** HOLE CARDS ***
VolkovDmitri: raises $3 to $6
manly70: calls $3
*** FLOP *** [Kd 4h Th]
manly70: checks
VolkovDmitri: checks
*** TURN *** [Kd 4h Th] [2s]
manly70: bets $6
VolkovDmitri: calls $6
*** RIVER *** [Kd 4h Th 2s] [8h]
manly70: bets $6
VolkovDmitri: calls $6
*** SHOW DOWN ***
manly70: shows [4s 3s] (a pair of Fours)
VolkovDmitri: shows [5h Tc] (a pair of Tens)
VolkovDmitri collected $35.50 from pot
*** SUMMARY ***
Total pot $36 | Rake $0.50
Board [Kd 4h Th 2s 8h]
Seat 1: manly70 (big blind) showed [4s 3s] and lost with a pair of Fours
Seat 4: VolkovDmitri (button) (small blind) showed [5h Tc] and won ($35.50) with a pair of Tens


PokerStars Hand #168030324059:  Hold'em Limit ($3/$6 USD) - 2017/03/24 5:24:02 ET
Table 'Guangdong' 6-max Seat #1 is the button
Seat 1: manly70 ($399.21 in chips)
Seat 4: VolkovDmitri ($146.34 in chips)
manly70: posts small blind $1
VolkovDmitri: posts big blind $3
*** HOLE CARDS ***
manly70: folds
Uncalled bet ($2) returned to VolkovDmitri
VolkovDmitri collected $2 from pot
VolkovDmitri: doesn't show hand
*** SUMMARY ***
Total pot $2 | Rake $0
Seat 1: manly70 (button) (small blind) folded before Flop
Seat 4: VolkovDmitri (big blind) collected ($2)


PokerStars Hand #168030357505:  Hold'em Limit ($3/$6 USD) - 2017/03/24 5:25:35 ET
Table 'Guangdong' 6-max Seat #1 is the button
Seat 1: manly70 ($379.97 in chips)
Seat 4: VolkovDmitri ($164.60 in chips)
manly70: posts small blind $1
VolkovDmitri: posts big blind $3
*** HOLE CARDS ***
manly70: folds
Uncalled bet ($2) returned to VolkovDmitri
VolkovDmitri collected $2 from pot
VolkovDmitri: doesn't show hand
*** SUMMARY ***
Total pot $2 | Rake $0
Seat 1: manly70 (button) (small blind) folded before Flop
Seat 4: VolkovDmitri (big blind) collected ($2)


PokerStars Hand #168030348459:  Hold'em Limit ($3/$6 USD) - 2017/03/24 5:25:10 ET
Table 'Guangdong' 6-max Seat #4 is the button
Seat 1: manly70 ($374.21 in chips)
Seat 4: VolkovDmitri ($170.60 in chips)
VolkovDmitri: posts small blind $1
manly70: posts big blind $3
*** HOLE CARDS ***
VolkovDmitri: raises $3 to $6
manly70: calls $3
*** FLOP *** [2d 4c 3c]
manly70: checks
VolkovDmitri: checks
*** TURN *** [2d 4c 3c] [8s]
manly70: bets $6
VolkovDmitri: folds
Uncalled bet ($6) returned to manly70
manly70 collected $11.76 from pot
*** SUMMARY ***
Total pot $12 | Rake $0.24
Board [2d 4c 3c 8s]
Seat 1: manly70 (big blind) collected ($11.76)
Seat 4: VolkovDmitri (button) (small blind) folded on the Turn


PokerStars Hand #168030339118:  Hold'em Limit ($3/$6 USD) - 2017/03/24 5:24:44 ET
Table 'Guangdong' 6-max Seat #1 is the button
Seat 1: manly70 ($380.21 in chips)
Seat 4: VolkovDmitri ($164.84 in chips)
manly70: posts small blind $1
VolkovDmitri: posts big blind $3
*** HOLE CARDS ***
manly70: raises $3 to $6
VolkovDmitri: calls $3
*** FLOP *** [8d 9s 6h]
VolkovDmitri: bets $3
manly70: folds
Uncalled bet ($3) returned to VolkovDmitri
VolkovDmitri collected $11.76 from pot
VolkovDmitri: doesn't show hand
*** SUMMARY ***
Total pot $12 | Rake $0.24
Board [8d 9s 6h]
Seat 1: manly70 (button) (small blind) folded on the Flop
Seat 4: VolkovDmitri (big blind) collected ($11.76)


PokerStars Hand #168030361137:  Hold'em Limit ($3/$6 USD) - 2017/03/24 5:25:45 ET
Table 'Guangdong' 6-max Seat #4 is the button
Seat 1: manly70 ($378.97 in chips)
Seat 4: VolkovDmitri ($165.60 in chips)
VolkovDmitri: posts small blind $1
manly70: posts big blind $3
*** HOLE CARDS ***
VolkovDmitri: raises $3 to $6
manly70: folds
Uncalled bet ($3) returned to VolkovDmitri
VolkovDmitri collected $6 from pot
VolkovDmitri: doesn't show hand
*** SUMMARY ***
Total pot $6 | Rake $0
Seat 1: manly70 (big blind) folded before Flop
Seat 4: VolkovDmitri (button) (small blind) collected ($6)


PokerStars Hand #168030364243:  Hold'em Limit ($3/$6 USD) - 2017/03/24 5:25:54 ET
Table 'Guangdong' 6-max Seat #1 is the button
Seat 1: manly70 ($375.97 in chips)
Seat 4: VolkovDmitri ($168.60 in chips)
manly70: posts small blind $1
VolkovDmitri: posts big blind $3
*** HOLE CARDS ***
manly70: raises $3 to $6
VolkovDmitri: calls $3
*** FLOP *** [Qh 9h 5c]
VolkovDmitri: checks
manly70: checks
*** TURN *** [Qh 9h 5c] [4s]
VolkovDmitri: bets $6
manly70: folds
Uncalled bet ($6) returned to VolkovDmitri
VolkovDmitri collected $11.76 from pot
VolkovDmitri: doesn't show hand
*** SUMMARY ***
Total pot $12 | Rake $0.24
Board [Qh 9h 5c 4s]
Seat 1: manly70 (button) (small blind) folded on the Turn
Seat 4: VolkovDmitri (big blind) collected ($11.76)


PokerStars Hand #168030389476:  Hold'em Limit ($3/$6 USD) - 2017/03/24 5:27:04 ET
Table 'Guangdong' 6-max Seat #1 is the button
Seat 1: manly70 ($360.97 in chips)
Seat 4: VolkovDmitri ($183 in chips)
manly70: posts small blind $1
VolkovDmitri: posts big blind $3
*** HOLE CARDS ***
manly70: raises $3 to $6
VolkovDmitri: raises $3 to $9
manly70: calls $3
*** FLOP *** [Kd 8c 5s]
VolkovDmitri: bets $3
manly70: folds
Uncalled bet ($3) returned to VolkovDmitri
VolkovDmitri collected $17.64 from pot
VolkovDmitri: doesn't show hand
*** SUMMARY ***
Total pot $18 | Rake $0.36
Board [Kd 8c 5s]
Seat 1: manly70 (button) (small blind) folded on the Flop
Seat 4: VolkovDmitri (big blind) collected ($17.64)


PokerStars Hand #168030401068:  Hold'em Limit ($3/$6 USD) - 2017/03/24 5:27:37 ET
Table 'Guangdong' 6-max Seat #1 is the button
Seat 1: manly70 ($348.97 in chips)
Seat 4: VolkovDmitri ($194.64 in chips)
manly70: posts small blind $1
VolkovDmitri: posts big blind $3
*** HOLE CARDS ***
manly70: folds
Uncalled bet ($2) returned to VolkovDmitri
VolkovDmitri collected $2 from pot
VolkovDmitri: doesn't show hand
*** SUMMARY ***
Total pot $2 | Rake $0
Seat 1: manly70 (button) (small blind) folded before Flop
Seat 4: VolkovDmitri (big blind) collected ($2)


PokerStars Hand #168030396946:  Hold'em Limit ($3/$6 USD) - 2017/03/24 5:27:25 ET
Table 'Guangdong' 6-max Seat #4 is the button
Seat 1: manly70 ($351.97 in chips)
Seat 4: VolkovDmitri ($191.64 in chips)
VolkovDmitri: posts small blind $1
manly70: posts big blind $3
*** HOLE CARDS ***
VolkovDmitri: raises $3 to $6
manly70: folds
Uncalled bet ($3) returned to VolkovDmitri
VolkovDmitri collected $6 from pot
VolkovDmitri: doesn't show hand
*** SUMMARY ***
Total pot $6 | Rake $0
Seat 1: manly70 (big blind) folded before Flop
Seat 4: VolkovDmitri (button) (small blind) collected ($6)


PokerStars Hand #168030375124:  Hold'em Limit ($3/$6 USD) - 2017/03/24 5:26:24 ET
Table 'Guangdong' 6-max Seat #4 is the button
Seat 1: manly70 ($369.97 in chips)
Seat 4: VolkovDmitri ($174.36 in chips)
VolkovDmitri: posts small blind $1
manly70: posts big blind $3
*** HOLE CARDS ***
VolkovDmitri: raises $3 to $6
manly70: calls $3
*** FLOP *** [4h 8h 7h]
manly70: checks
VolkovDmitri: bets $3
manly70: calls $3
*** TURN *** [4h 8h 7h] [2d]
manly70: checks
VolkovDmitri: bets $6
manly70: folds
Uncalled bet ($6) returned to VolkovDmitri
VolkovDmitri collected $17.64 from pot
VolkovDmitri: doesn't show hand
*** SUMMARY ***
Total pot $18 | Rake $0.36
Board [4h 8h 7h 2d]
Seat 1: manly70 (big blind) folded on the Turn
Seat 4: VolkovDmitri (button) (small blind) collected ($17.64)


PokerStars Hand #168030438607:  Hold'em Limit ($3/$6 USD) - 2017/03/24 5:29:22 ET
Table 'Guangdong' 6-max Seat #1 is the button
Seat 1: manly70 ($349.61 in chips)
Seat 4: VolkovDmitri ($193.40 in chips)
manly70: posts small blind $1
VolkovDmitri: posts big blind $3
*** HOLE CARDS ***
manly70: raises $3 to $6
VolkovDmitri: folds
Uncalled bet ($3) returned to manly70
manly70 collected $6 from pot
*** SUMMARY ***
Total pot $6 | Rake $0
Seat 1: manly70 (button) (small blind) collected ($6)
Seat 4: VolkovDmitri (big blind) folded before Flop


PokerStars Hand #168030427301:  Hold'em Limit ($3/$6 USD) - 2017/03/24 5:28:50 ET
Table 'Guangdong' 6-max Seat #1 is the button
Seat 1: manly70 ($356.61 in chips)
Seat 4: VolkovDmitri ($186.64 in chips)
manly70: posts small blind $1
VolkovDmitri: posts big blind $3
*** HOLE CARDS ***
manly70: folds
Uncalled bet ($2) returned to VolkovDmitri
VolkovDmitri collected $2 from pot
VolkovDmitri: doesn't show hand
*** SUMMARY ***
Total pot $2 | Rake $0
Seat 1: manly70 (button) (small blind) folded before Flop
Seat 4: VolkovDmitri (big blind) collected ($2)


PokerStars Hand #168030403553:  Hold'em Limit ($3/$6 USD) - 2017/03/24 5:27:43 ET
Table 'Guangdong' 6-max Seat #4 is the button
Seat 1: manly70 ($347.97 in chips)
Seat 4: VolkovDmitri ($195.64 in chips)
VolkovDmitri: posts small blind $1
manly70: posts big blind $3
*** HOLE CARDS ***
VolkovDmitri: raises $3 to $6
manly70: calls $3
*** FLOP *** [3c 2h 4s]
manly70: checks
VolkovDmitri: bets $3
manly70: calls $3
*** TURN *** [3c 2h 4s] [7d]
manly70: checks
VolkovDmitri: checks
*** RIVER *** [3c 2h 4s 7d] [8c]
manly70: checks
VolkovDmitri: checks
*** SHOW DOWN ***
manly70: shows [Qs 9c] (high card Queen)
VolkovDmitri: mucks hand
manly70 collected $17.64 from pot
*** SUMMARY ***
Total pot $18 | Rake $0.36
Board [3c 2h 4s 7d 8c]
Seat 1: manly70 (big blind) showed [Qs 9c] and won ($17.64) with high card Queen
Seat 4: VolkovDmitri (button) (small blind) mucked


PokerStars Hand #168030429533:  Hold'em Limit ($3/$6 USD) - 2017/03/24 5:28:56 ET
Table 'Guangdong' 6-max Seat #4 is the button
Seat 1: manly70 ($355.61 in chips)
Seat 4: VolkovDmitri ($187.64 in chips)
VolkovDmitri: posts small blind $1
manly70: posts big blind $3
*** HOLE CARDS ***
VolkovDmitri: raises $3 to $6
manly70: calls $3
*** FLOP *** [4d 3h Jh]
manly70: checks
VolkovDmitri: bets $3
manly70: folds
Uncalled bet ($3) returned to VolkovDmitri
VolkovDmitri collected $11.76 from pot
VolkovDmitri: doesn't show hand
*** SUMMARY ***
Total pot $12 | Rake $0.24
Board [4d 3h Jh]
Seat 1: manly70 (big blind) folded on the Flop
Seat 4: VolkovDmitri (button) (small blind) collected ($11.76)


PokerStars Hand #168030458314:  Hold'em Limit ($3/$6 USD) - 2017/03/24 5:30:16 ET
Table 'Guangdong' 6-max Seat #1 is the button
Seat 1: manly70 ($337.61 in chips)
Seat 4: VolkovDmitri ($204.90 in chips)
manly70: posts small blind $1
VolkovDmitri: posts big blind $3
*** HOLE CARDS ***
manly70: calls $2
VolkovDmitri: checks
*** FLOP *** [9d 4h 3s]
VolkovDmitri: checks
manly70: checks
*** TURN *** [9d 4h 3s] [9h]
VolkovDmitri: bets $6
manly70: folds
Uncalled bet ($6) returned to VolkovDmitri
VolkovDmitri collected $5.88 from pot
*** SUMMARY ***
Total pot $6 | Rake $0.12
Board [9d 4h 3s 9h]
Seat 1: manly70 (button) (small blind) folded on the Turn
Seat 4: VolkovDmitri (big blind) collected ($5.88)


PokerStars Hand #168030442997:  Hold'em Limit ($3/$6 USD) - 2017/03/24 5:29:34 ET
Table 'Guangdong' 6-max Seat #4 is the button
Seat 1: manly70 ($352.61 in chips)
Seat 4: VolkovDmitri ($190.40 in chips)
VolkovDmitri: posts small blind $1
manly70: posts big blind $3
*** HOLE CARDS ***
VolkovDmitri: raises $3 to $6
manly70: calls $3
*** FLOP *** [Kc Ts 7h]
manly70: checks
VolkovDmitri: bets $3
manly70: calls $3
*** TURN *** [Kc Ts 7h] [6d]
manly70: checks
VolkovDmitri: bets $6
manly70: calls $6
*** RIVER *** [Kc Ts 7h 6d] [9h]
manly70: checks
VolkovDmitri: checks
*** SHOW DOWN ***
manly70: shows [5c 5s] (a pair of Fives)
VolkovDmitri: shows [Ac 6h] (a pair of Sixes)
VolkovDmitri collected $29.50 from pot
*** SUMMARY ***
Total pot $30 | Rake $0.50
Board [Kc Ts 7h 6d 9h]
Seat 1: manly70 (big blind) showed [5c 5s] and lost with a pair of Fives
Seat 4: VolkovDmitri (button) (small blind) showed [Ac 6h] and won ($29.50) with a pair of Sixes


PokerStars Hand #168030468258:  Hold'em Limit ($3/$6 USD) - 2017/03/24 5:30:44 ET
Table 'Guangdong' 6-max Seat #4 is the button
Seat 1: manly70 ($334.61 in chips)
Seat 4: VolkovDmitri ($207.78 in chips)
VolkovDmitri: posts small blind $1
manly70: posts big blind $3
*** HOLE CARDS ***
VolkovDmitri: raises $3 to $6
manly70: folds
Uncalled bet ($3) returned to VolkovDmitri
VolkovDmitri collected $6 from pot
VolkovDmitri: doesn't show hand
*** SUMMARY ***
Total pot $6 | Rake $0
Seat 1: manly70 (big blind) folded before Flop
Seat 4: VolkovDmitri (button) (small blind) collected ($6)


PokerStars Hand #168030482356:  Hold'em Limit ($3/$6 USD) - 2017/03/24 5:31:23 ET
Table 'Guangdong' 6-max Seat #4 is the button
Seat 1: manly70 ($352.11 in chips)
Seat 4: VolkovDmitri ($189.78 in chips)
VolkovDmitri: posts small blind $1
manly70: posts big blind $3
*** HOLE CARDS ***
VolkovDmitri: raises $3 to $6
manly70: calls $3
*** FLOP *** [Th 9d 2d]
manly70: checks
VolkovDmitri: bets $3
manly70: raises $3 to $6
VolkovDmitri: calls $3
*** TURN *** [Th 9d 2d] [9s]
manly70: bets $6
VolkovDmitri: calls $6
*** RIVER *** [Th 9d 2d 9s] [As]
manly70: checks
VolkovDmitri: checks
*** SHOW DOWN ***
manly70: shows [5s Td] (two pair, Tens and Nines)
VolkovDmitri: mucks hand
manly70 collected $35.50 from pot
*** SUMMARY ***
Total pot $36 | Rake $0.50
Board [Th 9d 2d 9s As]
Seat 1: manly70 (big blind) showed [5s Td] and won ($35.50) with two pair, Tens and Nines
Seat 4: VolkovDmitri (button) (small blind) mucked


PokerStars Hand #168030493038:  Hold'em Limit ($3/$6 USD) - 2017/03/24 5:31:52 ET
Table 'Guangdong' 6-max Seat #1 is the button
Seat 1: manly70 ($369.61 in chips)
Seat 4: VolkovDmitri ($171.78 in chips)
manly70: posts small blind $1
VolkovDmitri: posts big blind $3
*** HOLE CARDS ***
manly70: raises $3 to $6
VolkovDmitri: raises $3 to $9
manly70: calls $3
*** FLOP *** [6d 5s Qs]
VolkovDmitri: bets $3
manly70: calls $3
*** TURN *** [6d 5s Qs] [Tc]
VolkovDmitri: bets $6
manly70: calls $6
*** RIVER *** [6d 5s Qs Tc] [2c]
VolkovDmitri: checks
manly70: checks
*** SHOW DOWN ***
VolkovDmitri: shows [9h Ad] (high card Ace)
manly70: shows [6c Ah] (a pair of Sixes)
manly70 collected $35.50 from pot
*** SUMMARY ***
Total pot $36 | Rake $0.50
Board [6d 5s Qs Tc 2c]
Seat 1: manly70 (button) (small blind) showed [6c Ah] and won ($35.50) with a pair of Sixes
Seat 4: VolkovDmitri (big blind) showed [9h Ad] and lost with high card Ace


PokerStars Hand #168030503412:  Hold'em Limit ($3/$6 USD) - 2017/03/24 5:32:22 ET
Table 'Guangdong' 6-max Seat #4 is the button
Seat 1: manly70 ($387.11 in chips)
Seat 4: VolkovDmitri ($153.78 in chips)
VolkovDmitri: posts small blind $1
manly70: posts big blind $3
*** HOLE CARDS ***
VolkovDmitri: raises $3 to $6
manly70: calls $3
*** FLOP *** [2s 8d 7h]
manly70: checks
VolkovDmitri: bets $3
manly70: calls $3
*** TURN *** [2s 8d 7h] [Qh]
manly70: checks
VolkovDmitri: checks
*** RIVER *** [2s 8d 7h Qh] [Kd]
manly70: checks
VolkovDmitri: bets $6
manly70: folds
Uncalled bet ($6) returned to VolkovDmitri
VolkovDmitri collected $17.64 from pot
VolkovDmitri: doesn't show hand
*** SUMMARY ***
Total pot $18 | Rake $0.36
Board [2s 8d 7h Qh Kd]
Seat 1: manly70 (big blind) folded on the River
Seat 4: VolkovDmitri (button) (small blind) collected ($17.64)


PokerStars Hand #168030514036:  Hold'em Limit ($3/$6 USD) - 2017/03/24 5:32:51 ET
Table 'Guangdong' 6-max Seat #1 is the button
Seat 1: manly70 ($378.11 in chips)
Seat 4: VolkovDmitri ($162.42 in chips)
manly70: posts small blind $1
VolkovDmitri: posts big blind $3
*** HOLE CARDS ***
manly70: calls $2
VolkovDmitri: checks
*** FLOP *** [4c 2h Kh]
VolkovDmitri: bets $3
manly70: calls $3
*** TURN *** [4c 2h Kh] [Ts]
VolkovDmitri: bets $6
manly70: folds
Uncalled bet ($6) returned to VolkovDmitri
VolkovDmitri collected $11.76 from pot
VolkovDmitri: doesn't show hand
*** SUMMARY ***
Total pot $12 | Rake $0.24
Board [4c 2h Kh Ts]
Seat 1: manly70 (button) (small blind) folded on the Turn
Seat 4: VolkovDmitri (big blind) collected ($11.76)


PokerStars Hand #168030528085:  Hold'em Limit ($3/$6 USD) - 2017/03/24 5:33:31 ET
Table 'Guangdong' 6-max Seat #4 is the button
Seat 1: manly70 ($372.11 in chips)
Seat 4: VolkovDmitri ($168.18 in chips)
VolkovDmitri: posts small blind $1
manly70: posts big blind $3
*** HOLE CARDS ***
VolkovDmitri: raises $3 to $6
manly70: calls $3
*** FLOP *** [9c Ts Qc]
manly70: checks
VolkovDmitri: bets $3
manly70: calls $3
*** TURN *** [9c Ts Qc] [6h]
manly70: checks
VolkovDmitri: checks
*** RIVER *** [9c Ts Qc 6h] [Ah]
manly70: checks
VolkovDmitri: checks
*** SHOW DOWN ***
manly70: shows [Th Jc] (a pair of Tens)
VolkovDmitri: mucks hand
manly70 collected $17.64 from pot
*** SUMMARY ***
Total pot $18 | Rake $0.36
Board [9c Ts Qc 6h Ah]
Seat 1: manly70 (big blind) showed [Th Jc] and won ($17.64) with a pair of Tens
Seat 4: VolkovDmitri (button) (small blind) mucked


PokerStars Hand #168030565061:  Hold'em Limit ($3/$6 USD) - 2017/03/24 5:35:14 ET
Table 'Guangdong' 6-max Seat #1 is the button
Seat 1: manly70 ($386.25 in chips)
Seat 4: VolkovDmitri ($152.82 in chips)
manly70: posts small blind $1
VolkovDmitri: posts big blind $3
*** HOLE CARDS ***
manly70: folds
Uncalled bet ($2) returned to VolkovDmitri
VolkovDmitri collected $2 from pot
VolkovDmitri: doesn't show hand
*** SUMMARY ***
Total pot $2 | Rake $0
Seat 1: manly70 (button) (small blind) folded before Flop
Seat 4: VolkovDmitri (big blind) collected ($2)


PokerStars Hand #168030556746:  Hold'em Limit ($3/$6 USD) - 2017/03/24 5:34:50 ET
Table 'Guangdong' 6-max Seat #4 is the button
Seat 1: manly70 ($395.25 in chips)
Seat 4: VolkovDmitri ($144.18 in chips)
VolkovDmitri: posts small blind $1
manly70: posts big blind $3
*** HOLE CARDS ***
VolkovDmitri: raises $3 to $6
manly70: calls $3
*** FLOP *** [8c 4s 3s]
manly70: checks
VolkovDmitri: bets $3
manly70: calls $3
*** TURN *** [8c 4s 3s] [Td]
manly70: checks
VolkovDmitri: bets $6
manly70: folds
Uncalled bet ($6) returned to VolkovDmitri
VolkovDmitri collected $17.64 from pot
VolkovDmitri: doesn't show hand
*** SUMMARY ***
Total pot $18 | Rake $0.36
Board [8c 4s 3s Td]
Seat 1: manly70 (big blind) folded on the Turn
Seat 4: VolkovDmitri (button) (small blind) collected ($17.64)


PokerStars Hand #168030539816:  Hold'em Limit ($3/$6 USD) - 2017/03/24 5:34:04 ET
Table 'Guangdong' 6-max Seat #1 is the button
Seat 1: manly70 ($380.75 in chips)
Seat 4: VolkovDmitri ($159.18 in chips)
manly70: posts small blind $1
VolkovDmitri: posts big blind $3
*** HOLE CARDS ***
manly70: calls $2
VolkovDmitri: raises $3 to $6
manly70: calls $3
*** FLOP *** [3s 6h 9d]
VolkovDmitri: bets $3
manly70: calls $3
*** TURN *** [3s 6h 9d] [8s]
VolkovDmitri: bets $6
manly70: raises $6 to $12
VolkovDmitri: folds
Uncalled bet ($6) returned to manly70
manly70 collected $29.50 from pot
*** SUMMARY ***
Total pot $30 | Rake $0.50
Board [3s 6h 9d 8s]
Seat 1: manly70 (button) (small blind) collected ($29.50)
Seat 4: VolkovDmitri (big blind) folded on the Turn


PokerStars Hand #168030567318:  Hold'em Limit ($3/$6 USD) - 2017/03/24 5:35:20 ET
Table 'Guangdong' 6-max Seat #4 is the button
Seat 1: manly70 ($385.25 in chips)
Seat 4: VolkovDmitri ($153.82 in chips)
VolkovDmitri: posts small blind $1
manly70: posts big blind $3
*** HOLE CARDS ***
VolkovDmitri: raises $3 to $6
manly70: calls $3
*** FLOP *** [2h 7h Ac]
manly70: checks
VolkovDmitri: bets $3
manly70: calls $3
*** TURN *** [2h 7h Ac] [Qd]
manly70: checks
VolkovDmitri: checks
*** RIVER *** [2h 7h Ac Qd] [Qc]
manly70: checks
VolkovDmitri: checks
*** SHOW DOWN ***
manly70: shows [Tc 8h] (a pair of Queens)
VolkovDmitri: shows [Kh 6d] (a pair of Queens - Ace+King kicker)
VolkovDmitri collected $17.64 from pot
*** SUMMARY ***
Total pot $18 | Rake $0.36
Board [2h 7h Ac Qd Qc]
Seat 1: manly70 (big blind) showed [Tc 8h] and lost with a pair of Queens
Seat 4: VolkovDmitri (button) (small blind) showed [Kh 6d] and won ($17.64) with a pair of Queens


PokerStars Hand #168030600153:  Hold'em Limit ($3/$6 USD) - 2017/03/24 5:36:51 ET
Table 'Guangdong' 6-max Seat #4 is the button
Seat 1: manly70 ($384.89 in chips)
Seat 4: VolkovDmitri ($153.46 in chips)
VolkovDmitri: posts small blind $1
manly70: posts big blind $3
*** HOLE CARDS ***
VolkovDmitri: raises $3 to $6
manly70: folds
Uncalled bet ($3) returned to VolkovDmitri
VolkovDmitri collected $6 from pot
VolkovDmitri: doesn't show hand
*** SUMMARY ***
Total pot $6 | Rake $0
Seat 1: manly70 (big blind) folded before Flop
Seat 4: VolkovDmitri (button) (small blind) collected ($6)


PokerStars Hand #168030589260:  Hold'em Limit ($3/$6 USD) - 2017/03/24 5:36:21 ET
Table 'Guangdong' 6-max Seat #1 is the button
Seat 1: manly70 ($376.25 in chips)
Seat 4: VolkovDmitri ($162.46 in chips)
manly70: posts small blind $1
VolkovDmitri: posts big blind $3
*** HOLE CARDS ***
manly70: calls $2
VolkovDmitri: raises $3 to $6
manly70: calls $3
*** FLOP *** [Ad 3d 8c]
VolkovDmitri: bets $3
manly70: calls $3
*** TURN *** [Ad 3d 8c] [4c]
VolkovDmitri: checks
manly70: bets $6
VolkovDmitri: folds
Uncalled bet ($6) returned to manly70
manly70 collected $17.64 from pot
*** SUMMARY ***
Total pot $18 | Rake $0.36
Board [Ad 3d 8c 4c]
Seat 1: manly70 (button) (small blind) collected ($17.64)
Seat 4: VolkovDmitri (big blind) folded on the Turn


PokerStars Hand #168030606117:  Hold'em Limit ($3/$6 USD) - 2017/03/24 5:37:07 ET
Table 'Guangdong' 6-max Seat #4 is the button
Seat 1: manly70 ($380.89 in chips)
Seat 4: VolkovDmitri ($157.46 in chips)
VolkovDmitri: posts small blind $1
manly70: posts big blind $3
*** HOLE CARDS ***
VolkovDmitri: raises $3 to $6
manly70: calls $3
*** FLOP *** [5h Jc Kd]
manly70: checks
VolkovDmitri: bets $3
manly70: calls $3
*** TURN *** [5h Jc Kd] [Ac]
manly70: checks
VolkovDmitri: bets $6
manly70: folds
Uncalled bet ($6) returned to VolkovDmitri
VolkovDmitri collected $17.64 from pot
*** SUMMARY ***
Total pot $18 | Rake $0.36
Board [5h Jc Kd Ac]
Seat 1: manly70 (big blind) folded on the Turn
Seat 4: VolkovDmitri (button) (small blind) collected ($17.64)


PokerStars Hand #168030603582:  Hold'em Limit ($3/$6 USD) - 2017/03/24 5:37:00 ET
Table 'Guangdong' 6-max Seat #1 is the button
Seat 1: manly70 ($381.89 in chips)
Seat 4: VolkovDmitri ($156.46 in chips)
manly70: posts small blind $1
VolkovDmitri: posts big blind $3
*** HOLE CARDS ***
manly70: folds
Uncalled bet ($2) returned to VolkovDmitri
VolkovDmitri collected $2 from pot
VolkovDmitri: doesn't show hand
*** SUMMARY ***
Total pot $2 | Rake $0
Seat 1: manly70 (button) (small blind) folded before Flop
Seat 4: VolkovDmitri (big blind) collected ($2)


PokerStars Hand #168030630291:  Hold'em Limit ($3/$6 USD) - 2017/03/24 5:38:14 ET
Table 'Guangdong' 6-max Seat #1 is the button
Seat 1: manly70 ($362.89 in chips)
Seat 4: VolkovDmitri ($174.86 in chips)
manly70: posts small blind $1
VolkovDmitri: posts big blind $3
*** HOLE CARDS ***
manly70: calls $2
nimzon joins the table at seat #3
makimaki joins the table at seat #2
VolkovDmitri: checks
*** FLOP *** [7d Th Ts]
VolkovDmitri: checks
nimzon leaves the table
manly70: bets $3
VolkovDmitri: folds
Uncalled bet ($3) returned to manly70
manly70 collected $5.88 from pot
*** SUMMARY ***
Total pot $6 | Rake $0.12
Board [7d Th Ts]
Seat 1: manly70 (button) (small blind) collected ($5.88)
Seat 4: VolkovDmitri (big blind) folded on the Flop


PokerStars Hand #168030615996:  Hold'em Limit ($3/$6 USD) - 2017/03/24 5:37:35 ET
Table 'Guangdong' 6-max Seat #1 is the button
Seat 1: manly70 ($371.89 in chips)
Seat 4: VolkovDmitri ($166.10 in chips)
manly70: posts small blind $1
VolkovDmitri: posts big blind $3
*** HOLE CARDS ***
manly70: calls $2
VolkovDmitri: raises $3 to $6
manly70: calls $3
*** FLOP *** [4h 2d 3c]
VolkovDmitri: checks
manly70: checks
*** TURN *** [4h 2d 3c] [5s]
VolkovDmitri: bets $6
manly70: folds
Uncalled bet ($6) returned to VolkovDmitri
VolkovDmitri collected $11.76 from pot
VolkovDmitri: doesn't show hand
*** SUMMARY ***
Total pot $12 | Rake $0.24
Board [4h 2d 3c 5s]
Seat 1: manly70 (button) (small blind) folded on the Turn
Seat 4: VolkovDmitri (big blind) collected ($11.76)


PokerStars Hand #168030642333:  Hold'em Limit ($3/$6 USD) - 2017/03/24 5:38:47 ET
Table 'Guangdong' 6-max Seat #2 is the button
Seat 1: manly70 ($365.77 in chips)
Seat 2: makimaki ($120 in chips)
makimaki: posts small blind $1
manly70: posts big blind $3
*** HOLE CARDS ***
Great_Kang joins the table at seat #3
makimaki: folds
Uncalled bet ($2) returned to manly70
manly70 collected $2 from pot
*** SUMMARY ***
Total pot $2 | Rake $0
Seat 1: manly70 (big blind) collected ($2)
Seat 2: makimaki (button) (small blind) folded before Flop


PokerStars Hand #168030644560:  Hold'em Limit ($3/$6 USD) - 2017/03/24 5:38:54 ET
Table 'Guangdong' 6-max Seat #1 is the button
Seat 1: manly70 ($366.77 in chips)
Seat 2: makimaki ($119 in chips)
manly70: posts small blind $1
makimaki: posts big blind $3
*** HOLE CARDS ***
manly70: calls $2
makimaki: checks
*** FLOP *** [4h Js Ts]
makimaki: checks
manly70: checks
*** TURN *** [4h Js Ts] [Ah]
makimaki: checks
manly70: bets $6
makimaki: folds
Uncalled bet ($6) returned to manly70
manly70 collected $5.88 from pot
*** SUMMARY ***
Total pot $6 | Rake $0.12
Board [4h Js Ts Ah]
Seat 1: manly70 (button) (small blind) collected ($5.88)
Seat 2: makimaki (big blind) folded on the Turn


PokerStars Hand #168036019946:  Hold'em Limit ($3/$6 USD) - 2017/03/24 9:04:29 ET
Table 'Guangdong' 6-max Seat #4 is the button
Seat 3: Rus29APX ($286.42 in chips)
Seat 4: 181385 ($103.17 in chips)
181385: posts small blind $1
Actionni13: is sitting out
Agrotait: is sitting out
Rus29APX: posts big blind $3
*** HOLE CARDS ***
Agrotait leaves the table
181385: folds
Uncalled bet ($2) returned to Rus29APX
Rus29APX collected $2 from pot
Rus29APX: doesn't show hand
*** SUMMARY ***
Total pot $2 | Rake $0
Seat 3: Rus29APX (big blind) collected ($2)
Seat 4: 181385 (button) (small blind) folded before Flop


