PokerStars Hand #148073472227:  Hold'em Limit ($3/$6 USD) - 2016/02/01 16:16:44 ET
Table 'Guangdong' 6-max Seat #4 is the button
Seat 4: AzureCaper ($72 in chips)
Seat 6: BelSv ($111.81 in chips)
AzureCaper: posts small blind $1
BelSv: posts big blind $3
*** HOLE CARDS ***
AzureCaper: raises $3 to $6
BelSv: calls $3
*** FLOP *** [4h Qc 6c]
BelSv: checks
AzureCaper: bets $3
BelSv: folds
Uncalled bet ($3) returned to AzureCaper
AzureCaper collected $11.76 from pot
AzureCaper: doesn't show hand
*** SUMMARY ***
Total pot $12 | Rake $0.24
Board [4h Qc 6c]
Seat 4: AzureCaper (button) (small blind) collected ($11.76)
Seat 6: BelSv (big blind) folded on the Flop


PokerStars Hand #148073553689:  Hold'em Limit ($3/$6 USD) - 2016/02/01 16:17:55 ET
Table 'Guangdong' 6-max Seat #5 is the button
Seat 5: RabbitNrAS ($122.46 in chips)
Seat 6: BelSv ($102.39 in chips)
RabbitNrAS: posts small blind $1
BelSv: posts big blind $3
*** HOLE CARDS ***
RabbitNrAS: folds
Uncalled bet ($2) returned to BelSv
BelSv collected $2 from pot
BelSv: doesn't show hand
*** SUMMARY ***
Total pot $2 | Rake $0
Seat 5: RabbitNrAS (button) (small blind) folded before Flop
Seat 6: BelSv (big blind) collected ($2)


PokerStars Hand #148073538062:  Hold'em Limit ($3/$6 USD) - 2016/02/01 16:17:41 ET
Table 'Guangdong' 6-max Seat #6 is the button
Seat 5: RabbitNrAS ($113.82 in chips)
Seat 6: BelSv ($111.39 in chips)
BelSv: posts small blind $1
RabbitNrAS: posts big blind $3
*** HOLE CARDS ***
BelSv: raises $3 to $6
Chessnok joins the table at seat #1
RabbitNrAS: raises $3 to $9
BelSv: calls $3
*** FLOP *** [2s Kh 8d]
RabbitNrAS: bets $3
BelSv: folds
Uncalled bet ($3) returned to RabbitNrAS
RabbitNrAS collected $17.64 from pot
RabbitNrAS: doesn't show hand
*** SUMMARY ***
Total pot $18 | Rake $0.36
Board [2s Kh 8d]
Seat 5: RabbitNrAS (big blind) collected ($17.64)
Seat 6: BelSv (button) (small blind) folded on the Flop


PokerStars Hand #148073503843:  Hold'em Limit ($3/$6 USD) - 2016/02/01 16:17:11 ET
Table 'Guangdong' 6-max Seat #6 is the button
Seat 5: RabbitNrAS ($120 in chips)
Seat 6: BelSv ($105.81 in chips)
BelSv: posts small blind $1
RabbitNrAS: posts big blind $3
*** HOLE CARDS ***
BelSv: raises $3 to $6
RabbitNrAS: calls $3
*** FLOP *** [Ad 3c 8s]
RabbitNrAS: checks
BelSv: bets $3
RabbitNrAS: folds
Uncalled bet ($3) returned to BelSv
BelSv collected $11.76 from pot
BelSv: doesn't show hand
*** SUMMARY ***
Total pot $12 | Rake $0.24
Board [Ad 3c 8s]
Seat 5: RabbitNrAS (big blind) folded on the Flop
Seat 6: BelSv (button) (small blind) collected ($11.76)


PokerStars Hand #148073521371:  Hold'em Limit ($3/$6 USD) - 2016/02/01 16:17:27 ET
Table 'Guangdong' 6-max Seat #5 is the button
Seat 5: RabbitNrAS ($114 in chips)
Seat 6: BelSv ($111.57 in chips)
RabbitNrAS: posts small blind $1
BelSv: posts big blind $3
*** HOLE CARDS ***
RabbitNrAS: raises $3 to $6
BelSv: calls $3
*** FLOP *** [Ac 4d 9h]
BelSv: checks
RabbitNrAS: bets $3
BelSv: calls $3
*** TURN *** [Ac 4d 9h] [9c]
BelSv: checks
RabbitNrAS: checks
*** RIVER *** [Ac 4d 9h 9c] [Jd]
BelSv: checks
RabbitNrAS: checks
*** SHOW DOWN ***
BelSv: shows [6h Kd] (a pair of Nines)
RabbitNrAS: shows [8s Ks] (a pair of Nines)
BelSv collected $8.82 from pot
RabbitNrAS collected $8.82 from pot
*** SUMMARY ***
Total pot $18 | Rake $0.36
Board [Ac 4d 9h 9c Jd]
Seat 5: RabbitNrAS (button) (small blind) showed [8s Ks] and won ($8.82) with a pair of Nines
Seat 6: BelSv (big blind) showed [6h Kd] and won ($8.82) with a pair of Nines


PokerStars Hand #148080657392:  Hold'em Limit ($3/$6 USD) - 2016/02/01 18:10:02 ET
Table 'Guangdong' 6-max Seat #1 is the button
Seat 1: knas4 ($387.38 in chips)
Seat 3: costakis28 ($103.35 in chips)
knas4: posts small blind $1
costakis28: posts big blind $3
*** HOLE CARDS ***
knas4: folds
Uncalled bet ($2) returned to costakis28
costakis28 collected $2 from pot
costakis28: doesn't show hand
*** SUMMARY ***
Total pot $2 | Rake $0
Seat 1: knas4 (button) (small blind) folded before Flop
Seat 3: costakis28 (big blind) collected ($2)


PokerStars Hand #148080649814:  Hold'em Limit ($3/$6 USD) - 2016/02/01 18:09:53 ET
Table 'Guangdong' 6-max Seat #3 is the button
Seat 1: knas4 ($386.38 in chips)
Seat 3: costakis28 ($104.35 in chips)
costakis28: posts small blind $1
LukaSteel: is sitting out
knas4: posts big blind $3
*** HOLE CARDS ***
LukaSteel leaves the table
costakis28: folds
Uncalled bet ($2) returned to knas4
knas4 collected $2 from pot
*** SUMMARY ***
Total pot $2 | Rake $0
Seat 1: knas4 (big blind) collected ($2)
Seat 3: costakis28 (button) (small blind) folded before Flop


