PokerStars Hand #168194294133:  Hold'em Limit ($3/$6 USD) - 2017/03/27 14:18:45 ET
Table 'Gudrun' 6-max Seat #1 is the button
Seat 1: __P0o_P0o__ ($120 in chips)
Seat 4: AzureCaper ($72 in chips)
__P0o_P0o__: posts small blind $1
AzureCaper: posts big blind $3
*** HOLE CARDS ***
__P0o_P0o__: raises $3 to $6
AzureCaper: calls $3
*** FLOP *** [Kd Qc Ts]
AzureCaper: checks
__P0o_P0o__: bets $3
AzureCaper: calls $3
*** TURN *** [Kd Qc Ts] [Kh]
AzureCaper: checks
__P0o_P0o__: checks
*** RIVER *** [Kd Qc Ts Kh] [Ad]
AzureCaper: checks
__P0o_P0o__: checks
*** SHOW DOWN ***
AzureCaper: shows [3s Ac] (two pair, Aces and Kings)
__P0o_P0o__: mucks hand
AzureCaper collected $17.64 from pot
*** SUMMARY ***
Total pot $18 | Rake $0.36
Board [Kd Qc Ts Kh Ad]
Seat 1: __P0o_P0o__ (button) (small blind) mucked
Seat 4: AzureCaper (big blind) showed [3s Ac] and won ($17.64) with two pair, Aces and Kings


PokerStars Hand #168194322694:  Hold'em Limit ($3/$6 USD) - 2017/03/27 14:19:17 ET
Table 'Gudrun' 6-max Seat #1 is the button
Seat 1: __P0o_P0o__ ($112 in chips)
Seat 4: AzureCaper ($79.64 in chips)
__P0o_P0o__: posts small blind $1
AzureCaper: posts big blind $3
*** HOLE CARDS ***
__P0o_P0o__: folds
Uncalled bet ($2) returned to AzureCaper
AzureCaper collected $2 from pot
AzureCaper: doesn't show hand
*** SUMMARY ***
Total pot $2 | Rake $0
Seat 1: __P0o_P0o__ (button) (small blind) folded before Flop
Seat 4: AzureCaper (big blind) collected ($2)


PokerStars Hand #168194317980:  Hold'em Limit ($3/$6 USD) - 2017/03/27 14:19:12 ET
Table 'Gudrun' 6-max Seat #4 is the button
Seat 1: __P0o_P0o__ ($111 in chips)
Seat 4: AzureCaper ($80.64 in chips)
AzureCaper: posts small blind $1
__P0o_P0o__: posts big blind $3
*** HOLE CARDS ***
AzureCaper: folds
Uncalled bet ($2) returned to __P0o_P0o__
__P0o_P0o__ collected $2 from pot
*** SUMMARY ***
Total pot $2 | Rake $0
Seat 1: __P0o_P0o__ (big blind) collected ($2)
Seat 4: AzureCaper (button) (small blind) folded before Flop


PokerStars Hand #168194326892:  Hold'em Limit ($3/$6 USD) - 2017/03/27 14:19:22 ET
Table 'Gudrun' 6-max Seat #4 is the button
Seat 1: __P0o_P0o__ ($111 in chips)
Seat 4: AzureCaper ($80.64 in chips)
AzureCaper: posts small blind $1
__P0o_P0o__: posts big blind $3
*** HOLE CARDS ***
AzureCaper: raises $3 to $6
__P0o_P0o__: raises $3 to $9
AzureCaper: calls $3
*** FLOP *** [8d 9c 9d]
__P0o_P0o__: bets $3
AzureCaper: folds
Uncalled bet ($3) returned to __P0o_P0o__
__P0o_P0o__ collected $17.64 from pot
*** SUMMARY ***
Total pot $18 | Rake $0.36
Board [8d 9c 9d]
Seat 1: __P0o_P0o__ (big blind) collected ($17.64)
Seat 4: AzureCaper (button) (small blind) folded on the Flop


PokerStars Hand #168199502474:  Hold'em Limit ($3/$6 USD) - 2017/03/27 15:52:03 ET
Table 'Gudrun' 6-max Seat #2 is the button
Seat 1: Chessnok ($189.52 in chips)
Seat 2: TheEdged ($515.14 in chips)
TheEdged: posts small blind $1
Chessnok: posts big blind $3
*** HOLE CARDS ***
TheEdged: raises $3 to $6
Chessnok: raises $3 to $9
TheEdged: calls $3
*** FLOP *** [7s Qd 8d]
Chessnok: bets $3
TheEdged: calls $3
*** TURN *** [7s Qd 8d] [Qh]
Chessnok: bets $6
TheEdged: raises $6 to $12
Chessnok: calls $6
*** RIVER *** [7s Qd 8d Qh] [Qc]
Chessnok: checks
TheEdged: bets $6
Chessnok: raises $6 to $12
TheEdged: calls $6
*** SHOW DOWN ***
Chessnok: shows [Tc Td] (a full house, Queens full of Tens)
TheEdged: mucks hand
Chessnok collected $71.50 from pot
*** SUMMARY ***
Total pot $72 | Rake $0.50
Board [7s Qd 8d Qh Qc]
Seat 1: Chessnok (big blind) showed [Tc Td] and won ($71.50) with a full house, Queens full of Tens
Seat 2: TheEdged (button) (small blind) mucked


PokerStars Hand #168199528190:  Hold'em Limit ($3/$6 USD) - 2017/03/27 15:52:29 ET
Table 'Gudrun' 6-max Seat #1 is the button
Seat 1: Chessnok ($225.02 in chips)
Seat 2: TheEdged ($479.14 in chips)
Chessnok: posts small blind $1
TheEdged: posts big blind $3
*** HOLE CARDS ***
Chessnok: raises $3 to $6
TheEdged: raises $3 to $9
Chessnok: calls $3
*** FLOP *** [2h 9s Qd]
TheEdged: bets $3
Chessnok: folds
Uncalled bet ($3) returned to TheEdged
TheEdged collected $17.64 from pot
TheEdged: doesn't show hand
*** SUMMARY ***
Total pot $18 | Rake $0.36
Board [2h 9s Qd]
Seat 1: Chessnok (button) (small blind) folded on the Flop
Seat 2: TheEdged (big blind) collected ($17.64)


PokerStars Hand #168199498334:  Hold'em Limit ($3/$6 USD) - 2017/03/27 15:51:59 ET
Table 'Gudrun' 6-max Seat #1 is the button
Seat 1: Chessnok ($190.52 in chips)
Seat 2: TheEdged ($514.14 in chips)
Chessnok: posts small blind $1
TheEdged: posts big blind $3
*** HOLE CARDS ***
Chessnok: folds
Uncalled bet ($2) returned to TheEdged
TheEdged collected $2 from pot
TheEdged: doesn't show hand
vestimokrec leaves the table
*** SUMMARY ***
Total pot $2 | Rake $0
Seat 1: Chessnok (button) (small blind) folded before Flop
Seat 2: TheEdged (big blind) collected ($2)


PokerStars Hand #168199493525:  Hold'em Limit ($3/$6 USD) - 2017/03/27 15:51:54 ET
Table 'Gudrun' 6-max Seat #2 is the button
Seat 1: Chessnok ($189.52 in chips)
Seat 2: TheEdged ($515.14 in chips)
TheEdged: posts small blind $1
vestimokrec: is sitting out
Chessnok: posts big blind $3
*** HOLE CARDS ***
TheEdged: folds
Uncalled bet ($2) returned to Chessnok
Chessnok collected $2 from pot
Chessnok: doesn't show hand
*** SUMMARY ***
Total pot $2 | Rake $0
Seat 1: Chessnok (big blind) collected ($2)
Seat 2: TheEdged (button) (small blind) folded before Flop


PokerStars Hand #168199567610:  Hold'em Limit ($3/$6 USD) - 2017/03/27 15:53:10 ET
Table 'Gudrun' 6-max Seat #2 is the button
Seat 1: Chessnok ($198.02 in chips)
Seat 2: TheEdged ($505.28 in chips)
TheEdged: posts small blind $1
Chessnok: posts big blind $3
*** HOLE CARDS ***
TheEdged: folds
Uncalled bet ($2) returned to Chessnok
Chessnok collected $2 from pot
Chessnok: doesn't show hand
*** SUMMARY ***
Total pot $2 | Rake $0
Seat 1: Chessnok (big blind) collected ($2)
Seat 2: TheEdged (button) (small blind) folded before Flop


PokerStars Hand #168199548987:  Hold'em Limit ($3/$6 USD) - 2017/03/27 15:52:51 ET
Table 'Gudrun' 6-max Seat #1 is the button
Seat 1: Chessnok ($213.02 in chips)
Seat 2: TheEdged ($490.78 in chips)
Chessnok: posts small blind $1
TheEdged: posts big blind $3
*** HOLE CARDS ***
Chessnok: raises $3 to $6
TheEdged: calls $3
*** FLOP *** [4c Ts 8h]
TheEdged: checks
Chessnok: bets $3
TheEdged: calls $3
*** TURN *** [4c Ts 8h] [Td]
TheEdged: checks
Chessnok: bets $6
TheEdged: calls $6
*** RIVER *** [4c Ts 8h Td] [7h]
TheEdged: checks
Chessnok: checks
*** SHOW DOWN ***
TheEdged: shows [Jh As] (a pair of Tens)
Chessnok: mucks hand
TheEdged collected $29.50 from pot
*** SUMMARY ***
Total pot $30 | Rake $0.50
Board [4c Ts 8h Td 7h]
Seat 1: Chessnok (button) (small blind) mucked
Seat 2: TheEdged (big blind) showed [Jh As] and won ($29.50) with a pair of Tens


PokerStars Hand #168199572048:  Hold'em Limit ($3/$6 USD) - 2017/03/27 15:53:14 ET
Table 'Gudrun' 6-max Seat #1 is the button
Seat 1: Chessnok ($199.02 in chips)
Seat 2: TheEdged ($504.28 in chips)
Chessnok: posts small blind $1
TheEdged: posts big blind $3
*** HOLE CARDS ***
Chessnok: raises $3 to $6
TheEdged: folds
Uncalled bet ($3) returned to Chessnok
Chessnok collected $6 from pot
Chessnok: doesn't show hand
*** SUMMARY ***
Total pot $6 | Rake $0
Seat 1: Chessnok (button) (small blind) collected ($6)
Seat 2: TheEdged (big blind) folded before Flop


PokerStars Hand #168199543135:  Hold'em Limit ($3/$6 USD) - 2017/03/27 15:52:45 ET
Table 'Gudrun' 6-max Seat #2 is the button
Seat 1: Chessnok ($216.02 in chips)
Seat 2: TheEdged ($487.78 in chips)
TheEdged: posts small blind $1
Chessnok: posts big blind $3
*** HOLE CARDS ***
TheEdged: raises $3 to $6
Chessnok: folds
Uncalled bet ($3) returned to TheEdged
TheEdged collected $6 from pot
TheEdged: doesn't show hand
*** SUMMARY ***
Total pot $6 | Rake $0
Seat 1: Chessnok (big blind) folded before Flop
Seat 2: TheEdged (button) (small blind) collected ($6)


PokerStars Hand #168199577688:  Hold'em Limit ($3/$6 USD) - 2017/03/27 15:53:20 ET
Table 'Gudrun' 6-max Seat #2 is the button
Seat 1: Chessnok ($202.02 in chips)
Seat 2: TheEdged ($501.28 in chips)
TheEdged: posts small blind $1
Chessnok: posts big blind $3
*** HOLE CARDS ***
TheEdged: raises $3 to $6
Chessnok: calls $3
*** FLOP *** [Ts 5c Qc]
Chessnok: checks
TheEdged: bets $3
Chessnok: folds
Uncalled bet ($3) returned to TheEdged
TheEdged collected $11.76 from pot
TheEdged: doesn't show hand
*** SUMMARY ***
Total pot $12 | Rake $0.24
Board [Ts 5c Qc]
Seat 1: Chessnok (big blind) folded on the Flop
Seat 2: TheEdged (button) (small blind) collected ($11.76)


PokerStars Hand #168199617656:  Hold'em Limit ($3/$6 USD) - 2017/03/27 15:54:01 ET
Table 'Gudrun' 6-max Seat #2 is the button
Seat 1: Chessnok ($181.02 in chips)
Seat 2: TheEdged ($521.54 in chips)
TheEdged: posts small blind $1
Chessnok: posts big blind $3
*** HOLE CARDS ***
TheEdged: raises $3 to $6
Chessnok: raises $3 to $9
TheEdged: calls $3
*** FLOP *** [8h 5d 3d]
Chessnok: bets $3
TheEdged: calls $3
*** TURN *** [8h 5d 3d] [Jd]
Chessnok: bets $6
TheEdged: calls $6
*** RIVER *** [8h 5d 3d Jd] [9s]
Chessnok: bets $6
TheEdged: calls $6
*** SHOW DOWN ***
Chessnok: shows [Ts Qh] (a straight, Eight to Queen)
TheEdged: mucks hand
Chessnok collected $47.50 from pot
*** SUMMARY ***
Total pot $48 | Rake $0.50
Board [8h 5d 3d Jd 9s]
Seat 1: Chessnok (big blind) showed [Ts Qh] and won ($47.50) with a straight, Eight to Queen
Seat 2: TheEdged (button) (small blind) mucked


PokerStars Hand #168199596433:  Hold'em Limit ($3/$6 USD) - 2017/03/27 15:53:39 ET
Table 'Gudrun' 6-max Seat #1 is the button
Seat 1: Chessnok ($196.02 in chips)
Seat 2: TheEdged ($507.04 in chips)
Chessnok: posts small blind $1
TheEdged: posts big blind $3
*** HOLE CARDS ***
Chessnok: raises $3 to $6
TheEdged: calls $3
*** FLOP *** [Ac 7c 9c]
TheEdged: checks
Chessnok: bets $3
TheEdged: calls $3
*** TURN *** [Ac 7c 9c] [Tc]
TheEdged: checks
Chessnok: checks
*** RIVER *** [Ac 7c 9c Tc] [7h]
TheEdged: bets $6
Chessnok: calls $6
*** SHOW DOWN ***
TheEdged: shows [Jc Ad] (a flush, Ace high)
Chessnok: mucks hand
TheEdged collected $29.50 from pot
*** SUMMARY ***
Total pot $30 | Rake $0.50
Board [Ac 7c 9c Tc 7h]
Seat 1: Chessnok (button) (small blind) mucked
Seat 2: TheEdged (big blind) showed [Jc Ad] and won ($29.50) with a flush, Ace high


PokerStars Hand #168199641653:  Hold'em Limit ($3/$6 USD) - 2017/03/27 15:54:26 ET
Table 'Gudrun' 6-max Seat #1 is the button
Seat 1: Chessnok ($204.52 in chips)
Seat 2: TheEdged ($497.54 in chips)
Chessnok: posts small blind $1
TheEdged: posts big blind $3
*** HOLE CARDS ***
Chessnok: raises $3 to $6
TheEdged: folds
Uncalled bet ($3) returned to Chessnok
Chessnok collected $6 from pot
Chessnok: doesn't show hand
*** SUMMARY ***
Total pot $6 | Rake $0
Seat 1: Chessnok (button) (small blind) collected ($6)
Seat 2: TheEdged (big blind) folded before Flop


PokerStars Hand #168199667046:  Hold'em Limit ($3/$6 USD) - 2017/03/27 15:54:52 ET
Table 'Gudrun' 6-max Seat #1 is the button
Seat 1: Chessnok ($231.02 in chips)
Seat 2: TheEdged ($470.54 in chips)
Chessnok: posts small blind $1
TheEdged: posts big blind $3
*** HOLE CARDS ***
Chessnok: folds
Uncalled bet ($2) returned to TheEdged
TheEdged collected $2 from pot
TheEdged: doesn't show hand
*** SUMMARY ***
Total pot $2 | Rake $0
Seat 1: Chessnok (button) (small blind) folded before Flop
Seat 2: TheEdged (big blind) collected ($2)


PokerStars Hand #168199648919:  Hold'em Limit ($3/$6 USD) - 2017/03/27 15:54:33 ET
Table 'Gudrun' 6-max Seat #2 is the button
Seat 1: Chessnok ($207.52 in chips)
Seat 2: TheEdged ($494.54 in chips)
TheEdged: posts small blind $1
Chessnok: posts big blind $3
*** HOLE CARDS ***
TheEdged: raises $3 to $6
Chessnok: raises $3 to $9
TheEdged: calls $3
*** FLOP *** [3c 6c 3h]
Chessnok: bets $3
TheEdged: calls $3
*** TURN *** [3c 6c 3h] [9s]
Chessnok: bets $6
TheEdged: calls $6
*** RIVER *** [3c 6c 3h 9s] [Th]
Chessnok: checks
TheEdged: bets $6
Chessnok: calls $6
*** SHOW DOWN ***
TheEdged: shows [Js Kc] (a pair of Threes)
Chessnok: shows [7h Ad] (a pair of Threes - Ace kicker)
Chessnok collected $47.50 from pot
*** SUMMARY ***
Total pot $48 | Rake $0.50
Board [3c 6c 3h 9s Th]
Seat 1: Chessnok (big blind) showed [7h Ad] and won ($47.50) with a pair of Threes
Seat 2: TheEdged (button) (small blind) showed [Js Kc] and lost with a pair of Threes


PokerStars Hand #168199749588:  Hold'em Limit ($3/$6 USD) - 2017/03/27 15:56:39 ET
Table 'Gudrun' 6-max Seat #1 is the button
Seat 1: Chessnok ($268.44 in chips)
Seat 6: horsedelfueg ($48.29 in chips)
Chessnok: posts small blind $1
TheEdged: is sitting out
horsedelfueg: posts big blind $3
*** HOLE CARDS ***
Chessnok: raises $3 to $6
TheEdged leaves the table
horsedelfueg: calls $3
*** FLOP *** [Js Qh Qs]
horsedelfueg: checks
Chessnok: bets $3
horsedelfueg: folds
Uncalled bet ($3) returned to Chessnok
Chessnok collected $11.76 from pot
Chessnok: doesn't show hand
*** SUMMARY ***
Total pot $12 | Rake $0.24
Board [Js Qh Qs]
Seat 1: Chessnok (button) (small blind) collected ($11.76)
Seat 6: horsedelfueg (big blind) folded on the Flop


PokerStars Hand #168201896125:  Hold'em Limit ($3/$6 USD) - 2017/03/27 16:33:39 ET
Table 'Gudrun' 6-max Seat #1 is the button
Seat 1: Chessnok ($279.96 in chips)
Seat 3: jarizar ($24 in chips)
Chessnok: posts small blind $1
jarizar: posts big blind $3
*** HOLE CARDS ***
Chessnok: raises $3 to $6
jarizar: folds
Uncalled bet ($3) returned to Chessnok
Chessnok collected $6 from pot
Chessnok: doesn't show hand
*** SUMMARY ***
Total pot $6 | Rake $0
Seat 1: Chessnok (button) (small blind) collected ($6)
Seat 3: jarizar (big blind) folded before Flop


PokerStars Hand #168202111610:  Hold'em Limit ($3/$6 USD) - 2017/03/27 16:37:25 ET
Table 'Gudrun' 6-max Seat #4 is the button
Seat 1: Chessnok ($217.70 in chips)
Seat 4: vestimokrec ($198.39 in chips)
vestimokrec: posts small blind $1
Chessnok: posts big blind $3
*** HOLE CARDS ***
vestimokrec: raises $3 to $6
Chessnok: folds
Uncalled bet ($3) returned to vestimokrec
vestimokrec collected $6 from pot
vestimokrec: doesn't show hand
jarizar leaves the table
*** SUMMARY ***
Total pot $6 | Rake $0
Seat 1: Chessnok (big blind) folded before Flop
Seat 4: vestimokrec (button) (small blind) collected ($6)


