PokerStars Hand #167666893774:  Hold'em Limit ($3/$6 USD) - 2017/03/16 12:24:40 ET
Table 'Gudrun' 6-max Seat #5 is the button
Seat 4: MMike1948 ($67.81 in chips)
Seat 5: GRAILKO ($237.71 in chips)
GRAILKO: posts small blind $1
MMike1948: posts big blind $3
*** HOLE CARDS ***
GRAILKO: raises $3 to $6
MMike1948: folds
Uncalled bet ($3) returned to GRAILKO
GRAILKO collected $6 from pot
GRAILKO: doesn't show hand
*** SUMMARY ***
Total pot $6 | Rake $0
Seat 4: MMike1948 (big blind) folded before Flop
Seat 5: GRAILKO (button) (small blind) collected ($6)


PokerStars Hand #167666906752:  Hold'em Limit ($3/$6 USD) - 2017/03/16 12:24:59 ET
Table 'Gudrun' 6-max Seat #5 is the button
Seat 4: MMike1948 ($61.81 in chips)
Seat 5: GRAILKO ($243.59 in chips)
GRAILKO: posts small blind $1
MMike1948: posts big blind $3
*** HOLE CARDS ***
GRAILKO: folds
Uncalled bet ($2) returned to MMike1948
MMike1948 collected $2 from pot
MMike1948: doesn't show hand
*** SUMMARY ***
Total pot $2 | Rake $0
Seat 4: MMike1948 (big blind) collected ($2)
Seat 5: GRAILKO (button) (small blind) folded before Flop


PokerStars Hand #167666899631:  Hold'em Limit ($3/$6 USD) - 2017/03/16 12:24:48 ET
Table 'Gudrun' 6-max Seat #4 is the button
Seat 4: MMike1948 ($64.81 in chips)
Seat 5: GRAILKO ($240.71 in chips)
MMike1948: posts small blind $1
GRAILKO: posts big blind $3
*** HOLE CARDS ***
MMike1948: calls $2
GRAILKO: checks
*** FLOP *** [6h Ad 9s]
GRAILKO: bets $3
MMike1948: folds
Uncalled bet ($3) returned to GRAILKO
GRAILKO collected $5.88 from pot
GRAILKO: doesn't show hand
*** SUMMARY ***
Total pot $6 | Rake $0.12
Board [6h Ad 9s]
Seat 4: MMike1948 (button) (small blind) folded on the Flop
Seat 5: GRAILKO (big blind) collected ($5.88)


PokerStars Hand #167666914063:  Hold'em Limit ($3/$6 USD) - 2017/03/16 12:25:10 ET
Table 'Gudrun' 6-max Seat #5 is the button
Seat 4: MMike1948 ($61.81 in chips)
Seat 5: GRAILKO ($243.59 in chips)
GRAILKO: posts small blind $1
MMike1948: posts big blind $3
*** HOLE CARDS ***
GRAILKO: raises $3 to $6
MMike1948: folds
Uncalled bet ($3) returned to GRAILKO
GRAILKO collected $6 from pot
GRAILKO: doesn't show hand
*** SUMMARY ***
Total pot $6 | Rake $0
Seat 4: MMike1948 (big blind) folded before Flop
Seat 5: GRAILKO (button) (small blind) collected ($6)


PokerStars Hand #167666910927:  Hold'em Limit ($3/$6 USD) - 2017/03/16 12:25:05 ET
Table 'Gudrun' 6-max Seat #4 is the button
Seat 4: MMike1948 ($62.81 in chips)
Seat 5: GRAILKO ($242.59 in chips)
MMike1948: posts small blind $1
GRAILKO: posts big blind $3
*** HOLE CARDS ***
MMike1948: folds
Uncalled bet ($2) returned to GRAILKO
GRAILKO collected $2 from pot
GRAILKO: doesn't show hand
*** SUMMARY ***
Total pot $2 | Rake $0
Seat 4: MMike1948 (button) (small blind) folded before Flop
Seat 5: GRAILKO (big blind) collected ($2)


PokerStars Hand #167666918570:  Hold'em Limit ($3/$6 USD) - 2017/03/16 12:25:16 ET
Table 'Gudrun' 6-max Seat #4 is the button
Seat 4: MMike1948 ($58.81 in chips)
Seat 5: GRAILKO ($246.59 in chips)
MMike1948: posts small blind $1
GRAILKO: posts big blind $3
*** HOLE CARDS ***
MMike1948: folds
Uncalled bet ($2) returned to GRAILKO
GRAILKO collected $2 from pot
GRAILKO: doesn't show hand
*** SUMMARY ***
Total pot $2 | Rake $0
Seat 4: MMike1948 (button) (small blind) folded before Flop
Seat 5: GRAILKO (big blind) collected ($2)


