PokerStars Hand #155283149812:  Hold'em Limit ($3/$6 USD) - 2016/06/27 19:49:35 ET
Table 'Gudula' 6-max Seat #1 is the button
Seat 1: Zubasa07 ($521.50 in chips)
Seat 5: JMMROCHA ($8 in chips)
Zubasa07: posts small blind $1
JMMROCHA: posts big blind $3
*** HOLE CARDS ***
Zubasa07: raises $3 to $6
JMMROCHA: raises $2 to $8 and is all-in
Zubasa07: calls $2
*** FLOP *** [7c Kd Tc]
*** TURN *** [7c Kd Tc] [6c]
*** RIVER *** [7c Kd Tc 6c] [2d]
*** SHOW DOWN ***
JMMROCHA: shows [9c 6d] (a pair of Sixes)
Zubasa07: shows [Jc Td] (a pair of Tens)
Zubasa07 collected $15.68 from pot
*** SUMMARY ***
Total pot $16 | Rake $0.32
Board [7c Kd Tc 6c 2d]
Seat 1: Zubasa07 (button) (small blind) showed [Jc Td] and won ($15.68) with a pair of Tens
Seat 5: JMMROCHA (big blind) showed [9c 6d] and lost with a pair of Sixes


PokerStars Hand #155283146563:  Hold'em Limit ($3/$6 USD) - 2016/06/27 19:49:29 ET
Table 'Gudula' 6-max Seat #5 is the button
Seat 1: Zubasa07 ($520.50 in chips)
Seat 5: JMMROCHA ($9 in chips)
JMMROCHA: posts small blind $1
Zubasa07: posts big blind $3
*** HOLE CARDS ***
JMMROCHA: folds
Uncalled bet ($2) returned to Zubasa07
Zubasa07 collected $2 from pot
Zubasa07: doesn't show hand
*** SUMMARY ***
Total pot $2 | Rake $0
Seat 1: Zubasa07 (big blind) collected ($2)
Seat 5: JMMROCHA (button) (small blind) folded before Flop


PokerStars Hand #155283126666:  Hold'em Limit ($3/$6 USD) - 2016/06/27 19:48:48 ET
Table 'Gudula' 6-max Seat #1 is the button
Seat 1: Zubasa07 ($500 in chips)
Seat 5: JMMROCHA ($30 in chips)
Zubasa07: posts small blind $1
JMMROCHA: posts big blind $3
*** HOLE CARDS ***
Zubasa07: raises $3 to $6
JMMROCHA: calls $3
*** FLOP *** [Jd 5s 2h]
JMMROCHA: checks
Zubasa07: bets $3
JMMROCHA: calls $3
*** TURN *** [Jd 5s 2h] [Qh]
JMMROCHA: bets $6
Zubasa07: calls $6
*** RIVER *** [Jd 5s 2h Qh] [Qs]
JMMROCHA: bets $6
Zubasa07: calls $6
*** SHOW DOWN ***
JMMROCHA: shows [Kc 3c] (a pair of Queens)
Zubasa07: shows [Ah 4c] (a pair of Queens - Ace kicker)
Zubasa07 collected $41.50 from pot
*** SUMMARY ***
Total pot $42 | Rake $0.50
Board [Jd 5s 2h Qh Qs]
Seat 1: Zubasa07 (button) (small blind) showed [Ah 4c] and won ($41.50) with a pair of Queens
Seat 5: JMMROCHA (big blind) showed [Kc 3c] and lost with a pair of Queens


PokerStars Hand #155283168726:  Hold'em Limit ($3/$6 USD) - 2016/06/27 19:50:13 ET
Table 'Gudula' 6-max Seat #5 is the button
Seat 1: Zubasa07 ($529.18 in chips)
Seat 5: JMMROCHA ($50.69 in chips)
JMMROCHA: posts small blind $1
Zubasa07: posts big blind $3
*** HOLE CARDS ***
JMMROCHA: raises $3 to $6
Zubasa07: calls $3
*** FLOP *** [4h Qh 7d]
anetkaapro joins the table at seat #6
Zubasa07: checks
JMMROCHA: bets $3
Zubasa07: folds
Uncalled bet ($3) returned to JMMROCHA
JMMROCHA collected $11.76 from pot
JMMROCHA: doesn't show hand
*** SUMMARY ***
Total pot $12 | Rake $0.24
Board [4h Qh 7d]
Seat 1: Zubasa07 (big blind) folded on the Flop
Seat 5: JMMROCHA (button) (small blind) collected ($11.76)


PokerStars Hand #155283180281:  Hold'em Limit ($3/$6 USD) - 2016/06/27 19:50:37 ET
Table 'Gudula' 6-max Seat #1 is the button
Seat 1: Zubasa07 ($523.18 in chips)
Seat 5: JMMROCHA ($56.45 in chips)
Zubasa07: posts small blind $1
JMMROCHA: posts big blind $3
*** HOLE CARDS ***
Zubasa07: folds
Uncalled bet ($2) returned to JMMROCHA
JMMROCHA collected $2 from pot
JMMROCHA: doesn't show hand
*** SUMMARY ***
Total pot $2 | Rake $0
Seat 1: Zubasa07 (button) (small blind) folded before Flop
Seat 5: JMMROCHA (big blind) collected ($2)


