PokerStars Hand #157936968895:  Hold'em Limit ($3/$6 USD) - 2016/08/30 12:37:17 ET
Table 'Gudula' 6-max Seat #4 is the button
Seat 3: ogdealer ($34 in chips)
Seat 4: belik555 ($73 in chips)
belik555: posts small blind $1
ogdealer: posts big blind $3
*** HOLE CARDS ***
belik555: raises $3 to $6
ogdealer: folds
Uncalled bet ($3) returned to belik555
belik555 collected $6 from pot
belik555: doesn't show hand
*** SUMMARY ***
Total pot $6 | Rake $0
Seat 3: ogdealer (big blind) folded before Flop
Seat 4: belik555 (button) (small blind) collected ($6)


PokerStars Hand #157936963888:  Hold'em Limit ($3/$6 USD) - 2016/08/30 12:37:09 ET
Table 'Gudula' 6-max Seat #3 is the button
Seat 3: ogdealer ($35 in chips)
Seat 4: belik555 ($72 in chips)
ogdealer: posts small blind $1
belik555: posts big blind $3
*** HOLE CARDS ***
ogdealer: folds
Uncalled bet ($2) returned to belik555
belik555 collected $2 from pot
belik555: doesn't show hand
*** SUMMARY ***
Total pot $2 | Rake $0
Seat 3: ogdealer (button) (small blind) folded before Flop
Seat 4: belik555 (big blind) collected ($2)


PokerStars Hand #157936958979:  Hold'em Limit ($3/$6 USD) - 2016/08/30 12:37:01 ET
Table 'Gudula' 6-max Seat #4 is the button
Seat 3: ogdealer ($34 in chips)
Seat 4: belik555 ($73 in chips)
belik555: posts small blind $1
ogdealer: posts big blind $3
*** HOLE CARDS ***
belik555: folds
Uncalled bet ($2) returned to ogdealer
ogdealer collected $2 from pot
ogdealer: doesn't show hand
*** SUMMARY ***
Total pot $2 | Rake $0
Seat 3: ogdealer (big blind) collected ($2)
Seat 4: belik555 (button) (small blind) folded before Flop


PokerStars Hand #157937000820:  Hold'em Limit ($3/$6 USD) - 2016/08/30 12:38:05 ET
Table 'Gudula' 6-max Seat #4 is the button
Seat 3: ogdealer ($10 in chips)
Seat 4: belik555 ($96.50 in chips)
belik555: posts small blind $1
ogdealer: posts big blind $3
*** HOLE CARDS ***
belik555: raises $3 to $6
ogdealer: folds
Uncalled bet ($3) returned to belik555
belik555 collected $6 from pot
belik555: doesn't show hand
*** SUMMARY ***
Total pot $6 | Rake $0
Seat 3: ogdealer (big blind) folded before Flop
Seat 4: belik555 (button) (small blind) collected ($6)


PokerStars Hand #157936972895:  Hold'em Limit ($3/$6 USD) - 2016/08/30 12:37:23 ET
Table 'Gudula' 6-max Seat #3 is the button
Seat 3: ogdealer ($31 in chips)
Seat 4: belik555 ($76 in chips)
ogdealer: posts small blind $1
belik555: posts big blind $3
*** HOLE CARDS ***
ogdealer: calls $2
belik555: raises $3 to $6
ogdealer: calls $3
*** FLOP *** [Js Th 9d]
belik555: bets $3
ogdealer: calls $3
*** TURN *** [Js Th 9d] [4h]
belik555: checks
ogdealer: bets $6
belik555: calls $6
*** RIVER *** [Js Th 9d 4h] [Tc]
belik555: checks
ogdealer: bets $6
belik555: calls $6
*** SHOW DOWN ***
ogdealer: shows [Ac 7h] (a pair of Tens)
belik555: shows [Kh 9s] (two pair, Tens and Nines)
belik555 collected $41.50 from pot
*** SUMMARY ***
Total pot $42 | Rake $0.50
Board [Js Th 9d 4h Tc]
Seat 3: ogdealer (button) (small blind) showed [Ac 7h] and lost with a pair of Tens
Seat 4: belik555 (big blind) showed [Kh 9s] and won ($41.50) with two pair, Tens and Nines


PokerStars Hand #157937027284:  Hold'em Limit ($3/$6 USD) - 2016/08/30 12:38:45 ET
Table 'Gudula' 6-max Seat #3 is the button
Seat 3: ogdealer ($10.72 in chips)
Seat 4: belik555 ($95.50 in chips)
ogdealer: posts small blind $1
belik555: posts big blind $3
*** HOLE CARDS ***
ogdealer: calls $2
belik555: raises $3 to $6
ogdealer: calls $3
*** FLOP *** [Jd 2c 6d]
belik555: bets $3
ogdealer: calls $3
*** TURN *** [Jd 2c 6d] [8h]
belik555: bets $6
ogdealer: calls $1.72 and is all-in
Uncalled bet ($4.28) returned to belik555
*** RIVER *** [Jd 2c 6d 8h] [Ts]
*** SHOW DOWN ***
belik555: shows [6h Qh] (a pair of Sixes)
ogdealer: shows [9d Kc] (high card King)
belik555 collected $21.01 from pot
*** SUMMARY ***
Total pot $21.44 | Rake $0.43
Board [Jd 2c 6d 8h Ts]
Seat 3: ogdealer (button) (small blind) showed [9d Kc] and lost with high card King
Seat 4: belik555 (big blind) showed [6h Qh] and won ($21.01) with a pair of Sixes


PokerStars Hand #157937019449:  Hold'em Limit ($3/$6 USD) - 2016/08/30 12:38:33 ET
Table 'Gudula' 6-max Seat #4 is the button
Seat 3: ogdealer ($13.72 in chips)
Seat 4: belik555 ($92.50 in chips)
belik555: posts small blind $1
ogdealer: posts big blind $3
*** HOLE CARDS ***
belik555: raises $3 to $6
ogdealer: folds
Uncalled bet ($3) returned to belik555
belik555 collected $6 from pot
belik555: doesn't show hand
*** SUMMARY ***
Total pot $6 | Rake $0
Seat 3: ogdealer (big blind) folded before Flop
Seat 4: belik555 (button) (small blind) collected ($6)


PokerStars Hand #157937006127:  Hold'em Limit ($3/$6 USD) - 2016/08/30 12:38:13 ET
Table 'Gudula' 6-max Seat #3 is the button
Seat 3: ogdealer ($7 in chips)
Seat 4: belik555 ($99.50 in chips)
ogdealer: posts small blind $1
belik555: posts big blind $3
*** HOLE CARDS ***
ogdealer: calls $2
belik555: raises $3 to $6
ogdealer: raises $1 to $7 and is all-in
belik555: calls $1
*** FLOP *** [Ks 8h 6s]
*** TURN *** [Ks 8h 6s] [6c]
*** RIVER *** [Ks 8h 6s 6c] [Ad]
*** SHOW DOWN ***
belik555: shows [6h 8c] (a full house, Sixes full of Eights)
ogdealer: shows [Ah 6d] (a full house, Sixes full of Aces)
ogdealer collected $13.72 from pot
*** SUMMARY ***
Total pot $14 | Rake $0.28
Board [Ks 8h 6s 6c Ad]
Seat 3: ogdealer (button) (small blind) showed [Ah 6d] and won ($13.72) with a full house, Sixes full of Aces
Seat 4: belik555 (big blind) showed [6h 8c] and lost with a full house, Sixes full of Eights


PokerStars Hand #157937088173:  Hold'em Limit ($3/$6 USD) - 2016/08/30 12:40:16 ET
Table 'Gudula' 6-max Seat #3 is the button
Seat 3: ogdealer ($39.64 in chips)
Seat 4: belik555 ($100.79 in chips)
ogdealer: posts small blind $1
belik555: posts big blind $3
*** HOLE CARDS ***
ogdealer: folds
Uncalled bet ($2) returned to belik555
belik555 collected $2 from pot
belik555: doesn't show hand
*** SUMMARY ***
Total pot $2 | Rake $0
Seat 3: ogdealer (button) (small blind) folded before Flop
Seat 4: belik555 (big blind) collected ($2)


PokerStars Hand #157937069780:  Hold'em Limit ($3/$6 USD) - 2016/08/30 12:39:49 ET
Table 'Gudula' 6-max Seat #4 is the button
Seat 3: ogdealer ($31 in chips)
Seat 4: belik555 ($109.79 in chips)
belik555: posts small blind $1
ogdealer: posts big blind $3
*** HOLE CARDS ***
belik555: raises $3 to $6
ogdealer: calls $3
*** FLOP *** [Qh 7c Td]
ogdealer: checks
belik555: bets $3
ogdealer: calls $3
*** TURN *** [Qh 7c Td] [Th]
ogdealer: checks
belik555: checks
*** RIVER *** [Qh 7c Td Th] [9s]
ogdealer: bets $6
belik555: folds
Uncalled bet ($6) returned to ogdealer
ogdealer collected $17.64 from pot
ogdealer: doesn't show hand
*** SUMMARY ***
Total pot $18 | Rake $0.36
Board [Qh 7c Td Th 9s]
Seat 3: ogdealer (big blind) collected ($17.64)
Seat 4: belik555 (button) (small blind) folded on the River


PokerStars Hand #157937065952:  Hold'em Limit ($3/$6 USD) - 2016/08/30 12:39:43 ET
Table 'Gudula' 6-max Seat #3 is the button
Seat 3: ogdealer ($32 in chips)
Seat 4: belik555 ($108.79 in chips)
ogdealer: posts small blind $1
belik555: posts big blind $3
*** HOLE CARDS ***
ogdealer: folds
Uncalled bet ($2) returned to belik555
belik555 collected $2 from pot
belik555: doesn't show hand
*** SUMMARY ***
Total pot $2 | Rake $0
Seat 3: ogdealer (button) (small blind) folded before Flop
Seat 4: belik555 (big blind) collected ($2)


PokerStars Hand #157937058869:  Hold'em Limit ($3/$6 USD) - 2016/08/30 12:39:33 ET
Table 'Gudula' 6-max Seat #4 is the button
Seat 3: ogdealer ($35 in chips)
Seat 4: belik555 ($105.79 in chips)
vestimokrec joins the table at seat #5
belik555: posts small blind $1
ogdealer: posts big blind $3
*** HOLE CARDS ***
belik555: raises $3 to $6
ogdealer: folds
Uncalled bet ($3) returned to belik555
belik555 collected $6 from pot
belik555: doesn't show hand
*** SUMMARY ***
Total pot $6 | Rake $0
Seat 3: ogdealer (big blind) folded before Flop
Seat 4: belik555 (button) (small blind) collected ($6)


PokerStars Hand #157937107114:  Hold'em Limit ($3/$6 USD) - 2016/08/30 12:40:44 ET
Table 'Gudula' 6-max Seat #3 is the button
Seat 3: ogdealer ($53.14 in chips)
Seat 4: belik555 ($86.79 in chips)
ogdealer: posts small blind $1
belik555: posts big blind $3
*** HOLE CARDS ***
ogdealer: folds
Uncalled bet ($2) returned to belik555
belik555 collected $2 from pot
belik555: doesn't show hand
*** SUMMARY ***
Total pot $2 | Rake $0
Seat 3: ogdealer (button) (small blind) folded before Flop
Seat 4: belik555 (big blind) collected ($2)


PokerStars Hand #157937091551:  Hold'em Limit ($3/$6 USD) - 2016/08/30 12:40:21 ET
Table 'Gudula' 6-max Seat #4 is the button
Seat 3: ogdealer ($38.64 in chips)
Seat 4: belik555 ($101.79 in chips)
belik555: posts small blind $1
ogdealer: posts big blind $3
*** HOLE CARDS ***
belik555: raises $3 to $6
ogdealer: calls $3
*** FLOP *** [9c 3s 8s]
ogdealer: bets $3
belik555: calls $3
*** TURN *** [9c 3s 8s] [Ts]
ogdealer: bets $6
belik555: calls $6
*** RIVER *** [9c 3s 8s Ts] [Tc]
ogdealer: bets $6
belik555: folds
Uncalled bet ($6) returned to ogdealer
ogdealer collected $29.50 from pot
ogdealer: doesn't show hand
*** SUMMARY ***
Total pot $30 | Rake $0.50
Board [9c 3s 8s Ts Tc]
Seat 3: ogdealer (big blind) collected ($29.50)
Seat 4: belik555 (button) (small blind) folded on the River


PokerStars Hand #157939893346:  Hold'em Limit ($3/$6 USD) - 2016/08/30 13:45:55 ET
Table 'Gudula' 6-max Seat #4 is the button
Seat 2: Luanto 14 ($284.22 in chips)
Seat 4: Great_Kang ($120 in chips)
Great_Kang: posts small blind $1
SAMIFRANC507: is sitting out
Luanto 14: posts big blind $3
*** HOLE CARDS ***
Great_Kang: raises $3 to $6
SAMIFRANC507 leaves the table
Luanto 14: calls $3
*** FLOP *** [9s 7c 2h]
Luanto 14: checks
Great_Kang: bets $3
Luanto 14: raises $3 to $6
Great_Kang: calls $3
*** TURN *** [9s 7c 2h] [6s]
Luanto 14: bets $6
Great_Kang: folds
Uncalled bet ($6) returned to Luanto 14
Luanto 14 collected $23.52 from pot
Luanto 14: doesn't show hand
*** SUMMARY ***
Total pot $24 | Rake $0.48
Board [9s 7c 2h 6s]
Seat 2: Luanto 14 (big blind) collected ($23.52)
Seat 4: Great_Kang (button) (small blind) folded on the Turn


PokerStars Hand #157939958594:  Hold'em Limit ($3/$6 USD) - 2016/08/30 13:47:23 ET
Table 'Gudula' 6-max Seat #2 is the button
Seat 2: Luanto 14 ($295.74 in chips)
Seat 4: Great_Kang ($120 in chips)
Luanto 14: posts small blind $1
Great_Kang: posts big blind $3
*** HOLE CARDS ***
Luanto 14: folds
Uncalled bet ($2) returned to Great_Kang
Great_Kang collected $2 from pot
Great_Kang: doesn't show hand
*** SUMMARY ***
Total pot $2 | Rake $0
Seat 2: Luanto 14 (button) (small blind) folded before Flop
Seat 4: Great_Kang (big blind) collected ($2)


PokerStars Hand #157941101555:  Hold'em Limit ($3/$6 USD) - 2016/08/30 14:13:49 ET
Table 'Gudula' 6-max Seat #4 is the button
Seat 3: chiconr1x ($66 in chips)
Seat 4: Great_Kang ($121 in chips)
Great_Kang: posts small blind $1
chiconr1x: posts big blind $3
*** HOLE CARDS ***
TheU10 joins the table at seat #5
Great_Kang: raises $3 to $6
chiconr1x: calls $3
*** FLOP *** [5h 5d 4c]
chiconr1x: checks
Great_Kang: bets $3
chiconr1x: raises $3 to $6
Great_Kang: folds
Uncalled bet ($3) returned to chiconr1x
chiconr1x collected $17.64 from pot
chiconr1x: doesn't show hand
*** SUMMARY ***
Total pot $18 | Rake $0.36
Board [5h 5d 4c]
Seat 3: chiconr1x (big blind) collected ($17.64)
Seat 4: Great_Kang (button) (small blind) folded on the Flop


PokerStars Hand #157941142073:  Hold'em Limit ($3/$6 USD) - 2016/08/30 14:14:42 ET
Table 'Gudula' 6-max Seat #3 is the button
Seat 3: chiconr1x ($74.64 in chips)
Seat 4: Great_Kang ($120 in chips)
chiconr1x: posts small blind $1
Great_Kang: posts big blind $3
*** HOLE CARDS ***
chiconr1x: raises $3 to $6
Great_Kang: calls $3
*** FLOP *** [3c Ah 9s]
Great_Kang: checks
chiconr1x: checks
*** TURN *** [3c Ah 9s] [Kc]
Great_Kang: checks
chiconr1x: bets $6
Great_Kang: calls $6
*** RIVER *** [3c Ah 9s Kc] [8h]
Great_Kang: checks
chiconr1x: bets $6
Great_Kang: calls $6
*** SHOW DOWN ***
chiconr1x: shows [3h Kh] (two pair, Kings and Threes)
Great_Kang: mucks hand
chiconr1x collected $35.50 from pot
*** SUMMARY ***
Total pot $36 | Rake $0.50
Board [3c Ah 9s Kc 8h]
Seat 3: chiconr1x (button) (small blind) showed [3h Kh] and won ($35.50) with two pair, Kings and Threes
Seat 4: Great_Kang (big blind) mucked


PokerStars Hand #157942917965:  Hold'em Limit ($3/$6 USD) - 2016/08/30 14:52:11 ET
Table 'Gudula' 6-max Seat #4 is the button
Seat 3: minigus575 ($123 in chips)
Seat 4: Koraseg ($117 in chips)
Koraseg: posts small blind $1
minigus575: posts big blind $3
*** HOLE CARDS ***
Koraseg: raises $3 to $6
minigus575: calls $3
*** FLOP *** [6s Qh Qs]
minigus575: checks
Koraseg: bets $3
minigus575: folds
Uncalled bet ($3) returned to Koraseg
Koraseg collected $11.76 from pot
*** SUMMARY ***
Total pot $12 | Rake $0.24
Board [6s Qh Qs]
Seat 3: minigus575 (big blind) folded on the Flop
Seat 4: Koraseg (button) (small blind) collected ($11.76)


PokerStars Hand #157942930776:  Hold'em Limit ($3/$6 USD) - 2016/08/30 14:52:27 ET
Table 'Gudula' 6-max Seat #4 is the button
Seat 3: minigus575 ($116 in chips)
Seat 4: Koraseg ($123.76 in chips)
Koraseg: posts small blind $1
minigus575: posts big blind $3
*** HOLE CARDS ***
Koraseg: raises $3 to $6
minigus575: calls $3
*** FLOP *** [Ts 3h 2s]
minigus575: checks
Koraseg: bets $3
minigus575: raises $3 to $6
Koraseg: calls $3
*** TURN *** [Ts 3h 2s] [Th]
minigus575: bets $6
xcgxcg2005 joins the table at seat #2
Koraseg: calls $6
*** RIVER *** [Ts 3h 2s Th] [Kd]
minigus575: bets $6
Koraseg: calls $6
*** SHOW DOWN ***
minigus575: shows [6d 3s] (two pair, Tens and Threes)
Koraseg: mucks hand
minigus575 collected $47.50 from pot
*** SUMMARY ***
Total pot $48 | Rake $0.50
Board [Ts 3h 2s Th Kd]
Seat 3: minigus575 (big blind) showed [6d 3s] and won ($47.50) with two pair, Tens and Threes
Seat 4: Koraseg (button) (small blind) mucked


PokerStars Hand #157942945649:  Hold'em Limit ($3/$6 USD) - 2016/08/30 14:52:45 ET
Table 'Gudula' 6-max Seat #3 is the button
Seat 3: minigus575 ($139.50 in chips)
Seat 4: Koraseg ($99.76 in chips)
minigus575: posts small blind $1
Koraseg: posts big blind $3
*** HOLE CARDS ***
minigus575: raises $3 to $6
Koraseg: calls $3
*** FLOP *** [9h Kh 3c]
Koraseg: checks
minigus575: bets $3
Koraseg: folds
Uncalled bet ($3) returned to minigus575
minigus575 collected $11.76 from pot
minigus575: doesn't show hand
*** SUMMARY ***
Total pot $12 | Rake $0.24
Board [9h Kh 3c]
Seat 3: minigus575 (button) (small blind) collected ($11.76)
Seat 4: Koraseg (big blind) folded on the Flop


PokerStars Hand #157946491038:  Hold'em Limit ($3/$6 USD) - 2016/08/30 16:05:32 ET
Table 'Gudula' 6-max Seat #4 is the button
Seat 1: Chessnok ($186.66 in chips)
Seat 4: DePokeraap ($190.66 in chips)
DePokeraap: posts small blind $1
Chessnok: posts big blind $3
*** HOLE CARDS ***
DePokeraap: raises $3 to $6
CrongCrong leaves the table
Chessnok: folds
Uncalled bet ($3) returned to DePokeraap
DePokeraap collected $6 from pot
DePokeraap: doesn't show hand
*** SUMMARY ***
Total pot $6 | Rake $0
Seat 1: Chessnok (big blind) folded before Flop
Seat 4: DePokeraap (button) (small blind) collected ($6)


