PokerStars Hand #153882573683:  Hold'em Limit ($3/$6 USD) - 2016/05/26 16:38:07 ET
Table 'Gudy II' 6-max Seat #1 is the button
Seat 1: Zubasa07 ($499.76 in chips)
Seat 4: **Geka**555 ($104.94 in chips)
Zubasa07: posts small blind $1
**Geka**555: posts big blind $3
*** HOLE CARDS ***
Zubasa07: raises $3 to $6
**Geka**555: calls $3
*** FLOP *** [3d 6h 2c]
**Geka**555: checks
Zubasa07: bets $3
**Geka**555: calls $3
*** TURN *** [3d 6h 2c] [Th]
**Geka**555: checks
Zubasa07: checks
*** RIVER *** [3d 6h 2c Th] [Ah]
**Geka**555: bets $6
Zubasa07: calls $6
*** SHOW DOWN ***
**Geka**555: shows [7h As] (a pair of Aces)
Zubasa07: mucks hand
**Geka**555 collected $29.50 from pot
*** SUMMARY ***
Total pot $30 | Rake $0.50
Board [3d 6h 2c Th Ah]
Seat 1: Zubasa07 (button) (small blind) mucked
Seat 4: **Geka**555 (big blind) showed [7h As] and won ($29.50) with a pair of Aces


PokerStars Hand #153882564510:  Hold'em Limit ($3/$6 USD) - 2016/05/26 16:37:57 ET
Table 'Gudy II' 6-max Seat #4 is the button
Seat 1: Zubasa07 ($505.76 in chips)
Seat 4: **Geka**555 ($99.18 in chips)
**Geka**555: posts small blind $1
Zubasa07: posts big blind $3
*** HOLE CARDS ***
**Geka**555: raises $3 to $6
Zubasa07: calls $3
*** FLOP *** [Th 3s 6d]
Zubasa07: checks
**Geka**555: bets $3
Iteopepe88 joins the table at seat #5
Zubasa07: folds
Uncalled bet ($3) returned to **Geka**555
**Geka**555 collected $11.76 from pot
**Geka**555: doesn't show hand
*** SUMMARY ***
Total pot $12 | Rake $0.24
Board [Th 3s 6d]
Seat 1: Zubasa07 (big blind) folded on the Flop
Seat 4: **Geka**555 (button) (small blind) collected ($11.76)


