PokerStars Hand #161248129200:  Hold'em Limit ($3/$6 USD) - 2016/11/11 14:24:21 ET
Table 'Gudy' 6-max Seat #1 is the button
Seat 1: MMM 22666 ($72 in chips)
Seat 4: assitoni ($72 in chips)
MMM 22666: posts small blind $1
assitoni: posts big blind $3
*** HOLE CARDS ***
MMM 22666: raises $3 to $6
assitoni: raises $3 to $9
MMM 22666: calls $3
*** FLOP *** [As 9d Qh]
jackRizzar joins the table at seat #2
assitoni: bets $3
MMM 22666: calls $3
*** TURN *** [As 9d Qh] [Ah]
assitoni: bets $6
MMM 22666: folds
Uncalled bet ($6) returned to assitoni
assitoni collected $23.52 from pot
assitoni: doesn't show hand
*** SUMMARY ***
Total pot $24 | Rake $0.48
Board [As 9d Qh Ah]
Seat 1: MMM 22666 (button) (small blind) folded on the Turn
Seat 4: assitoni (big blind) collected ($23.52)


PokerStars Hand #161248149597:  Hold'em Limit ($3/$6 USD) - 2016/11/11 14:24:45 ET
Table 'Gudy' 6-max Seat #4 is the button
Seat 1: MMM 22666 ($60 in chips)
Seat 4: assitoni ($83.52 in chips)
assitoni: posts small blind $1
MMM 22666: posts big blind $3
*** HOLE CARDS ***
assitoni: raises $3 to $6
MMM 22666: calls $3
*** FLOP *** [6d 7h 8d]
MMM 22666: checks
assitoni: bets $3
MMM 22666: calls $3
*** TURN *** [6d 7h 8d] [7c]
MMM 22666: checks
assitoni: bets $6
MMM 22666: calls $6
*** RIVER *** [6d 7h 8d 7c] [Td]
MMM 22666: checks
assitoni: bets $6
MMM 22666: calls $6
*** SHOW DOWN ***
assitoni: shows [9c Kd] (a straight, Six to Ten)
MMM 22666: mucks hand
assitoni collected $41.50 from pot
*** SUMMARY ***
Total pot $42 | Rake $0.50
Board [6d 7h 8d 7c Td]
Seat 1: MMM 22666 (big blind) mucked
Seat 4: assitoni (button) (small blind) showed [9c Kd] and won ($41.50) with a straight, Six to Ten


PokerStars Hand #161248202886:  Hold'em Limit ($3/$6 USD) - 2016/11/11 14:25:47 ET
Table 'Gudy' 6-max Seat #2 is the button
Seat 1: MMM 22666 ($33 in chips)
Seat 2: jackRizzar ($185.64 in chips)
jackRizzar: posts small blind $1
assitoni: is sitting out
MMM 22666: posts big blind $3
*** HOLE CARDS ***
jackRizzar: folds
Uncalled bet ($2) returned to MMM 22666
MMM 22666 collected $2 from pot
*** SUMMARY ***
Total pot $2 | Rake $0
Seat 1: MMM 22666 (big blind) collected ($2)
Seat 2: jackRizzar (button) (small blind) folded before Flop


PokerStars Hand #161248207535:  Hold'em Limit ($3/$6 USD) - 2016/11/11 14:25:53 ET
Table 'Gudy' 6-max Seat #1 is the button
Seat 1: MMM 22666 ($34 in chips)
Seat 2: jackRizzar ($184.64 in chips)
MMM 22666: posts small blind $1
jackRizzar: posts big blind $3
*** HOLE CARDS ***
MMM 22666: raises $3 to $6
jackRizzar: calls $3
*** FLOP *** [2h Ts 5c]
jackRizzar: checks
MMM 22666: checks
*** TURN *** [2h Ts 5c] [3d]
jackRizzar: checks
assitoni leaves the table
MMM 22666: checks
*** RIVER *** [2h Ts 5c 3d] [4c]
jackRizzar: checks
MMM 22666: bets $6
jackRizzar: folds
Uncalled bet ($6) returned to MMM 22666
MMM 22666 collected $11.76 from pot
*** SUMMARY ***
Total pot $12 | Rake $0.24
Board [2h Ts 5c 3d 4c]
Seat 1: MMM 22666 (button) (small blind) collected ($11.76)
Seat 2: jackRizzar (big blind) folded on the River


PokerStars Hand #161248243214:  Hold'em Limit ($3/$6 USD) - 2016/11/11 14:26:34 ET
Table 'Gudy' 6-max Seat #1 is the button
Seat 1: MMM 22666 ($33.76 in chips)
Seat 2: jackRizzar ($184.40 in chips)
MMM 22666: posts small blind $1
jackRizzar: posts big blind $3
*** HOLE CARDS ***
MMM 22666: folds
Uncalled bet ($2) returned to jackRizzar
jackRizzar collected $2 from pot
jackRizzar: doesn't show hand
*** SUMMARY ***
Total pot $2 | Rake $0
Seat 1: MMM 22666 (button) (small blind) folded before Flop
Seat 2: jackRizzar (big blind) collected ($2)


PokerStars Hand #161248229085:  Hold'em Limit ($3/$6 USD) - 2016/11/11 14:26:18 ET
Table 'Gudy' 6-max Seat #2 is the button
Seat 1: MMM 22666 ($39.76 in chips)
Seat 2: jackRizzar ($178.64 in chips)
jackRizzar: posts small blind $1
MMM 22666: posts big blind $3
*** HOLE CARDS ***
jackRizzar: raises $3 to $6
MMM 22666: calls $3
*** FLOP *** [4d Kc 4h]
MMM 22666: checks
jackRizzar: bets $3
MMM 22666: folds
Uncalled bet ($3) returned to jackRizzar
jackRizzar collected $11.76 from pot
jackRizzar: doesn't show hand
*** SUMMARY ***
Total pot $12 | Rake $0.24
Board [4d Kc 4h]
Seat 1: MMM 22666 (big blind) folded on the Flop
Seat 2: jackRizzar (button) (small blind) collected ($11.76)


PokerStars Hand #161248250440:  Hold'em Limit ($3/$6 USD) - 2016/11/11 14:26:43 ET
Table 'Gudy' 6-max Seat #2 is the button
Seat 1: MMM 22666 ($32.76 in chips)
Seat 2: jackRizzar ($185.40 in chips)
jackRizzar: posts small blind $1
MMM 22666: posts big blind $3
*** HOLE CARDS ***
jackRizzar: raises $3 to $6
MMM 22666: calls $3
*** FLOP *** [5h As Ks]
MMM 22666: checks
jackRizzar: bets $3
MMM 22666: calls $3
*** TURN *** [5h As Ks] [4h]
MMM 22666: checks
jackRizzar: bets $6
MMM 22666: raises $6 to $12
jackRizzar: calls $6
*** RIVER *** [5h As Ks 4h] [Js]
MMM 22666: bets $6
jackRizzar: calls $6
*** SHOW DOWN ***
MMM 22666: shows [Ah 4d] (two pair, Aces and Fours)
jackRizzar: mucks hand
MMM 22666 collected $53.50 from pot
*** SUMMARY ***
Total pot $54 | Rake $0.50
Board [5h As Ks 4h Js]
Seat 1: MMM 22666 (big blind) showed [Ah 4d] and won ($53.50) with two pair, Aces and Fours
Seat 2: jackRizzar (button) (small blind) mucked


PokerStars Hand #161248276022:  Hold'em Limit ($3/$6 USD) - 2016/11/11 14:27:13 ET
Table 'Gudy' 6-max Seat #1 is the button
Seat 1: MMM 22666 ($59.26 in chips)
Seat 2: jackRizzar ($158.40 in chips)
MMM 22666: posts small blind $1
jackRizzar: posts big blind $3
*** HOLE CARDS ***
MMM 22666: folds
Uncalled bet ($2) returned to jackRizzar
jackRizzar collected $2 from pot
jackRizzar: doesn't show hand
*** SUMMARY ***
Total pot $2 | Rake $0
Seat 1: MMM 22666 (button) (small blind) folded before Flop
Seat 2: jackRizzar (big blind) collected ($2)


PokerStars Hand #161248283472:  Hold'em Limit ($3/$6 USD) - 2016/11/11 14:27:22 ET
Table 'Gudy' 6-max Seat #2 is the button
Seat 1: MMM 22666 ($58.26 in chips)
Seat 2: jackRizzar ($159.40 in chips)
jackRizzar: posts small blind $1
MMM 22666: posts big blind $3
*** HOLE CARDS ***
jackRizzar: raises $3 to $6
MMM 22666: calls $3
*** FLOP *** [Ks 2c Ad]
MMM 22666: checks
jackRizzar: bets $3
MMM 22666: folds
Uncalled bet ($3) returned to jackRizzar
jackRizzar collected $11.76 from pot
jackRizzar: doesn't show hand
*** SUMMARY ***
Total pot $12 | Rake $0.24
Board [Ks 2c Ad]
Seat 1: MMM 22666 (big blind) folded on the Flop
Seat 2: jackRizzar (button) (small blind) collected ($11.76)


PokerStars Hand #161248295438:  Hold'em Limit ($3/$6 USD) - 2016/11/11 14:27:36 ET
Table 'Gudy' 6-max Seat #1 is the button
Seat 1: MMM 22666 ($52.26 in chips)
Seat 2: jackRizzar ($165.16 in chips)
MMM 22666: posts small blind $1
jackRizzar: posts big blind $3
*** HOLE CARDS ***
MMM 22666: calls $2
jackRizzar: checks
*** FLOP *** [5s 9d 8s]
jackRizzar: checks
MMM 22666: bets $3
jackRizzar: folds
Uncalled bet ($3) returned to MMM 22666
MMM 22666 collected $5.88 from pot
*** SUMMARY ***
Total pot $6 | Rake $0.12
Board [5s 9d 8s]
Seat 1: MMM 22666 (button) (small blind) collected ($5.88)
Seat 2: jackRizzar (big blind) folded on the Flop


PokerStars Hand #161248316624:  Hold'em Limit ($3/$6 USD) - 2016/11/11 14:28:01 ET
Table 'Gudy' 6-max Seat #2 is the button
Seat 1: MMM 22666 ($55.14 in chips)
Seat 2: jackRizzar ($162.16 in chips)
jackRizzar: posts small blind $1
MMM 22666: posts big blind $3
*** HOLE CARDS ***
jackRizzar: raises $3 to $6
MMM 22666: calls $3
*** FLOP *** [Ts Kc 7d]
MMM 22666: checks
jackRizzar: bets $3
MMM 22666: calls $3
*** TURN *** [Ts Kc 7d] [9s]
MMM 22666: checks
jackRizzar: bets $6
MMM 22666: calls $6
*** RIVER *** [Ts Kc 7d 9s] [5h]
MMM 22666: checks
jackRizzar: checks
*** SHOW DOWN ***
MMM 22666: shows [5s Kd] (two pair, Kings and Fives)
jackRizzar: mucks hand
MMM 22666 collected $29.50 from pot
*** SUMMARY ***
Total pot $30 | Rake $0.50
Board [Ts Kc 7d 9s 5h]
Seat 1: MMM 22666 (big blind) showed [5s Kd] and won ($29.50) with two pair, Kings and Fives
Seat 2: jackRizzar (button) (small blind) mucked


PokerStars Hand #161248333830:  Hold'em Limit ($3/$6 USD) - 2016/11/11 14:28:21 ET
Table 'Gudy' 6-max Seat #1 is the button
Seat 1: MMM 22666 ($69.64 in chips)
Seat 2: jackRizzar ($147.16 in chips)
MMM 22666: posts small blind $1
jackRizzar: posts big blind $3
*** HOLE CARDS ***
MMM 22666: calls $2
jackRizzar: raises $3 to $6
MMM 22666: calls $3
*** FLOP *** [Ac Jc 3s]
jackRizzar: bets $3
MMM 22666: calls $3
*** TURN *** [Ac Jc 3s] [Kd]
jackRizzar: bets $6
MMM 22666: raises $6 to $12
jackRizzar: calls $6
*** RIVER *** [Ac Jc 3s Kd] [3h]
jackRizzar: checks
MMM 22666: bets $6
jackRizzar: calls $6
*** SHOW DOWN ***
MMM 22666: shows [3c 3d] (four of a kind, Threes)
jackRizzar: mucks hand
MMM 22666 collected $53.50 from pot
*** SUMMARY ***
Total pot $54 | Rake $0.50
Board [Ac Jc 3s Kd 3h]
Seat 1: MMM 22666 (button) (small blind) showed [3c 3d] and won ($53.50) with four of a kind, Threes
Seat 2: jackRizzar (big blind) mucked


PokerStars Hand #161248360911:  Hold'em Limit ($3/$6 USD) - 2016/11/11 14:28:53 ET
Table 'Gudy' 6-max Seat #2 is the button
Seat 1: MMM 22666 ($96.14 in chips)
Seat 2: jackRizzar ($120.16 in chips)
jackRizzar: posts small blind $1
MMM 22666: posts big blind $3
*** HOLE CARDS ***
jackRizzar: raises $3 to $6
MMM 22666: calls $3
*** FLOP *** [9h 5s 2d]
MMM 22666: checks
jackRizzar: bets $3
MMM 22666: calls $3
*** TURN *** [9h 5s 2d] [Qc]
MMM 22666: checks
jackRizzar: bets $6
MMM 22666: folds
Uncalled bet ($6) returned to jackRizzar
jackRizzar collected $17.64 from pot
jackRizzar: doesn't show hand
*** SUMMARY ***
Total pot $18 | Rake $0.36
Board [9h 5s 2d Qc]
Seat 1: MMM 22666 (big blind) folded on the Turn
Seat 2: jackRizzar (button) (small blind) collected ($17.64)


PokerStars Hand #161248380098:  Hold'em Limit ($3/$6 USD) - 2016/11/11 14:29:16 ET
Table 'Gudy' 6-max Seat #1 is the button
Seat 1: MMM 22666 ($87.14 in chips)
Seat 2: jackRizzar ($128.80 in chips)
MMM 22666: posts small blind $1
jackRizzar: posts big blind $3
*** HOLE CARDS ***
MMM 22666: raises $3 to $6
jackRizzar: raises $3 to $9
MMM 22666: calls $3
*** FLOP *** [2c Ts 3d]
jackRizzar: bets $3
MMM 22666: calls $3
*** TURN *** [2c Ts 3d] [Ac]
jackRizzar: bets $6
MMM 22666: calls $6
*** RIVER *** [2c Ts 3d Ac] [6s]
jackRizzar: checks
MMM 22666: bets $6
jackRizzar: calls $6
*** SHOW DOWN ***
MMM 22666: shows [4s 4c] (a pair of Fours)
jackRizzar: shows [8s 8h] (a pair of Eights)
jackRizzar collected $47.50 from pot
*** SUMMARY ***
Total pot $48 | Rake $0.50
Board [2c Ts 3d Ac 6s]
Seat 1: MMM 22666 (button) (small blind) showed [4s 4c] and lost with a pair of Fours
Seat 2: jackRizzar (big blind) showed [8s 8h] and won ($47.50) with a pair of Eights


PokerStars Hand #161248398467:  Hold'em Limit ($3/$6 USD) - 2016/11/11 14:29:38 ET
Table 'Gudy' 6-max Seat #2 is the button
Seat 1: MMM 22666 ($63.14 in chips)
Seat 2: jackRizzar ($152.30 in chips)
jackRizzar: posts small blind $1
MMM 22666: posts big blind $3
*** HOLE CARDS ***
jackRizzar: raises $3 to $6
MMM 22666: calls $3
*** FLOP *** [9c 6d Jh]
MMM 22666: checks
jackRizzar: bets $3
MMM 22666: calls $3
*** TURN *** [9c 6d Jh] [5h]
MMM 22666: checks
jackRizzar: bets $6
MMM 22666: calls $6
*** RIVER *** [9c 6d Jh 5h] [5d]
MMM 22666: checks
jackRizzar: checks
*** SHOW DOWN ***
MMM 22666: shows [Ah 8d] (a pair of Fives)
jackRizzar: shows [4h 4d] (two pair, Fives and Fours)
jackRizzar collected $29.50 from pot
*** SUMMARY ***
Total pot $30 | Rake $0.50
Board [9c 6d Jh 5h 5d]
Seat 1: MMM 22666 (big blind) showed [Ah 8d] and lost with a pair of Fives
Seat 2: jackRizzar (button) (small blind) showed [4h 4d] and won ($29.50) with two pair, Fives and Fours


PokerStars Hand #161248421688:  Hold'em Limit ($3/$6 USD) - 2016/11/11 14:30:06 ET
Table 'Gudy' 6-max Seat #1 is the button
Seat 1: MMM 22666 ($48.14 in chips)
Seat 2: jackRizzar ($166.80 in chips)
MMM 22666: posts small blind $1
jackRizzar: posts big blind $3
*** HOLE CARDS ***
MMM 22666: calls $2
jackRizzar: raises $3 to $6
MMM 22666: calls $3
*** FLOP *** [3d Kh 6d]
jackRizzar: bets $3
MMM 22666: folds
Uncalled bet ($3) returned to jackRizzar
jackRizzar collected $11.76 from pot
jackRizzar: doesn't show hand
*** SUMMARY ***
Total pot $12 | Rake $0.24
Board [3d Kh 6d]
Seat 1: MMM 22666 (button) (small blind) folded on the Flop
Seat 2: jackRizzar (big blind) collected ($11.76)


PokerStars Hand #161248450292:  Hold'em Limit ($3/$6 USD) - 2016/11/11 14:30:39 ET
Table 'Gudy' 6-max Seat #2 is the button
Seat 1: MMM 22666 ($42.14 in chips)
Seat 2: jackRizzar ($172.56 in chips)
jackRizzar: posts small blind $1
MMM 22666: posts big blind $3
*** HOLE CARDS ***
jackRizzar: raises $3 to $6
MMM 22666: calls $3
*** FLOP *** [9d 3d As]
MMM 22666: checks
jackRizzar: bets $3
MMM 22666: folds
Uncalled bet ($3) returned to jackRizzar
jackRizzar collected $11.76 from pot
jackRizzar: doesn't show hand
*** SUMMARY ***
Total pot $12 | Rake $0.24
Board [9d 3d As]
Seat 1: MMM 22666 (big blind) folded on the Flop
Seat 2: jackRizzar (button) (small blind) collected ($11.76)


PokerStars Hand #161248463297:  Hold'em Limit ($3/$6 USD) - 2016/11/11 14:30:54 ET
Table 'Gudy' 6-max Seat #1 is the button
Seat 1: MMM 22666 ($36.14 in chips)
Seat 2: jackRizzar ($178.32 in chips)
MMM 22666: posts small blind $1
jackRizzar: posts big blind $3
*** HOLE CARDS ***
MMM 22666: raises $3 to $6
jackRizzar: raises $3 to $9
MMM 22666: raises $3 to $12
Betting is capped
jackRizzar: calls $3
*** FLOP *** [Qc Jc Ts]
jackRizzar: checks
MMM 22666: bets $3
jackRizzar: raises $3 to $6
MMM 22666: calls $3
*** TURN *** [Qc Jc Ts] [3s]
jackRizzar: bets $6
MMM 22666: calls $6
*** RIVER *** [Qc Jc Ts 3s] [2s]
jackRizzar: bets $6
MMM 22666: folds
Uncalled bet ($6) returned to jackRizzar
jackRizzar collected $47.50 from pot
jackRizzar: doesn't show hand
*** SUMMARY ***
Total pot $48 | Rake $0.50
Board [Qc Jc Ts 3s 2s]
Seat 1: MMM 22666 (button) (small blind) folded on the River
Seat 2: jackRizzar (big blind) collected ($47.50)


PokerStars Hand #161248491404:  Hold'em Limit ($3/$6 USD) - 2016/11/11 14:31:28 ET
Table 'Gudy' 6-max Seat #2 is the button
Seat 1: MMM 22666 ($12.14 in chips)
Seat 2: jackRizzar ($201.82 in chips)
jackRizzar: posts small blind $1
MMM 22666: posts big blind $3
*** HOLE CARDS ***
jackRizzar: raises $3 to $6
MMM 22666: raises $3 to $9
jackRizzar: calls $3
*** FLOP *** [4h 7c Jc]
MMM 22666: bets $3
jackRizzar: calls $3
*** TURN *** [4h 7c Jc] [Js]
MMM 22666: bets $0.14 and is all-in
jackRizzar: calls $0.14
*** RIVER *** [4h 7c Jc Js] [7h]
*** SHOW DOWN ***
MMM 22666: shows [5s 5c] (two pair, Jacks and Sevens)
jackRizzar: shows [Ah Tc] (two pair, Jacks and Sevens - Ace kicker)
jackRizzar collected $23.79 from pot
*** SUMMARY ***
Total pot $24.28 | Rake $0.49
Board [4h 7c Jc Js 7h]
Seat 1: MMM 22666 (big blind) showed [5s 5c] and lost with two pair, Jacks and Sevens
Seat 2: jackRizzar (button) (small blind) showed [Ah Tc] and won ($23.79) with two pair, Jacks and Sevens


