PokerStars Hand #175524473607:  Hold'em Limit ($3/$6 USD) - 2017/09/11 18:16:22 ET
Table 'Gudy' 6-max Seat #4 is the button
Seat 3: Jesper0808 ($25.98 in chips)
Seat 4: Saloxidin ($47.92 in chips)
Saloxidin: posts small blind $1
B_loJkl: is sitting out
Jesper0808: posts big blind $3
*** HOLE CARDS ***
Saloxidin: raises $3 to $6
Jesper0808: calls $3
*** FLOP *** [2s 3d Ks]
Jesper0808: checks
Saloxidin: bets $3
Jesper0808: folds
Uncalled bet ($3) returned to Saloxidin
Saloxidin collected $11.76 from pot
*** SUMMARY ***
Total pot $12 | Rake $0.24
Board [2s 3d Ks]
Seat 3: Jesper0808 (big blind) folded on the Flop
Seat 4: Saloxidin (button) (small blind) collected ($11.76)


PokerStars Hand #175524493566:  Hold'em Limit ($3/$6 USD) - 2017/09/11 18:16:50 ET
Table 'Gudy' 6-max Seat #3 is the button
Seat 3: Jesper0808 ($19.98 in chips)
Seat 4: Saloxidin ($53.68 in chips)
Jesper0808: posts small blind $1
Saloxidin: posts big blind $3
*** HOLE CARDS ***
Jesper0808: raises $3 to $6
Saloxidin: calls $3
*** FLOP *** [8h Qc 3s]
Saloxidin: checks
Jesper0808: bets $3
Saloxidin: folds
Uncalled bet ($3) returned to Jesper0808
Saloxidin leaves the table
Jesper0808 collected $11.76 from pot
Jesper0808: doesn't show hand
*** SUMMARY ***
Total pot $12 | Rake $0.24
Board [8h Qc 3s]
Seat 3: Jesper0808 (button) (small blind) collected ($11.76)
Seat 4: Saloxidin (big blind) folded on the Flop


