PokerStars Hand #148637634249:  Hold'em Limit ($3/$6 USD) - 2016/02/11 16:23:24 ET
Table 'Guisan II' 6-max Seat #1 is the button
Seat 1: MusicalClown ($79 in chips)
Seat 3: JayEm82 ($170.97 in chips)
MusicalClown: posts small blind $1
JayEm82: posts big blind $3
*** HOLE CARDS ***
MusicalClown: raises $3 to $6
JayEm82: folds
Uncalled bet ($3) returned to MusicalClown
MusicalClown collected $6 from pot
MusicalClown: doesn't show hand
*** SUMMARY ***
Total pot $6 | Rake $0
Seat 1: MusicalClown (button) (small blind) collected ($6)
Seat 3: JayEm82 (big blind) folded before Flop


PokerStars Hand #148637629697:  Hold'em Limit ($3/$6 USD) - 2016/02/11 16:23:20 ET
Table 'Guisan II' 6-max Seat #3 is the button
Seat 1: MusicalClown ($78 in chips)
Seat 3: JayEm82 ($171.97 in chips)
JayEm82: posts small blind $1
MusicalClown: posts big blind $3
*** HOLE CARDS ***
JayEm82: folds
Uncalled bet ($2) returned to MusicalClown
MusicalClown collected $2 from pot
MusicalClown: doesn't show hand
*** SUMMARY ***
Total pot $2 | Rake $0
Seat 1: MusicalClown (big blind) collected ($2)
Seat 3: JayEm82 (button) (small blind) folded before Flop


PokerStars Hand #148637623299:  Hold'em Limit ($3/$6 USD) - 2016/02/11 16:23:14 ET
Table 'Guisan II' 6-max Seat #1 is the button
Seat 1: MusicalClown ($78 in chips)
Seat 3: JayEm82 ($170.97 in chips)
MusicalClown: posts small blind $1
JayEm82: posts big blind $3
*** HOLE CARDS ***
MusicalClown: folds
Uncalled bet ($2) returned to JayEm82
JayEm82 collected $2 from pot
JayEm82: doesn't show hand
*** SUMMARY ***
Total pot $2 | Rake $0
Seat 1: MusicalClown (button) (small blind) folded before Flop
Seat 3: JayEm82 (big blind) collected ($2)


PokerStars Hand #148637639591:  Hold'em Limit ($3/$6 USD) - 2016/02/11 16:23:29 ET
Table 'Guisan II' 6-max Seat #3 is the button
Seat 1: MusicalClown ($82 in chips)
Seat 3: JayEm82 ($167.97 in chips)
JayEm82: posts small blind $1
MusicalClown: posts big blind $3
*** HOLE CARDS ***
JayEm82: raises $3 to $6
MusicalClown: folds
Uncalled bet ($3) returned to JayEm82
JayEm82 collected $6 from pot
JayEm82: doesn't show hand
*** SUMMARY ***
Total pot $6 | Rake $0
Seat 1: MusicalClown (big blind) folded before Flop
Seat 3: JayEm82 (button) (small blind) collected ($6)


PokerStars Hand #148637591398:  Hold'em Limit ($3/$6 USD) - 2016/02/11 16:22:45 ET
Table 'Guisan II' 6-max Seat #3 is the button
Seat 1: MusicalClown ($78 in chips)
Seat 3: JayEm82 ($153.47 in chips)
JayEm82: posts small blind $1
ValeryRon: is sitting out
MusicalClown: posts big blind $3
*** HOLE CARDS ***
JayEm82: raises $3 to $6
MusicalClown: calls $3
*** FLOP *** [Jc 7s Qh]
ValeryRon leaves the table
MusicalClown: checks
JayEm82: checks
*** TURN *** [Jc 7s Qh] [Jd]
MusicalClown: bets $6
JayEm82: calls $6
*** RIVER *** [Jc 7s Qh Jd] [6h]
MusicalClown: bets $6
JayEm82: calls $6
*** SHOW DOWN ***
MusicalClown: shows [Ks 7d] (two pair, Jacks and Sevens)
JayEm82: shows [Tc Ts] (two pair, Jacks and Tens)
JayEm82 collected $35.50 from pot
*** SUMMARY ***
Total pot $36 | Rake $0.50
Board [Jc 7s Qh Jd 6h]
Seat 1: MusicalClown (big blind) showed [Ks 7d] and lost with two pair, Jacks and Sevens
Seat 3: JayEm82 (button) (small blind) showed [Tc Ts] and won ($35.50) with two pair, Jacks and Tens


PokerStars Hand #148637646658:  Hold'em Limit ($3/$6 USD) - 2016/02/11 16:23:36 ET
Table 'Guisan II' 6-max Seat #1 is the button
Seat 1: MusicalClown ($79 in chips)
Seat 3: JayEm82 ($170.97 in chips)
MusicalClown: posts small blind $1
JayEm82: posts big blind $3
*** HOLE CARDS ***
MusicalClown: raises $3 to $6
JayEm82: calls $3
*** FLOP *** [3c 5d Kh]
JayEm82: checks
MusicalClown: bets $3
JayEm82: calls $3
*** TURN *** [3c 5d Kh] [8s]
JayEm82: checks
MusicalClown: bets $6
JayEm82: calls $6
*** RIVER *** [3c 5d Kh 8s] [6c]
JayEm82: checks
MusicalClown: bets $6
JayEm82: calls $6
*** SHOW DOWN ***
MusicalClown: shows [6d 7h] (a pair of Sixes)
JayEm82: mucks hand
MusicalClown collected $41.50 from pot
*** SUMMARY ***
Total pot $42 | Rake $0.50
Board [3c 5d Kh 8s 6c]
Seat 1: MusicalClown (button) (small blind) showed [6d 7h] and won ($41.50) with a pair of Sixes
Seat 3: JayEm82 (big blind) mucked


PokerStars Hand #148637693932:  Hold'em Limit ($3/$6 USD) - 2016/02/11 16:24:19 ET
Table 'Guisan II' 6-max Seat #3 is the button
Seat 1: MusicalClown ($99.50 in chips)
Seat 3: JayEm82 ($149.97 in chips)
JayEm82: posts small blind $1
MusicalClown: posts big blind $3
*** HOLE CARDS ***
JayEm82: raises $3 to $6
MusicalClown: calls $3
*** FLOP *** [7h 3d 2c]
MusicalClown: checks
JayEm82: bets $3
MusicalClown: raises $3 to $6
JayEm82: calls $3
*** TURN *** [7h 3d 2c] [6h]
MusicalClown: bets $6
JayEm82: calls $6
*** RIVER *** [7h 3d 2c 6h] [Kc]
MusicalClown: bets $6
JayEm82: calls $6
*** SHOW DOWN ***
MusicalClown: shows [7s Tc] (a pair of Sevens)
JayEm82: mucks hand
MusicalClown collected $47.50 from pot
*** SUMMARY ***
Total pot $48 | Rake $0.50
Board [7h 3d 2c 6h Kc]
Seat 1: MusicalClown (big blind) showed [7s Tc] and won ($47.50) with a pair of Sevens
Seat 3: JayEm82 (button) (small blind) mucked


PokerStars Hand #148637745221:  Hold'em Limit ($3/$6 USD) - 2016/02/11 16:25:06 ET
Table 'Guisan II' 6-max Seat #1 is the button
Seat 1: MusicalClown ($123 in chips)
Seat 3: JayEm82 ($125.97 in chips)
MusicalClown: posts small blind $1
JayEm82: posts big blind $3
*** HOLE CARDS ***
MusicalClown: raises $3 to $6
JayEm82: folds
Uncalled bet ($3) returned to MusicalClown
MusicalClown collected $6 from pot
MusicalClown: doesn't show hand
Alphabeta90 joins the table at seat #4
*** SUMMARY ***
Total pot $6 | Rake $0
Seat 1: MusicalClown (button) (small blind) collected ($6)
Seat 3: JayEm82 (big blind) folded before Flop


