PokerStars Hand #148649719484:  Hold'em Limit ($3/$6 USD) - 2016/02/11 20:20:52 ET
Table 'Guisan II' 6-max Seat #1 is the button
Seat 1: MusicalClown ($143.52 in chips)
Seat 5: Rmk1500 ($78.80 in chips)
MusicalClown: posts small blind $1
ToDaFelt: is sitting out
Rmk1500: posts big blind $3
*** HOLE CARDS ***
ToDaFelt leaves the table
MusicalClown: raises $3 to $6
Rmk1500: calls $3
*** FLOP *** [Kh 7h 6d]
Rmk1500: checks
MusicalClown: bets $3
Rmk1500: folds
Uncalled bet ($3) returned to MusicalClown
MusicalClown collected $11.76 from pot
MusicalClown: doesn't show hand
*** SUMMARY ***
Total pot $12 | Rake $0.24
Board [Kh 7h 6d]
Seat 1: MusicalClown (button) (small blind) collected ($11.76)
Seat 5: Rmk1500 (big blind) folded on the Flop


PokerStars Hand #148650889605:  Hold'em Limit ($3/$6 USD) - 2016/02/11 20:58:24 ET
Table 'Guisan II' 6-max Seat #6 is the button
Seat 3: siphydawg ($57.06 in chips)
Seat 6: Danchenko063 ($69.26 in chips)
Danchenko063: posts small blind $1
siphydawg: posts big blind $3
*** HOLE CARDS ***
sienvan joins the table at seat #1
Danchenko063: raises $3 to $6
ToDaFelt joins the table at seat #4
siphydawg: calls $3
*** FLOP *** [5h 7h 6d]
siphydawg: checks
Danchenko063: bets $3
siphydawg: calls $3
*** TURN *** [5h 7h 6d] [3h]
siphydawg: bets $6
Danchenko063: raises $6 to $12
siphydawg: calls $6
*** RIVER *** [5h 7h 6d 3h] [Kc]
siphydawg: bets $6
Danchenko063: raises $6 to $12
siphydawg: calls $6
*** SHOW DOWN ***
Danchenko063: shows [4d Ad] (a straight, Three to Seven)
siphydawg: shows [5d 4c] (a straight, Three to Seven)
siphydawg collected $32.75 from pot
Danchenko063 collected $32.75 from pot
*** SUMMARY ***
Total pot $66 | Rake $0.50
Board [5h 7h 6d 3h Kc]
Seat 3: siphydawg (big blind) showed [5d 4c] and won ($32.75) with a straight, Three to Seven
Seat 6: Danchenko063 (button) (small blind) showed [4d Ad] and won ($32.75) with a straight, Three to Seven


PokerStars Hand #148654584436:  Hold'em Limit ($3/$6 USD) - 2016/02/11 23:36:40 ET
Table 'Guisan II' 6-max Seat #6 is the button
Seat 4: ToDaFelt ($180.42 in chips)
Seat 6: Johnliu ($209.24 in chips)
Johnliu: posts small blind $1
Necromadx: is sitting out
ToDaFelt: posts big blind $3
*** HOLE CARDS ***
Johnliu: folds
Uncalled bet ($2) returned to ToDaFelt
ToDaFelt collected $2 from pot
ToDaFelt: doesn't show hand
*** SUMMARY ***
Total pot $2 | Rake $0
Seat 4: ToDaFelt (big blind) collected ($2)
Seat 6: Johnliu (button) (small blind) folded before Flop


