PokerStars Hand #173782337755:  Hold'em Limit ($3/$6 USD) - 2017/08/01 7:26:49 ET
Table 'Guisan' 6-max Seat #4 is the button
Seat 4: VolkovDmitri ($120 in chips)
Seat 5: Aragorn ll ($108.52 in chips)
VolkovDmitri: posts small blind $1
Aragorn ll: posts big blind $3
*** HOLE CARDS ***
VolkovDmitri: raises $3 to $6
Aragorn ll: calls $3
*** FLOP *** [4d 8c 6h]
Aragorn ll: checks
VolkovDmitri: checks
*** TURN *** [4d 8c 6h] [2d]
Aragorn ll: checks
VolkovDmitri: bets $6
Aragorn ll: calls $6
*** RIVER *** [4d 8c 6h 2d] [6c]
Aragorn ll: checks
LTTsci-tech joins the table at seat #3
VolkovDmitri: checks
*** SHOW DOWN ***
Aragorn ll: shows [5c 9s] (a pair of Sixes)
VolkovDmitri: shows [2h Jd] (two pair, Sixes and Deuces)
VolkovDmitri collected $23.52 from pot
*** SUMMARY ***
Total pot $24 | Rake $0.48
Board [4d 8c 6h 2d 6c]
Seat 4: VolkovDmitri (button) (small blind) showed [2h Jd] and won ($23.52) with two pair, Sixes and Deuces
Seat 5: Aragorn ll (big blind) showed [5c 9s] and lost with a pair of Sixes


PokerStars Hand #173782511460:  Hold'em Limit ($3/$6 USD) - 2017/08/01 7:33:45 ET
Table 'Guisan' 6-max Seat #6 is the button
Seat 4: VolkovDmitri ($205.39 in chips)
Seat 6: protriin ($50.89 in chips)
protriin: posts small blind $1
VolkovDmitri: posts big blind $3
*** HOLE CARDS ***
protriin: raises $3 to $6
VolkovDmitri: calls $3
*** FLOP *** [7h As Ts]
VolkovDmitri: checks
protriin: bets $3
VolkovDmitri: folds
Uncalled bet ($3) returned to protriin
protriin collected $11.76 from pot
protriin: doesn't show hand
*** SUMMARY ***
Total pot $12 | Rake $0.24
Board [7h As Ts]
Seat 4: VolkovDmitri (big blind) folded on the Flop
Seat 6: protriin (button) (small blind) collected ($11.76)


PokerStars Hand #173783304294:  Hold'em Limit ($3/$6 USD) - 2017/08/01 8:05:09 ET
Table 'Guisan' 6-max Seat #4 is the button
Seat 3: DangerMoneys ($37 in chips)
Seat 4: VolkovDmitri ($120 in chips)
VolkovDmitri: posts small blind $1
DangerMoneys: posts big blind $3
*** HOLE CARDS ***
VolkovDmitri: raises $3 to $6
DangerMoneys: raises $3 to $9
VolkovDmitri: raises $3 to $12
Betting is capped
DangerMoneys: calls $3
*** FLOP *** [2h 9s 9h]
DangerMoneys: checks
VolkovDmitri: bets $3
DangerMoneys: calls $3
*** TURN *** [2h 9s 9h] [5c]
DangerMoneys: checks
VolkovDmitri: bets $6
DangerMoneys: calls $6
*** RIVER *** [2h 9s 9h 5c] [Qs]
DangerMoneys: checks
VolkovDmitri: bets $6
DangerMoneys: folds
Uncalled bet ($6) returned to VolkovDmitri
VolkovDmitri collected $41.50 from pot
VolkovDmitri: doesn't show hand
*** SUMMARY ***
Total pot $42 | Rake $0.50
Board [2h 9s 9h 5c Qs]
Seat 3: DangerMoneys (big blind) folded on the River
Seat 4: VolkovDmitri (button) (small blind) collected ($41.50)


PokerStars Hand #173783315057:  Hold'em Limit ($3/$6 USD) - 2017/08/01 8:05:34 ET
Table 'Guisan' 6-max Seat #3 is the button
Seat 3: DangerMoneys ($16 in chips)
Seat 4: VolkovDmitri ($140.50 in chips)
DangerMoneys: posts small blind $1
VolkovDmitri: posts big blind $3
*** HOLE CARDS ***
DangerMoneys: raises $3 to $6
VolkovDmitri: raises $3 to $9
DangerMoneys: calls $3
*** FLOP *** [Qc 7c 7d]
VolkovDmitri: bets $3
DangerMoneys: raises $3 to $6
VolkovDmitri: raises $3 to $9
DangerMoneys: calls $1 and is all-in
Uncalled bet ($2) returned to VolkovDmitri
*** TURN *** [Qc 7c 7d] [9d]
*** RIVER *** [Qc 7c 7d 9d] [3d]
*** SHOW DOWN ***
VolkovDmitri: shows [Ah Jd] (a pair of Sevens)
DangerMoneys: shows [5s 8s] (a pair of Sevens - lower kicker)
VolkovDmitri collected $31.50 from pot
*** SUMMARY ***
Total pot $32 | Rake $0.50
Board [Qc 7c 7d 9d 3d]
Seat 3: DangerMoneys (button) (small blind) showed [5s 8s] and lost with a pair of Sevens
Seat 4: VolkovDmitri (big blind) showed [Ah Jd] and won ($31.50) with a pair of Sevens


PokerStars Hand #173783334554:  Hold'em Limit ($3/$6 USD) - 2017/08/01 8:06:18 ET
Table 'Guisan' 6-max Seat #3 is the button
Seat 3: DangerMoneys ($37 in chips)
Seat 4: VolkovDmitri ($159 in chips)
DangerMoneys: posts small blind $1
VolkovDmitri: posts big blind $3
*** HOLE CARDS ***
DangerMoneys: folds
Uncalled bet ($2) returned to VolkovDmitri
VolkovDmitri collected $2 from pot
VolkovDmitri: doesn't show hand
*** SUMMARY ***
Total pot $2 | Rake $0
Seat 3: DangerMoneys (button) (small blind) folded before Flop
Seat 4: VolkovDmitri (big blind) collected ($2)


PokerStars Hand #173783331325:  Hold'em Limit ($3/$6 USD) - 2017/08/01 8:06:11 ET
Table 'Guisan' 6-max Seat #4 is the button
Seat 3: DangerMoneys ($40 in chips)
Seat 4: VolkovDmitri ($156 in chips)
VolkovDmitri: posts small blind $1
DangerMoneys: posts big blind $3
*** HOLE CARDS ***
VolkovDmitri: raises $3 to $6
DangerMoneys: folds
Uncalled bet ($3) returned to VolkovDmitri
VolkovDmitri collected $6 from pot
VolkovDmitri: doesn't show hand
*** SUMMARY ***
Total pot $6 | Rake $0
Seat 3: DangerMoneys (big blind) folded before Flop
Seat 4: VolkovDmitri (button) (small blind) collected ($6)


PokerStars Hand #173783336557:  Hold'em Limit ($3/$6 USD) - 2017/08/01 8:06:23 ET
Table 'Guisan' 6-max Seat #4 is the button
Seat 3: DangerMoneys ($36 in chips)
Seat 4: VolkovDmitri ($160 in chips)
VolkovDmitri: posts small blind $1
DangerMoneys: posts big blind $3
*** HOLE CARDS ***
VolkovDmitri: raises $3 to $6
DangerMoneys: calls $3
*** FLOP *** [5c Qs Kh]
DangerMoneys: checks
VolkovDmitri: bets $3
DangerMoneys: raises $3 to $6
VolkovDmitri: folds
Uncalled bet ($3) returned to DangerMoneys
DangerMoneys collected $17.64 from pot
*** SUMMARY ***
Total pot $18 | Rake $0.36
Board [5c Qs Kh]
Seat 3: DangerMoneys (big blind) collected ($17.64)
Seat 4: VolkovDmitri (button) (small blind) folded on the Flop


PokerStars Hand #173783346856:  Hold'em Limit ($3/$6 USD) - 2017/08/01 8:06:46 ET
Table 'Guisan' 6-max Seat #3 is the button
Seat 3: DangerMoneys ($44.64 in chips)
Seat 4: VolkovDmitri ($151 in chips)
DangerMoneys: posts small blind $1
VolkovDmitri: posts big blind $3
*** HOLE CARDS ***
DangerMoneys: raises $3 to $6
VolkovDmitri: raises $3 to $9
DangerMoneys: calls $3
*** FLOP *** [9c Kh 9h]
VolkovDmitri: bets $3
DangerMoneys: calls $3
*** TURN *** [9c Kh 9h] [3h]
VolkovDmitri: checks
DangerMoneys: bets $6
VolkovDmitri: calls $6
*** RIVER *** [9c Kh 9h 3h] [2s]
VolkovDmitri: checks
DangerMoneys: checks
*** SHOW DOWN ***
VolkovDmitri: shows [As 3s] (two pair, Nines and Threes)
DangerMoneys: mucks hand
VolkovDmitri collected $35.50 from pot
*** SUMMARY ***
Total pot $36 | Rake $0.50
Board [9c Kh 9h 3h 2s]
Seat 3: DangerMoneys (button) (small blind) mucked
Seat 4: VolkovDmitri (big blind) showed [As 3s] and won ($35.50) with two pair, Nines and Threes


PokerStars Hand #173783362486:  Hold'em Limit ($3/$6 USD) - 2017/08/01 8:07:22 ET
Table 'Guisan' 6-max Seat #4 is the button
Seat 3: DangerMoneys ($26.64 in chips)
Seat 4: VolkovDmitri ($168.50 in chips)
VolkovDmitri: posts small blind $1
DangerMoneys: posts big blind $3
*** HOLE CARDS ***
VolkovDmitri: raises $3 to $6
DangerMoneys: calls $3
*** FLOP *** [Td 3c 6c]
DangerMoneys: checks
VolkovDmitri: bets $3
DangerMoneys: raises $3 to $6
VolkovDmitri: calls $3
*** TURN *** [Td 3c 6c] [9s]
DangerMoneys: bets $6
VolkovDmitri: raises $6 to $12
DangerMoneys: calls $6
*** RIVER *** [Td 3c 6c 9s] [3s]
DangerMoneys: checks
VolkovDmitri: bets $6
DangerMoneys: calls $2.64 and is all-in
Uncalled bet ($3.36) returned to VolkovDmitri
*** SHOW DOWN ***
VolkovDmitri: shows [7d 8d] (a straight, Six to Ten)
DangerMoneys: shows [Jc 3d] (three of a kind, Threes)
VolkovDmitri collected $52.78 from pot
*** SUMMARY ***
Total pot $53.28 | Rake $0.50
Board [Td 3c 6c 9s 3s]
Seat 3: DangerMoneys (big blind) showed [Jc 3d] and lost with three of a kind, Threes
Seat 4: VolkovDmitri (button) (small blind) showed [7d 8d] and won ($52.78) with a straight, Six to Ten


