PokerStars Hand #164301275720:  Hold'em Limit ($3/$6 USD) - 2017/01/09 12:27:35 ET
Table 'Guizhou' 6-max Seat #1 is the button
Seat 1: LifeisagameX ($84 in chips)
Seat 2: pompier40 ($120 in chips)
LifeisagameX: posts small blind $1
pompier40: posts big blind $3
*** HOLE CARDS ***
hairy1961 joins the table at seat #3
LifeisagameX: raises $3 to $6
pompier40: folds
Uncalled bet ($3) returned to LifeisagameX
LifeisagameX collected $6 from pot
LifeisagameX: doesn't show hand
*** SUMMARY ***
Total pot $6 | Rake $0
Seat 1: LifeisagameX (button) (small blind) collected ($6)
Seat 2: pompier40 (big blind) folded before Flop


PokerStars Hand #164313090169:  Hold'em Limit ($3/$6 USD) - 2017/01/09 15:50:25 ET
Table 'Guizhou' 6-max Seat #2 is the button
Seat 1: Cuxy ($28.85 in chips)
Seat 2: RaisemyNut$ ($128.82 in chips)
RaisemyNut$: posts small blind $1
Apanage: is sitting out
Koraseg: is sitting out
Cuxy: posts big blind $3
*** HOLE CARDS ***
Apanage leaves the table
RaisemyNut$: folds
Uncalled bet ($2) returned to Cuxy
Cuxy collected $2 from pot
Cuxy: doesn't show hand
*** SUMMARY ***
Total pot $2 | Rake $0
Seat 1: Cuxy (big blind) collected ($2)
Seat 2: RaisemyNut$ (button) (small blind) folded before Flop


PokerStars Hand #164313097325:  Hold'em Limit ($3/$6 USD) - 2017/01/09 15:50:31 ET
Table 'Guizhou' 6-max Seat #1 is the button
Seat 1: Cuxy ($29.85 in chips)
Seat 2: RaisemyNut$ ($127.82 in chips)
Cuxy: posts small blind $1
RaisemyNut$: posts big blind $3
*** HOLE CARDS ***
Koraseg leaves the table
Cuxy: folds
Uncalled bet ($2) returned to RaisemyNut$
RaisemyNut$ collected $2 from pot
RaisemyNut$: doesn't show hand
*** SUMMARY ***
Total pot $2 | Rake $0
Seat 1: Cuxy (button) (small blind) folded before Flop
Seat 2: RaisemyNut$ (big blind) collected ($2)


PokerStars Hand #164313113899:  Hold'em Limit ($3/$6 USD) - 2017/01/09 15:50:47 ET
Table 'Guizhou' 6-max Seat #1 is the button
Seat 1: Cuxy ($29.85 in chips)
Seat 2: RaisemyNut$ ($127.82 in chips)
Cuxy: posts small blind $1
RaisemyNut$: posts big blind $3
*** HOLE CARDS ***
Cuxy: raises $3 to $6
RaisemyNut$: calls $3
*** FLOP *** [6c 9h 6s]
RaisemyNut$: bets $3
Cuxy: calls $3
*** TURN *** [6c 9h 6s] [6d]
RaisemyNut$: bets $6
Cuxy: calls $6
*** RIVER *** [6c 9h 6s 6d] [9d]
RaisemyNut$: checks
Cuxy: bets $6
RaisemyNut$: calls $6
*** SHOW DOWN ***
Cuxy: shows [4c 4h] (a full house, Sixes full of Nines)
RaisemyNut$: shows [7h Tc] (a full house, Sixes full of Nines)
RaisemyNut$ collected $20.75 from pot
Cuxy collected $20.75 from pot
*** SUMMARY ***
Total pot $42 | Rake $0.50
Board [6c 9h 6s 6d 9d]
Seat 1: Cuxy (button) (small blind) showed [4c 4h] and won ($20.75) with a full house, Sixes full of Nines
Seat 2: RaisemyNut$ (big blind) showed [7h Tc] and won ($20.75) with a full house, Sixes full of Nines


PokerStars Hand #164313108288:  Hold'em Limit ($3/$6 USD) - 2017/01/09 15:50:42 ET
Table 'Guizhou' 6-max Seat #2 is the button
Seat 1: Cuxy ($28.85 in chips)
Seat 2: RaisemyNut$ ($128.82 in chips)
RaisemyNut$: posts small blind $1
Cuxy: posts big blind $3
*** HOLE CARDS ***
RaisemyNut$: folds
Uncalled bet ($2) returned to Cuxy
Cuxy collected $2 from pot
Cuxy: doesn't show hand
*** SUMMARY ***
Total pot $2 | Rake $0
Seat 1: Cuxy (big blind) collected ($2)
Seat 2: RaisemyNut$ (button) (small blind) folded before Flop


PokerStars Hand #164313205772:  Hold'em Limit ($3/$6 USD) - 2017/01/09 15:52:14 ET
Table 'Guizhou' 6-max Seat #1 is the button
Seat 1: Cuxy ($8.60 in chips)
Seat 2: RaisemyNut$ ($148.07 in chips)
Cuxy: posts small blind $1
RaisemyNut$: posts big blind $3
*** HOLE CARDS ***
Cuxy: folds
Uncalled bet ($2) returned to RaisemyNut$
RaisemyNut$ collected $2 from pot
RaisemyNut$: doesn't show hand
*** SUMMARY ***
Total pot $2 | Rake $0
Seat 1: Cuxy (button) (small blind) folded before Flop
Seat 2: RaisemyNut$ (big blind) collected ($2)


PokerStars Hand #164313148848:  Hold'em Limit ($3/$6 USD) - 2017/01/09 15:51:20 ET
Table 'Guizhou' 6-max Seat #2 is the button
Seat 1: Cuxy ($29.60 in chips)
Seat 2: RaisemyNut$ ($127.57 in chips)
RaisemyNut$: posts small blind $1
Cuxy: posts big blind $3
*** HOLE CARDS ***
RaisemyNut$: raises $3 to $6
Cuxy: calls $3
*** FLOP *** [Qd 4d 5h]
Cuxy: bets $3
RaisemyNut$: calls $3
*** TURN *** [Qd 4d 5h] [Td]
Cuxy: bets $6
RaisemyNut$: raises $6 to $12
Cuxy: calls $6
*** RIVER *** [Qd 4d 5h Td] [Jc]
Cuxy: checks
RaisemyNut$: bets $6
hairy1961 joins the table at seat #6
Cuxy: folds
Uncalled bet ($6) returned to RaisemyNut$
RaisemyNut$ collected $41.50 from pot
RaisemyNut$: doesn't show hand
*** SUMMARY ***
Total pot $42 | Rake $0.50
Board [Qd 4d 5h Td Jc]
Seat 1: Cuxy (big blind) folded on the River
Seat 2: RaisemyNut$ (button) (small blind) collected ($41.50)


PokerStars Hand #164313270425:  Hold'em Limit ($3/$6 USD) - 2017/01/09 15:53:15 ET
Table 'Guizhou' 6-max Seat #6 is the button
Seat 2: RaisemyNut$ ($140.07 in chips)
Seat 6: hairy1961 ($65.60 in chips)
hairy1961: posts small blind $1
RaisemyNut$: posts big blind $3
*** HOLE CARDS ***
hairy1961: folds
Uncalled bet ($2) returned to RaisemyNut$
RaisemyNut$ collected $2 from pot
RaisemyNut$: doesn't show hand
*** SUMMARY ***
Total pot $2 | Rake $0
Seat 2: RaisemyNut$ (big blind) collected ($2)
Seat 6: hairy1961 (button) (small blind) folded before Flop


PokerStars Hand #164313321418:  Hold'em Limit ($3/$6 USD) - 2017/01/09 15:54:03 ET
Table 'Guizhou' 6-max Seat #2 is the button
Seat 2: RaisemyNut$ ($127.07 in chips)
Seat 6: hairy1961 ($78.10 in chips)
RaisemyNut$: posts small blind $1
hairy1961: posts big blind $3
*** HOLE CARDS ***
RaisemyNut$: raises $3 to $6
hairy1961: raises $3 to $9
RaisemyNut$: calls $3
*** FLOP *** [Td Ks 4d]
hairy1961: bets $3
RaisemyNut$: folds
Uncalled bet ($3) returned to hairy1961
hairy1961 collected $17.64 from pot
*** SUMMARY ***
Total pot $18 | Rake $0.36
Board [Td Ks 4d]
Seat 2: RaisemyNut$ (button) (small blind) folded on the Flop
Seat 6: hairy1961 (big blind) collected ($17.64)


PokerStars Hand #164313315555:  Hold'em Limit ($3/$6 USD) - 2017/01/09 15:53:58 ET
Table 'Guizhou' 6-max Seat #6 is the button
Seat 2: RaisemyNut$ ($126.07 in chips)
Seat 6: hairy1961 ($79.10 in chips)
hairy1961: posts small blind $1
RaisemyNut$: posts big blind $3
*** HOLE CARDS ***
hairy1961: folds
Uncalled bet ($2) returned to RaisemyNut$
RaisemyNut$ collected $2 from pot
RaisemyNut$: doesn't show hand
*** SUMMARY ***
Total pot $2 | Rake $0
Seat 2: RaisemyNut$ (big blind) collected ($2)
Seat 6: hairy1961 (button) (small blind) folded before Flop


PokerStars Hand #164313276451:  Hold'em Limit ($3/$6 USD) - 2017/01/09 15:53:21 ET
Table 'Guizhou' 6-max Seat #2 is the button
Seat 2: RaisemyNut$ ($141.07 in chips)
Seat 6: hairy1961 ($64.60 in chips)
RaisemyNut$: posts small blind $1
hairy1961: posts big blind $3
*** HOLE CARDS ***
Cuxy leaves the table
RaisemyNut$: raises $3 to $6
hairy1961: calls $3
*** FLOP *** [8h 7c 3d]
hairy1961: checks
RaisemyNut$: bets $3
hairy1961: calls $3
*** TURN *** [8h 7c 3d] [9c]
hairy1961: checks
RaisemyNut$: bets $6
hairy1961: calls $6
*** RIVER *** [8h 7c 3d 9c] [8s]
hairy1961: checks
RaisemyNut$: checks
*** SHOW DOWN ***
hairy1961: shows [3c As] (two pair, Eights and Threes)
RaisemyNut$: mucks hand
hairy1961 collected $29.50 from pot
*** SUMMARY ***
Total pot $30 | Rake $0.50
Board [8h 7c 3d 9c 8s]
Seat 2: RaisemyNut$ (button) (small blind) mucked
Seat 6: hairy1961 (big blind) showed [3c As] and won ($29.50) with two pair, Eights and Threes


PokerStars Hand #164313395108:  Hold'em Limit ($3/$6 USD) - 2017/01/09 15:55:16 ET
Table 'Guizhou' 6-max Seat #2 is the button
Seat 2: RaisemyNut$ ($110.07 in chips)
Seat 6: hairy1961 ($94.26 in chips)
RaisemyNut$: posts small blind $1
hairy1961: posts big blind $3
*** HOLE CARDS ***
RaisemyNut$: raises $3 to $6
hairy1961: calls $3
*** FLOP *** [Kc Th As]
hairy1961: bets $3
RaisemyNut$: raises $3 to $6
hairy1961: calls $3
*** TURN *** [Kc Th As] [Kd]
hairy1961: checks
RaisemyNut$: bets $6
hairy1961: folds
Uncalled bet ($6) returned to RaisemyNut$
RaisemyNut$ collected $23.52 from pot
RaisemyNut$: doesn't show hand
*** SUMMARY ***
Total pot $24 | Rake $0.48
Board [Kc Th As Kd]
Seat 2: RaisemyNut$ (button) (small blind) collected ($23.52)
Seat 6: hairy1961 (big blind) folded on the Turn


PokerStars Hand #164313389963:  Hold'em Limit ($3/$6 USD) - 2017/01/09 15:55:10 ET
Table 'Guizhou' 6-max Seat #6 is the button
Seat 2: RaisemyNut$ ($109.07 in chips)
Seat 6: hairy1961 ($95.26 in chips)
hairy1961: posts small blind $1
RaisemyNut$: posts big blind $3
*** HOLE CARDS ***
hairy1961: folds
Uncalled bet ($2) returned to RaisemyNut$
RaisemyNut$ collected $2 from pot
RaisemyNut$: doesn't show hand
*** SUMMARY ***
Total pot $2 | Rake $0
Seat 2: RaisemyNut$ (big blind) collected ($2)
Seat 6: hairy1961 (button) (small blind) folded before Flop


PokerStars Hand #164313379994:  Hold'em Limit ($3/$6 USD) - 2017/01/09 15:54:59 ET
Table 'Guizhou' 6-max Seat #2 is the button
Seat 2: RaisemyNut$ ($106.07 in chips)
Seat 6: hairy1961 ($98.26 in chips)
RaisemyNut$: posts small blind $1
hairy1961: posts big blind $3
*** HOLE CARDS ***
RaisemyNut$: raises $3 to $6
hairy1961: folds
Uncalled bet ($3) returned to RaisemyNut$
RaisemyNut$ collected $6 from pot
RaisemyNut$: doesn't show hand
*** SUMMARY ***
Total pot $6 | Rake $0
Seat 2: RaisemyNut$ (button) (small blind) collected ($6)
Seat 6: hairy1961 (big blind) folded before Flop


PokerStars Hand #164313348416:  Hold'em Limit ($3/$6 USD) - 2017/01/09 15:54:29 ET
Table 'Guizhou' 6-max Seat #6 is the button
Seat 2: RaisemyNut$ ($118.07 in chips)
Seat 6: hairy1961 ($86.74 in chips)
hairy1961: posts small blind $1
RaisemyNut$: posts big blind $3
*** HOLE CARDS ***
hairy1961: calls $2
RaisemyNut$: raises $3 to $6
hairy1961: calls $3
*** FLOP *** [4h Ts Th]
RaisemyNut$: checks
hairy1961: checks
*** TURN *** [4h Ts Th] [3s]
RaisemyNut$: checks
hairy1961: checks
*** RIVER *** [4h Ts Th 3s] [Qh]
RaisemyNut$: bets $6
hairy1961: calls $6
*** SHOW DOWN ***
RaisemyNut$: shows [Kh 8d] (a pair of Tens)
hairy1961: shows [Ad 5c] (a pair of Tens - Ace kicker)
hairy1961 collected $23.52 from pot
*** SUMMARY ***
Total pot $24 | Rake $0.48
Board [4h Ts Th 3s Qh]
Seat 2: RaisemyNut$ (big blind) showed [Kh 8d] and lost with a pair of Tens
Seat 6: hairy1961 (button) (small blind) showed [Ad 5c] and won ($23.52) with a pair of Tens


PokerStars Hand #164313415482:  Hold'em Limit ($3/$6 USD) - 2017/01/09 15:55:40 ET
Table 'Guizhou' 6-max Seat #6 is the button
Seat 2: RaisemyNut$ ($121.59 in chips)
Seat 6: hairy1961 ($82.26 in chips)
hairy1961: posts small blind $1
RaisemyNut$: posts big blind $3
*** HOLE CARDS ***
hairy1961: folds
Uncalled bet ($2) returned to RaisemyNut$
RaisemyNut$ collected $2 from pot
RaisemyNut$: doesn't show hand
*** SUMMARY ***
Total pot $2 | Rake $0
Seat 2: RaisemyNut$ (big blind) collected ($2)
Seat 6: hairy1961 (button) (small blind) folded before Flop


