PokerStars Hand #164263843949:  Hold'em Limit ($3/$6 USD) - 2017/01/08 16:47:24 ET
Table 'Guizhou II' 6-max Seat #2 is the button
Seat 2: TbIP-TbIP 88 ($83.52 in chips)
Seat 4: nordschrott ($18 in chips)
TbIP-TbIP 88: posts small blind $1
nordschrott: posts big blind $3
*** HOLE CARDS ***
TbIP-TbIP 88: folds
Uncalled bet ($2) returned to nordschrott
nordschrott collected $2 from pot
*** SUMMARY ***
Total pot $2 | Rake $0
Seat 2: TbIP-TbIP 88 (button) (small blind) folded before Flop
Seat 4: nordschrott (big blind) collected ($2)


PokerStars Hand #164263824009:  Hold'em Limit ($3/$6 USD) - 2017/01/08 16:47:07 ET
Table 'Guizhou II' 6-max Seat #4 is the button
Seat 2: TbIP-TbIP 88 ($77.76 in chips)
Seat 4: nordschrott ($24 in chips)
nordschrott: posts small blind $1
TbIP-TbIP 88: posts big blind $3
*** HOLE CARDS ***
nordschrott: calls $2
TbIP-TbIP 88: raises $3 to $6
nordschrott: calls $3
*** FLOP *** [Kd 4d Th]
TbIP-TbIP 88: bets $3
nordschrott: folds
Uncalled bet ($3) returned to TbIP-TbIP 88
TbIP-TbIP 88 collected $11.76 from pot
TbIP-TbIP 88: doesn't show hand
*** SUMMARY ***
Total pot $12 | Rake $0.24
Board [Kd 4d Th]
Seat 2: TbIP-TbIP 88 (big blind) collected ($11.76)
Seat 4: nordschrott (button) (small blind) folded on the Flop


PokerStars Hand #164263818874:  Hold'em Limit ($3/$6 USD) - 2017/01/08 16:47:02 ET
Table 'Guizhou II' 6-max Seat #2 is the button
Seat 2: TbIP-TbIP 88 ($78.76 in chips)
Seat 4: nordschrott ($23 in chips)
TbIP-TbIP 88: posts small blind $1
nordschrott: posts big blind $3
*** HOLE CARDS ***
TbIP-TbIP 88: folds
Uncalled bet ($2) returned to nordschrott
nordschrott collected $2 from pot
*** SUMMARY ***
Total pot $2 | Rake $0
Seat 2: TbIP-TbIP 88 (button) (small blind) folded before Flop
Seat 4: nordschrott (big blind) collected ($2)


PokerStars Hand #164263812625:  Hold'em Limit ($3/$6 USD) - 2017/01/08 16:46:57 ET
Table 'Guizhou II' 6-max Seat #4 is the button
Seat 2: TbIP-TbIP 88 ($77.76 in chips)
Seat 4: nordschrott ($24 in chips)
nordschrott: posts small blind $1
TbIP-TbIP 88: posts big blind $3
*** HOLE CARDS ***
nordschrott: folds
Uncalled bet ($2) returned to TbIP-TbIP 88
TbIP-TbIP 88 collected $2 from pot
TbIP-TbIP 88: doesn't show hand
*** SUMMARY ***
Total pot $2 | Rake $0
Seat 2: TbIP-TbIP 88 (big blind) collected ($2)
Seat 4: nordschrott (button) (small blind) folded before Flop


PokerStars Hand #164263796938:  Hold'em Limit ($3/$6 USD) - 2017/01/08 16:46:42 ET
Table 'Guizhou II' 6-max Seat #2 is the button
Seat 2: TbIP-TbIP 88 ($72 in chips)
Seat 4: nordschrott ($30 in chips)
TbIP-TbIP 88: posts small blind $1
nordschrott: posts big blind $3
*** HOLE CARDS ***
TbIP-TbIP 88: raises $3 to $6
nordschrott: calls $3
*** FLOP *** [Qh As Kc]
nordschrott: checks
TbIP-TbIP 88: bets $3
nordschrott: folds
Uncalled bet ($3) returned to TbIP-TbIP 88
TbIP-TbIP 88 collected $11.76 from pot
TbIP-TbIP 88: doesn't show hand
*** SUMMARY ***
Total pot $12 | Rake $0.24
Board [Qh As Kc]
Seat 2: TbIP-TbIP 88 (button) (small blind) collected ($11.76)
Seat 4: nordschrott (big blind) folded on the Flop


