PokerStars Hand #175279880058:  Hold'em Limit ($3/$6 USD) - 2017/09/06 9:16:01 ET
Table 'Gunlod' 6-max Seat #3 is the button
Seat 2: igorkabmw ($40 in chips)
Seat 3: Psynto ($72 in chips)
Psynto: posts small blind $1
denn69 joins the table at seat #1
GoliafUa: is sitting out
igorkabmw: posts big blind $3
*** HOLE CARDS ***
Psynto: raises $3 to $6
igorkabmw: folds
Uncalled bet ($3) returned to Psynto
Psynto collected $6 from pot
Psynto: doesn't show hand
*** SUMMARY ***
Total pot $6 | Rake $0
Seat 2: igorkabmw (big blind) folded before Flop
Seat 3: Psynto (button) (small blind) collected ($6)


PokerStars Hand #175279931614:  Hold'em Limit ($3/$6 USD) - 2017/09/06 9:17:38 ET
Table 'Gunlod' 6-max Seat #4 is the button
Seat 3: Psynto ($77.76 in chips)
Seat 4: denn69 ($86.54 in chips)
denn69: posts small blind $1
Psynto: posts big blind $3
*** HOLE CARDS ***
denn69: folds
Uncalled bet ($2) returned to Psynto
Psynto collected $2 from pot
Psynto: doesn't show hand
igorkabmw joins the table at seat #5
*** SUMMARY ***
Total pot $2 | Rake $0
Seat 3: Psynto (big blind) collected ($2)
Seat 4: denn69 (button) (small blind) folded before Flop


PokerStars Hand #175279892607:  Hold'em Limit ($3/$6 USD) - 2017/09/06 9:16:24 ET
Table 'Gunlod' 6-max Seat #1 is the button
Seat 1: denn69 ($55 in chips)
Seat 3: Psynto ($75 in chips)
denn69: posts small blind $1
Psynto: posts big blind $3
*** HOLE CARDS ***
denn69: raises $3 to $6
igorkabmw leaves the table
Psynto: calls $3
*** FLOP *** [As 7h 9c]
Psynto: checks
denn69: bets $3
Psynto: folds
Uncalled bet ($3) returned to denn69
denn69 collected $11.76 from pot
*** SUMMARY ***
Total pot $12 | Rake $0.24
Board [As 7h 9c]
Seat 1: denn69 (button) (small blind) collected ($11.76)
Seat 3: Psynto (big blind) folded on the Flop


PokerStars Hand #175279919904:  Hold'em Limit ($3/$6 USD) - 2017/09/06 9:17:15 ET
Table 'Gunlod' 6-max Seat #3 is the button
Seat 2: igorkabmw ($37 in chips)
Seat 3: Psynto ($72 in chips)
Psynto: posts small blind $1
GoliafUa: is sitting out
igorkabmw: posts big blind $3
*** HOLE CARDS ***
Psynto: raises $3 to $6
GoliafUa leaves the table
igorkabmw: calls $3
*** FLOP *** [8h 3s 7s]
igorkabmw: checks
denn69 joins the table at seat #4
Psynto: bets $3
igorkabmw: folds
Uncalled bet ($3) returned to Psynto
Psynto collected $11.76 from pot
Psynto: doesn't show hand
*** SUMMARY ***
Total pot $12 | Rake $0.24
Board [8h 3s 7s]
Seat 2: igorkabmw (big blind) folded on the Flop
Seat 3: Psynto (button) (small blind) collected ($11.76)


PokerStars Hand #175279934348:  Hold'em Limit ($3/$6 USD) - 2017/09/06 9:17:43 ET
Table 'Gunlod' 6-max Seat #3 is the button
Seat 3: Psynto ($78.76 in chips)
Seat 4: denn69 ($85.54 in chips)
Psynto: posts small blind $1
denn69: posts big blind $3
*** HOLE CARDS ***
Psynto: raises $3 to $6
denn69: calls $3
*** FLOP *** [2s Th Jd]
denn69: checks
Psynto: bets $3
denn69: calls $3
*** TURN *** [2s Th Jd] [5d]
denn69: checks
Psynto: bets $6
denn69: raises $6 to $12
Psynto: calls $6
*** RIVER *** [2s Th Jd 5d] [Qh]
denn69: bets $6
Psynto: calls $6
*** SHOW DOWN ***
denn69: shows [Jc Td] (two pair, Jacks and Tens)
Psynto: mucks hand
denn69 collected $53.50 from pot
*** SUMMARY ***
Total pot $54 | Rake $0.50
Board [2s Th Jd 5d Qh]
Seat 3: Psynto (button) (small blind) mucked
Seat 4: denn69 (big blind) showed [Jc Td] and won ($53.50) with two pair, Jacks and Tens


PokerStars Hand #175280297032:  Hold'em Limit ($3/$6 USD) - 2017/09/06 9:29:07 ET
Table 'Gunlod' 6-max Seat #2 is the button
Seat 2: MATEKATA2 ($91.36 in chips)
Seat 3: Psynto ($77.76 in chips)
MATEKATA2: posts small blind $1
Psynto: posts big blind $3
*** HOLE CARDS ***
MATEKATA2: raises $3 to $6
Psynto: folds
Uncalled bet ($3) returned to MATEKATA2
MATEKATA2 collected $6 from pot
*** SUMMARY ***
Total pot $6 | Rake $0
Seat 2: MATEKATA2 (button) (small blind) collected ($6)
Seat 3: Psynto (big blind) folded before Flop


PokerStars Hand #175280290742:  Hold'em Limit ($3/$6 USD) - 2017/09/06 9:28:55 ET
Table 'Gunlod' 6-max Seat #3 is the button
Seat 2: MATEKATA2 ($97.36 in chips)
Seat 3: Psynto ($72 in chips)
Psynto: posts small blind $1
BelSv: is sitting out
MATEKATA2: posts big blind $3
*** HOLE CARDS ***
Psynto: raises $3 to $6
MATEKATA2: calls $3
*** FLOP *** [Th Qc Qs]
MATEKATA2: checks
Psynto: bets $3
MATEKATA2: folds
Uncalled bet ($3) returned to Psynto
Psynto collected $11.76 from pot
Psynto: doesn't show hand
BelSv leaves the table
*** SUMMARY ***
Total pot $12 | Rake $0.24
Board [Th Qc Qs]
Seat 2: MATEKATA2 (big blind) folded on the Flop
Seat 3: Psynto (button) (small blind) collected ($11.76)


