PokerStars Hand #163021063408:  Hold'em Limit ($3/$6 USD) - 2016/12/16 4:41:25 ET
Table 'Gutemberga' 6-max Seat #4 is the button
Seat 1: AzureCaper ($116.57 in chips)
Seat 4: Alexsandr.NT ($104.01 in chips)
Alexsandr.NT: posts small blind $1
AzureCaper: posts big blind $3
*** HOLE CARDS ***
Alexsandr.NT: raises $3 to $6
AzureCaper: calls $3
*** FLOP *** [Ac 4d Qd]
AzureCaper: checks
Alexsandr.NT: bets $3
AzureCaper: folds
Uncalled bet ($3) returned to Alexsandr.NT
Alexsandr.NT collected $11.76 from pot
Alexsandr.NT: doesn't show hand
*** SUMMARY ***
Total pot $12 | Rake $0.24
Board [Ac 4d Qd]
Seat 1: AzureCaper (big blind) folded on the Flop
Seat 4: Alexsandr.NT (button) (small blind) collected ($11.76)


PokerStars Hand #163021052074:  Hold'em Limit ($3/$6 USD) - 2016/12/16 4:40:54 ET
Table 'Gutemberga' 6-max Seat #1 is the button
Seat 1: AzureCaper ($116.82 in chips)
Seat 4: Alexsandr.NT ($104.26 in chips)
AzureCaper: posts small blind $1
Alexsandr.NT: posts big blind $3
*** HOLE CARDS ***
AzureCaper: raises $3 to $6
Alexsandr.NT: raises $3 to $9
AzureCaper: calls $3
*** FLOP *** [Ac 8s 3h]
Alexsandr.NT: bets $3
AzureCaper: calls $3
*** TURN *** [Ac 8s 3h] [Ah]
Alexsandr.NT: checks
AzureCaper: bets $6
Alexsandr.NT: raises $6 to $12
AzureCaper: raises $6 to $18
Alexsandr.NT: raises $6 to $24
Betting is capped
AzureCaper: calls $6
*** RIVER *** [Ac 8s 3h Ah] [8c]
Alexsandr.NT: bets $6
AzureCaper: raises $6 to $12
Alexsandr.NT: calls $6
*** SHOW DOWN ***
AzureCaper: shows [8d As] (a full house, Aces full of Eights)
Alexsandr.NT: shows [3c Ad] (a full house, Aces full of Eights)
Alexsandr.NT collected $47.75 from pot
AzureCaper collected $47.75 from pot
*** SUMMARY ***
Total pot $96 | Rake $0.50
Board [Ac 8s 3h Ah 8c]
Seat 1: AzureCaper (button) (small blind) showed [8d As] and won ($47.75) with a full house, Aces full of Eights
Seat 4: Alexsandr.NT (big blind) showed [3c Ad] and won ($47.75) with a full house, Aces full of Eights


PokerStars Hand #163021049533:  Hold'em Limit ($3/$6 USD) - 2016/12/16 4:40:47 ET
Table 'Gutemberga' 6-max Seat #4 is the button
Seat 1: AzureCaper ($115.82 in chips)
Seat 4: Alexsandr.NT ($105.26 in chips)
Alexsandr.NT: posts small blind $1
AzureCaper: posts big blind $3
*** HOLE CARDS ***
Alexsandr.NT: folds
Uncalled bet ($2) returned to AzureCaper
AzureCaper collected $2 from pot
AzureCaper: doesn't show hand
*** SUMMARY ***
Total pot $2 | Rake $0
Seat 1: AzureCaper (big blind) collected ($2)
Seat 4: Alexsandr.NT (button) (small blind) folded before Flop


PokerStars Hand #163021047516:  Hold'em Limit ($3/$6 USD) - 2016/12/16 4:40:41 ET
Table 'Gutemberga' 6-max Seat #1 is the button
Seat 1: AzureCaper ($116.82 in chips)
Seat 4: Alexsandr.NT ($104.26 in chips)
AzureCaper: posts small blind $1
Alexsandr.NT: posts big blind $3
*** HOLE CARDS ***
AzureCaper: folds
Uncalled bet ($2) returned to Alexsandr.NT
Alexsandr.NT collected $2 from pot
Alexsandr.NT: doesn't show hand
*** SUMMARY ***
Total pot $2 | Rake $0
Seat 1: AzureCaper (button) (small blind) folded before Flop
Seat 4: Alexsandr.NT (big blind) collected ($2)


