PokerStars Hand #147966809544:  Hold'em Limit ($3/$6 USD) - 2016/01/30 20:00:54 ET
Table 'Gutemberga' 2-max Seat #2 is the button
Seat 1: SmellyToes4u ($102.36 in chips)
Seat 2: PatsDavis ($403.77 in chips)
PatsDavis: posts small blind $1
SmellyToes4u: posts big blind $3
*** HOLE CARDS ***
PatsDavis: raises $3 to $6
SmellyToes4u: calls $3
*** FLOP *** [8c 2c 7c]
SmellyToes4u: checks
PatsDavis: checks
*** TURN *** [8c 2c 7c] [5h]
SmellyToes4u: bets $6
PatsDavis: calls $6
*** RIVER *** [8c 2c 7c 5h] [7s]
SmellyToes4u: bets $6
PatsDavis: folds
Uncalled bet ($6) returned to SmellyToes4u
SmellyToes4u collected $23.52 from pot
SmellyToes4u: doesn't show hand
*** SUMMARY ***
Total pot $24 | Rake $0.48
Board [8c 2c 7c 5h 7s]
Seat 1: SmellyToes4u (big blind) collected ($23.52)
Seat 2: PatsDavis (button) (small blind) folded on the River


PokerStars Hand #147966828687:  Hold'em Limit ($3/$6 USD) - 2016/01/30 20:01:26 ET
Table 'Gutemberga' 2-max Seat #1 is the button
Seat 1: SmellyToes4u ($113.88 in chips)
Seat 2: PatsDavis ($391.77 in chips)
SmellyToes4u: posts small blind $1
PatsDavis: posts big blind $3
*** HOLE CARDS ***
SmellyToes4u: raises $3 to $6
PatsDavis: calls $3
*** FLOP *** [Qd 4h 2s]
PatsDavis: checks
SmellyToes4u: bets $3
PatsDavis: raises $3 to $6
SmellyToes4u: calls $3
*** TURN *** [Qd 4h 2s] [Ac]
PatsDavis: checks
SmellyToes4u: checks
*** RIVER *** [Qd 4h 2s Ac] [Tc]
PatsDavis: checks
SmellyToes4u: checks
*** SHOW DOWN ***
PatsDavis: shows [3s 4s] (a pair of Fours)
SmellyToes4u: mucks hand
PatsDavis collected $23.52 from pot
*** SUMMARY ***
Total pot $24 | Rake $0.48
Board [Qd 4h 2s Ac Tc]
Seat 1: SmellyToes4u (button) (small blind) mucked
Seat 2: PatsDavis (big blind) showed [3s 4s] and won ($23.52) with a pair of Fours


PokerStars Hand #147966856229:  Hold'em Limit ($3/$6 USD) - 2016/01/30 20:02:11 ET
Table 'Gutemberga' 2-max Seat #1 is the button
Seat 1: SmellyToes4u ($102.88 in chips)
Seat 2: PatsDavis ($402.29 in chips)
SmellyToes4u: posts small blind $1
PatsDavis: posts big blind $3
*** HOLE CARDS ***
SmellyToes4u: folds
Uncalled bet ($2) returned to PatsDavis
PatsDavis collected $2 from pot
PatsDavis: doesn't show hand
*** SUMMARY ***
Total pot $2 | Rake $0
Seat 1: SmellyToes4u (button) (small blind) folded before Flop
Seat 2: PatsDavis (big blind) collected ($2)


PokerStars Hand #147966850262:  Hold'em Limit ($3/$6 USD) - 2016/01/30 20:02:01 ET
Table 'Gutemberga' 2-max Seat #2 is the button
Seat 1: SmellyToes4u ($101.88 in chips)
Seat 2: PatsDavis ($403.29 in chips)
PatsDavis: posts small blind $1
SmellyToes4u: posts big blind $3
*** HOLE CARDS ***
PatsDavis: folds
Uncalled bet ($2) returned to SmellyToes4u
SmellyToes4u collected $2 from pot
SmellyToes4u: doesn't show hand
*** SUMMARY ***
Total pot $2 | Rake $0
Seat 1: SmellyToes4u (big blind) collected ($2)
Seat 2: PatsDavis (button) (small blind) folded before Flop


PokerStars Hand #147966859948:  Hold'em Limit ($3/$6 USD) - 2016/01/30 20:02:17 ET
Table 'Gutemberga' 2-max Seat #2 is the button
Seat 1: SmellyToes4u ($101.88 in chips)
Seat 2: PatsDavis ($403.29 in chips)
PatsDavis: posts small blind $1
SmellyToes4u: posts big blind $3
*** HOLE CARDS ***
PatsDavis: raises $3 to $6
SmellyToes4u: calls $3
*** FLOP *** [2c Qc 2s]
SmellyToes4u: checks
PatsDavis: bets $3
SmellyToes4u: raises $3 to $6
PatsDavis: calls $3
*** TURN *** [2c Qc 2s] [Ad]
SmellyToes4u: bets $6
PatsDavis: calls $6
*** RIVER *** [2c Qc 2s Ad] [9d]
SmellyToes4u: checks
PatsDavis: bets $6
SmellyToes4u: calls $6
*** SHOW DOWN ***
PatsDavis: shows [As 3h] (two pair, Aces and Deuces)
SmellyToes4u: mucks hand
PatsDavis collected $47.50 from pot
*** SUMMARY ***
Total pot $48 | Rake $0.50
Board [2c Qc 2s Ad 9d]
Seat 1: SmellyToes4u (big blind) mucked
Seat 2: PatsDavis (button) (small blind) showed [As 3h] and won ($47.50) with two pair, Aces and Deuces


PokerStars Hand #147966875062:  Hold'em Limit ($3/$6 USD) - 2016/01/30 20:02:40 ET
Table 'Gutemberga' 2-max Seat #1 is the button
Seat 1: SmellyToes4u ($77.88 in chips)
Seat 2: PatsDavis ($426.79 in chips)
SmellyToes4u: posts small blind $1
PatsDavis: posts big blind $3
*** HOLE CARDS ***
SmellyToes4u: raises $3 to $6
PatsDavis: calls $3
*** FLOP *** [Qh 2h Jh]
PatsDavis: checks
SmellyToes4u: bets $3
PatsDavis: calls $3
*** TURN *** [Qh 2h Jh] [4c]
PatsDavis: checks
SmellyToes4u: checks
*** RIVER *** [Qh 2h Jh 4c] [Td]
PatsDavis: bets $6
SmellyToes4u: folds
Uncalled bet ($6) returned to PatsDavis
PatsDavis collected $17.64 from pot
PatsDavis: doesn't show hand
*** SUMMARY ***
Total pot $18 | Rake $0.36
Board [Qh 2h Jh 4c Td]
Seat 1: SmellyToes4u (button) (small blind) folded on the River
Seat 2: PatsDavis (big blind) collected ($17.64)


PokerStars Hand #147966891018:  Hold'em Limit ($3/$6 USD) - 2016/01/30 20:03:06 ET
Table 'Gutemberga' 2-max Seat #2 is the button
Seat 1: SmellyToes4u ($68.88 in chips)
Seat 2: PatsDavis ($435.43 in chips)
PatsDavis: posts small blind $1
SmellyToes4u: posts big blind $3
*** HOLE CARDS ***
PatsDavis: calls $2
SmellyToes4u: checks
*** FLOP *** [6d Jc 9c]
SmellyToes4u: checks
PatsDavis: bets $3
SmellyToes4u: folds
Uncalled bet ($3) returned to PatsDavis
PatsDavis collected $5.88 from pot
PatsDavis: doesn't show hand
*** SUMMARY ***
Total pot $6 | Rake $0.12
Board [6d Jc 9c]
Seat 1: SmellyToes4u (big blind) folded on the Flop
Seat 2: PatsDavis (button) (small blind) collected ($5.88)


PokerStars Hand #147966902038:  Hold'em Limit ($3/$6 USD) - 2016/01/30 20:03:23 ET
Table 'Gutemberga' 2-max Seat #1 is the button
Seat 1: SmellyToes4u ($65.88 in chips)
Seat 2: PatsDavis ($438.31 in chips)
SmellyToes4u: posts small blind $1
PatsDavis: posts big blind $3
*** HOLE CARDS ***
SmellyToes4u: raises $3 to $6
PatsDavis: folds
Uncalled bet ($3) returned to SmellyToes4u
SmellyToes4u collected $6 from pot
SmellyToes4u: doesn't show hand
*** SUMMARY ***
Total pot $6 | Rake $0
Seat 1: SmellyToes4u (button) (small blind) collected ($6)
Seat 2: PatsDavis (big blind) folded before Flop


PokerStars Hand #147966907867:  Hold'em Limit ($3/$6 USD) - 2016/01/30 20:03:32 ET
Table 'Gutemberga' 2-max Seat #2 is the button
Seat 1: SmellyToes4u ($68.88 in chips)
Seat 2: PatsDavis ($435.31 in chips)
PatsDavis: posts small blind $1
SmellyToes4u: posts big blind $3
*** HOLE CARDS ***
PatsDavis: raises $3 to $6
SmellyToes4u: folds
Uncalled bet ($3) returned to PatsDavis
PatsDavis collected $6 from pot
PatsDavis: doesn't show hand
*** SUMMARY ***
Total pot $6 | Rake $0
Seat 1: SmellyToes4u (big blind) folded before Flop
Seat 2: PatsDavis (button) (small blind) collected ($6)


PokerStars Hand #147966915594:  Hold'em Limit ($3/$6 USD) - 2016/01/30 20:03:44 ET
Table 'Gutemberga' 2-max Seat #1 is the button
Seat 1: SmellyToes4u ($65.88 in chips)
Seat 2: PatsDavis ($438.31 in chips)
SmellyToes4u: posts small blind $1
PatsDavis: posts big blind $3
*** HOLE CARDS ***
SmellyToes4u: raises $3 to $6
PatsDavis: calls $3
*** FLOP *** [8h As 2s]
PatsDavis: checks
SmellyToes4u: bets $3
PatsDavis: folds
Uncalled bet ($3) returned to SmellyToes4u
SmellyToes4u collected $11.76 from pot
SmellyToes4u: doesn't show hand
*** SUMMARY ***
Total pot $12 | Rake $0.24
Board [8h As 2s]
Seat 1: SmellyToes4u (button) (small blind) collected ($11.76)
Seat 2: PatsDavis (big blind) folded on the Flop


PokerStars Hand #147966925879:  Hold'em Limit ($3/$6 USD) - 2016/01/30 20:04:01 ET
Table 'Gutemberga' 2-max Seat #2 is the button
Seat 1: SmellyToes4u ($71.64 in chips)
Seat 2: PatsDavis ($432.31 in chips)
PatsDavis: posts small blind $1
SmellyToes4u: posts big blind $3
*** HOLE CARDS ***
PatsDavis: raises $3 to $6
SmellyToes4u: calls $3
*** FLOP *** [5h 6s Ad]
SmellyToes4u: checks
PatsDavis: bets $3
SmellyToes4u: raises $3 to $6
PatsDavis: calls $3
*** TURN *** [5h 6s Ad] [8c]
SmellyToes4u: bets $6
PatsDavis: folds
Uncalled bet ($6) returned to SmellyToes4u
SmellyToes4u collected $23.52 from pot
SmellyToes4u: doesn't show hand
*** SUMMARY ***
Total pot $24 | Rake $0.48
Board [5h 6s Ad 8c]
Seat 1: SmellyToes4u (big blind) collected ($23.52)
Seat 2: PatsDavis (button) (small blind) folded on the Turn


PokerStars Hand #147966943667:  Hold'em Limit ($3/$6 USD) - 2016/01/30 20:04:28 ET
Table 'Gutemberga' 2-max Seat #1 is the button
Seat 1: SmellyToes4u ($83.16 in chips)
Seat 2: PatsDavis ($420.31 in chips)
SmellyToes4u: posts small blind $1
PatsDavis: posts big blind $3
*** HOLE CARDS ***
SmellyToes4u: raises $3 to $6
PatsDavis: raises $3 to $9
SmellyToes4u: calls $3
*** FLOP *** [6d 5d Ks]
PatsDavis: bets $3
SmellyToes4u: calls $3
*** TURN *** [6d 5d Ks] [Tc]
PatsDavis: checks
SmellyToes4u: checks
*** RIVER *** [6d 5d Ks Tc] [7h]
PatsDavis: checks
SmellyToes4u: checks
*** SHOW DOWN ***
PatsDavis: shows [Ad 5c] (a pair of Fives)
SmellyToes4u: mucks hand
PatsDavis collected $23.52 from pot
*** SUMMARY ***
Total pot $24 | Rake $0.48
Board [6d 5d Ks Tc 7h]
Seat 1: SmellyToes4u (button) (small blind) mucked
Seat 2: PatsDavis (big blind) showed [Ad 5c] and won ($23.52) with a pair of Fives


PokerStars Hand #147966968240:  Hold'em Limit ($3/$6 USD) - 2016/01/30 20:05:07 ET
Table 'Gutemberga' 2-max Seat #2 is the button
Seat 1: SmellyToes4u ($71.16 in chips)
Seat 2: PatsDavis ($431.83 in chips)
PatsDavis: posts small blind $1
SmellyToes4u: posts big blind $3
*** HOLE CARDS ***
PatsDavis: raises $3 to $6
SmellyToes4u: folds
Uncalled bet ($3) returned to PatsDavis
PatsDavis collected $6 from pot
PatsDavis: doesn't show hand
*** SUMMARY ***
Total pot $6 | Rake $0
Seat 1: SmellyToes4u (big blind) folded before Flop
Seat 2: PatsDavis (button) (small blind) collected ($6)


PokerStars Hand #147966975045:  Hold'em Limit ($3/$6 USD) - 2016/01/30 20:05:18 ET
Table 'Gutemberga' 2-max Seat #1 is the button
Seat 1: SmellyToes4u ($68.16 in chips)
Seat 2: PatsDavis ($434.83 in chips)
SmellyToes4u: posts small blind $1
PatsDavis: posts big blind $3
*** HOLE CARDS ***
SmellyToes4u: folds
Uncalled bet ($2) returned to PatsDavis
PatsDavis collected $2 from pot
PatsDavis: doesn't show hand
*** SUMMARY ***
Total pot $2 | Rake $0
Seat 1: SmellyToes4u (button) (small blind) folded before Flop
Seat 2: PatsDavis (big blind) collected ($2)


PokerStars Hand #147966983339:  Hold'em Limit ($3/$6 USD) - 2016/01/30 20:05:31 ET
Table 'Gutemberga' 2-max Seat #2 is the button
Seat 1: SmellyToes4u ($67.16 in chips)
Seat 2: PatsDavis ($435.83 in chips)
PatsDavis: posts small blind $1
SmellyToes4u: posts big blind $3
*** HOLE CARDS ***
PatsDavis: calls $2
SmellyToes4u: checks
*** FLOP *** [3c 4h 4s]
SmellyToes4u: checks
PatsDavis: checks
*** TURN *** [3c 4h 4s] [9d]
SmellyToes4u: checks
PatsDavis: checks
*** RIVER *** [3c 4h 4s 9d] [Jd]
SmellyToes4u: bets $6
PatsDavis: folds
Uncalled bet ($6) returned to SmellyToes4u
SmellyToes4u collected $5.88 from pot
SmellyToes4u: doesn't show hand
*** SUMMARY ***
Total pot $6 | Rake $0.12
Board [3c 4h 4s 9d Jd]
Seat 1: SmellyToes4u (big blind) collected ($5.88)
Seat 2: PatsDavis (button) (small blind) folded on the River


PokerStars Hand #147967000905:  Hold'em Limit ($3/$6 USD) - 2016/01/30 20:05:59 ET
Table 'Gutemberga' 2-max Seat #1 is the button
Seat 1: SmellyToes4u ($70.04 in chips)
Seat 2: PatsDavis ($432.83 in chips)
SmellyToes4u: posts small blind $1
PatsDavis: posts big blind $3
*** HOLE CARDS ***
SmellyToes4u: raises $3 to $6
PatsDavis: calls $3
*** FLOP *** [Jd Js Qc]
PatsDavis: checks
SmellyToes4u: bets $3
PatsDavis: folds
Uncalled bet ($3) returned to SmellyToes4u
SmellyToes4u collected $11.76 from pot
SmellyToes4u: doesn't show hand
*** SUMMARY ***
Total pot $12 | Rake $0.24
Board [Jd Js Qc]
Seat 1: SmellyToes4u (button) (small blind) collected ($11.76)
Seat 2: PatsDavis (big blind) folded on the Flop


PokerStars Hand #147967008832:  Hold'em Limit ($3/$6 USD) - 2016/01/30 20:06:11 ET
Table 'Gutemberga' 2-max Seat #2 is the button
Seat 1: SmellyToes4u ($75.80 in chips)
Seat 2: PatsDavis ($426.83 in chips)
PatsDavis: posts small blind $1
SmellyToes4u: posts big blind $3
*** HOLE CARDS ***
PatsDavis: raises $3 to $6
SmellyToes4u: calls $3
*** FLOP *** [6c 8s 3c]
SmellyToes4u: checks
PatsDavis: bets $3
SmellyToes4u: raises $3 to $6
PatsDavis: raises $3 to $9
SmellyToes4u: raises $3 to $12
Betting is capped
PatsDavis: calls $3
*** TURN *** [6c 8s 3c] [Js]
SmellyToes4u: bets $6
PatsDavis: calls $6
*** RIVER *** [6c 8s 3c Js] [7d]
SmellyToes4u: bets $6
PatsDavis: raises $6 to $12
SmellyToes4u: raises $6 to $18
PatsDavis: calls $6
*** SHOW DOWN ***
SmellyToes4u: shows [4h 5c] (a straight, Four to Eight)
PatsDavis: mucks hand
SmellyToes4u collected $83.50 from pot
*** SUMMARY ***
Total pot $84 | Rake $0.50
Board [6c 8s 3c Js 7d]
Seat 1: SmellyToes4u (big blind) showed [4h 5c] and won ($83.50) with a straight, Four to Eight
Seat 2: PatsDavis (button) (small blind) mucked


PokerStars Hand #147967022409:  Hold'em Limit ($3/$6 USD) - 2016/01/30 20:06:33 ET
Table 'Gutemberga' 2-max Seat #1 is the button
Seat 1: SmellyToes4u ($117.30 in chips)
Seat 2: PatsDavis ($384.83 in chips)
SmellyToes4u: posts small blind $1
PatsDavis: posts big blind $3
*** HOLE CARDS ***
SmellyToes4u: raises $3 to $6
PatsDavis: raises $3 to $9
SmellyToes4u: calls $3
*** FLOP *** [9h 4d 6d]
PatsDavis: bets $3
SmellyToes4u: calls $3
*** TURN *** [9h 4d 6d] [Ac]
PatsDavis: bets $6
SmellyToes4u: calls $6
*** RIVER *** [9h 4d 6d Ac] [2d]
PatsDavis: bets $6
SmellyToes4u: calls $6
*** SHOW DOWN ***
PatsDavis: shows [Jc 5d] (high card Ace)
SmellyToes4u: shows [9d 8s] (a pair of Nines)
SmellyToes4u collected $47.50 from pot
*** SUMMARY ***
Total pot $48 | Rake $0.50
Board [9h 4d 6d Ac 2d]
Seat 1: SmellyToes4u (button) (small blind) showed [9d 8s] and won ($47.50) with a pair of Nines
Seat 2: PatsDavis (big blind) showed [Jc 5d] and lost with high card Ace


PokerStars Hand #147967036524:  Hold'em Limit ($3/$6 USD) - 2016/01/30 20:06:55 ET
Table 'Gutemberga' 2-max Seat #1 is the button
Seat 1: SmellyToes4u ($134.80 in chips)
Seat 2: PatsDavis ($366.59 in chips)
SmellyToes4u: posts small blind $1
PatsDavis: posts big blind $3
*** HOLE CARDS ***
SmellyToes4u: folds
Uncalled bet ($2) returned to PatsDavis
PatsDavis collected $2 from pot
PatsDavis: doesn't show hand
*** SUMMARY ***
Total pot $2 | Rake $0
Seat 1: SmellyToes4u (button) (small blind) folded before Flop
Seat 2: PatsDavis (big blind) collected ($2)


PokerStars Hand #147967031543:  Hold'em Limit ($3/$6 USD) - 2016/01/30 20:06:48 ET
Table 'Gutemberga' 2-max Seat #2 is the button
Seat 1: SmellyToes4u ($140.80 in chips)
Seat 2: PatsDavis ($360.83 in chips)
PatsDavis: posts small blind $1
SmellyToes4u: posts big blind $3
*** HOLE CARDS ***
PatsDavis: raises $3 to $6
SmellyToes4u: calls $3
*** FLOP *** [4c 6d 3d]
SmellyToes4u: checks
PatsDavis: bets $3
SmellyToes4u: folds
Uncalled bet ($3) returned to PatsDavis
PatsDavis collected $11.76 from pot
PatsDavis: doesn't show hand
*** SUMMARY ***
Total pot $12 | Rake $0.24
Board [4c 6d 3d]
Seat 1: SmellyToes4u (big blind) folded on the Flop
Seat 2: PatsDavis (button) (small blind) collected ($11.76)


PokerStars Hand #147967039045:  Hold'em Limit ($3/$6 USD) - 2016/01/30 20:06:59 ET
Table 'Gutemberga' 2-max Seat #2 is the button
Seat 1: SmellyToes4u ($133.80 in chips)
Seat 2: PatsDavis ($367.59 in chips)
PatsDavis: posts small blind $1
SmellyToes4u: posts big blind $3
*** HOLE CARDS ***
PatsDavis: raises $3 to $6
SmellyToes4u: raises $3 to $9
PatsDavis: raises $3 to $12
Betting is capped
SmellyToes4u: calls $3
*** FLOP *** [2d Kh Ah]
SmellyToes4u: checks
PatsDavis: bets $3
SmellyToes4u: calls $3
*** TURN *** [2d Kh Ah] [5s]
SmellyToes4u: checks
PatsDavis: checks
*** RIVER *** [2d Kh Ah 5s] [2c]
SmellyToes4u: bets $6
PatsDavis: calls $6
*** SHOW DOWN ***
SmellyToes4u: shows [Jd 9h] (a pair of Deuces)
PatsDavis: shows [7h 7c] (two pair, Sevens and Deuces)
PatsDavis collected $41.50 from pot
*** SUMMARY ***
Total pot $42 | Rake $0.50
Board [2d Kh Ah 5s 2c]
Seat 1: SmellyToes4u (big blind) showed [Jd 9h] and lost with a pair of Deuces
Seat 2: PatsDavis (button) (small blind) showed [7h 7c] and won ($41.50) with two pair, Sevens and Deuces


PokerStars Hand #147967049290:  Hold'em Limit ($3/$6 USD) - 2016/01/30 20:07:16 ET
Table 'Gutemberga' 2-max Seat #1 is the button
Seat 1: SmellyToes4u ($112.80 in chips)
Seat 2: PatsDavis ($388.09 in chips)
SmellyToes4u: posts small blind $1
PatsDavis: posts big blind $3
*** HOLE CARDS ***
SmellyToes4u: folds
Uncalled bet ($2) returned to PatsDavis
PatsDavis collected $2 from pot
PatsDavis: doesn't show hand
*** SUMMARY ***
Total pot $2 | Rake $0
Seat 1: SmellyToes4u (button) (small blind) folded before Flop
Seat 2: PatsDavis (big blind) collected ($2)


PokerStars Hand #147967065196:  Hold'em Limit ($3/$6 USD) - 2016/01/30 20:07:41 ET
Table 'Gutemberga' 2-max Seat #1 is the button
Seat 1: SmellyToes4u ($84.80 in chips)
Seat 2: PatsDavis ($415.59 in chips)
SmellyToes4u: posts small blind $1
PatsDavis: posts big blind $3
*** HOLE CARDS ***
SmellyToes4u: folds
Uncalled bet ($2) returned to PatsDavis
PatsDavis collected $2 from pot
PatsDavis: doesn't show hand
*** SUMMARY ***
Total pot $2 | Rake $0
Seat 1: SmellyToes4u (button) (small blind) folded before Flop
Seat 2: PatsDavis (big blind) collected ($2)


PokerStars Hand #147967053766:  Hold'em Limit ($3/$6 USD) - 2016/01/30 20:07:23 ET
Table 'Gutemberga' 2-max Seat #2 is the button
Seat 1: SmellyToes4u ($111.80 in chips)
Seat 2: PatsDavis ($389.09 in chips)
PatsDavis: posts small blind $1
SmellyToes4u: posts big blind $3
*** HOLE CARDS ***
PatsDavis: raises $3 to $6
SmellyToes4u: raises $3 to $9
PatsDavis: raises $3 to $12
Betting is capped
SmellyToes4u: calls $3
*** FLOP *** [Qc Ad 3s]
SmellyToes4u: checks
PatsDavis: bets $3
SmellyToes4u: raises $3 to $6
PatsDavis: raises $3 to $9
SmellyToes4u: calls $3
*** TURN *** [Qc Ad 3s] [4c]
SmellyToes4u: checks
PatsDavis: bets $6
SmellyToes4u: calls $6
*** RIVER *** [Qc Ad 3s 4c] [6h]
SmellyToes4u: checks
PatsDavis: checks
*** SHOW DOWN ***
SmellyToes4u: shows [Js Ks] (high card Ace)
PatsDavis: shows [7c 7h] (a pair of Sevens)
PatsDavis collected $53.50 from pot
*** SUMMARY ***
Total pot $54 | Rake $0.50
Board [Qc Ad 3s 4c 6h]
Seat 1: SmellyToes4u (big blind) showed [Js Ks] and lost with high card Ace
Seat 2: PatsDavis (button) (small blind) showed [7c 7h] and won ($53.50) with a pair of Sevens


PokerStars Hand #147967067829:  Hold'em Limit ($3/$6 USD) - 2016/01/30 20:07:46 ET
Table 'Gutemberga' 2-max Seat #2 is the button
Seat 1: SmellyToes4u ($83.80 in chips)
Seat 2: PatsDavis ($416.59 in chips)
PatsDavis: posts small blind $1
SmellyToes4u: posts big blind $3
*** HOLE CARDS ***
PatsDavis: raises $3 to $6
SmellyToes4u: calls $3
*** FLOP *** [Kd Ac Kc]
SmellyToes4u: checks
PatsDavis: checks
*** TURN *** [Kd Ac Kc] [4c]
SmellyToes4u: bets $6
PatsDavis: calls $6
*** RIVER *** [Kd Ac Kc 4c] [7h]
SmellyToes4u: bets $6
PatsDavis: calls $6
*** SHOW DOWN ***
SmellyToes4u: shows [3c As] (two pair, Aces and Kings)
PatsDavis: shows [Ad 3s] (two pair, Aces and Kings)
SmellyToes4u collected $17.75 from pot
PatsDavis collected $17.75 from pot
*** SUMMARY ***
Total pot $36 | Rake $0.50
Board [Kd Ac Kc 4c 7h]
Seat 1: SmellyToes4u (big blind) showed [3c As] and won ($17.75) with two pair, Aces and Kings
Seat 2: PatsDavis (button) (small blind) showed [Ad 3s] and won ($17.75) with two pair, Aces and Kings


PokerStars Hand #147967075465:  Hold'em Limit ($3/$6 USD) - 2016/01/30 20:07:58 ET
Table 'Gutemberga' 2-max Seat #1 is the button
Seat 1: SmellyToes4u ($83.55 in chips)
Seat 2: PatsDavis ($416.34 in chips)
SmellyToes4u: posts small blind $1
PatsDavis: posts big blind $3
*** HOLE CARDS ***
SmellyToes4u: raises $3 to $6
PatsDavis: calls $3
*** FLOP *** [Jh 6h Ac]
PatsDavis: checks
SmellyToes4u: bets $3
PatsDavis: calls $3
*** TURN *** [Jh 6h Ac] [7d]
PatsDavis: checks
SmellyToes4u: bets $6
PatsDavis: calls $6
*** RIVER *** [Jh 6h Ac 7d] [6d]
PatsDavis: checks
SmellyToes4u: checks
*** SHOW DOWN ***
PatsDavis: shows [5c Jc] (two pair, Jacks and Sixes)
SmellyToes4u: mucks hand
PatsDavis collected $29.50 from pot
*** SUMMARY ***
Total pot $30 | Rake $0.50
Board [Jh 6h Ac 7d 6d]
Seat 1: SmellyToes4u (button) (small blind) mucked
Seat 2: PatsDavis (big blind) showed [5c Jc] and won ($29.50) with two pair, Jacks and Sixes


PokerStars Hand #147967097090:  Hold'em Limit ($3/$6 USD) - 2016/01/30 20:08:33 ET
Table 'Gutemberga' 2-max Seat #1 is the button
Seat 1: SmellyToes4u ($102.36 in chips)
Seat 2: PatsDavis ($448.34 in chips)
SmellyToes4u: posts small blind $1
PatsDavis: posts big blind $3
*** HOLE CARDS ***
SmellyToes4u: folds
Uncalled bet ($2) returned to PatsDavis
PatsDavis collected $2 from pot
PatsDavis: doesn't show hand
*** SUMMARY ***
Total pot $2 | Rake $0
Seat 1: SmellyToes4u (button) (small blind) folded before Flop
Seat 2: PatsDavis (big blind) collected ($2)


PokerStars Hand #147967086195:  Hold'em Limit ($3/$6 USD) - 2016/01/30 20:08:15 ET
Table 'Gutemberga' 2-max Seat #2 is the button
Seat 1: SmellyToes4u ($68.55 in chips)
Seat 2: PatsDavis ($430.84 in chips)
PatsDavis: posts small blind $1
SmellyToes4u: posts big blind $3
*** HOLE CARDS ***
PatsDavis: raises $3 to $6
SmellyToes4u: calls $3
*** FLOP *** [Jd Ts 3c]
SmellyToes4u: checks
PatsDavis: checks
*** TURN *** [Jd Ts 3c] [5s]
SmellyToes4u: bets $6
PatsDavis: calls $6
*** RIVER *** [Jd Ts 3c 5s] [8h]
SmellyToes4u: bets $6
PatsDavis: raises $6 to $12
SmellyToes4u: folds
Uncalled bet ($6) returned to PatsDavis
PatsDavis collected $35.50 from pot
PatsDavis: doesn't show hand
*** SUMMARY ***
Total pot $36 | Rake $0.50
Board [Jd Ts 3c 5s 8h]
Seat 1: SmellyToes4u (big blind) folded on the River
Seat 2: PatsDavis (button) (small blind) collected ($35.50)


PokerStars Hand #147967099852:  Hold'em Limit ($3/$6 USD) - 2016/01/30 20:08:37 ET
Table 'Gutemberga' 2-max Seat #2 is the button
Seat 1: SmellyToes4u ($101.36 in chips)
Seat 2: PatsDavis ($449.34 in chips)
PatsDavis: posts small blind $1
SmellyToes4u: posts big blind $3
*** HOLE CARDS ***
PatsDavis: calls $2
SmellyToes4u: checks
*** FLOP *** [Ts Th Kc]
SmellyToes4u: checks
PatsDavis: checks
*** TURN *** [Ts Th Kc] [7s]
SmellyToes4u: checks
PatsDavis: checks
*** RIVER *** [Ts Th Kc 7s] [Jc]
SmellyToes4u: checks
PatsDavis: checks
*** SHOW DOWN ***
SmellyToes4u: shows [4s Ad] (a pair of Tens)
PatsDavis: mucks hand
SmellyToes4u collected $5.88 from pot
*** SUMMARY ***
Total pot $6 | Rake $0.12
Board [Ts Th Kc 7s Jc]
Seat 1: SmellyToes4u (big blind) showed [4s Ad] and won ($5.88) with a pair of Tens
Seat 2: PatsDavis (button) (small blind) mucked


PokerStars Hand #147967134205:  Hold'em Limit ($3/$6 USD) - 2016/01/30 20:09:32 ET
Table 'Gutemberga' 2-max Seat #1 is the button
Seat 1: SmellyToes4u ($104.24 in chips)
Seat 2: PatsDavis ($446.34 in chips)
SmellyToes4u: posts small blind $1
PatsDavis: posts big blind $3
*** HOLE CARDS ***
SmellyToes4u: folds
Uncalled bet ($2) returned to PatsDavis
PatsDavis collected $2 from pot
PatsDavis: doesn't show hand
*** SUMMARY ***
Total pot $2 | Rake $0
Seat 1: SmellyToes4u (button) (small blind) folded before Flop
Seat 2: PatsDavis (big blind) collected ($2)


PokerStars Hand #147967139001:  Hold'em Limit ($3/$6 USD) - 2016/01/30 20:09:40 ET
Table 'Gutemberga' 2-max Seat #2 is the button
Seat 1: SmellyToes4u ($103.24 in chips)
Seat 2: PatsDavis ($447.34 in chips)
PatsDavis: posts small blind $1
SmellyToes4u: posts big blind $3
*** HOLE CARDS ***
PatsDavis: raises $3 to $6
SmellyToes4u: calls $3
*** FLOP *** [Ts Kh 5s]
SmellyToes4u: checks
PatsDavis: checks
*** TURN *** [Ts Kh 5s] [Ad]
SmellyToes4u: checks
PatsDavis: bets $6
SmellyToes4u: folds
Uncalled bet ($6) returned to PatsDavis
PatsDavis collected $11.76 from pot
PatsDavis: doesn't show hand
*** SUMMARY ***
Total pot $12 | Rake $0.24
Board [Ts Kh 5s Ad]
Seat 1: SmellyToes4u (big blind) folded on the Turn
Seat 2: PatsDavis (button) (small blind) collected ($11.76)


PokerStars Hand #147967156266:  Hold'em Limit ($3/$6 USD) - 2016/01/30 20:10:08 ET
Table 'Gutemberga' 2-max Seat #1 is the button
Seat 1: SmellyToes4u ($97.24 in chips)
Seat 2: PatsDavis ($453.10 in chips)
SmellyToes4u: posts small blind $1
PatsDavis: posts big blind $3
*** HOLE CARDS ***
SmellyToes4u: raises $3 to $6
PatsDavis: calls $3
*** FLOP *** [Ac 5c 7h]
PatsDavis: checks
SmellyToes4u: bets $3
PatsDavis: calls $3
*** TURN *** [Ac 5c 7h] [6c]
PatsDavis: checks
SmellyToes4u: bets $6
PatsDavis: calls $6
*** RIVER *** [Ac 5c 7h 6c] [As]
PatsDavis: checks
SmellyToes4u: bets $6
PatsDavis: calls $6
*** SHOW DOWN ***
SmellyToes4u: shows [Qd 7c] (two pair, Aces and Sevens)
PatsDavis: shows [Ad 2c] (three of a kind, Aces)
PatsDavis collected $41.50 from pot
*** SUMMARY ***
Total pot $42 | Rake $0.50
Board [Ac 5c 7h 6c As]
Seat 1: SmellyToes4u (button) (small blind) showed [Qd 7c] and lost with two pair, Aces and Sevens
Seat 2: PatsDavis (big blind) showed [Ad 2c] and won ($41.50) with three of a kind, Aces


PokerStars Hand #147967167667:  Hold'em Limit ($3/$6 USD) - 2016/01/30 20:10:27 ET
Table 'Gutemberga' 2-max Seat #2 is the button
Seat 1: SmellyToes4u ($76.24 in chips)
Seat 2: PatsDavis ($473.60 in chips)
PatsDavis: posts small blind $1
SmellyToes4u: posts big blind $3
*** HOLE CARDS ***
PatsDavis: raises $3 to $6
SmellyToes4u: calls $3
*** FLOP *** [2s 7c 4d]
SmellyToes4u: checks
PatsDavis: bets $3
SmellyToes4u: raises $3 to $6
PatsDavis: raises $3 to $9
SmellyToes4u: calls $3
*** TURN *** [2s 7c 4d] [2d]
SmellyToes4u: checks
PatsDavis: bets $6
SmellyToes4u: calls $6
*** RIVER *** [2s 7c 4d 2d] [Kh]
SmellyToes4u: checks
PatsDavis: bets $6
SmellyToes4u: folds
Uncalled bet ($6) returned to PatsDavis
PatsDavis collected $41.50 from pot
PatsDavis: doesn't show hand
*** SUMMARY ***
Total pot $42 | Rake $0.50
Board [2s 7c 4d 2d Kh]
Seat 1: SmellyToes4u (big blind) folded on the River
Seat 2: PatsDavis (button) (small blind) collected ($41.50)


PokerStars Hand #147967183667:  Hold'em Limit ($3/$6 USD) - 2016/01/30 20:10:53 ET
Table 'Gutemberga' 2-max Seat #2 is the button
Seat 1: SmellyToes4u ($101.36 in chips)
Seat 2: PatsDavis ($495.10 in chips)
PatsDavis: posts small blind $1
SmellyToes4u: posts big blind $3
*** HOLE CARDS ***
PatsDavis: folds
Uncalled bet ($2) returned to SmellyToes4u
SmellyToes4u collected $2 from pot
SmellyToes4u: doesn't show hand
*** SUMMARY ***
Total pot $2 | Rake $0
Seat 1: SmellyToes4u (big blind) collected ($2)
Seat 2: PatsDavis (button) (small blind) folded before Flop


PokerStars Hand #147967181175:  Hold'em Limit ($3/$6 USD) - 2016/01/30 20:10:49 ET
Table 'Gutemberga' 2-max Seat #1 is the button
Seat 1: SmellyToes4u ($102.36 in chips)
Seat 2: PatsDavis ($494.10 in chips)
SmellyToes4u: posts small blind $1
PatsDavis: posts big blind $3
*** HOLE CARDS ***
SmellyToes4u: folds
Uncalled bet ($2) returned to PatsDavis
PatsDavis collected $2 from pot
PatsDavis: doesn't show hand
*** SUMMARY ***
Total pot $2 | Rake $0
Seat 1: SmellyToes4u (button) (small blind) folded before Flop
Seat 2: PatsDavis (big blind) collected ($2)


PokerStars Hand #147967256648:  Hold'em Limit ($3/$6 USD) - 2016/01/30 20:12:52 ET
Table 'Gutemberga' 2-max Seat #1 is the button
Seat 1: SmellyToes4u ($102.36 in chips)
Seat 2: LotsaBalls12 ($39.41 in chips)
SmellyToes4u: posts small blind $1
LotsaBalls12: posts big blind $3
*** HOLE CARDS ***
SmellyToes4u: raises $3 to $6
LotsaBalls12: calls $3
*** FLOP *** [8s 4s 9d]
LotsaBalls12: bets $3
SmellyToes4u: calls $3
*** TURN *** [8s 4s 9d] [5h]
LotsaBalls12: bets $6
SmellyToes4u: calls $6
*** RIVER *** [8s 4s 9d 5h] [Jc]
LotsaBalls12: bets $6
SmellyToes4u: calls $6
*** SHOW DOWN ***
LotsaBalls12: shows [3c 7d] (high card Jack)
SmellyToes4u: shows [As 8d] (a pair of Eights)
SmellyToes4u collected $41.50 from pot
*** SUMMARY ***
Total pot $42 | Rake $0.50
Board [8s 4s 9d 5h Jc]
Seat 1: SmellyToes4u (button) (small blind) showed [As 8d] and won ($41.50) with a pair of Eights
Seat 2: LotsaBalls12 (big blind) showed [3c 7d] and lost with high card Jack


PokerStars Hand #147967284648:  Hold'em Limit ($3/$6 USD) - 2016/01/30 20:13:39 ET
Table 'Gutemberga' 2-max Seat #2 is the button
Seat 1: SmellyToes4u ($122.86 in chips)
Seat 2: LotsaBalls12 ($18.41 in chips)
LotsaBalls12: posts small blind $1
SmellyToes4u: posts big blind $3
*** HOLE CARDS ***
LotsaBalls12: calls $2
SmellyToes4u: checks
*** FLOP *** [3h Ac 4s]
SmellyToes4u: checks
LotsaBalls12: checks
*** TURN *** [3h Ac 4s] [Kh]
SmellyToes4u: checks
LotsaBalls12: checks
*** RIVER *** [3h Ac 4s Kh] [Ks]
SmellyToes4u: bets $6
LotsaBalls12: calls $6
*** SHOW DOWN ***
SmellyToes4u: shows [9d 7h] (a pair of Kings)
LotsaBalls12: shows [2h Jc] (a pair of Kings - Ace+Jack kicker)
LotsaBalls12 collected $17.64 from pot
*** SUMMARY ***
Total pot $18 | Rake $0.36
Board [3h Ac 4s Kh Ks]
Seat 1: SmellyToes4u (big blind) showed [9d 7h] and lost with a pair of Kings
Seat 2: LotsaBalls12 (button) (small blind) showed [2h Jc] and won ($17.64) with a pair of Kings


PokerStars Hand #147967304116:  Hold'em Limit ($3/$6 USD) - 2016/01/30 20:14:11 ET
Table 'Gutemberga' 2-max Seat #1 is the button
Seat 1: SmellyToes4u ($113.86 in chips)
Seat 2: LotsaBalls12 ($27.05 in chips)
SmellyToes4u: posts small blind $1
LotsaBalls12: posts big blind $3
*** HOLE CARDS ***
SmellyToes4u: folds
Uncalled bet ($2) returned to LotsaBalls12
LotsaBalls12 collected $2 from pot
LotsaBalls12: doesn't show hand
*** SUMMARY ***
Total pot $2 | Rake $0
Seat 1: SmellyToes4u (button) (small blind) folded before Flop
Seat 2: LotsaBalls12 (big blind) collected ($2)


PokerStars Hand #147967310126:  Hold'em Limit ($3/$6 USD) - 2016/01/30 20:14:20 ET
Table 'Gutemberga' 2-max Seat #2 is the button
Seat 1: SmellyToes4u ($112.86 in chips)
Seat 2: LotsaBalls12 ($28.05 in chips)
LotsaBalls12: posts small blind $1
SmellyToes4u: posts big blind $3
*** HOLE CARDS ***
LotsaBalls12: folds
Uncalled bet ($2) returned to SmellyToes4u
SmellyToes4u collected $2 from pot
SmellyToes4u: doesn't show hand
*** SUMMARY ***
Total pot $2 | Rake $0
Seat 1: SmellyToes4u (big blind) collected ($2)
Seat 2: LotsaBalls12 (button) (small blind) folded before Flop


PokerStars Hand #147967313232:  Hold'em Limit ($3/$6 USD) - 2016/01/30 20:14:26 ET
Table 'Gutemberga' 2-max Seat #1 is the button
Seat 1: SmellyToes4u ($113.86 in chips)
Seat 2: LotsaBalls12 ($27.05 in chips)
SmellyToes4u: posts small blind $1
LotsaBalls12: posts big blind $3
*** HOLE CARDS ***
SmellyToes4u: folds
Uncalled bet ($2) returned to LotsaBalls12
LotsaBalls12 collected $2 from pot
LotsaBalls12: doesn't show hand
*** SUMMARY ***
Total pot $2 | Rake $0
Seat 1: SmellyToes4u (button) (small blind) folded before Flop
Seat 2: LotsaBalls12 (big blind) collected ($2)


PokerStars Hand #147967320789:  Hold'em Limit ($3/$6 USD) - 2016/01/30 20:14:38 ET
Table 'Gutemberga' 2-max Seat #2 is the button
Seat 1: SmellyToes4u ($112.86 in chips)
Seat 2: LotsaBalls12 ($28.05 in chips)
LotsaBalls12: posts small blind $1
SmellyToes4u: posts big blind $3
*** HOLE CARDS ***
LotsaBalls12: raises $3 to $6
SmellyToes4u: calls $3
*** FLOP *** [6d 4h 3d]
SmellyToes4u: checks
LotsaBalls12: bets $3
SmellyToes4u: folds
Uncalled bet ($3) returned to LotsaBalls12
LotsaBalls12 collected $11.76 from pot
LotsaBalls12: doesn't show hand
*** SUMMARY ***
Total pot $12 | Rake $0.24
Board [6d 4h 3d]
Seat 1: SmellyToes4u (big blind) folded on the Flop
Seat 2: LotsaBalls12 (button) (small blind) collected ($11.76)


PokerStars Hand #147967328839:  Hold'em Limit ($3/$6 USD) - 2016/01/30 20:14:51 ET
Table 'Gutemberga' 2-max Seat #1 is the button
Seat 1: SmellyToes4u ($106.86 in chips)
Seat 2: LotsaBalls12 ($33.81 in chips)
SmellyToes4u: posts small blind $1
LotsaBalls12: posts big blind $3
*** HOLE CARDS ***
SmellyToes4u: raises $3 to $6
LotsaBalls12: calls $3
*** FLOP *** [9s 3d Qd]
LotsaBalls12: checks
SmellyToes4u: bets $3
LotsaBalls12: calls $3
*** TURN *** [9s 3d Qd] [8h]
LotsaBalls12: checks
SmellyToes4u: checks
*** RIVER *** [9s 3d Qd 8h] [9d]
LotsaBalls12: checks
SmellyToes4u: checks
*** SHOW DOWN ***
LotsaBalls12: shows [Jc 7h] (a pair of Nines)
SmellyToes4u: shows [Js Ad] (a pair of Nines - Ace kicker)
SmellyToes4u collected $17.64 from pot
*** SUMMARY ***
Total pot $18 | Rake $0.36
Board [9s 3d Qd 8h 9d]
Seat 1: SmellyToes4u (button) (small blind) showed [Js Ad] and won ($17.64) with a pair of Nines
Seat 2: LotsaBalls12 (big blind) showed [Jc 7h] and lost with a pair of Nines


PokerStars Hand #147967346192:  Hold'em Limit ($3/$6 USD) - 2016/01/30 20:15:19 ET
Table 'Gutemberga' 2-max Seat #2 is the button
Seat 1: SmellyToes4u ($115.50 in chips)
Seat 2: LotsaBalls12 ($24.81 in chips)
LotsaBalls12: posts small blind $1
SmellyToes4u: posts big blind $3
*** HOLE CARDS ***
LotsaBalls12: folds
Uncalled bet ($2) returned to SmellyToes4u
SmellyToes4u collected $2 from pot
SmellyToes4u: doesn't show hand
*** SUMMARY ***
Total pot $2 | Rake $0
Seat 1: SmellyToes4u (big blind) collected ($2)
Seat 2: LotsaBalls12 (button) (small blind) folded before Flop


PokerStars Hand #147967398369:  Hold'em Limit ($3/$6 USD) - 2016/01/30 20:16:46 ET
Table 'Gutemberga' 2-max Seat #1 is the button
Seat 1: SmellyToes4u ($91.50 in chips)
Seat 2: LotsaBalls12 ($47.95 in chips)
SmellyToes4u: posts small blind $1
LotsaBalls12: posts big blind $3
*** HOLE CARDS ***
SmellyToes4u: folds
Uncalled bet ($2) returned to LotsaBalls12
LotsaBalls12 collected $2 from pot
LotsaBalls12: doesn't show hand
*** SUMMARY ***
Total pot $2 | Rake $0
Seat 1: SmellyToes4u (button) (small blind) folded before Flop
Seat 2: LotsaBalls12 (big blind) collected ($2)


PokerStars Hand #147967385327:  Hold'em Limit ($3/$6 USD) - 2016/01/30 20:16:24 ET
Table 'Gutemberga' 2-max Seat #2 is the button
Seat 1: SmellyToes4u ($97.50 in chips)
Seat 2: LotsaBalls12 ($42.19 in chips)
LotsaBalls12: posts small blind $1
SmellyToes4u: posts big blind $3
*** HOLE CARDS ***
LotsaBalls12: raises $3 to $6
SmellyToes4u: calls $3
*** FLOP *** [2h Kd 6d]
SmellyToes4u: checks
LotsaBalls12: bets $3
SmellyToes4u: folds
Uncalled bet ($3) returned to LotsaBalls12
LotsaBalls12 collected $11.76 from pot
LotsaBalls12: doesn't show hand
*** SUMMARY ***
Total pot $12 | Rake $0.24
Board [2h Kd 6d]
Seat 1: SmellyToes4u (big blind) folded on the Flop
Seat 2: LotsaBalls12 (button) (small blind) collected ($11.76)


PokerStars Hand #147967349237:  Hold'em Limit ($3/$6 USD) - 2016/01/30 20:15:24 ET
Table 'Gutemberga' 2-max Seat #1 is the button
Seat 1: SmellyToes4u ($116.50 in chips)
Seat 2: LotsaBalls12 ($23.81 in chips)
SmellyToes4u: posts small blind $1
LotsaBalls12: posts big blind $3
*** HOLE CARDS ***
SmellyToes4u: raises $3 to $6
LotsaBalls12: calls $3
*** FLOP *** [Td 9h As]
LotsaBalls12: checks
SmellyToes4u: bets $3
LotsaBalls12: calls $3
*** TURN *** [Td 9h As] [3d]
LotsaBalls12: checks
SmellyToes4u: checks
*** RIVER *** [Td 9h As 3d] [Qc]
LotsaBalls12: checks
SmellyToes4u: bets $6
LotsaBalls12: calls $6
*** SHOW DOWN ***
SmellyToes4u: shows [4s 5s] (high card Ace)
LotsaBalls12: shows [Tc 6d] (a pair of Tens)
LotsaBalls12 collected $29.50 from pot
*** SUMMARY ***
Total pot $30 | Rake $0.50
Board [Td 9h As 3d Qc]
Seat 1: SmellyToes4u (button) (small blind) showed [4s 5s] and lost with high card Ace
Seat 2: LotsaBalls12 (big blind) showed [Tc 6d] and won ($29.50) with a pair of Tens


PokerStars Hand #147967382226:  Hold'em Limit ($3/$6 USD) - 2016/01/30 20:16:19 ET
Table 'Gutemberga' 2-max Seat #1 is the button
Seat 1: SmellyToes4u ($98.50 in chips)
Seat 2: LotsaBalls12 ($41.19 in chips)
SmellyToes4u: posts small blind $1
LotsaBalls12: posts big blind $3
*** HOLE CARDS ***
SmellyToes4u: folds
Uncalled bet ($2) returned to LotsaBalls12
LotsaBalls12 collected $2 from pot
LotsaBalls12: doesn't show hand
*** SUMMARY ***
Total pot $2 | Rake $0
Seat 1: SmellyToes4u (button) (small blind) folded before Flop
Seat 2: LotsaBalls12 (big blind) collected ($2)


PokerStars Hand #147967371169:  Hold'em Limit ($3/$6 USD) - 2016/01/30 20:16:01 ET
Table 'Gutemberga' 2-max Seat #2 is the button
Seat 1: SmellyToes4u ($101.50 in chips)
Seat 2: LotsaBalls12 ($38.31 in chips)
LotsaBalls12: posts small blind $1
SmellyToes4u: posts big blind $3
*** HOLE CARDS ***
LotsaBalls12: calls $2
SmellyToes4u: checks
*** FLOP *** [7s Tc Ts]
SmellyToes4u: checks
LotsaBalls12: bets $3
SmellyToes4u: folds
Uncalled bet ($3) returned to LotsaBalls12
LotsaBalls12 collected $5.88 from pot
LotsaBalls12: doesn't show hand
*** SUMMARY ***
Total pot $6 | Rake $0.12
Board [7s Tc Ts]
Seat 1: SmellyToes4u (big blind) folded on the Flop
Seat 2: LotsaBalls12 (button) (small blind) collected ($5.88)


PokerStars Hand #147967413717:  Hold'em Limit ($3/$6 USD) - 2016/01/30 20:17:11 ET
Table 'Gutemberga' 2-max Seat #1 is the button
Seat 1: SmellyToes4u ($84.50 in chips)
Seat 2: LotsaBalls12 ($54.71 in chips)
SmellyToes4u: posts small blind $1
LotsaBalls12: posts big blind $3
*** HOLE CARDS ***
SmellyToes4u: raises $3 to $6
LotsaBalls12: calls $3
*** FLOP *** [7c Qd 6c]
LotsaBalls12: checks
SmellyToes4u: bets $3
LotsaBalls12: calls $3
*** TURN *** [7c Qd 6c] [5s]
LotsaBalls12: checks
SmellyToes4u: bets $6
LotsaBalls12: calls $6
*** RIVER *** [7c Qd 6c 5s] [4c]
LotsaBalls12: checks
SmellyToes4u: checks
*** SHOW DOWN ***
LotsaBalls12: shows [Jc Kc] (a flush, King high)
SmellyToes4u: mucks hand
LotsaBalls12 collected $29.50 from pot
*** SUMMARY ***
Total pot $30 | Rake $0.50
Board [7c Qd 6c 5s 4c]
Seat 1: SmellyToes4u (button) (small blind) mucked
Seat 2: LotsaBalls12 (big blind) showed [Jc Kc] and won ($29.50) with a flush, King high


PokerStars Hand #147967401649:  Hold'em Limit ($3/$6 USD) - 2016/01/30 20:16:51 ET
Table 'Gutemberga' 2-max Seat #2 is the button
Seat 1: SmellyToes4u ($90.50 in chips)
Seat 2: LotsaBalls12 ($48.95 in chips)
LotsaBalls12: posts small blind $1
SmellyToes4u: posts big blind $3
*** HOLE CARDS ***
LotsaBalls12: raises $3 to $6
SmellyToes4u: calls $3
*** FLOP *** [7c 8d Ks]
SmellyToes4u: checks
LotsaBalls12: bets $3
SmellyToes4u: folds
Uncalled bet ($3) returned to LotsaBalls12
LotsaBalls12 collected $11.76 from pot
LotsaBalls12: doesn't show hand
*** SUMMARY ***
Total pot $12 | Rake $0.24
Board [7c 8d Ks]
Seat 1: SmellyToes4u (big blind) folded on the Flop
Seat 2: LotsaBalls12 (button) (small blind) collected ($11.76)


PokerStars Hand #147967464165:  Hold'em Limit ($3/$6 USD) - 2016/01/30 20:18:36 ET
Table 'Gutemberga' 2-max Seat #2 is the button
Seat 1: SmellyToes4u ($84 in chips)
Seat 2: LotsaBalls12 ($54.09 in chips)
LotsaBalls12: posts small blind $1
SmellyToes4u: posts big blind $3
*** HOLE CARDS ***
LotsaBalls12: folds
Uncalled bet ($2) returned to SmellyToes4u
SmellyToes4u collected $2 from pot
SmellyToes4u: doesn't show hand
*** SUMMARY ***
Total pot $2 | Rake $0
Seat 1: SmellyToes4u (big blind) collected ($2)
Seat 2: LotsaBalls12 (button) (small blind) folded before Flop


PokerStars Hand #147967440652:  Hold'em Limit ($3/$6 USD) - 2016/01/30 20:17:56 ET
Table 'Gutemberga' 2-max Seat #1 is the button
Seat 1: SmellyToes4u ($66.50 in chips)
Seat 2: LotsaBalls12 ($72.09 in chips)
SmellyToes4u: posts small blind $1
LotsaBalls12: posts big blind $3
*** HOLE CARDS ***
SmellyToes4u: raises $3 to $6
LotsaBalls12: raises $3 to $9
SmellyToes4u: calls $3
*** FLOP *** [9c 8d Kc]
LotsaBalls12: bets $3
SmellyToes4u: calls $3
*** TURN *** [9c 8d Kc] [Qs]
LotsaBalls12: bets $6
SmellyToes4u: calls $6
*** RIVER *** [9c 8d Kc Qs] [5d]
LotsaBalls12: checks
SmellyToes4u: bets $6
LotsaBalls12: folds
Uncalled bet ($6) returned to SmellyToes4u
SmellyToes4u collected $35.50 from pot
SmellyToes4u: doesn't show hand
*** SUMMARY ***
Total pot $36 | Rake $0.50
Board [9c 8d Kc Qs 5d]
Seat 1: SmellyToes4u (button) (small blind) collected ($35.50)
Seat 2: LotsaBalls12 (big blind) folded on the River


PokerStars Hand #147967429681:  Hold'em Limit ($3/$6 USD) - 2016/01/30 20:17:38 ET
Table 'Gutemberga' 2-max Seat #2 is the button
Seat 1: SmellyToes4u ($69.50 in chips)
Seat 2: LotsaBalls12 ($69.21 in chips)
LotsaBalls12: posts small blind $1
SmellyToes4u: posts big blind $3
*** HOLE CARDS ***
LotsaBalls12: calls $2
SmellyToes4u: checks
*** FLOP *** [Th Ad 8h]
SmellyToes4u: checks
LotsaBalls12: bets $3
SmellyToes4u: folds
Uncalled bet ($3) returned to LotsaBalls12
LotsaBalls12 collected $5.88 from pot
LotsaBalls12: doesn't show hand
*** SUMMARY ***
Total pot $6 | Rake $0.12
Board [Th Ad 8h]
Seat 1: SmellyToes4u (big blind) folded on the Flop
Seat 2: LotsaBalls12 (button) (small blind) collected ($5.88)


PokerStars Hand #147967499453:  Hold'em Limit ($3/$6 USD) - 2016/01/30 20:19:35 ET
Table 'Gutemberga' 2-max Seat #2 is the button
Seat 1: SmellyToes4u ($98.36 in chips)
Seat 2: LotsaBalls12 ($92.59 in chips)
LotsaBalls12: posts small blind $1
SmellyToes4u: posts big blind $3
*** HOLE CARDS ***
LotsaBalls12: raises $3 to $6
SmellyToes4u: calls $3
*** FLOP *** [3h Js 8s]
SmellyToes4u: checks
LotsaBalls12: bets $3
SmellyToes4u: raises $3 to $6
LotsaBalls12: calls $3
*** TURN *** [3h Js 8s] [7c]
SmellyToes4u: bets $6
LotsaBalls12: folds
Uncalled bet ($6) returned to SmellyToes4u
SmellyToes4u collected $23.52 from pot
SmellyToes4u: doesn't show hand
*** SUMMARY ***
Total pot $24 | Rake $0.48
Board [3h Js 8s 7c]
Seat 1: SmellyToes4u (big blind) collected ($23.52)
Seat 2: LotsaBalls12 (button) (small blind) folded on the Turn


PokerStars Hand #147967491384:  Hold'em Limit ($3/$6 USD) - 2016/01/30 20:19:21 ET
Table 'Gutemberga' 2-max Seat #1 is the button
Seat 1: SmellyToes4u ($99.36 in chips)
Seat 2: LotsaBalls12 ($91.59 in chips)
SmellyToes4u: posts small blind $1
LotsaBalls12: posts big blind $3
*** HOLE CARDS ***
SmellyToes4u: folds
Uncalled bet ($2) returned to LotsaBalls12
LotsaBalls12 collected $2 from pot
LotsaBalls12: doesn't show hand
*** SUMMARY ***
Total pot $2 | Rake $0
Seat 1: SmellyToes4u (button) (small blind) folded before Flop
Seat 2: LotsaBalls12 (big blind) collected ($2)


PokerStars Hand #147967484875:  Hold'em Limit ($3/$6 USD) - 2016/01/30 20:19:10 ET
Table 'Gutemberga' 2-max Seat #2 is the button
Seat 1: SmellyToes4u ($102.36 in chips)
Seat 2: LotsaBalls12 ($88.59 in chips)
LotsaBalls12: posts small blind $1
SmellyToes4u: posts big blind $3
*** HOLE CARDS ***
LotsaBalls12: raises $3 to $6
SmellyToes4u: folds
Uncalled bet ($3) returned to LotsaBalls12
LotsaBalls12 collected $6 from pot
LotsaBalls12: doesn't show hand
*** SUMMARY ***
Total pot $6 | Rake $0
Seat 1: SmellyToes4u (big blind) folded before Flop
Seat 2: LotsaBalls12 (button) (small blind) collected ($6)


PokerStars Hand #147967467042:  Hold'em Limit ($3/$6 USD) - 2016/01/30 20:18:41 ET
Table 'Gutemberga' 2-max Seat #1 is the button
Seat 1: SmellyToes4u ($85 in chips)
Seat 2: LotsaBalls12 ($53.09 in chips)
SmellyToes4u: posts small blind $1
LotsaBalls12: posts big blind $3
*** HOLE CARDS ***
SmellyToes4u: raises $3 to $6
LotsaBalls12: raises $3 to $9
SmellyToes4u: calls $3
*** FLOP *** [Kc 2d Td]
LotsaBalls12: bets $3
SmellyToes4u: calls $3
*** TURN *** [Kc 2d Td] [Qh]
LotsaBalls12: bets $6
SmellyToes4u: calls $6
*** RIVER *** [Kc 2d Td Qh] [Jd]
LotsaBalls12: bets $6
SmellyToes4u: raises $6 to $12
LotsaBalls12: raises $6 to $18
SmellyToes4u: calls $6
*** SHOW DOWN ***
LotsaBalls12: shows [Ad 8d] (a flush, Ace high)
SmellyToes4u: mucks hand
LotsaBalls12 collected $71.50 from pot
*** SUMMARY ***
Total pot $72 | Rake $0.50
Board [Kc 2d Td Qh Jd]
Seat 1: SmellyToes4u (button) (small blind) mucked
Seat 2: LotsaBalls12 (big blind) showed [Ad 8d] and won ($71.50) with a flush, Ace high


PokerStars Hand #147967534622:  Hold'em Limit ($3/$6 USD) - 2016/01/30 20:20:34 ET
Table 'Gutemberga' 2-max Seat #1 is the button
Seat 1: SmellyToes4u ($126.14 in chips)
Seat 2: LotsaBalls12 ($63.59 in chips)
SmellyToes4u: posts small blind $1
LotsaBalls12: posts big blind $3
*** HOLE CARDS ***
SmellyToes4u: raises $3 to $6
LotsaBalls12: calls $3
*** FLOP *** [6c 8h Qd]
LotsaBalls12: checks
SmellyToes4u: bets $3
LotsaBalls12: calls $3
*** TURN *** [6c 8h Qd] [Ad]
LotsaBalls12: checks
SmellyToes4u: bets $6
LotsaBalls12: folds
Uncalled bet ($6) returned to SmellyToes4u
SmellyToes4u collected $17.64 from pot
SmellyToes4u: doesn't show hand
*** SUMMARY ***
Total pot $18 | Rake $0.36
Board [6c 8h Qd Ad]
Seat 1: SmellyToes4u (button) (small blind) collected ($17.64)
Seat 2: LotsaBalls12 (big blind) folded on the Turn


PokerStars Hand #147967530024:  Hold'em Limit ($3/$6 USD) - 2016/01/30 20:20:27 ET
Table 'Gutemberga' 2-max Seat #2 is the button
Seat 1: SmellyToes4u ($129.14 in chips)
Seat 2: LotsaBalls12 ($60.59 in chips)
LotsaBalls12: posts small blind $1
SmellyToes4u: posts big blind $3
*** HOLE CARDS ***
LotsaBalls12: raises $3 to $6
SmellyToes4u: folds
Uncalled bet ($3) returned to LotsaBalls12
LotsaBalls12 collected $6 from pot
LotsaBalls12: doesn't show hand
*** SUMMARY ***
Total pot $6 | Rake $0
Seat 1: SmellyToes4u (big blind) folded before Flop
Seat 2: LotsaBalls12 (button) (small blind) collected ($6)


PokerStars Hand #147967527133:  Hold'em Limit ($3/$6 USD) - 2016/01/30 20:20:22 ET
Table 'Gutemberga' 2-max Seat #1 is the button
Seat 1: SmellyToes4u ($130.14 in chips)
Seat 2: LotsaBalls12 ($59.59 in chips)
SmellyToes4u: posts small blind $1
LotsaBalls12: posts big blind $3
*** HOLE CARDS ***
SmellyToes4u: folds
Uncalled bet ($2) returned to LotsaBalls12
LotsaBalls12 collected $2 from pot
LotsaBalls12: doesn't show hand
*** SUMMARY ***
Total pot $2 | Rake $0
Seat 1: SmellyToes4u (button) (small blind) folded before Flop
Seat 2: LotsaBalls12 (big blind) collected ($2)


PokerStars Hand #147967516452:  Hold'em Limit ($3/$6 USD) - 2016/01/30 20:20:04 ET
Table 'Gutemberga' 2-max Seat #2 is the button
Seat 1: SmellyToes4u ($115.64 in chips)
Seat 2: LotsaBalls12 ($74.59 in chips)
LotsaBalls12: posts small blind $1
SmellyToes4u: posts big blind $3
*** HOLE CARDS ***
LotsaBalls12: raises $3 to $6
SmellyToes4u: raises $3 to $9
LotsaBalls12: calls $3
*** FLOP *** [3h 2s Ad]
SmellyToes4u: bets $3
LotsaBalls12: raises $3 to $6
SmellyToes4u: calls $3
*** TURN *** [3h 2s Ad] [Ac]
SmellyToes4u: bets $6
LotsaBalls12: folds
Uncalled bet ($6) returned to SmellyToes4u
SmellyToes4u collected $29.50 from pot
SmellyToes4u: doesn't show hand
*** SUMMARY ***
Total pot $30 | Rake $0.50
Board [3h 2s Ad Ac]
Seat 1: SmellyToes4u (big blind) collected ($29.50)
Seat 2: LotsaBalls12 (button) (small blind) folded on the Turn


PokerStars Hand #147967508733:  Hold'em Limit ($3/$6 USD) - 2016/01/30 20:19:51 ET
Table 'Gutemberga' 2-max Seat #1 is the button
Seat 1: SmellyToes4u ($109.88 in chips)
Seat 2: LotsaBalls12 ($80.59 in chips)
SmellyToes4u: posts small blind $1
LotsaBalls12: posts big blind $3
*** HOLE CARDS ***
SmellyToes4u: raises $3 to $6
LotsaBalls12: calls $3
*** FLOP *** [2s Kh Kd]
LotsaBalls12: checks
SmellyToes4u: bets $3
LotsaBalls12: folds
Uncalled bet ($3) returned to SmellyToes4u
SmellyToes4u collected $11.76 from pot
SmellyToes4u: doesn't show hand
*** SUMMARY ***
Total pot $12 | Rake $0.24
Board [2s Kh Kd]
Seat 1: SmellyToes4u (button) (small blind) collected ($11.76)
Seat 2: LotsaBalls12 (big blind) folded on the Flop


PokerStars Hand #147967574853:  Hold'em Limit ($3/$6 USD) - 2016/01/30 20:21:43 ET
Table 'Gutemberga' 2-max Seat #2 is the button
Seat 1: SmellyToes4u ($99.78 in chips)
Seat 2: LotsaBalls12 ($88.25 in chips)
LotsaBalls12: posts small blind $1
SmellyToes4u: posts big blind $3
*** HOLE CARDS ***
LotsaBalls12: folds
Uncalled bet ($2) returned to SmellyToes4u
SmellyToes4u collected $2 from pot
SmellyToes4u: doesn't show hand
*** SUMMARY ***
Total pot $2 | Rake $0
Seat 1: SmellyToes4u (big blind) collected ($2)
Seat 2: LotsaBalls12 (button) (small blind) folded before Flop


PokerStars Hand #147967567675:  Hold'em Limit ($3/$6 USD) - 2016/01/30 20:21:31 ET
Table 'Gutemberga' 2-max Seat #1 is the button
Seat 1: SmellyToes4u ($108.78 in chips)
Seat 2: LotsaBalls12 ($79.61 in chips)
SmellyToes4u: posts small blind $1
LotsaBalls12: posts big blind $3
*** HOLE CARDS ***
SmellyToes4u: raises $3 to $6
LotsaBalls12: raises $3 to $9
SmellyToes4u: calls $3
*** FLOP *** [Qd Jd Td]
LotsaBalls12: bets $3
SmellyToes4u: folds
Uncalled bet ($3) returned to LotsaBalls12
LotsaBalls12 collected $17.64 from pot
LotsaBalls12: doesn't show hand
*** SUMMARY ***
Total pot $18 | Rake $0.36
Board [Qd Jd Td]
Seat 1: SmellyToes4u (button) (small blind) folded on the Flop
Seat 2: LotsaBalls12 (big blind) collected ($17.64)


PokerStars Hand #147967564774:  Hold'em Limit ($3/$6 USD) - 2016/01/30 20:21:26 ET
Table 'Gutemberga' 2-max Seat #2 is the button
Seat 1: SmellyToes4u ($107.78 in chips)
Seat 2: LotsaBalls12 ($80.61 in chips)
LotsaBalls12: posts small blind $1
SmellyToes4u: posts big blind $3
*** HOLE CARDS ***
LotsaBalls12: folds
Uncalled bet ($2) returned to SmellyToes4u
SmellyToes4u collected $2 from pot
SmellyToes4u: doesn't show hand
*** SUMMARY ***
Total pot $2 | Rake $0
Seat 1: SmellyToes4u (big blind) collected ($2)
Seat 2: LotsaBalls12 (button) (small blind) folded before Flop


PokerStars Hand #147967554970:  Hold'em Limit ($3/$6 USD) - 2016/01/30 20:21:09 ET
Table 'Gutemberga' 2-max Seat #1 is the button
Seat 1: SmellyToes4u ($119.78 in chips)
Seat 2: LotsaBalls12 ($69.09 in chips)
SmellyToes4u: posts small blind $1
LotsaBalls12: posts big blind $3
*** HOLE CARDS ***
SmellyToes4u: raises $3 to $6
LotsaBalls12: raises $3 to $9
SmellyToes4u: calls $3
*** FLOP *** [Ts 4c Tc]
LotsaBalls12: bets $3
SmellyToes4u: calls $3
*** TURN *** [Ts 4c Tc] [5s]
LotsaBalls12: bets $6
SmellyToes4u: folds
Uncalled bet ($6) returned to LotsaBalls12
LotsaBalls12 collected $23.52 from pot
LotsaBalls12: doesn't show hand
*** SUMMARY ***
Total pot $24 | Rake $0.48
Board [Ts 4c Tc 5s]
Seat 1: SmellyToes4u (button) (small blind) folded on the Turn
Seat 2: LotsaBalls12 (big blind) collected ($23.52)


PokerStars Hand #147967546323:  Hold'em Limit ($3/$6 USD) - 2016/01/30 20:20:54 ET
Table 'Gutemberga' 2-max Seat #2 is the button
Seat 1: SmellyToes4u ($134.78 in chips)
Seat 2: LotsaBalls12 ($54.59 in chips)
LotsaBalls12: posts small blind $1
SmellyToes4u: posts big blind $3
*** HOLE CARDS ***
LotsaBalls12: raises $3 to $6
SmellyToes4u: calls $3
*** FLOP *** [2c Ac Qc]
SmellyToes4u: checks
LotsaBalls12: bets $3
SmellyToes4u: calls $3
*** TURN *** [2c Ac Qc] [Ah]
SmellyToes4u: checks
LotsaBalls12: bets $6
SmellyToes4u: calls $6
*** RIVER *** [2c Ac Qc Ah] [8c]
SmellyToes4u: checks
LotsaBalls12: checks
*** SHOW DOWN ***
SmellyToes4u: shows [5d Qh] (two pair, Aces and Queens)
LotsaBalls12: shows [Qd 9d] (two pair, Aces and Queens - Nine kicker)
LotsaBalls12 collected $29.50 from pot
*** SUMMARY ***
Total pot $30 | Rake $0.50
Board [2c Ac Qc Ah 8c]
Seat 1: SmellyToes4u (big blind) showed [5d Qh] and lost with two pair, Aces and Queens
Seat 2: LotsaBalls12 (button) (small blind) showed [Qd 9d] and won ($29.50) with two pair, Aces and Queens


PokerStars Hand #147967601535:  Hold'em Limit ($3/$6 USD) - 2016/01/30 20:22:28 ET
Table 'Gutemberga' 2-max Seat #2 is the button
Seat 1: SmellyToes4u ($126.92 in chips)
Seat 2: LotsaBalls12 ($60.01 in chips)
LotsaBalls12: posts small blind $1
SmellyToes4u: posts big blind $3
*** HOLE CARDS ***
LotsaBalls12: raises $3 to $6
SmellyToes4u: raises $3 to $9
LotsaBalls12: raises $3 to $12
Betting is capped
SmellyToes4u: calls $3
*** FLOP *** [Tc 9d Qh]
SmellyToes4u: bets $3
LotsaBalls12: raises $3 to $6
SmellyToes4u: calls $3
*** TURN *** [Tc 9d Qh] [Qs]
SmellyToes4u: checks
LotsaBalls12: bets $6
SmellyToes4u: calls $6
*** RIVER *** [Tc 9d Qh Qs] [7d]
SmellyToes4u: checks
LotsaBalls12: bets $6
SmellyToes4u: calls $6
*** SHOW DOWN ***
LotsaBalls12: shows [Td Kh] (two pair, Queens and Tens)
SmellyToes4u: mucks hand
LotsaBalls12 collected $59.50 from pot
*** SUMMARY ***
Total pot $60 | Rake $0.50
Board [Tc 9d Qh Qs 7d]
Seat 1: SmellyToes4u (big blind) mucked
Seat 2: LotsaBalls12 (button) (small blind) showed [Td Kh] and won ($59.50) with two pair, Queens and Tens


PokerStars Hand #147967590360:  Hold'em Limit ($3/$6 USD) - 2016/01/30 20:22:09 ET
Table 'Gutemberga' 2-max Seat #1 is the button
Seat 1: SmellyToes4u ($103.42 in chips)
Seat 2: LotsaBalls12 ($84.01 in chips)
SmellyToes4u: posts small blind $1
LotsaBalls12: posts big blind $3
*** HOLE CARDS ***
SmellyToes4u: raises $3 to $6
LotsaBalls12: raises $3 to $9
SmellyToes4u: calls $3
*** FLOP *** [4s 5s 6c]
LotsaBalls12: bets $3
SmellyToes4u: calls $3
*** TURN *** [4s 5s 6c] [Ac]
LotsaBalls12: bets $6
SmellyToes4u: raises $6 to $12
LotsaBalls12: calls $6
*** RIVER *** [4s 5s 6c Ac] [3d]
LotsaBalls12: checks
SmellyToes4u: bets $6
LotsaBalls12: folds
Uncalled bet ($6) returned to SmellyToes4u
SmellyToes4u collected $47.50 from pot
SmellyToes4u: doesn't show hand
*** SUMMARY ***
Total pot $48 | Rake $0.50
Board [4s 5s 6c Ac 3d]
Seat 1: SmellyToes4u (button) (small blind) collected ($47.50)
Seat 2: LotsaBalls12 (big blind) folded on the River


PokerStars Hand #147967583612:  Hold'em Limit ($3/$6 USD) - 2016/01/30 20:21:58 ET
Table 'Gutemberga' 2-max Seat #2 is the button
Seat 1: SmellyToes4u ($109.42 in chips)
Seat 2: LotsaBalls12 ($78.25 in chips)
LotsaBalls12: posts small blind $1
SmellyToes4u: posts big blind $3
*** HOLE CARDS ***
LotsaBalls12: raises $3 to $6
SmellyToes4u: calls $3
*** FLOP *** [Kc 4d 9h]
SmellyToes4u: checks
LotsaBalls12: bets $3
SmellyToes4u: folds
Uncalled bet ($3) returned to LotsaBalls12
LotsaBalls12 collected $11.76 from pot
LotsaBalls12: doesn't show hand
*** SUMMARY ***
Total pot $12 | Rake $0.24
Board [Kc 4d 9h]
Seat 1: SmellyToes4u (big blind) folded on the Flop
Seat 2: LotsaBalls12 (button) (small blind) collected ($11.76)


PokerStars Hand #147967577746:  Hold'em Limit ($3/$6 USD) - 2016/01/30 20:21:48 ET
Table 'Gutemberga' 2-max Seat #1 is the button
Seat 1: SmellyToes4u ($100.78 in chips)
Seat 2: LotsaBalls12 ($87.25 in chips)
SmellyToes4u: posts small blind $1
LotsaBalls12: posts big blind $3
*** HOLE CARDS ***
SmellyToes4u: raises $3 to $6
LotsaBalls12: calls $3
*** FLOP *** [Ad 8s Kh]
LotsaBalls12: bets $3
SmellyToes4u: raises $3 to $6
LotsaBalls12: folds
Uncalled bet ($3) returned to SmellyToes4u
SmellyToes4u collected $17.64 from pot
SmellyToes4u: doesn't show hand
*** SUMMARY ***
Total pot $18 | Rake $0.36
Board [Ad 8s Kh]
Seat 1: SmellyToes4u (button) (small blind) collected ($17.64)
Seat 2: LotsaBalls12 (big blind) folded on the Flop


PokerStars Hand #147967623286:  Hold'em Limit ($3/$6 USD) - 2016/01/30 20:23:05 ET
Table 'Gutemberga' 2-max Seat #2 is the button
Seat 1: SmellyToes4u ($120.42 in chips)
Seat 2: LotsaBalls12 ($65.51 in chips)
LotsaBalls12: posts small blind $1
SmellyToes4u: posts big blind $3
*** HOLE CARDS ***
LotsaBalls12: raises $3 to $6
SmellyToes4u: calls $3
*** FLOP *** [5s Qd Ts]
SmellyToes4u: checks
LotsaBalls12: bets $3
SmellyToes4u: raises $3 to $6
LotsaBalls12: calls $3
*** TURN *** [5s Qd Ts] [Kh]
SmellyToes4u: checks
LotsaBalls12: checks
*** RIVER *** [5s Qd Ts Kh] [4d]
SmellyToes4u: checks
LotsaBalls12: checks
*** SHOW DOWN ***
SmellyToes4u: shows [Jd 5d] (a pair of Fives)
LotsaBalls12: mucks hand
SmellyToes4u collected $23.52 from pot
*** SUMMARY ***
Total pot $24 | Rake $0.48
Board [5s Qd Ts Kh 4d]
Seat 1: SmellyToes4u (big blind) showed [Jd 5d] and won ($23.52) with a pair of Fives
Seat 2: LotsaBalls12 (button) (small blind) mucked


PokerStars Hand #147967612397:  Hold'em Limit ($3/$6 USD) - 2016/01/30 20:22:46 ET
Table 'Gutemberga' 2-max Seat #1 is the button
Seat 1: SmellyToes4u ($96.92 in chips)
Seat 2: LotsaBalls12 ($89.51 in chips)
SmellyToes4u: posts small blind $1
LotsaBalls12: posts big blind $3
*** HOLE CARDS ***
SmellyToes4u: raises $3 to $6
LotsaBalls12: raises $3 to $9
SmellyToes4u: calls $3
*** FLOP *** [2d Ah 3s]
LotsaBalls12: bets $3
SmellyToes4u: calls $3
*** TURN *** [2d Ah 3s] [3c]
LotsaBalls12: bets $6
SmellyToes4u: calls $6
*** RIVER *** [2d Ah 3s 3c] [7c]
LotsaBalls12: checks
SmellyToes4u: bets $6
LotsaBalls12: calls $6
*** SHOW DOWN ***
SmellyToes4u: shows [Kd Ks] (two pair, Kings and Threes)
LotsaBalls12: mucks hand
SmellyToes4u collected $47.50 from pot
*** SUMMARY ***
Total pot $48 | Rake $0.50
Board [2d Ah 3s 3c 7c]
Seat 1: SmellyToes4u (button) (small blind) showed [Kd Ks] and won ($47.50) with two pair, Kings and Threes
Seat 2: LotsaBalls12 (big blind) mucked


PokerStars Hand #147967660790:  Hold'em Limit ($3/$6 USD) - 2016/01/30 20:24:08 ET
Table 'Gutemberga' 2-max Seat #2 is the button
Seat 1: SmellyToes4u ($104.94 in chips)
Seat 2: LotsaBalls12 ($80.01 in chips)
LotsaBalls12: posts small blind $1
SmellyToes4u: posts big blind $3
*** HOLE CARDS ***
LotsaBalls12: calls $2
SmellyToes4u: checks
*** FLOP *** [Ts 7s 9s]
SmellyToes4u: checks
LotsaBalls12: bets $3
SmellyToes4u: folds
Uncalled bet ($3) returned to LotsaBalls12
LotsaBalls12 collected $5.88 from pot
LotsaBalls12: doesn't show hand
*** SUMMARY ***
Total pot $6 | Rake $0.12
Board [Ts 7s 9s]
Seat 1: SmellyToes4u (big blind) folded on the Flop
Seat 2: LotsaBalls12 (button) (small blind) collected ($5.88)


PokerStars Hand #147967642982:  Hold'em Limit ($3/$6 USD) - 2016/01/30 20:23:38 ET
Table 'Gutemberga' 2-max Seat #1 is the button
Seat 1: SmellyToes4u ($131.94 in chips)
Seat 2: LotsaBalls12 ($53.51 in chips)
SmellyToes4u: posts small blind $1
LotsaBalls12: posts big blind $3
*** HOLE CARDS ***
SmellyToes4u: raises $3 to $6
LotsaBalls12: calls $3
*** FLOP *** [4s Kh Jh]
LotsaBalls12: checks
SmellyToes4u: bets $3
LotsaBalls12: calls $3
*** TURN *** [4s Kh Jh] [Ac]
LotsaBalls12: checks
SmellyToes4u: checks
*** RIVER *** [4s Kh Jh Ac] [Th]
LotsaBalls12: bets $6
SmellyToes4u: raises $6 to $12
LotsaBalls12: raises $6 to $18
SmellyToes4u: calls $6
*** SHOW DOWN ***
LotsaBalls12: shows [4h 9h] (a flush, King high)
SmellyToes4u: mucks hand
LotsaBalls12 collected $53.50 from pot
*** SUMMARY ***
Total pot $54 | Rake $0.50
Board [4s Kh Jh Ac Th]
Seat 1: SmellyToes4u (button) (small blind) mucked
Seat 2: LotsaBalls12 (big blind) showed [4h 9h] and won ($53.50) with a flush, King high


PokerStars Hand #147967718491:  Hold'em Limit ($3/$6 USD) - 2016/01/30 20:25:46 ET
Table 'Gutemberga' 2-max Seat #1 is the button
Seat 1: SmellyToes4u ($133.96 in chips)
Seat 2: LotsaBalls12 ($49.89 in chips)
SmellyToes4u: posts small blind $1
LotsaBalls12: posts big blind $3
*** HOLE CARDS ***
SmellyToes4u: folds
Uncalled bet ($2) returned to LotsaBalls12
LotsaBalls12 collected $2 from pot
LotsaBalls12: doesn't show hand
*** SUMMARY ***
Total pot $2 | Rake $0
Seat 1: SmellyToes4u (button) (small blind) folded before Flop
Seat 2: LotsaBalls12 (big blind) collected ($2)


PokerStars Hand #147967697879:  Hold'em Limit ($3/$6 USD) - 2016/01/30 20:25:11 ET
Table 'Gutemberga' 2-max Seat #2 is the button
Seat 1: SmellyToes4u ($113.46 in chips)
Seat 2: LotsaBalls12 ($70.89 in chips)
LotsaBalls12: posts small blind $1
SmellyToes4u: posts big blind $3
*** HOLE CARDS ***
LotsaBalls12: raises $3 to $6
SmellyToes4u: calls $3
*** FLOP *** [4c 2c 3s]
SmellyToes4u: checks
LotsaBalls12: bets $3
SmellyToes4u: calls $3
*** TURN *** [4c 2c 3s] [Ts]
SmellyToes4u: checks
LotsaBalls12: bets $6
SmellyToes4u: calls $6
*** RIVER *** [4c 2c 3s Ts] [6h]
SmellyToes4u: bets $6
LotsaBalls12: calls $6
*** SHOW DOWN ***
SmellyToes4u: shows [5c 8d] (a straight, Deuce to Six)
LotsaBalls12: mucks hand
SmellyToes4u collected $41.50 from pot
*** SUMMARY ***
Total pot $42 | Rake $0.50
Board [4c 2c 3s Ts 6h]
Seat 1: SmellyToes4u (big blind) showed [5c 8d] and won ($41.50) with a straight, Deuce to Six
Seat 2: LotsaBalls12 (button) (small blind) mucked


PokerStars Hand #147967673671:  Hold'em Limit ($3/$6 USD) - 2016/01/30 20:24:30 ET
Table 'Gutemberga' 2-max Seat #1 is the button
Seat 1: SmellyToes4u ($101.94 in chips)
Seat 2: LotsaBalls12 ($82.89 in chips)
SmellyToes4u: posts small blind $1
LotsaBalls12: posts big blind $3
*** HOLE CARDS ***
SmellyToes4u: raises $3 to $6
LotsaBalls12: raises $3 to $9
SmellyToes4u: calls $3
*** FLOP *** [8c 8s 2c]
LotsaBalls12: bets $3
SmellyToes4u: calls $3
*** TURN *** [8c 8s 2c] [Ts]
LotsaBalls12: checks
SmellyToes4u: bets $6
LotsaBalls12: folds
Uncalled bet ($6) returned to SmellyToes4u
SmellyToes4u collected $23.52 from pot
SmellyToes4u: doesn't show hand
*** SUMMARY ***
Total pot $24 | Rake $0.48
Board [8c 8s 2c Ts]
Seat 1: SmellyToes4u (button) (small blind) collected ($23.52)
Seat 2: LotsaBalls12 (big blind) folded on the Turn


PokerStars Hand #147967748899:  Hold'em Limit ($3/$6 USD) - 2016/01/30 20:26:38 ET
Table 'Gutemberga' 2-max Seat #2 is the button
Seat 1: SmellyToes4u ($138.46 in chips)
Seat 2: LotsaBalls12 ($44.53 in chips)
LotsaBalls12: posts small blind $1
SmellyToes4u: posts big blind $3
*** HOLE CARDS ***
LotsaBalls12: calls $2
SmellyToes4u: raises $3 to $6
LotsaBalls12: calls $3
*** FLOP *** [6d 2d Ah]
SmellyToes4u: bets $3
LotsaBalls12: folds
Uncalled bet ($3) returned to SmellyToes4u
SmellyToes4u collected $11.76 from pot
SmellyToes4u: doesn't show hand
*** SUMMARY ***
Total pot $12 | Rake $0.24
Board [6d 2d Ah]
Seat 1: SmellyToes4u (big blind) collected ($11.76)
Seat 2: LotsaBalls12 (button) (small blind) folded on the Flop


PokerStars Hand #147967738682:  Hold'em Limit ($3/$6 USD) - 2016/01/30 20:26:21 ET
Table 'Gutemberga' 2-max Seat #1 is the button
Seat 1: SmellyToes4u ($123.96 in chips)
Seat 2: LotsaBalls12 ($59.53 in chips)
SmellyToes4u: posts small blind $1
LotsaBalls12: posts big blind $3
*** HOLE CARDS ***
SmellyToes4u: raises $3 to $6
LotsaBalls12: calls $3
*** FLOP *** [Ad 5s 7s]
LotsaBalls12: checks
SmellyToes4u: bets $3
LotsaBalls12: calls $3
*** TURN *** [Ad 5s 7s] [Td]
LotsaBalls12: checks
SmellyToes4u: bets $6
LotsaBalls12: calls $6
*** RIVER *** [Ad 5s 7s Td] [Tc]
LotsaBalls12: checks
SmellyToes4u: checks
*** SHOW DOWN ***
LotsaBalls12: shows [2s 3s] (a pair of Tens)
SmellyToes4u: shows [6s Qc] (a pair of Tens - Ace+Queen kicker)
SmellyToes4u collected $29.50 from pot
*** SUMMARY ***
Total pot $30 | Rake $0.50
Board [Ad 5s 7s Td Tc]
Seat 1: SmellyToes4u (button) (small blind) showed [6s Qc] and won ($29.50) with a pair of Tens
Seat 2: LotsaBalls12 (big blind) showed [2s 3s] and lost with a pair of Tens


PokerStars Hand #147967724440:  Hold'em Limit ($3/$6 USD) - 2016/01/30 20:25:56 ET
Table 'Gutemberga' 2-max Seat #2 is the button
Seat 1: SmellyToes4u ($132.96 in chips)
Seat 2: LotsaBalls12 ($50.89 in chips)
LotsaBalls12: posts small blind $1
SmellyToes4u: posts big blind $3
*** HOLE CARDS ***
LotsaBalls12: raises $3 to $6
SmellyToes4u: calls $3
*** FLOP *** [6c 8s 5c]
SmellyToes4u: checks
LotsaBalls12: bets $3
SmellyToes4u: calls $3
*** TURN *** [6c 8s 5c] [4d]
SmellyToes4u: checks
LotsaBalls12: bets $6
SmellyToes4u: folds
Uncalled bet ($6) returned to LotsaBalls12
LotsaBalls12 collected $17.64 from pot
LotsaBalls12: doesn't show hand
*** SUMMARY ***
Total pot $18 | Rake $0.36
Board [6c 8s 5c 4d]
Seat 1: SmellyToes4u (big blind) folded on the Turn
Seat 2: LotsaBalls12 (button) (small blind) collected ($17.64)


PokerStars Hand #147967775618:  Hold'em Limit ($3/$6 USD) - 2016/01/30 20:27:24 ET
Table 'Gutemberga' 2-max Seat #1 is the button
Seat 1: SmellyToes4u ($170.48 in chips)
Seat 2: LotsaBalls12 ($11.53 in chips)
SmellyToes4u: posts small blind $1
LotsaBalls12: posts big blind $3
*** HOLE CARDS ***
SmellyToes4u: folds
Uncalled bet ($2) returned to LotsaBalls12
LotsaBalls12 collected $2 from pot
LotsaBalls12: doesn't show hand
*** SUMMARY ***
Total pot $2 | Rake $0
Seat 1: SmellyToes4u (button) (small blind) folded before Flop
Seat 2: LotsaBalls12 (big blind) collected ($2)


PokerStars Hand #147967762049:  Hold'em Limit ($3/$6 USD) - 2016/01/30 20:27:01 ET
Table 'Gutemberga' 2-max Seat #2 is the button
Seat 1: SmellyToes4u ($149.98 in chips)
Seat 2: LotsaBalls12 ($32.53 in chips)
LotsaBalls12: posts small blind $1
SmellyToes4u: posts big blind $3
*** HOLE CARDS ***
LotsaBalls12: calls $2
SmellyToes4u: raises $3 to $6
LotsaBalls12: calls $3
*** FLOP *** [As 7s 9d]
SmellyToes4u: bets $3
LotsaBalls12: calls $3
*** TURN *** [As 7s 9d] [Kc]
SmellyToes4u: bets $6
LotsaBalls12: calls $6
*** RIVER *** [As 7s 9d Kc] [Th]
SmellyToes4u: bets $6
LotsaBalls12: calls $6
*** SHOW DOWN ***
SmellyToes4u: shows [Ts Kd] (two pair, Kings and Tens)
LotsaBalls12: mucks hand
SmellyToes4u collected $41.50 from pot
*** SUMMARY ***
Total pot $42 | Rake $0.50
Board [As 7s 9d Kc Th]
Seat 1: SmellyToes4u (big blind) showed [Ts Kd] and won ($41.50) with two pair, Kings and Tens
Seat 2: LotsaBalls12 (button) (small blind) mucked


PokerStars Hand #147967755185:  Hold'em Limit ($3/$6 USD) - 2016/01/30 20:26:49 ET
Table 'Gutemberga' 2-max Seat #1 is the button
Seat 1: SmellyToes4u ($144.22 in chips)
Seat 2: LotsaBalls12 ($38.53 in chips)
SmellyToes4u: posts small blind $1
LotsaBalls12: posts big blind $3
*** HOLE CARDS ***
SmellyToes4u: raises $3 to $6
LotsaBalls12: calls $3
*** FLOP *** [Ks Qh 6c]
LotsaBalls12: checks
SmellyToes4u: bets $3
LotsaBalls12: folds
Uncalled bet ($3) returned to SmellyToes4u
SmellyToes4u collected $11.76 from pot
SmellyToes4u: doesn't show hand
*** SUMMARY ***
Total pot $12 | Rake $0.24
Board [Ks Qh 6c]
Seat 1: SmellyToes4u (button) (small blind) collected ($11.76)
Seat 2: LotsaBalls12 (big blind) folded on the Flop


PokerStars Hand #147967789761:  Hold'em Limit ($3/$6 USD) - 2016/01/30 20:27:48 ET
Table 'Gutemberga' 2-max Seat #1 is the button
Seat 1: SmellyToes4u ($169.23 in chips)
Seat 2: LotsaBalls12 ($12.28 in chips)
SmellyToes4u: posts small blind $1
LotsaBalls12: posts big blind $3
*** HOLE CARDS ***
SmellyToes4u: folds
Uncalled bet ($2) returned to LotsaBalls12
LotsaBalls12 collected $2 from pot
LotsaBalls12: doesn't show hand
*** SUMMARY ***
Total pot $2 | Rake $0
Seat 1: SmellyToes4u (button) (small blind) folded before Flop
Seat 2: LotsaBalls12 (big blind) collected ($2)


PokerStars Hand #147967780356:  Hold'em Limit ($3/$6 USD) - 2016/01/30 20:27:32 ET
Table 'Gutemberga' 2-max Seat #2 is the button
Seat 1: SmellyToes4u ($169.48 in chips)
Seat 2: LotsaBalls12 ($12.53 in chips)
LotsaBalls12: posts small blind $1
SmellyToes4u: posts big blind $3
*** HOLE CARDS ***
LotsaBalls12: raises $3 to $6
SmellyToes4u: calls $3
*** FLOP *** [3h 8s 6h]
SmellyToes4u: checks
LotsaBalls12: bets $3
SmellyToes4u: raises $3 to $6
LotsaBalls12: raises $0.53 to $6.53 and is all-in
SmellyToes4u: calls $0.53
*** TURN *** [3h 8s 6h] [6s]
*** RIVER *** [3h 8s 6h 6s] [Qh]
*** SHOW DOWN ***
SmellyToes4u: shows [9c 8h] (two pair, Eights and Sixes)
LotsaBalls12: shows [Jh 8d] (two pair, Eights and Sixes)
SmellyToes4u collected $12.28 from pot
LotsaBalls12 collected $12.28 from pot
*** SUMMARY ***
Total pot $25.06 | Rake $0.50
Board [3h 8s 6h 6s Qh]
Seat 1: SmellyToes4u (big blind) showed [9c 8h] and won ($12.28) with two pair, Eights and Sixes
Seat 2: LotsaBalls12 (button) (small blind) showed [Jh 8d] and won ($12.28) with two pair, Eights and Sixes


PokerStars Hand #147967815334:  Hold'em Limit ($3/$6 USD) - 2016/01/30 20:28:33 ET
Table 'Gutemberga' 2-max Seat #2 is the button
Seat 1: SmellyToes4u ($163.59 in chips)
Seat 2: LotsaBalls12 ($17.06 in chips)
LotsaBalls12: posts small blind $1
SmellyToes4u: posts big blind $3
*** HOLE CARDS ***
LotsaBalls12: raises $3 to $6
SmellyToes4u: calls $3
*** FLOP *** [5s 4d 9s]
SmellyToes4u: checks
LotsaBalls12: bets $3
SmellyToes4u: calls $3
*** TURN *** [5s 4d 9s] [7c]
SmellyToes4u: checks
LotsaBalls12: bets $6
SmellyToes4u: folds
Uncalled bet ($6) returned to LotsaBalls12
LotsaBalls12 collected $17.64 from pot
LotsaBalls12: doesn't show hand
*** SUMMARY ***
Total pot $18 | Rake $0.36
Board [5s 4d 9s 7c]
Seat 1: SmellyToes4u (big blind) folded on the Turn
Seat 2: LotsaBalls12 (button) (small blind) collected ($17.64)


PokerStars Hand #147967802583:  Hold'em Limit ($3/$6 USD) - 2016/01/30 20:28:11 ET
Table 'Gutemberga' 2-max Seat #1 is the button
Seat 1: SmellyToes4u ($154.95 in chips)
Seat 2: LotsaBalls12 ($26.06 in chips)
SmellyToes4u: posts small blind $1
LotsaBalls12: posts big blind $3
*** HOLE CARDS ***
SmellyToes4u: raises $3 to $6
LotsaBalls12: calls $3
*** FLOP *** [Kd 2c 5h]
LotsaBalls12: checks
SmellyToes4u: bets $3
LotsaBalls12: calls $3
*** TURN *** [Kd 2c 5h] [Jh]
LotsaBalls12: checks
SmellyToes4u: bets $6
LotsaBalls12: folds
Uncalled bet ($6) returned to SmellyToes4u
SmellyToes4u collected $17.64 from pot
SmellyToes4u: doesn't show hand
*** SUMMARY ***
Total pot $18 | Rake $0.36
Board [Kd 2c 5h Jh]
Seat 1: SmellyToes4u (button) (small blind) collected ($17.64)
Seat 2: LotsaBalls12 (big blind) folded on the Turn


PokerStars Hand #147967794022:  Hold'em Limit ($3/$6 USD) - 2016/01/30 20:27:56 ET
Table 'Gutemberga' 2-max Seat #2 is the button
Seat 1: SmellyToes4u ($168.23 in chips)
Seat 2: LotsaBalls12 ($13.28 in chips)
LotsaBalls12: posts small blind $1
SmellyToes4u: posts big blind $3
*** HOLE CARDS ***
LotsaBalls12: raises $3 to $6
SmellyToes4u: raises $3 to $9
LotsaBalls12: raises $3 to $12
Betting is capped
SmellyToes4u: calls $3
*** FLOP *** [Ts Js 3c]
SmellyToes4u: bets $3
LotsaBalls12: calls $1.28 and is all-in
Uncalled bet ($1.72) returned to SmellyToes4u
*** TURN *** [Ts Js 3c] [6s]
*** RIVER *** [Ts Js 3c 6s] [Qc]
*** SHOW DOWN ***
SmellyToes4u: shows [6d Ah] (a pair of Sixes)
LotsaBalls12: shows [Jc 8c] (a pair of Jacks)
LotsaBalls12 collected $26.06 from pot
*** SUMMARY ***
Total pot $26.56 | Rake $0.50
Board [Ts Js 3c 6s Qc]
Seat 1: SmellyToes4u (big blind) showed [6d Ah] and lost with a pair of Sixes
Seat 2: LotsaBalls12 (button) (small blind) showed [Jc 8c] and won ($26.06) with a pair of Jacks


PokerStars Hand #147967849420:  Hold'em Limit ($3/$6 USD) - 2016/01/30 20:29:32 ET
Table 'Gutemberga' 2-max Seat #1 is the button
Seat 1: SmellyToes4u ($136.59 in chips)
Seat 2: LotsaBalls12 ($42.98 in chips)
SmellyToes4u: posts small blind $1
LotsaBalls12: posts big blind $3
*** HOLE CARDS ***
SmellyToes4u: raises $3 to $6
LotsaBalls12: calls $3
*** FLOP *** [Ad Kd 7c]
LotsaBalls12: checks
SmellyToes4u: bets $3
LotsaBalls12: calls $3
*** TURN *** [Ad Kd 7c] [3d]
LotsaBalls12: checks
SmellyToes4u: bets $6
LotsaBalls12: calls $6
*** RIVER *** [Ad Kd 7c 3d] [Td]
LotsaBalls12: checks
SmellyToes4u: bets $6
LotsaBalls12: folds
Uncalled bet ($6) returned to SmellyToes4u
SmellyToes4u collected $29.50 from pot
SmellyToes4u: doesn't show hand
*** SUMMARY ***
Total pot $30 | Rake $0.50
Board [Ad Kd 7c 3d Td]
Seat 1: SmellyToes4u (button) (small blind) collected ($29.50)
Seat 2: LotsaBalls12 (big blind) folded on the River


PokerStars Hand #147967838828:  Hold'em Limit ($3/$6 USD) - 2016/01/30 20:29:13 ET
Table 'Gutemberga' 2-max Seat #2 is the button
Seat 1: SmellyToes4u ($142.59 in chips)
Seat 2: LotsaBalls12 ($37.22 in chips)
LotsaBalls12: posts small blind $1
SmellyToes4u: posts big blind $3
*** HOLE CARDS ***
LotsaBalls12: raises $3 to $6
SmellyToes4u: calls $3
*** FLOP *** [Th Kd 4d]
SmellyToes4u: checks
LotsaBalls12: bets $3
SmellyToes4u: folds
Uncalled bet ($3) returned to LotsaBalls12
LotsaBalls12 collected $11.76 from pot
LotsaBalls12: doesn't show hand
*** SUMMARY ***
Total pot $12 | Rake $0.24
Board [Th Kd 4d]
Seat 1: SmellyToes4u (big blind) folded on the Flop
Seat 2: LotsaBalls12 (button) (small blind) collected ($11.76)


PokerStars Hand #147967829655:  Hold'em Limit ($3/$6 USD) - 2016/01/30 20:28:57 ET
Table 'Gutemberga' 2-max Seat #1 is the button
Seat 1: SmellyToes4u ($154.59 in chips)
Seat 2: LotsaBalls12 ($25.70 in chips)
SmellyToes4u: posts small blind $1
LotsaBalls12: posts big blind $3
*** HOLE CARDS ***
SmellyToes4u: raises $3 to $6
LotsaBalls12: raises $3 to $9
SmellyToes4u: calls $3
*** FLOP *** [Ts 3s 5h]
LotsaBalls12: bets $3
SmellyToes4u: calls $3
*** TURN *** [Ts 3s 5h] [5c]
LotsaBalls12: bets $6
SmellyToes4u: folds
Uncalled bet ($6) returned to LotsaBalls12
LotsaBalls12 collected $23.52 from pot
LotsaBalls12: doesn't show hand
*** SUMMARY ***
Total pot $24 | Rake $0.48
Board [Ts 3s 5h 5c]
Seat 1: SmellyToes4u (button) (small blind) folded on the Turn
Seat 2: LotsaBalls12 (big blind) collected ($23.52)


PokerStars Hand #147967872053:  Hold'em Limit ($3/$6 USD) - 2016/01/30 20:30:11 ET
Table 'Gutemberga' 2-max Seat #1 is the button
Seat 1: SmellyToes4u ($145.09 in chips)
Seat 2: LotsaBalls12 ($33.74 in chips)
SmellyToes4u: posts small blind $1
LotsaBalls12: posts big blind $3
*** HOLE CARDS ***
SmellyToes4u: raises $3 to $6
LotsaBalls12: calls $3
*** FLOP *** [7s Td Kh]
LotsaBalls12: checks
SmellyToes4u: bets $3
LotsaBalls12: calls $3
*** TURN *** [7s Td Kh] [9s]
LotsaBalls12: checks
SmellyToes4u: bets $6
LotsaBalls12: raises $6 to $12
SmellyToes4u: raises $6 to $18
LotsaBalls12: calls $6
*** RIVER *** [7s Td Kh 9s] [3c]
LotsaBalls12: checks
SmellyToes4u: bets $6
LotsaBalls12: calls $6
*** SHOW DOWN ***
SmellyToes4u: shows [Jc Qd] (a straight, Nine to King)
LotsaBalls12: mucks hand
SmellyToes4u collected $65.50 from pot
*** SUMMARY ***
Total pot $66 | Rake $0.50
Board [7s Td Kh 9s 3c]
Seat 1: SmellyToes4u (button) (small blind) showed [Jc Qd] and won ($65.50) with a straight, Nine to King
Seat 2: LotsaBalls12 (big blind) mucked


PokerStars Hand #147967863633:  Hold'em Limit ($3/$6 USD) - 2016/01/30 20:29:57 ET
Table 'Gutemberga' 2-max Seat #2 is the button
Seat 1: SmellyToes4u ($151.09 in chips)
Seat 2: LotsaBalls12 ($27.98 in chips)
LotsaBalls12: posts small blind $1
SmellyToes4u: posts big blind $3
*** HOLE CARDS ***
LotsaBalls12: raises $3 to $6
SmellyToes4u: calls $3
*** FLOP *** [7h 5h 5d]
SmellyToes4u: checks
LotsaBalls12: bets $3
SmellyToes4u: folds
Uncalled bet ($3) returned to LotsaBalls12
LotsaBalls12 collected $11.76 from pot
LotsaBalls12: doesn't show hand
*** SUMMARY ***
Total pot $12 | Rake $0.24
Board [7h 5h 5d]
Seat 1: SmellyToes4u (big blind) folded on the Flop
Seat 2: LotsaBalls12 (button) (small blind) collected ($11.76)


