PokerStars Hand #144605189731:  Hold'em Limit ($3/$6 USD) - 2015/11/30 7:53:32 ET
Table 'Gyldenia III' 2-max Seat #2 is the button
Seat 1: TheU10 ($180 in chips)
Seat 2: jl45259071 ($308.85 in chips)
jl45259071: posts small blind $1
TheU10: posts big blind $3
*** HOLE CARDS ***
jl45259071: raises $3 to $6
TheU10: calls $3
*** FLOP *** [2d 3d 7s]
TheU10: checks
jl45259071: bets $3
TheU10: folds
Uncalled bet ($3) returned to jl45259071
jl45259071 collected $11.76 from pot
jl45259071: doesn't show hand
*** SUMMARY ***
Total pot $12 | Rake $0.24
Board [2d 3d 7s]
Seat 1: TheU10 (big blind) folded on the Flop
Seat 2: jl45259071 (button) (small blind) collected ($11.76)


PokerStars Hand #144605210903:  Hold'em Limit ($3/$6 USD) - 2015/11/30 7:54:13 ET
Table 'Gyldenia III' 2-max Seat #1 is the button
Seat 1: TheU10 ($174 in chips)
Seat 2: jl45259071 ($314.61 in chips)
TheU10: posts small blind $1
jl45259071: posts big blind $3
*** HOLE CARDS ***
TheU10: folds
Uncalled bet ($2) returned to jl45259071
jl45259071 collected $2 from pot
jl45259071: doesn't show hand
*** SUMMARY ***
Total pot $2 | Rake $0
Seat 1: TheU10 (button) (small blind) folded before Flop
Seat 2: jl45259071 (big blind) collected ($2)


PokerStars Hand #144605214796:  Hold'em Limit ($3/$6 USD) - 2015/11/30 7:54:21 ET
Table 'Gyldenia III' 2-max Seat #2 is the button
Seat 1: TheU10 ($173 in chips)
Seat 2: jl45259071 ($315.61 in chips)
jl45259071: posts small blind $1
TheU10: posts big blind $3
*** HOLE CARDS ***
jl45259071: raises $3 to $6
TheU10: calls $3
*** FLOP *** [Ad 4c 6h]
TheU10: bets $3
jl45259071: raises $3 to $6
TheU10: calls $3
*** TURN *** [Ad 4c 6h] [9d]
TheU10: checks
jl45259071: bets $6
TheU10: calls $6
*** RIVER *** [Ad 4c 6h 9d] [7h]
TheU10: bets $6
jl45259071: calls $6
*** SHOW DOWN ***
TheU10: shows [5c 4s] (a pair of Fours)
jl45259071: shows [Js Jc] (a pair of Jacks)
jl45259071 collected $47.50 from pot
*** SUMMARY ***
Total pot $48 | Rake $0.50
Board [Ad 4c 6h 9d 7h]
Seat 1: TheU10 (big blind) showed [5c 4s] and lost with a pair of Fours
Seat 2: jl45259071 (button) (small blind) showed [Js Jc] and won ($47.50) with a pair of Jacks


PokerStars Hand #144605235938:  Hold'em Limit ($3/$6 USD) - 2015/11/30 7:55:01 ET
Table 'Gyldenia III' 2-max Seat #2 is the button
Seat 1: TheU10 ($140 in chips)
Seat 2: jl45259071 ($347.75 in chips)
jl45259071: posts small blind $1
TheU10: posts big blind $3
*** HOLE CARDS ***
jl45259071: calls $2
TheU10: checks
*** FLOP *** [Kc Ks Qs]
TheU10: checks
jl45259071: checks
*** TURN *** [Kc Ks Qs] [8c]
TheU10: checks
jl45259071: checks
*** RIVER *** [Kc Ks Qs 8c] [5h]
TheU10: bets $6
jl45259071: calls $6
*** SHOW DOWN ***
TheU10: shows [4h 3s] (a pair of Kings)
jl45259071: shows [6c 5c] (two pair, Kings and Fives)
jl45259071 collected $17.64 from pot
*** SUMMARY ***
Total pot $18 | Rake $0.36
Board [Kc Ks Qs 8c 5h]
Seat 1: TheU10 (big blind) showed [4h 3s] and lost with a pair of Kings
Seat 2: jl45259071 (button) (small blind) showed [6c 5c] and won ($17.64) with two pair, Kings and Fives


PokerStars Hand #144605243770:  Hold'em Limit ($3/$6 USD) - 2015/11/30 7:55:18 ET
Table 'Gyldenia III' 2-max Seat #1 is the button
Seat 1: TheU10 ($131 in chips)
Seat 2: jl45259071 ($356.39 in chips)
TheU10: posts small blind $1
jl45259071: posts big blind $3
*** HOLE CARDS ***
TheU10: folds
Uncalled bet ($2) returned to jl45259071
jl45259071 collected $2 from pot
jl45259071: doesn't show hand
*** SUMMARY ***
Total pot $2 | Rake $0
Seat 1: TheU10 (button) (small blind) folded before Flop
Seat 2: jl45259071 (big blind) collected ($2)


PokerStars Hand #144605245924:  Hold'em Limit ($3/$6 USD) - 2015/11/30 7:55:22 ET
Table 'Gyldenia III' 2-max Seat #2 is the button
Seat 1: TheU10 ($130 in chips)
Seat 2: jl45259071 ($357.39 in chips)
jl45259071: posts small blind $1
TheU10: posts big blind $3
*** HOLE CARDS ***
jl45259071: calls $2
TheU10: checks
*** FLOP *** [5d Td 7d]
TheU10: checks
jl45259071: checks
*** TURN *** [5d Td 7d] [4h]
TheU10: checks
jl45259071: checks
*** RIVER *** [5d Td 7d 4h] [7h]
TheU10: bets $6
jl45259071: calls $6
*** SHOW DOWN ***
TheU10: shows [6s 3d] (a straight, Three to Seven)
jl45259071: mucks hand
TheU10 collected $17.64 from pot
*** SUMMARY ***
Total pot $18 | Rake $0.36
Board [5d Td 7d 4h 7h]
Seat 1: TheU10 (big blind) showed [6s 3d] and won ($17.64) with a straight, Three to Seven
Seat 2: jl45259071 (button) (small blind) mucked


PokerStars Hand #144605229602:  Hold'em Limit ($3/$6 USD) - 2015/11/30 7:54:49 ET
Table 'Gyldenia III' 2-max Seat #1 is the button
Seat 1: TheU10 ($149 in chips)
Seat 2: jl45259071 ($339.11 in chips)
TheU10: posts small blind $1
jl45259071: posts big blind $3
*** HOLE CARDS ***
TheU10: raises $3 to $6
jl45259071: calls $3
*** FLOP *** [Kh 7s 7d]
jl45259071: checks
TheU10: bets $3
jl45259071: raises $3 to $6
TheU10: folds
Uncalled bet ($3) returned to jl45259071
jl45259071 collected $17.64 from pot
jl45259071: doesn't show hand
*** SUMMARY ***
Total pot $18 | Rake $0.36
Board [Kh 7s 7d]
Seat 1: TheU10 (button) (small blind) folded on the Flop
Seat 2: jl45259071 (big blind) collected ($17.64)


PokerStars Hand #144605252852:  Hold'em Limit ($3/$6 USD) - 2015/11/30 7:55:38 ET
Table 'Gyldenia III' 2-max Seat #1 is the button
Seat 1: TheU10 ($138.64 in chips)
Seat 2: jl45259071 ($348.39 in chips)
TheU10: posts small blind $1
jl45259071: posts big blind $3
*** HOLE CARDS ***
TheU10: calls $2
jl45259071: raises $3 to $6
TheU10: calls $3
*** FLOP *** [Kc 6h Th]
jl45259071: bets $3
TheU10: folds
Uncalled bet ($3) returned to jl45259071
jl45259071 collected $11.76 from pot
jl45259071: doesn't show hand
*** SUMMARY ***
Total pot $12 | Rake $0.24
Board [Kc 6h Th]
Seat 1: TheU10 (button) (small blind) folded on the Flop
Seat 2: jl45259071 (big blind) collected ($11.76)


PokerStars Hand #144605259138:  Hold'em Limit ($3/$6 USD) - 2015/11/30 7:55:52 ET
Table 'Gyldenia III' 2-max Seat #2 is the button
Seat 1: TheU10 ($132.64 in chips)
Seat 2: jl45259071 ($354.15 in chips)
jl45259071: posts small blind $1
TheU10: posts big blind $3
*** HOLE CARDS ***
jl45259071: raises $3 to $6
TheU10: calls $3
*** FLOP *** [Qh Th 7d]
TheU10: checks
jl45259071: bets $3
TheU10: calls $3
*** TURN *** [Qh Th 7d] [7c]
TheU10: checks
jl45259071: checks
*** RIVER *** [Qh Th 7d 7c] [8c]
TheU10: bets $6
jl45259071: calls $6
*** SHOW DOWN ***
TheU10: shows [6c 8d] (two pair, Eights and Sevens)
jl45259071: mucks hand
TheU10 collected $29.50 from pot
*** SUMMARY ***
Total pot $30 | Rake $0.50
Board [Qh Th 7d 7c 8c]
Seat 1: TheU10 (big blind) showed [6c 8d] and won ($29.50) with two pair, Eights and Sevens
Seat 2: jl45259071 (button) (small blind) mucked


PokerStars Hand #144605271362:  Hold'em Limit ($3/$6 USD) - 2015/11/30 7:56:18 ET
Table 'Gyldenia III' 2-max Seat #2 is the button
Seat 1: TheU10 ($135.14 in chips)
Seat 2: jl45259071 ($350.67 in chips)
jl45259071: posts small blind $1
TheU10: posts big blind $3
*** HOLE CARDS ***
jl45259071: raises $3 to $6
TheU10: calls $3
*** FLOP *** [9d Js Qs]
TheU10: checks
jl45259071: bets $3
TheU10: calls $3
*** TURN *** [9d Js Qs] [Tc]
TheU10: checks
jl45259071: bets $6
TheU10: calls $6
*** RIVER *** [9d Js Qs Tc] [Qh]
TheU10: checks
jl45259071: bets $6
TheU10: folds
Uncalled bet ($6) returned to jl45259071
jl45259071 collected $29.50 from pot
jl45259071: doesn't show hand
*** SUMMARY ***
Total pot $30 | Rake $0.50
Board [9d Js Qs Tc Qh]
Seat 1: TheU10 (big blind) folded on the River
Seat 2: jl45259071 (button) (small blind) collected ($29.50)


PokerStars Hand #144605266408:  Hold'em Limit ($3/$6 USD) - 2015/11/30 7:56:07 ET
Table 'Gyldenia III' 2-max Seat #1 is the button
Seat 1: TheU10 ($147.14 in chips)
Seat 2: jl45259071 ($339.15 in chips)
TheU10: posts small blind $1
jl45259071: posts big blind $3
*** HOLE CARDS ***
TheU10: raises $3 to $6
jl45259071: raises $3 to $9
TheU10: calls $3
*** FLOP *** [4h 4d 6d]
jl45259071: bets $3
TheU10: calls $3
*** TURN *** [4h 4d 6d] [7d]
jl45259071: bets $6
TheU10: folds
Uncalled bet ($6) returned to jl45259071
jl45259071 collected $23.52 from pot
jl45259071: doesn't show hand
*** SUMMARY ***
Total pot $24 | Rake $0.48
Board [4h 4d 6d 7d]
Seat 1: TheU10 (button) (small blind) folded on the Turn
Seat 2: jl45259071 (big blind) collected ($23.52)


PokerStars Hand #144605308809:  Hold'em Limit ($3/$6 USD) - 2015/11/30 7:57:39 ET
Table 'Gyldenia III' 2-max Seat #2 is the button
Seat 1: TheU10 ($75.02 in chips)
Seat 2: jl45259071 ($409.17 in chips)
jl45259071: posts small blind $1
TheU10: posts big blind $3
*** HOLE CARDS ***
jl45259071: folds
Uncalled bet ($2) returned to TheU10
TheU10 collected $2 from pot
TheU10: doesn't show hand
*** SUMMARY ***
Total pot $2 | Rake $0
Seat 1: TheU10 (big blind) collected ($2)
Seat 2: jl45259071 (button) (small blind) folded before Flop


PokerStars Hand #144605288958:  Hold'em Limit ($3/$6 USD) - 2015/11/30 7:56:56 ET
Table 'Gyldenia III' 2-max Seat #2 is the button
Seat 1: TheU10 ($99.14 in chips)
Seat 2: jl45259071 ($385.67 in chips)
jl45259071: posts small blind $1
TheU10: posts big blind $3
*** HOLE CARDS ***
jl45259071: calls $2
TheU10: checks
*** FLOP *** [7c 8d 7d]
TheU10: checks
jl45259071: checks
*** TURN *** [7c 8d 7d] [8c]
TheU10: bets $6
jl45259071: folds
Uncalled bet ($6) returned to TheU10
TheU10 collected $5.88 from pot
TheU10: doesn't show hand
*** SUMMARY ***
Total pot $6 | Rake $0.12
Board [7c 8d 7d 8c]
Seat 1: TheU10 (big blind) collected ($5.88)
Seat 2: jl45259071 (button) (small blind) folded on the Turn


PokerStars Hand #144605294955:  Hold'em Limit ($3/$6 USD) - 2015/11/30 7:57:09 ET
Table 'Gyldenia III' 2-max Seat #1 is the button
Seat 1: TheU10 ($102.02 in chips)
Seat 2: jl45259071 ($382.67 in chips)
TheU10: posts small blind $1
jl45259071: posts big blind $3
*** HOLE CARDS ***
TheU10: raises $3 to $6
jl45259071: raises $3 to $9
TheU10: calls $3
*** FLOP *** [9d Ah 8s]
jl45259071: bets $3
TheU10: raises $3 to $6
jl45259071: calls $3
*** TURN *** [9d Ah 8s] [Ac]
jl45259071: checks
TheU10: bets $6
jl45259071: calls $6
*** RIVER *** [9d Ah 8s Ac] [6d]
jl45259071: checks
TheU10: bets $6
jl45259071: calls $6
*** SHOW DOWN ***
TheU10: shows [Jh 7h] (a pair of Aces)
jl45259071: shows [Ks Td] (a pair of Aces - King kicker)
jl45259071 collected $53.50 from pot
*** SUMMARY ***
Total pot $54 | Rake $0.50
Board [9d Ah 8s Ac 6d]
Seat 1: TheU10 (button) (small blind) showed [Jh 7h] and lost with a pair of Aces
Seat 2: jl45259071 (big blind) showed [Ks Td] and won ($53.50) with a pair of Aces


PokerStars Hand #144605319276:  Hold'em Limit ($3/$6 USD) - 2015/11/30 7:58:02 ET
Table 'Gyldenia III' 2-max Seat #2 is the button
Seat 1: TheU10 ($55.02 in chips)
Seat 2: jl45259071 ($428.67 in chips)
jl45259071: posts small blind $1
TheU10: posts big blind $3
*** HOLE CARDS ***
jl45259071: raises $3 to $6
TheU10: calls $3
*** FLOP *** [4h 7c 3c]
TheU10: checks
jl45259071: checks
*** TURN *** [4h 7c 3c] [Kc]
TheU10: checks
jl45259071: checks
*** RIVER *** [4h 7c 3c Kc] [Qs]
TheU10: checks
jl45259071: checks
*** SHOW DOWN ***
TheU10: shows [6s Jd] (high card King)
jl45259071: shows [2h As] (high card Ace)
jl45259071 collected $11.76 from pot
*** SUMMARY ***
Total pot $12 | Rake $0.24
Board [4h 7c 3c Kc Qs]
Seat 1: TheU10 (big blind) showed [6s Jd] and lost with high card King
Seat 2: jl45259071 (button) (small blind) showed [2h As] and won ($11.76) with high card Ace


PokerStars Hand #144605326907:  Hold'em Limit ($3/$6 USD) - 2015/11/30 7:58:18 ET
Table 'Gyldenia III' 2-max Seat #1 is the button
Seat 1: TheU10 ($49.02 in chips)
Seat 2: jl45259071 ($434.43 in chips)
TheU10: posts small blind $1
jl45259071: posts big blind $3
*** HOLE CARDS ***
TheU10: raises $3 to $6
jl45259071: raises $3 to $9
TheU10: raises $3 to $12
Betting is capped
jl45259071: calls $3
*** FLOP *** [Kh 7s Js]
jl45259071: bets $3
TheU10: calls $3
*** TURN *** [Kh 7s Js] [4s]
jl45259071: bets $6
TheU10: folds
Uncalled bet ($6) returned to jl45259071
jl45259071 collected $29.50 from pot
jl45259071: doesn't show hand
*** SUMMARY ***
Total pot $30 | Rake $0.50
Board [Kh 7s Js 4s]
Seat 1: TheU10 (button) (small blind) folded on the Turn
Seat 2: jl45259071 (big blind) collected ($29.50)


PokerStars Hand #144605334419:  Hold'em Limit ($3/$6 USD) - 2015/11/30 7:58:35 ET
Table 'Gyldenia III' 2-max Seat #2 is the button
Seat 1: TheU10 ($54.02 in chips)
Seat 2: jl45259071 ($448.93 in chips)
jl45259071: posts small blind $1
TheU10: posts big blind $3
*** HOLE CARDS ***
jl45259071: raises $3 to $6
TheU10: calls $3
*** FLOP *** [Js 4c 2s]
TheU10: checks
jl45259071: checks
*** TURN *** [Js 4c 2s] [2h]
TheU10: bets $6
jl45259071: folds
Uncalled bet ($6) returned to TheU10
TheU10 collected $11.76 from pot
TheU10: doesn't show hand
*** SUMMARY ***
Total pot $12 | Rake $0.24
Board [Js 4c 2s 2h]
Seat 1: TheU10 (big blind) collected ($11.76)
Seat 2: jl45259071 (button) (small blind) folded on the Turn


PokerStars Hand #144605311292:  Hold'em Limit ($3/$6 USD) - 2015/11/30 7:57:45 ET
Table 'Gyldenia III' 2-max Seat #1 is the button
Seat 1: TheU10 ($76.02 in chips)
Seat 2: jl45259071 ($408.17 in chips)
TheU10: posts small blind $1
jl45259071: posts big blind $3
*** HOLE CARDS ***
TheU10: raises $3 to $6
jl45259071: raises $3 to $9
TheU10: raises $3 to $12
Betting is capped
jl45259071: calls $3
*** FLOP *** [3s 8s Js]
jl45259071: checks
TheU10: bets $3
jl45259071: calls $3
*** TURN *** [3s 8s Js] [6d]
jl45259071: checks
TheU10: checks
*** RIVER *** [3s 8s Js 6d] [8d]
jl45259071: bets $6
TheU10: calls $6
*** SHOW DOWN ***
jl45259071: shows [8c 7c] (three of a kind, Eights)
TheU10: mucks hand
jl45259071 collected $41.50 from pot
*** SUMMARY ***
Total pot $42 | Rake $0.50
Board [3s 8s Js 6d 8d]
Seat 1: TheU10 (button) (small blind) mucked
Seat 2: jl45259071 (big blind) showed [8c 7c] and won ($41.50) with three of a kind, Eights


PokerStars Hand #144605350039:  Hold'em Limit ($3/$6 USD) - 2015/11/30 7:59:09 ET
Table 'Gyldenia III' 2-max Seat #2 is the button
Seat 1: TheU10 ($50.78 in chips)
Seat 2: jl45259071 ($451.57 in chips)
jl45259071: posts small blind $1
TheU10: posts big blind $3
*** HOLE CARDS ***
jl45259071: calls $2
TheU10: checks
*** FLOP *** [4s 3s Jd]
TheU10: checks
jl45259071: checks
*** TURN *** [4s 3s Jd] [2d]
TheU10: checks
jl45259071: bets $6
TheU10: raises $6 to $12
jl45259071: calls $6
*** RIVER *** [4s 3s Jd 2d] [4d]
TheU10: bets $6
jl45259071: calls $6
*** SHOW DOWN ***
TheU10: shows [5s Td] (a pair of Fours)
jl45259071: shows [2c 9s] (two pair, Fours and Deuces)
jl45259071 collected $41.50 from pot
*** SUMMARY ***
Total pot $42 | Rake $0.50
Board [4s 3s Jd 2d 4d]
Seat 1: TheU10 (big blind) showed [5s Td] and lost with a pair of Fours
Seat 2: jl45259071 (button) (small blind) showed [2c 9s] and won ($41.50) with two pair, Fours and Deuces


PokerStars Hand #144605357990:  Hold'em Limit ($3/$6 USD) - 2015/11/30 7:59:26 ET
Table 'Gyldenia III' 2-max Seat #1 is the button
Seat 1: TheU10 ($29.78 in chips)
Seat 2: jl45259071 ($472.07 in chips)
TheU10: posts small blind $1
jl45259071: posts big blind $3
*** HOLE CARDS ***
TheU10: raises $3 to $6
jl45259071: calls $3
*** FLOP *** [Qs 3h 5s]
jl45259071: checks
TheU10: bets $3
jl45259071: calls $3
*** TURN *** [Qs 3h 5s] [7h]
jl45259071: checks
TheU10: checks
*** RIVER *** [Qs 3h 5s 7h] [Kc]
jl45259071: bets $6
TheU10: folds
Uncalled bet ($6) returned to jl45259071
jl45259071 collected $17.64 from pot
jl45259071: doesn't show hand
*** SUMMARY ***
Total pot $18 | Rake $0.36
Board [Qs 3h 5s 7h Kc]
Seat 1: TheU10 (button) (small blind) folded on the River
Seat 2: jl45259071 (big blind) collected ($17.64)


PokerStars Hand #144605339983:  Hold'em Limit ($3/$6 USD) - 2015/11/30 7:58:47 ET
Table 'Gyldenia III' 2-max Seat #1 is the button
Seat 1: TheU10 ($59.78 in chips)
Seat 2: jl45259071 ($442.93 in chips)
TheU10: posts small blind $1
jl45259071: posts big blind $3
*** HOLE CARDS ***
TheU10: raises $3 to $6
jl45259071: calls $3
*** FLOP *** [Qs 8c 7s]
jl45259071: checks
TheU10: bets $3
jl45259071: raises $3 to $6
TheU10: folds
Uncalled bet ($3) returned to jl45259071
jl45259071 collected $17.64 from pot
jl45259071: doesn't show hand
*** SUMMARY ***
Total pot $18 | Rake $0.36
Board [Qs 8c 7s]
Seat 1: TheU10 (button) (small blind) folded on the Flop
Seat 2: jl45259071 (big blind) collected ($17.64)


PokerStars Hand #144605347416:  Hold'em Limit ($3/$6 USD) - 2015/11/30 7:59:03 ET
Table 'Gyldenia III' 2-max Seat #1 is the button
Seat 1: TheU10 ($51.78 in chips)
Seat 2: jl45259071 ($450.57 in chips)
TheU10: posts small blind $1
jl45259071: posts big blind $3
*** HOLE CARDS ***
TheU10: folds
Uncalled bet ($2) returned to jl45259071
jl45259071 collected $2 from pot
jl45259071: doesn't show hand
*** SUMMARY ***
Total pot $2 | Rake $0
Seat 1: TheU10 (button) (small blind) folded before Flop
Seat 2: jl45259071 (big blind) collected ($2)


PokerStars Hand #144605345078:  Hold'em Limit ($3/$6 USD) - 2015/11/30 7:58:58 ET
Table 'Gyldenia III' 2-max Seat #2 is the button
Seat 1: TheU10 ($50.78 in chips)
Seat 2: jl45259071 ($451.57 in chips)
jl45259071: posts small blind $1
TheU10: posts big blind $3
*** HOLE CARDS ***
jl45259071: folds
Uncalled bet ($2) returned to TheU10
TheU10 collected $2 from pot
TheU10: doesn't show hand
*** SUMMARY ***
Total pot $2 | Rake $0
Seat 1: TheU10 (big blind) collected ($2)
Seat 2: jl45259071 (button) (small blind) folded before Flop


PokerStars Hand #144605372067:  Hold'em Limit ($3/$6 USD) - 2015/11/30 7:59:56 ET
Table 'Gyldenia III' 2-max Seat #1 is the button
Seat 1: TheU10 ($111.78 in chips)
Seat 2: jl45259071 ($489.35 in chips)
TheU10: posts small blind $1
jl45259071: posts big blind $3
*** HOLE CARDS ***
TheU10: raises $3 to $6
jl45259071: calls $3
*** FLOP *** [3h 7s Th]
jl45259071: checks
TheU10: bets $3
jl45259071: calls $3
*** TURN *** [3h 7s Th] [2c]
jl45259071: checks
TheU10: bets $6
jl45259071: calls $6
*** RIVER *** [3h 7s Th 2c] [2s]
jl45259071: checks
TheU10: bets $6
jl45259071: calls $6
*** SHOW DOWN ***
TheU10: shows [As 2d] (three of a kind, Deuces)
jl45259071: mucks hand
TheU10 collected $41.50 from pot
*** SUMMARY ***
Total pot $42 | Rake $0.50
Board [3h 7s Th 2c 2s]
Seat 1: TheU10 (button) (small blind) showed [As 2d] and won ($41.50) with three of a kind, Deuces
Seat 2: jl45259071 (big blind) mucked


PokerStars Hand #144605387255:  Hold'em Limit ($3/$6 USD) - 2015/11/30 8:00:27 ET
Table 'Gyldenia III' 2-max Seat #2 is the button
Seat 1: TheU10 ($132.28 in chips)
Seat 2: jl45259071 ($468.35 in chips)
jl45259071: posts small blind $1
TheU10: posts big blind $3
*** HOLE CARDS ***
jl45259071: raises $3 to $6
TheU10: calls $3
*** FLOP *** [3s 7s 2d]
TheU10: checks
jl45259071: bets $3
TheU10: folds
Uncalled bet ($3) returned to jl45259071
jl45259071 collected $11.76 from pot
jl45259071: doesn't show hand
*** SUMMARY ***
Total pot $12 | Rake $0.24
Board [3s 7s 2d]
Seat 1: TheU10 (big blind) folded on the Flop
Seat 2: jl45259071 (button) (small blind) collected ($11.76)


PokerStars Hand #144605365717:  Hold'em Limit ($3/$6 USD) - 2015/11/30 7:59:43 ET
Table 'Gyldenia III' 2-max Seat #2 is the button
Seat 1: TheU10 ($120.78 in chips)
Seat 2: jl45259071 ($480.71 in chips)
jl45259071: posts small blind $1
TheU10: posts big blind $3
*** HOLE CARDS ***
jl45259071: calls $2
TheU10: raises $3 to $6
jl45259071: calls $3
*** FLOP *** [Jc 2s 2d]
TheU10: bets $3
jl45259071: raises $3 to $6
TheU10: folds
Uncalled bet ($3) returned to jl45259071
jl45259071 collected $17.64 from pot
jl45259071: doesn't show hand
*** SUMMARY ***
Total pot $18 | Rake $0.36
Board [Jc 2s 2d]
Seat 1: TheU10 (big blind) folded on the Flop
Seat 2: jl45259071 (button) (small blind) collected ($17.64)


PokerStars Hand #144605402898:  Hold'em Limit ($3/$6 USD) - 2015/11/30 8:00:59 ET
Table 'Gyldenia III' 2-max Seat #2 is the button
Seat 1: TheU10 ($99.28 in chips)
Seat 2: jl45259071 ($500.61 in chips)
jl45259071: posts small blind $1
TheU10: posts big blind $3
*** HOLE CARDS ***
jl45259071: calls $2
TheU10: checks
*** FLOP *** [Kc Qd 5c]
TheU10: checks
jl45259071: checks
*** TURN *** [Kc Qd 5c] [3d]
TheU10: bets $6
jl45259071: calls $6
*** RIVER *** [Kc Qd 5c 3d] [Qh]
TheU10: bets $6
jl45259071: folds
Uncalled bet ($6) returned to TheU10
TheU10 collected $17.64 from pot
TheU10: doesn't show hand
*** SUMMARY ***
Total pot $18 | Rake $0.36
Board [Kc Qd 5c 3d Qh]
Seat 1: TheU10 (big blind) collected ($17.64)
Seat 2: jl45259071 (button) (small blind) folded on the River


PokerStars Hand #144605413072:  Hold'em Limit ($3/$6 USD) - 2015/11/30 8:01:18 ET
Table 'Gyldenia III' 2-max Seat #1 is the button
Seat 1: TheU10 ($107.92 in chips)
Seat 2: jl45259071 ($491.61 in chips)
TheU10: posts small blind $1
jl45259071: posts big blind $3
*** HOLE CARDS ***
TheU10: folds
Uncalled bet ($2) returned to jl45259071
jl45259071 collected $2 from pot
jl45259071: doesn't show hand
*** SUMMARY ***
Total pot $2 | Rake $0
Seat 1: TheU10 (button) (small blind) folded before Flop
Seat 2: jl45259071 (big blind) collected ($2)


PokerStars Hand #144605427230:  Hold'em Limit ($3/$6 USD) - 2015/11/30 8:01:45 ET
Table 'Gyldenia III' 2-max Seat #1 is the button
Seat 1: TheU10 ($85.92 in chips)
Seat 2: jl45259071 ($513.11 in chips)
TheU10: posts small blind $1
jl45259071: posts big blind $3
*** HOLE CARDS ***
TheU10: raises $3 to $6
jl45259071: folds
Uncalled bet ($3) returned to TheU10
TheU10 collected $6 from pot
TheU10: doesn't show hand
*** SUMMARY ***
Total pot $6 | Rake $0
Seat 1: TheU10 (button) (small blind) collected ($6)
Seat 2: jl45259071 (big blind) folded before Flop


PokerStars Hand #144605415619:  Hold'em Limit ($3/$6 USD) - 2015/11/30 8:01:23 ET
Table 'Gyldenia III' 2-max Seat #2 is the button
Seat 1: TheU10 ($106.92 in chips)
Seat 2: jl45259071 ($492.61 in chips)
jl45259071: posts small blind $1
TheU10: posts big blind $3
*** HOLE CARDS ***
jl45259071: raises $3 to $6
TheU10: calls $3
*** FLOP *** [Ac 3h Kh]
TheU10: checks
jl45259071: bets $3
TheU10: calls $3
*** TURN *** [Ac 3h Kh] [Jd]
TheU10: checks
jl45259071: checks
*** RIVER *** [Ac 3h Kh Jd] [9h]
TheU10: bets $6
jl45259071: raises $6 to $12
TheU10: calls $6
*** SHOW DOWN ***
jl45259071: shows [Ts Ks] (a pair of Kings)
TheU10: mucks hand
jl45259071 collected $41.50 from pot
*** SUMMARY ***
Total pot $42 | Rake $0.50
Board [Ac 3h Kh Jd 9h]
Seat 1: TheU10 (big blind) mucked
Seat 2: jl45259071 (button) (small blind) showed [Ts Ks] and won ($41.50) with a pair of Kings


PokerStars Hand #144605393858:  Hold'em Limit ($3/$6 USD) - 2015/11/30 8:00:40 ET
Table 'Gyldenia III' 2-max Seat #1 is the button
Seat 1: TheU10 ($126.28 in chips)
Seat 2: jl45259071 ($474.11 in chips)
TheU10: posts small blind $1
jl45259071: posts big blind $3
*** HOLE CARDS ***
TheU10: raises $3 to $6
jl45259071: raises $3 to $9
TheU10: raises $3 to $12
Betting is capped
jl45259071: calls $3
*** FLOP *** [6h Js Qd]
jl45259071: bets $3
TheU10: calls $3
*** TURN *** [6h Js Qd] [9c]
jl45259071: bets $6
TheU10: raises $6 to $12
jl45259071: calls $6
*** RIVER *** [6h Js Qd 9c] [4h]
jl45259071: checks
TheU10: checks
*** SHOW DOWN ***
jl45259071: shows [Td 9s] (a pair of Nines)
TheU10: mucks hand
jl45259071 collected $53.50 from pot
*** SUMMARY ***
Total pot $54 | Rake $0.50
Board [6h Js Qd 9c 4h]
Seat 1: TheU10 (button) (small blind) mucked
Seat 2: jl45259071 (big blind) showed [Td 9s] and won ($53.50) with a pair of Nines


PokerStars Hand #144605430402:  Hold'em Limit ($3/$6 USD) - 2015/11/30 8:01:51 ET
Table 'Gyldenia III' 2-max Seat #2 is the button
Seat 1: TheU10 ($88.92 in chips)
Seat 2: jl45259071 ($510.11 in chips)
jl45259071: posts small blind $1
TheU10: posts big blind $3
*** HOLE CARDS ***
jl45259071: raises $3 to $6
TheU10: calls $3
*** FLOP *** [5c As 6d]
TheU10: checks
jl45259071: bets $3
TheU10: raises $3 to $6
jl45259071: calls $3
*** TURN *** [5c As 6d] [8h]
TheU10: bets $6
jl45259071: calls $6
*** RIVER *** [5c As 6d 8h] [3c]
TheU10: bets $6
jl45259071: raises $6 to $12
TheU10: folds
Uncalled bet ($6) returned to jl45259071
jl45259071 collected $47.50 from pot
*** SUMMARY ***
Total pot $48 | Rake $0.50
Board [5c As 6d 8h 3c]
Seat 1: TheU10 (big blind) folded on the River
Seat 2: jl45259071 (button) (small blind) collected ($47.50)


PokerStars Hand #144605439264:  Hold'em Limit ($3/$6 USD) - 2015/11/30 8:02:07 ET
Table 'Gyldenia III' 2-max Seat #1 is the button
Seat 1: TheU10 ($64.92 in chips)
Seat 2: jl45259071 ($533.61 in chips)
TheU10: posts small blind $1
jl45259071: posts big blind $3
*** HOLE CARDS ***
TheU10: raises $3 to $6
jl45259071: calls $3
*** FLOP *** [Qc 6s 7h]
jl45259071: checks
TheU10: checks
*** TURN *** [Qc 6s 7h] [6h]
jl45259071: bets $6
TheU10: folds
Uncalled bet ($6) returned to jl45259071
jl45259071 collected $11.76 from pot
*** SUMMARY ***
Total pot $12 | Rake $0.24
Board [Qc 6s 7h 6h]
Seat 1: TheU10 (button) (small blind) folded on the Turn
Seat 2: jl45259071 (big blind) collected ($11.76)


PokerStars Hand #144605446226:  Hold'em Limit ($3/$6 USD) - 2015/11/30 8:02:19 ET
Table 'Gyldenia III' 2-max Seat #2 is the button
Seat 1: TheU10 ($58.92 in chips)
Seat 2: jl45259071 ($539.37 in chips)
jl45259071: posts small blind $1
TheU10: posts big blind $3
*** HOLE CARDS ***
jl45259071: raises $3 to $6
TheU10: raises $3 to $9
jl45259071: calls $3
*** FLOP *** [9d Th 6d]
TheU10: bets $3
jl45259071: calls $3
*** TURN *** [9d Th 6d] [7s]
TheU10: bets $6
jl45259071: raises $6 to $12
TheU10: calls $6
*** RIVER *** [9d Th 6d 7s] [2d]
TheU10: checks
jl45259071: bets $6
TheU10: calls $6
*** SHOW DOWN ***
jl45259071: shows [8s Ks] (a straight, Six to Ten)
TheU10: mucks hand
jl45259071 collected $59.50 from pot
*** SUMMARY ***
Total pot $60 | Rake $0.50
Board [9d Th 6d 7s 2d]
Seat 1: TheU10 (big blind) mucked
Seat 2: jl45259071 (button) (small blind) showed [8s Ks] and won ($59.50) with a straight, Six to Ten


PokerStars Hand #144605457590:  Hold'em Limit ($3/$6 USD) - 2015/11/30 8:02:41 ET
Table 'Gyldenia III' 2-max Seat #1 is the button
Seat 1: TheU10 ($28.92 in chips)
Seat 2: jl45259071 ($568.87 in chips)
TheU10: posts small blind $1
jl45259071: posts big blind $3
*** HOLE CARDS ***
TheU10: raises $3 to $6
jl45259071: raises $3 to $9
TheU10: calls $3
*** FLOP *** [3h 6s 8d]
jl45259071: bets $3
TheU10: calls $3
*** TURN *** [3h 6s 8d] [Kh]
jl45259071: checks
TheU10: bets $6
jl45259071: calls $6
*** RIVER *** [3h 6s 8d Kh] [7h]
jl45259071: checks
TheU10: bets $6
jl45259071: calls $6
*** SHOW DOWN ***
TheU10: shows [5s 2s] (high card King)
jl45259071: shows [9s 9c] (a pair of Nines)
jl45259071 collected $47.50 from pot
*** SUMMARY ***
Total pot $48 | Rake $0.50
Board [3h 6s 8d Kh 7h]
Seat 1: TheU10 (button) (small blind) showed [5s 2s] and lost with high card King
Seat 2: jl45259071 (big blind) showed [9s 9c] and won ($47.50) with a pair of Nines


PokerStars Hand #144605470046:  Hold'em Limit ($3/$6 USD) - 2015/11/30 8:03:04 ET
Table 'Gyldenia III' 2-max Seat #2 is the button
Seat 1: TheU10 ($104.92 in chips)
Seat 2: jl45259071 ($592.37 in chips)
jl45259071: posts small blind $1
TheU10: posts big blind $3
*** HOLE CARDS ***
jl45259071: calls $2
TheU10: checks
*** FLOP *** [5c As 9c]
TheU10: checks
jl45259071: checks
*** TURN *** [5c As 9c] [8d]
TheU10: bets $6
jl45259071: calls $6
*** RIVER *** [5c As 9c 8d] [6s]
TheU10: bets $6
jl45259071: calls $6
*** SHOW DOWN ***
TheU10: shows [4h 2d] (high card Ace)
jl45259071: shows [Ts 8h] (a pair of Eights)
jl45259071 collected $29.50 from pot
*** SUMMARY ***
Total pot $30 | Rake $0.50
Board [5c As 9c 8d 6s]
Seat 1: TheU10 (big blind) showed [4h 2d] and lost with high card Ace
Seat 2: jl45259071 (button) (small blind) showed [Ts 8h] and won ($29.50) with a pair of Eights


PokerStars Hand #144605477784:  Hold'em Limit ($3/$6 USD) - 2015/11/30 8:03:18 ET
Table 'Gyldenia III' 2-max Seat #1 is the button
Seat 1: TheU10 ($89.92 in chips)
Seat 2: jl45259071 ($606.87 in chips)
TheU10: posts small blind $1
jl45259071: posts big blind $3
*** HOLE CARDS ***
TheU10: raises $3 to $6
jl45259071: calls $3
*** FLOP *** [5d 7h 5h]
jl45259071: checks
TheU10: bets $3
jl45259071: raises $3 to $6
TheU10: raises $3 to $9
jl45259071: calls $3
*** TURN *** [5d 7h 5h] [Ts]
jl45259071: checks
TheU10: bets $6
jl45259071: calls $6
*** RIVER *** [5d 7h 5h Ts] [6d]
jl45259071: checks
TheU10: checks
*** SHOW DOWN ***
jl45259071: shows [2s Tc] (two pair, Tens and Fives)
TheU10: mucks hand
jl45259071 collected $41.50 from pot
*** SUMMARY ***
Total pot $42 | Rake $0.50
Board [5d 7h 5h Ts 6d]
Seat 1: TheU10 (button) (small blind) mucked
Seat 2: jl45259071 (big blind) showed [2s Tc] and won ($41.50) with two pair, Tens and Fives


PokerStars Hand #144605488823:  Hold'em Limit ($3/$6 USD) - 2015/11/30 8:03:38 ET
Table 'Gyldenia III' 2-max Seat #2 is the button
Seat 1: TheU10 ($68.92 in chips)
Seat 2: jl45259071 ($627.37 in chips)
jl45259071: posts small blind $1
TheU10: posts big blind $3
*** HOLE CARDS ***
jl45259071: calls $2
TheU10: raises $3 to $6
jl45259071: calls $3
*** FLOP *** [7s Qc 5d]
TheU10: bets $3
jl45259071: calls $3
*** TURN *** [7s Qc 5d] [4s]
TheU10: checks
jl45259071: checks
*** RIVER *** [7s Qc 5d 4s] [2h]
TheU10: checks
jl45259071: bets $6
TheU10: calls $6
*** SHOW DOWN ***
jl45259071: shows [Td 5c] (a pair of Fives)
TheU10: mucks hand
jl45259071 collected $29.50 from pot
*** SUMMARY ***
Total pot $30 | Rake $0.50
Board [7s Qc 5d 4s 2h]
Seat 1: TheU10 (big blind) mucked
Seat 2: jl45259071 (button) (small blind) showed [Td 5c] and won ($29.50) with a pair of Fives


PokerStars Hand #144605496004:  Hold'em Limit ($3/$6 USD) - 2015/11/30 8:03:52 ET
Table 'Gyldenia III' 2-max Seat #1 is the button
Seat 1: TheU10 ($53.92 in chips)
Seat 2: jl45259071 ($641.87 in chips)
TheU10: posts small blind $1
jl45259071: posts big blind $3
*** HOLE CARDS ***
TheU10: raises $3 to $6
jl45259071: raises $3 to $9
TheU10: calls $3
*** FLOP *** [4h 8c 2h]
jl45259071: bets $3
TheU10: raises $3 to $6
jl45259071: calls $3
*** TURN *** [4h 8c 2h] [2d]
jl45259071: checks
TheU10: bets $6
jl45259071: calls $6
*** RIVER *** [4h 8c 2h 2d] [As]
jl45259071: checks
TheU10: bets $6
jl45259071: folds
Uncalled bet ($6) returned to TheU10
TheU10 collected $41.50 from pot
TheU10: doesn't show hand
*** SUMMARY ***
Total pot $42 | Rake $0.50
Board [4h 8c 2h 2d As]
Seat 1: TheU10 (button) (small blind) collected ($41.50)
Seat 2: jl45259071 (big blind) folded on the River


PokerStars Hand #144605506562:  Hold'em Limit ($3/$6 USD) - 2015/11/30 8:04:11 ET
Table 'Gyldenia III' 2-max Seat #2 is the button
Seat 1: TheU10 ($74.42 in chips)
Seat 2: jl45259071 ($620.87 in chips)
jl45259071: posts small blind $1
TheU10: posts big blind $3
*** HOLE CARDS ***
jl45259071: calls $2
TheU10: raises $3 to $6
jl45259071: calls $3
*** FLOP *** [6c 4h Jd]
TheU10: bets $3
jl45259071: calls $3
*** TURN *** [6c 4h Jd] [9s]
TheU10: bets $6
jl45259071: folds
Uncalled bet ($6) returned to TheU10
TheU10 collected $17.64 from pot
TheU10: doesn't show hand
*** SUMMARY ***
Total pot $18 | Rake $0.36
Board [6c 4h Jd 9s]
Seat 1: TheU10 (big blind) collected ($17.64)
Seat 2: jl45259071 (button) (small blind) folded on the Turn


PokerStars Hand #144605514217:  Hold'em Limit ($3/$6 USD) - 2015/11/30 8:04:25 ET
Table 'Gyldenia III' 2-max Seat #1 is the button
Seat 1: TheU10 ($83.06 in chips)
Seat 2: jl45259071 ($611.87 in chips)
TheU10: posts small blind $1
jl45259071: posts big blind $3
*** HOLE CARDS ***
TheU10: calls $2
jl45259071: checks
*** FLOP *** [9s 4d Qc]
jl45259071: checks
TheU10: checks
*** TURN *** [9s 4d Qc] [5c]
jl45259071: checks
TheU10: checks
*** RIVER *** [9s 4d Qc 5c] [Ts]
jl45259071: bets $6
TheU10: calls $6
*** SHOW DOWN ***
jl45259071: shows [3h Jd] (high card Queen)
TheU10: shows [Tc 3c] (a pair of Tens)
TheU10 collected $17.64 from pot
*** SUMMARY ***
Total pot $18 | Rake $0.36
Board [9s 4d Qc 5c Ts]
Seat 1: TheU10 (button) (small blind) showed [Tc 3c] and won ($17.64) with a pair of Tens
Seat 2: jl45259071 (big blind) showed [3h Jd] and lost with high card Queen


PokerStars Hand #144605533968:  Hold'em Limit ($3/$6 USD) - 2015/11/30 8:05:01 ET
Table 'Gyldenia III' 2-max Seat #1 is the button
Seat 1: TheU10 ($67.70 in chips)
Seat 2: jl45259071 ($626.37 in chips)
TheU10: posts small blind $1
jl45259071: posts big blind $3
*** HOLE CARDS ***
TheU10: calls $2
jl45259071: checks
*** FLOP *** [4c Ks 8s]
jl45259071: checks
TheU10: checks
*** TURN *** [4c Ks 8s] [Kc]
jl45259071: bets $6
TheU10: folds
Uncalled bet ($6) returned to jl45259071
jl45259071 collected $5.88 from pot
jl45259071: doesn't show hand
*** SUMMARY ***
Total pot $6 | Rake $0.12
Board [4c Ks 8s Kc]
Seat 1: TheU10 (button) (small blind) folded on the Turn
Seat 2: jl45259071 (big blind) collected ($5.88)


PokerStars Hand #144605541730:  Hold'em Limit ($3/$6 USD) - 2015/11/30 8:05:15 ET
Table 'Gyldenia III' 2-max Seat #2 is the button
Seat 1: TheU10 ($64.70 in chips)
Seat 2: jl45259071 ($629.25 in chips)
jl45259071: posts small blind $1
TheU10: posts big blind $3
*** HOLE CARDS ***
jl45259071: raises $3 to $6
TheU10: calls $3
*** FLOP *** [Ts Tc As]
TheU10: checks
jl45259071: bets $3
TheU10: calls $3
*** TURN *** [Ts Tc As] [Jh]
TheU10: checks
jl45259071: checks
*** RIVER *** [Ts Tc As Jh] [9c]
TheU10: bets $6
jl45259071: raises $6 to $12
TheU10: calls $6
*** SHOW DOWN ***
jl45259071: shows [Ah 7c] (two pair, Aces and Tens)
TheU10: shows [4h Ac] (two pair, Aces and Tens)
TheU10 collected $20.75 from pot
jl45259071 collected $20.75 from pot
*** SUMMARY ***
Total pot $42 | Rake $0.50
Board [Ts Tc As Jh 9c]
Seat 1: TheU10 (big blind) showed [4h Ac] and won ($20.75) with two pair, Aces and Tens
Seat 2: jl45259071 (button) (small blind) showed [Ah 7c] and won ($20.75) with two pair, Aces and Tens


PokerStars Hand #144605550535:  Hold'em Limit ($3/$6 USD) - 2015/11/30 8:05:31 ET
Table 'Gyldenia III' 2-max Seat #1 is the button
Seat 1: TheU10 ($64.45 in chips)
Seat 2: jl45259071 ($629 in chips)
TheU10: posts small blind $1
jl45259071: posts big blind $3
*** HOLE CARDS ***
TheU10: raises $3 to $6
jl45259071: calls $3
*** FLOP *** [Qc Kc 3h]
jl45259071: checks
TheU10: bets $3
jl45259071: folds
Uncalled bet ($3) returned to TheU10
TheU10 collected $11.76 from pot
TheU10: doesn't show hand
*** SUMMARY ***
Total pot $12 | Rake $0.24
Board [Qc Kc 3h]
Seat 1: TheU10 (button) (small blind) collected ($11.76)
Seat 2: jl45259071 (big blind) folded on the Flop


PokerStars Hand #144605524210:  Hold'em Limit ($3/$6 USD) - 2015/11/30 8:04:43 ET
Table 'Gyldenia III' 2-max Seat #2 is the button
Seat 1: TheU10 ($91.70 in chips)
Seat 2: jl45259071 ($602.87 in chips)
jl45259071: posts small blind $1
TheU10: posts big blind $3
*** HOLE CARDS ***
jl45259071: calls $2
TheU10: checks
*** FLOP *** [2h 3h 4d]
TheU10: bets $3
jl45259071: calls $3
*** TURN *** [2h 3h 4d] [9c]
TheU10: bets $6
jl45259071: calls $6
*** RIVER *** [2h 3h 4d 9c] [8c]
TheU10: bets $6
jl45259071: raises $6 to $12
TheU10: calls $6
*** SHOW DOWN ***
jl45259071: shows [6c 8h] (a pair of Eights)
TheU10: mucks hand
jl45259071 collected $47.50 from pot
*** SUMMARY ***
Total pot $48 | Rake $0.50
Board [2h 3h 4d 9c 8c]
Seat 1: TheU10 (big blind) mucked
Seat 2: jl45259071 (button) (small blind) showed [6c 8h] and won ($47.50) with a pair of Eights


PokerStars Hand #144605567929:  Hold'em Limit ($3/$6 USD) - 2015/11/30 8:06:03 ET
Table 'Gyldenia III' 2-max Seat #1 is the button
Seat 1: TheU10 ($49.21 in chips)
Seat 2: jl45259071 ($643.50 in chips)
TheU10: posts small blind $1
jl45259071: posts big blind $3
*** HOLE CARDS ***
TheU10: raises $3 to $6
jl45259071: raises $3 to $9
TheU10: raises $3 to $12
Betting is capped
jl45259071: calls $3
*** FLOP *** [6c Tc 7h]
jl45259071: checks
TheU10: checks
*** TURN *** [6c Tc 7h] [3c]
jl45259071: bets $6
TheU10: calls $6
*** RIVER *** [6c Tc 7h 3c] [Td]
jl45259071: bets $6
TheU10: folds
Uncalled bet ($6) returned to jl45259071
jl45259071 collected $35.50 from pot
jl45259071: doesn't show hand
*** SUMMARY ***
Total pot $36 | Rake $0.50
Board [6c Tc 7h 3c Td]
Seat 1: TheU10 (button) (small blind) folded on the River
Seat 2: jl45259071 (big blind) collected ($35.50)


PokerStars Hand #144605578404:  Hold'em Limit ($3/$6 USD) - 2015/11/30 8:06:22 ET
Table 'Gyldenia III' 2-max Seat #2 is the button
Seat 1: TheU10 ($31.21 in chips)
Seat 2: jl45259071 ($661 in chips)
jl45259071: posts small blind $1
TheU10: posts big blind $3
*** HOLE CARDS ***
jl45259071: calls $2
TheU10: checks
*** FLOP *** [7h 4h 2s]
TheU10: checks
jl45259071: checks
*** TURN *** [7h 4h 2s] [Th]
TheU10: bets $6
jl45259071: calls $6
*** RIVER *** [7h 4h 2s Th] [8d]
TheU10: bets $6
jl45259071: raises $6 to $12
TheU10: calls $6
*** SHOW DOWN ***
jl45259071: shows [3s Td] (a pair of Tens)
TheU10: shows [2d Tc] (two pair, Tens and Deuces)
TheU10 collected $41.50 from pot
*** SUMMARY ***
Total pot $42 | Rake $0.50
Board [7h 4h 2s Th 8d]
Seat 1: TheU10 (big blind) showed [2d Tc] and won ($41.50) with two pair, Tens and Deuces
Seat 2: jl45259071 (button) (small blind) showed [3s Td] and lost with a pair of Tens


PokerStars Hand #144605588633:  Hold'em Limit ($3/$6 USD) - 2015/11/30 8:06:41 ET
Table 'Gyldenia III' 2-max Seat #1 is the button
Seat 1: TheU10 ($51.71 in chips)
Seat 2: jl45259071 ($640 in chips)
TheU10: posts small blind $1
jl45259071: posts big blind $3
*** HOLE CARDS ***
TheU10: folds
Uncalled bet ($2) returned to jl45259071
jl45259071 collected $2 from pot
jl45259071: doesn't show hand
*** SUMMARY ***
Total pot $2 | Rake $0
Seat 1: TheU10 (button) (small blind) folded before Flop
Seat 2: jl45259071 (big blind) collected ($2)


PokerStars Hand #144605555718:  Hold'em Limit ($3/$6 USD) - 2015/11/30 8:05:40 ET
Table 'Gyldenia III' 2-max Seat #2 is the button
Seat 1: TheU10 ($70.21 in chips)
Seat 2: jl45259071 ($623 in chips)
jl45259071: posts small blind $1
TheU10: posts big blind $3
*** HOLE CARDS ***
jl45259071: calls $2
TheU10: raises $3 to $6
jl45259071: calls $3
*** FLOP *** [4h 3d 8d]
TheU10: bets $3
jl45259071: calls $3
*** TURN *** [4h 3d 8d] [8c]
TheU10: bets $6
jl45259071: calls $6
*** RIVER *** [4h 3d 8d 8c] [6d]
TheU10: checks
jl45259071: bets $6
TheU10: calls $6
*** SHOW DOWN ***
jl45259071: shows [5d 9d] (a flush, Nine high)
TheU10: mucks hand
jl45259071 collected $41.50 from pot
*** SUMMARY ***
Total pot $42 | Rake $0.50
Board [4h 3d 8d 8c 6d]
Seat 1: TheU10 (big blind) mucked
Seat 2: jl45259071 (button) (small blind) showed [5d 9d] and won ($41.50) with a flush, Nine high


PokerStars Hand #144605591377:  Hold'em Limit ($3/$6 USD) - 2015/11/30 8:06:46 ET
Table 'Gyldenia III' 2-max Seat #2 is the button
Seat 1: TheU10 ($50.71 in chips)
Seat 2: jl45259071 ($641 in chips)
jl45259071: posts small blind $1
TheU10: posts big blind $3
*** HOLE CARDS ***
jl45259071: raises $3 to $6
TheU10: calls $3
*** FLOP *** [9h 7s 9d]
TheU10: checks
jl45259071: bets $3
TheU10: calls $3
*** TURN *** [9h 7s 9d] [2c]
TheU10: checks
jl45259071: checks
*** RIVER *** [9h 7s 9d 2c] [Td]
TheU10: bets $6
jl45259071: calls $6
*** SHOW DOWN ***
TheU10: shows [7c 9c] (a full house, Nines full of Sevens)
jl45259071: mucks hand
TheU10 collected $29.50 from pot
*** SUMMARY ***
Total pot $30 | Rake $0.50
Board [9h 7s 9d 2c Td]
Seat 1: TheU10 (big blind) showed [7c 9c] and won ($29.50) with a full house, Nines full of Sevens
Seat 2: jl45259071 (button) (small blind) mucked


PokerStars Hand #144605599161:  Hold'em Limit ($3/$6 USD) - 2015/11/30 8:07:00 ET
Table 'Gyldenia III' 2-max Seat #1 is the button
Seat 1: TheU10 ($65.21 in chips)
Seat 2: jl45259071 ($626 in chips)
TheU10: posts small blind $1
jl45259071: posts big blind $3
*** HOLE CARDS ***
TheU10: raises $3 to $6
jl45259071: calls $3
*** FLOP *** [8s 2c Jh]
jl45259071: checks
TheU10: bets $3
jl45259071: calls $3
*** TURN *** [8s 2c Jh] [6s]
jl45259071: checks
TheU10: bets $6
jl45259071: calls $6
*** RIVER *** [8s 2c Jh 6s] [5h]
jl45259071: checks
TheU10: checks
*** SHOW DOWN ***
jl45259071: shows [9c 5c] (a pair of Fives)
TheU10: mucks hand
jl45259071 collected $29.50 from pot
*** SUMMARY ***
Total pot $30 | Rake $0.50
Board [8s 2c Jh 6s 5h]
Seat 1: TheU10 (button) (small blind) mucked
Seat 2: jl45259071 (big blind) showed [9c 5c] and won ($29.50) with a pair of Fives


PokerStars Hand #144605609134:  Hold'em Limit ($3/$6 USD) - 2015/11/30 8:07:18 ET
Table 'Gyldenia III' 2-max Seat #2 is the button
Seat 1: TheU10 ($50.21 in chips)
Seat 2: jl45259071 ($640.50 in chips)
jl45259071: posts small blind $1
TheU10: posts big blind $3
*** HOLE CARDS ***
jl45259071: raises $3 to $6
TheU10: calls $3
*** FLOP *** [8h As 5d]
TheU10: checks
jl45259071: bets $3
TheU10: calls $3
*** TURN *** [8h As 5d] [Js]
TheU10: checks
jl45259071: bets $6
TheU10: folds
Uncalled bet ($6) returned to jl45259071
jl45259071 collected $17.64 from pot
jl45259071: doesn't show hand
*** SUMMARY ***
Total pot $18 | Rake $0.36
Board [8h As 5d Js]
Seat 1: TheU10 (big blind) folded on the Turn
Seat 2: jl45259071 (button) (small blind) collected ($17.64)


PokerStars Hand #144605615723:  Hold'em Limit ($3/$6 USD) - 2015/11/30 8:07:30 ET
Table 'Gyldenia III' 2-max Seat #1 is the button
Seat 1: TheU10 ($41.21 in chips)
Seat 2: jl45259071 ($649.14 in chips)
TheU10: posts small blind $1
jl45259071: posts big blind $3
*** HOLE CARDS ***
TheU10: raises $3 to $6
jl45259071: raises $3 to $9
TheU10: calls $3
*** FLOP *** [8s 4c Ks]
jl45259071: bets $3
TheU10: calls $3
*** TURN *** [8s 4c Ks] [8h]
jl45259071: bets $6
TheU10: folds
Uncalled bet ($6) returned to jl45259071
jl45259071 collected $23.52 from pot
jl45259071: doesn't show hand
*** SUMMARY ***
Total pot $24 | Rake $0.48
Board [8s 4c Ks 8h]
Seat 1: TheU10 (button) (small blind) folded on the Turn
Seat 2: jl45259071 (big blind) collected ($23.52)


PokerStars Hand #144605641796:  Hold'em Limit ($3/$6 USD) - 2015/11/30 8:08:18 ET
Table 'Gyldenia III' 2-max Seat #2 is the button
Seat 1: TheU10 ($102.21 in chips)
Seat 2: jl45259071 ($686.92 in chips)
jl45259071: posts small blind $1
TheU10: posts big blind $3
*** HOLE CARDS ***
jl45259071: calls $2
TheU10: raises $3 to $6
jl45259071: calls $3
*** FLOP *** [2c 6c 4h]
TheU10: bets $3
jl45259071: calls $3
*** TURN *** [2c 6c 4h] [Kc]
TheU10: bets $6
jl45259071: calls $6
*** RIVER *** [2c 6c 4h Kc] [2h]
TheU10: checks
jl45259071: bets $6
TheU10: raises $6 to $12
jl45259071: raises $6 to $18
TheU10: raises $6 to $24
Betting is capped
jl45259071: folds
Uncalled bet ($6) returned to TheU10
TheU10 collected $65.50 from pot
TheU10: doesn't show hand
*** SUMMARY ***
Total pot $66 | Rake $0.50
Board [2c 6c 4h Kc 2h]
Seat 1: TheU10 (big blind) collected ($65.50)
Seat 2: jl45259071 (button) (small blind) folded on the River


PokerStars Hand #144605636700:  Hold'em Limit ($3/$6 USD) - 2015/11/30 8:08:08 ET
Table 'Gyldenia III' 2-max Seat #1 is the button
Seat 1: TheU10 ($108.21 in chips)
Seat 2: jl45259071 ($681.16 in chips)
TheU10: posts small blind $1
jl45259071: posts big blind $3
*** HOLE CARDS ***
TheU10: raises $3 to $6
jl45259071: calls $3
*** FLOP *** [2h Th Qh]
jl45259071: checks
TheU10: checks
*** TURN *** [2h Th Qh] [6d]
jl45259071: bets $6
TheU10: folds
Uncalled bet ($6) returned to jl45259071
jl45259071 collected $11.76 from pot
jl45259071: doesn't show hand
*** SUMMARY ***
Total pot $12 | Rake $0.24
Board [2h Th Qh 6d]
Seat 1: TheU10 (button) (small blind) folded on the Turn
Seat 2: jl45259071 (big blind) collected ($11.76)


PokerStars Hand #144605627960:  Hold'em Limit ($3/$6 USD) - 2015/11/30 8:07:52 ET
Table 'Gyldenia III' 2-max Seat #2 is the button
Seat 1: TheU10 ($29.21 in chips)
Seat 2: jl45259071 ($660.66 in chips)
jl45259071: posts small blind $1
TheU10: posts big blind $3
*** HOLE CARDS ***
jl45259071: calls $2
TheU10: raises $3 to $6
jl45259071: calls $3
*** FLOP *** [Ts 2s 9h]
TheU10: bets $3
jl45259071: calls $3
*** TURN *** [Ts 2s 9h] [Jc]
TheU10: checks
jl45259071: bets $6
TheU10: calls $6
*** RIVER *** [Ts 2s 9h Jc] [9d]
TheU10: checks
jl45259071: bets $6
TheU10: calls $6
*** SHOW DOWN ***
jl45259071: shows [5d Jd] (two pair, Jacks and Nines)
TheU10: mucks hand
jl45259071 collected $41.50 from pot
*** SUMMARY ***
Total pot $42 | Rake $0.50
Board [Ts 2s 9h Jc 9d]
Seat 1: TheU10 (big blind) mucked
Seat 2: jl45259071 (button) (small blind) showed [5d Jd] and won ($41.50) with two pair, Jacks and Nines


PokerStars Hand #144605652088:  Hold'em Limit ($3/$6 USD) - 2015/11/30 8:08:36 ET
Table 'Gyldenia III' 2-max Seat #1 is the button
Seat 1: TheU10 ($134.71 in chips)
Seat 2: jl45259071 ($653.92 in chips)
TheU10: posts small blind $1
jl45259071: posts big blind $3
*** HOLE CARDS ***
TheU10: calls $2
jl45259071: raises $3 to $6
TheU10: calls $3
*** FLOP *** [2c 9s 4h]
jl45259071: checks
TheU10: checks
*** TURN *** [2c 9s 4h] [5d]
jl45259071: bets $6
TheU10: folds
Uncalled bet ($6) returned to jl45259071
jl45259071 collected $11.76 from pot
jl45259071: doesn't show hand
*** SUMMARY ***
Total pot $12 | Rake $0.24
Board [2c 9s 4h 5d]
Seat 1: TheU10 (button) (small blind) folded on the Turn
Seat 2: jl45259071 (big blind) collected ($11.76)


PokerStars Hand #144605673356:  Hold'em Limit ($3/$6 USD) - 2015/11/30 8:09:15 ET
Table 'Gyldenia III' 2-max Seat #2 is the button
Seat 1: TheU10 ($92.71 in chips)
Seat 2: jl45259071 ($694.70 in chips)
jl45259071: posts small blind $1
TheU10: posts big blind $3
*** HOLE CARDS ***
jl45259071: calls $2
TheU10: checks
*** FLOP *** [Td 9s 2c]
TheU10: checks
jl45259071: checks
*** TURN *** [Td 9s 2c] [4h]
TheU10: checks
jl45259071: checks
*** RIVER *** [Td 9s 2c 4h] [5s]
TheU10: checks
jl45259071: checks
*** SHOW DOWN ***
TheU10: shows [5d Ks] (a pair of Fives)
jl45259071: mucks hand
TheU10 collected $5.88 from pot
*** SUMMARY ***
Total pot $6 | Rake $0.12
Board [Td 9s 2c 4h 5s]
Seat 1: TheU10 (big blind) showed [5d Ks] and won ($5.88) with a pair of Fives
Seat 2: jl45259071 (button) (small blind) mucked


PokerStars Hand #144605665495:  Hold'em Limit ($3/$6 USD) - 2015/11/30 8:09:01 ET
Table 'Gyldenia III' 2-max Seat #1 is the button
Seat 1: TheU10 ($116.71 in chips)
Seat 2: jl45259071 ($671.20 in chips)
TheU10: posts small blind $1
jl45259071: posts big blind $3
*** HOLE CARDS ***
TheU10: raises $3 to $6
jl45259071: raises $3 to $9
TheU10: calls $3
*** FLOP *** [Jc Jd Th]
jl45259071: bets $3
TheU10: calls $3
*** TURN *** [Jc Jd Th] [4s]
jl45259071: bets $6
TheU10: raises $6 to $12
jl45259071: calls $6
*** RIVER *** [Jc Jd Th 4s] [8h]
jl45259071: checks
TheU10: checks
*** SHOW DOWN ***
jl45259071: shows [As 8c] (two pair, Jacks and Eights)
TheU10: mucks hand
jl45259071 collected $47.50 from pot
*** SUMMARY ***
Total pot $48 | Rake $0.50
Board [Jc Jd Th 4s 8h]
Seat 1: TheU10 (button) (small blind) mucked
Seat 2: jl45259071 (big blind) showed [As 8c] and won ($47.50) with two pair, Jacks and Eights


PokerStars Hand #144605679895:  Hold'em Limit ($3/$6 USD) - 2015/11/30 8:09:27 ET
Table 'Gyldenia III' 2-max Seat #1 is the button
Seat 1: TheU10 ($95.59 in chips)
Seat 2: jl45259071 ($691.70 in chips)
TheU10: posts small blind $1
jl45259071: posts big blind $3
*** HOLE CARDS ***
TheU10: calls $2
jl45259071: checks
*** FLOP *** [As 3d Ah]
jl45259071: checks
TheU10: bets $3
jl45259071: calls $3
*** TURN *** [As 3d Ah] [6d]
jl45259071: checks
TheU10: bets $6
jl45259071: folds
Uncalled bet ($6) returned to TheU10
TheU10 collected $11.76 from pot
TheU10: doesn't show hand
*** SUMMARY ***
Total pot $12 | Rake $0.24
Board [As 3d Ah 6d]
Seat 1: TheU10 (button) (small blind) collected ($11.76)
Seat 2: jl45259071 (big blind) folded on the Turn


PokerStars Hand #144605658738:  Hold'em Limit ($3/$6 USD) - 2015/11/30 8:08:48 ET
Table 'Gyldenia III' 2-max Seat #2 is the button
Seat 1: TheU10 ($128.71 in chips)
Seat 2: jl45259071 ($659.68 in chips)
jl45259071: posts small blind $1
TheU10: posts big blind $3
*** HOLE CARDS ***
TheU10 said, "5-10??"
jl45259071: calls $2
TheU10: checks
*** FLOP *** [Th 7c 2h]
TheU10: checks
jl45259071: bets $3
TheU10: calls $3
*** TURN *** [Th 7c 2h] [2s]
TheU10: checks
jl45259071: bets $6
TheU10: calls $6
*** RIVER *** [Th 7c 2h 2s] [2d]
TheU10: checks
jl45259071: bets $6
TheU10: folds
Uncalled bet ($6) returned to jl45259071
jl45259071 collected $23.52 from pot
*** SUMMARY ***
Total pot $24 | Rake $0.48
Board [Th 7c 2h 2s 2d]
Seat 1: TheU10 (big blind) folded on the River
Seat 2: jl45259071 (button) (small blind) collected ($23.52)


PokerStars Hand #144605703547:  Hold'em Limit ($3/$6 USD) - 2015/11/30 8:10:10 ET
Table 'Gyldenia III' 2-max Seat #2 is the button
Seat 1: TheU10 ($32.35 in chips)
Seat 2: jl45259071 ($753.70 in chips)
jl45259071: posts small blind $1
TheU10: posts big blind $3
*** HOLE CARDS ***
jl45259071: calls $2
TheU10: checks
*** FLOP *** [Ts 4h 7d]
TheU10: checks
jl45259071: checks
*** TURN *** [Ts 4h 7d] [Qh]
TheU10: checks
jl45259071: checks
*** RIVER *** [Ts 4h 7d Qh] [Qc]
TheU10: checks
jl45259071: checks
*** SHOW DOWN ***
TheU10: shows [Jd 8h] (a pair of Queens)
jl45259071: mucks hand
TheU10 collected $5.88 from pot
*** SUMMARY ***
Total pot $6 | Rake $0.12
Board [Ts 4h 7d Qh Qc]
Seat 1: TheU10 (big blind) showed [Jd 8h] and won ($5.88) with a pair of Queens
Seat 2: jl45259071 (button) (small blind) mucked


PokerStars Hand #144605695913:  Hold'em Limit ($3/$6 USD) - 2015/11/30 8:09:56 ET
Table 'Gyldenia III' 2-max Seat #1 is the button
Seat 1: TheU10 ($62.35 in chips)
Seat 2: jl45259071 ($724.20 in chips)
TheU10: posts small blind $1
jl45259071: posts big blind $3
*** HOLE CARDS ***
TheU10: raises $3 to $6
jl45259071: raises $3 to $9
TheU10: calls $3
*** FLOP *** [Td Kh Ks]
jl45259071: bets $3
TheU10: calls $3
*** TURN *** [Td Kh Ks] [Jc]
jl45259071: bets $6
TheU10: calls $6
*** RIVER *** [Td Kh Ks Jc] [9d]
jl45259071: bets $6
TheU10: raises $6 to $12
jl45259071: calls $6
*** SHOW DOWN ***
TheU10: shows [Ad 2s] (a pair of Kings)
jl45259071: shows [9h Jh] (two pair, Kings and Jacks)
jl45259071 collected $59.50 from pot
*** SUMMARY ***
Total pot $60 | Rake $0.50
Board [Td Kh Ks Jc 9d]
Seat 1: TheU10 (button) (small blind) showed [Ad 2s] and lost with a pair of Kings
Seat 2: jl45259071 (big blind) showed [9h Jh] and won ($59.50) with two pair, Kings and Jacks


PokerStars Hand #144605685684:  Hold'em Limit ($3/$6 USD) - 2015/11/30 8:09:37 ET
Table 'Gyldenia III' 2-max Seat #2 is the button
Seat 1: TheU10 ($101.35 in chips)
Seat 2: jl45259071 ($685.70 in chips)
jl45259071: posts small blind $1
TheU10: posts big blind $3
*** HOLE CARDS ***
jl45259071: raises $3 to $6
TheU10: raises $3 to $9
jl45259071: raises $3 to $12
Betting is capped
TheU10: calls $3
*** FLOP *** [5s Kd Th]
TheU10: bets $3
jl45259071: raises $3 to $6
TheU10: raises $3 to $9
jl45259071: calls $3
*** TURN *** [5s Kd Th] [2c]
TheU10: bets $6
jl45259071: calls $6
*** RIVER *** [5s Kd Th 2c] [Js]
TheU10: bets $6
jl45259071: raises $6 to $12
TheU10: calls $6
*** SHOW DOWN ***
jl45259071: shows [Jh Kc] (two pair, Kings and Jacks)
TheU10: mucks hand
jl45259071 collected $77.50 from pot
*** SUMMARY ***
Total pot $78 | Rake $0.50
Board [5s Kd Th 2c Js]
Seat 1: TheU10 (big blind) mucked
Seat 2: jl45259071 (button) (small blind) showed [Jh Kc] and won ($77.50) with two pair, Kings and Jacks


PokerStars Hand #144605717704:  Hold'em Limit ($3/$6 USD) - 2015/11/30 8:10:36 ET
Table 'Gyldenia III' 2-max Seat #2 is the button
Seat 1: TheU10 ($126.23 in chips)
Seat 2: jl45259071 ($759.34 in chips)
jl45259071: posts small blind $1
TheU10: posts big blind $3
*** HOLE CARDS ***
jl45259071: calls $2
TheU10: raises $3 to $6
jl45259071: calls $3
*** FLOP *** [5c 6h Ks]
TheU10: bets $3
jl45259071: calls $3
*** TURN *** [5c 6h Ks] [9h]
TheU10: bets $6
jl45259071: calls $6
*** RIVER *** [5c 6h Ks 9h] [8s]
TheU10: checks
jl45259071: checks
*** SHOW DOWN ***
TheU10: shows [9c 7c] (a straight, Five to Nine)
jl45259071: mucks hand
TheU10 collected $29.50 from pot
*** SUMMARY ***
Total pot $30 | Rake $0.50
Board [5c 6h Ks 9h 8s]
Seat 1: TheU10 (big blind) showed [9c 7c] and won ($29.50) with a straight, Five to Nine
Seat 2: jl45259071 (button) (small blind) mucked


PokerStars Hand #144605710661:  Hold'em Limit ($3/$6 USD) - 2015/11/30 8:10:23 ET
Table 'Gyldenia III' 2-max Seat #1 is the button
Seat 1: TheU10 ($135.23 in chips)
Seat 2: jl45259071 ($750.70 in chips)
TheU10: posts small blind $1
jl45259071: posts big blind $3
*** HOLE CARDS ***
TheU10: raises $3 to $6
jl45259071: raises $3 to $9
TheU10: calls $3
*** FLOP *** [Qh Qc 4c]
jl45259071: bets $3
TheU10: folds
Uncalled bet ($3) returned to jl45259071
jl45259071 collected $17.64 from pot
jl45259071: doesn't show hand
*** SUMMARY ***
Total pot $18 | Rake $0.36
Board [Qh Qc 4c]
Seat 1: TheU10 (button) (small blind) folded on the Flop
Seat 2: jl45259071 (big blind) collected ($17.64)


PokerStars Hand #144605726643:  Hold'em Limit ($3/$6 USD) - 2015/11/30 8:10:52 ET
Table 'Gyldenia III' 2-max Seat #1 is the button
Seat 1: TheU10 ($140.73 in chips)
Seat 2: jl45259071 ($744.34 in chips)
TheU10: posts small blind $1
jl45259071: posts big blind $3
*** HOLE CARDS ***
TheU10: folds
Uncalled bet ($2) returned to jl45259071
jl45259071 collected $2 from pot
jl45259071: doesn't show hand
*** SUMMARY ***
Total pot $2 | Rake $0
Seat 1: TheU10 (button) (small blind) folded before Flop
Seat 2: jl45259071 (big blind) collected ($2)


PokerStars Hand #144605749282:  Hold'em Limit ($3/$6 USD) - 2015/11/30 8:11:34 ET
Table 'Gyldenia III' 2-max Seat #1 is the button
Seat 1: TheU10 ($109.37 in chips)
Seat 2: jl45259071 ($774.34 in chips)
TheU10: posts small blind $1
jl45259071: posts big blind $3
*** HOLE CARDS ***
TheU10: calls $2
jl45259071: raises $3 to $6
TheU10: calls $3
*** FLOP *** [Jh 2c 3s]
jl45259071: bets $3
TheU10: calls $3
*** TURN *** [Jh 2c 3s] [6d]
jl45259071: bets $6
TheU10: calls $6
*** RIVER *** [Jh 2c 3s 6d] [6c]
jl45259071: bets $6
TheU10: calls $6
*** SHOW DOWN ***
jl45259071: shows [3h As] (two pair, Sixes and Threes)
TheU10: mucks hand
jl45259071 collected $41.50 from pot
*** SUMMARY ***
Total pot $42 | Rake $0.50
Board [Jh 2c 3s 6d 6c]
Seat 1: TheU10 (button) (small blind) mucked
Seat 2: jl45259071 (big blind) showed [3h As] and won ($41.50) with two pair, Sixes and Threes


PokerStars Hand #144605729334:  Hold'em Limit ($3/$6 USD) - 2015/11/30 8:10:57 ET
Table 'Gyldenia III' 2-max Seat #2 is the button
Seat 1: TheU10 ($139.73 in chips)
Seat 2: jl45259071 ($745.34 in chips)
jl45259071: posts small blind $1
TheU10: posts big blind $3
*** HOLE CARDS ***
jl45259071: calls $2
TheU10: checks
*** FLOP *** [7d 6c Js]
TheU10: checks
jl45259071: checks
*** TURN *** [7d 6c Js] [Td]
TheU10: checks
jl45259071: bets $6
TheU10: calls $6
*** RIVER *** [7d 6c Js Td] [Qs]
TheU10: checks
jl45259071: bets $6
TheU10: calls $6
*** SHOW DOWN ***
jl45259071: shows [6h Qh] (two pair, Queens and Sixes)
TheU10: mucks hand
jl45259071 collected $29.50 from pot
*** SUMMARY ***
Total pot $30 | Rake $0.50
Board [7d 6c Js Td Qs]
Seat 1: TheU10 (big blind) mucked
Seat 2: jl45259071 (button) (small blind) showed [6h Qh] and won ($29.50) with two pair, Queens and Sixes


PokerStars Hand #144605736277:  Hold'em Limit ($3/$6 USD) - 2015/11/30 8:11:10 ET
Table 'Gyldenia III' 2-max Seat #1 is the button
Seat 1: TheU10 ($124.73 in chips)
Seat 2: jl45259071 ($759.84 in chips)
TheU10: posts small blind $1
jl45259071: posts big blind $3
*** HOLE CARDS ***
TheU10: raises $3 to $6
jl45259071: raises $3 to $9
TheU10: calls $3
*** FLOP *** [5c Kd Th]
jl45259071: bets $3
TheU10: calls $3
*** TURN *** [5c Kd Th] [6s]
jl45259071: bets $6
TheU10: calls $6
*** RIVER *** [5c Kd Th 6s] [Ac]
jl45259071: bets $6
TheU10: calls $6
*** SHOW DOWN ***
jl45259071: shows [9h Kc] (a pair of Kings)
TheU10: mucks hand
jl45259071 collected $47.50 from pot
*** SUMMARY ***
Total pot $48 | Rake $0.50
Board [5c Kd Th 6s Ac]
Seat 1: TheU10 (button) (small blind) mucked
Seat 2: jl45259071 (big blind) showed [9h Kc] and won ($47.50) with a pair of Kings


PokerStars Hand #144605742962:  Hold'em Limit ($3/$6 USD) - 2015/11/30 8:11:22 ET
Table 'Gyldenia III' 2-max Seat #2 is the button
Seat 1: TheU10 ($100.73 in chips)
Seat 2: jl45259071 ($783.34 in chips)
jl45259071: posts small blind $1
TheU10: posts big blind $3
*** HOLE CARDS ***
jl45259071: calls $2
TheU10: checks
*** FLOP *** [Qs 4d 4h]
TheU10: checks
jl45259071: checks
*** TURN *** [Qs 4d 4h] [Qc]
TheU10: checks
jl45259071: checks
*** RIVER *** [Qs 4d 4h Qc] [7c]
TheU10: bets $6
jl45259071: calls $6
*** SHOW DOWN ***
TheU10: shows [3d 7h] (two pair, Queens and Sevens)
jl45259071: mucks hand
TheU10 collected $17.64 from pot
*** SUMMARY ***
Total pot $18 | Rake $0.36
Board [Qs 4d 4h Qc 7c]
Seat 1: TheU10 (big blind) showed [3d 7h] and won ($17.64) with two pair, Queens and Sevens
Seat 2: jl45259071 (button) (small blind) mucked


PokerStars Hand #144605759486:  Hold'em Limit ($3/$6 USD) - 2015/11/30 8:11:52 ET
Table 'Gyldenia III' 2-max Seat #2 is the button
Seat 1: TheU10 ($88.37 in chips)
Seat 2: jl45259071 ($794.84 in chips)
jl45259071: posts small blind $1
TheU10: posts big blind $3
*** HOLE CARDS ***
jl45259071: calls $2
TheU10: checks
*** FLOP *** [8d Ad 5h]
TheU10: checks
jl45259071: checks
*** TURN *** [8d Ad 5h] [4c]
TheU10: checks
jl45259071: bets $6
TheU10: folds
Uncalled bet ($6) returned to jl45259071
jl45259071 collected $5.88 from pot
jl45259071: doesn't show hand
*** SUMMARY ***
Total pot $6 | Rake $0.12
Board [8d Ad 5h 4c]
Seat 1: TheU10 (big blind) folded on the Turn
Seat 2: jl45259071 (button) (small blind) collected ($5.88)


PokerStars Hand #144605783354:  Hold'em Limit ($3/$6 USD) - 2015/11/30 8:12:36 ET
Table 'Gyldenia III' 2-max Seat #2 is the button
Seat 1: TheU10 ($118.63 in chips)
Seat 2: jl45259071 ($763.72 in chips)
jl45259071: posts small blind $1
TheU10: posts big blind $3
*** HOLE CARDS ***
jl45259071: raises $3 to $6
TheU10: calls $3
*** FLOP *** [3s Ac 7d]
TheU10: checks
jl45259071: bets $3
TheU10: raises $3 to $6
jl45259071: calls $3
*** TURN *** [3s Ac 7d] [Ah]
TheU10: bets $6
jl45259071: calls $6
*** RIVER *** [3s Ac 7d Ah] [5d]
TheU10: bets $6
jl45259071: calls $6
*** SHOW DOWN ***
TheU10: shows [4s 7h] (two pair, Aces and Sevens)
jl45259071: mucks hand
TheU10 collected $47.50 from pot
*** SUMMARY ***
Total pot $48 | Rake $0.50
Board [3s Ac 7d Ah 5d]
Seat 1: TheU10 (big blind) showed [4s 7h] and won ($47.50) with two pair, Aces and Sevens
Seat 2: jl45259071 (button) (small blind) mucked


PokerStars Hand #144605778935:  Hold'em Limit ($3/$6 USD) - 2015/11/30 8:12:28 ET
Table 'Gyldenia III' 2-max Seat #1 is the button
Seat 1: TheU10 ($112.87 in chips)
Seat 2: jl45259071 ($769.72 in chips)
TheU10: posts small blind $1
jl45259071: posts big blind $3
*** HOLE CARDS ***
TheU10: raises $3 to $6
jl45259071: calls $3
*** FLOP *** [6d Kd Ah]
jl45259071: checks
TheU10: bets $3
jl45259071: folds
Uncalled bet ($3) returned to TheU10
TheU10 collected $11.76 from pot
TheU10: doesn't show hand
*** SUMMARY ***
Total pot $12 | Rake $0.24
Board [6d Kd Ah]
Seat 1: TheU10 (button) (small blind) collected ($11.76)
Seat 2: jl45259071 (big blind) folded on the Flop


PokerStars Hand #144605764949:  Hold'em Limit ($3/$6 USD) - 2015/11/30 8:12:02 ET
Table 'Gyldenia III' 2-max Seat #1 is the button
Seat 1: TheU10 ($85.37 in chips)
Seat 2: jl45259071 ($797.72 in chips)
TheU10: posts small blind $1
jl45259071: posts big blind $3
*** HOLE CARDS ***
TheU10: raises $3 to $6
jl45259071: calls $3
*** FLOP *** [Ks As Qh]
jl45259071: bets $3
TheU10: calls $3
*** TURN *** [Ks As Qh] [Kc]
jl45259071: bets $6
TheU10: calls $6
*** RIVER *** [Ks As Qh Kc] [Kh]
jl45259071: bets $6
TheU10: raises $6 to $12
jl45259071: calls $6
*** SHOW DOWN ***
TheU10: shows [Ah Kd] (four of a kind, Kings)
jl45259071: mucks hand
TheU10 collected $53.50 from pot
*** SUMMARY ***
Total pot $54 | Rake $0.50
Board [Ks As Qh Kc Kh]
Seat 1: TheU10 (button) (small blind) showed [Ah Kd] and won ($53.50) with four of a kind, Kings
Seat 2: jl45259071 (big blind) mucked


PokerStars Hand #144605775753:  Hold'em Limit ($3/$6 USD) - 2015/11/30 8:12:22 ET
Table 'Gyldenia III' 2-max Seat #2 is the button
Seat 1: TheU10 ($111.87 in chips)
Seat 2: jl45259071 ($770.72 in chips)
jl45259071: posts small blind $1
TheU10: posts big blind $3
*** HOLE CARDS ***
jl45259071: folds
Uncalled bet ($2) returned to TheU10
TheU10 collected $2 from pot
TheU10: doesn't show hand
*** SUMMARY ***
Total pot $2 | Rake $0
Seat 1: TheU10 (big blind) collected ($2)
Seat 2: jl45259071 (button) (small blind) folded before Flop


PokerStars Hand #144605796874:  Hold'em Limit ($3/$6 USD) - 2015/11/30 8:13:01 ET
Table 'Gyldenia III' 2-max Seat #2 is the button
Seat 1: TheU10 ($139.13 in chips)
Seat 2: jl45259071 ($742.60 in chips)
jl45259071: posts small blind $1
TheU10: posts big blind $3
*** HOLE CARDS ***
jl45259071: calls $2
TheU10: raises $3 to $6
jl45259071: calls $3
*** FLOP *** [5h 5d 7c]
TheU10: bets $3
jl45259071: calls $3
*** TURN *** [5h 5d 7c] [Ah]
TheU10: bets $6
jl45259071: folds
Uncalled bet ($6) returned to TheU10
TheU10 collected $17.64 from pot
TheU10: doesn't show hand
*** SUMMARY ***
Total pot $18 | Rake $0.36
Board [5h 5d 7c Ah]
Seat 1: TheU10 (big blind) collected ($17.64)
Seat 2: jl45259071 (button) (small blind) folded on the Turn


PokerStars Hand #144605791427:  Hold'em Limit ($3/$6 USD) - 2015/11/30 8:12:51 ET
Table 'Gyldenia III' 2-max Seat #1 is the button
Seat 1: TheU10 ($142.13 in chips)
Seat 2: jl45259071 ($739.72 in chips)
TheU10: posts small blind $1
jl45259071: posts big blind $3
*** HOLE CARDS ***
TheU10: calls $2
jl45259071: checks
*** FLOP *** [4d 6c Td]
jl45259071: checks
TheU10: checks
*** TURN *** [4d 6c Td] [Ah]
jl45259071: bets $6
TheU10: folds
Uncalled bet ($6) returned to jl45259071
jl45259071 collected $5.88 from pot
jl45259071: doesn't show hand
*** SUMMARY ***
Total pot $6 | Rake $0.12
Board [4d 6c Td Ah]
Seat 1: TheU10 (button) (small blind) folded on the Turn
Seat 2: jl45259071 (big blind) collected ($5.88)


PokerStars Hand #144605803248:  Hold'em Limit ($3/$6 USD) - 2015/11/30 8:13:13 ET
Table 'Gyldenia III' 2-max Seat #1 is the button
Seat 1: TheU10 ($147.77 in chips)
Seat 2: jl45259071 ($733.60 in chips)
TheU10: posts small blind $1
jl45259071: posts big blind $3
*** HOLE CARDS ***
TheU10: raises $3 to $6
jl45259071: raises $3 to $9
TheU10: raises $3 to $12
Betting is capped
jl45259071: calls $3
*** FLOP *** [8d 6c 6h]
jl45259071: checks
TheU10: bets $3
jl45259071: calls $3
*** TURN *** [8d 6c 6h] [4d]
jl45259071: checks
TheU10: bets $6
jl45259071: calls $6
*** RIVER *** [8d 6c 6h 4d] [Kc]
jl45259071: checks
TheU10: bets $6
jl45259071: raises $6 to $12
TheU10: calls $6
*** SHOW DOWN ***
jl45259071: shows [Kd Js] (two pair, Kings and Sixes)
TheU10: mucks hand
jl45259071 collected $65.50 from pot
*** SUMMARY ***
Total pot $66 | Rake $0.50
Board [8d 6c 6h 4d Kc]
Seat 1: TheU10 (button) (small blind) mucked
Seat 2: jl45259071 (big blind) showed [Kd Js] and won ($65.50) with two pair, Kings and Sixes


PokerStars Hand #144605844460:  Hold'em Limit ($3/$6 USD) - 2015/11/30 8:14:28 ET
Table 'Gyldenia III' 2-max Seat #2 is the button
Seat 1: TheU10 ($87.77 in chips)
Seat 2: jl45259071 ($792.48 in chips)
jl45259071: posts small blind $1
TheU10: posts big blind $3
*** HOLE CARDS ***
jl45259071: raises $3 to $6
TheU10: calls $3
*** FLOP *** [Td 7c Kd]
TheU10: checks
jl45259071: bets $3
TheU10: folds
Uncalled bet ($3) returned to jl45259071
jl45259071 collected $11.76 from pot
jl45259071: doesn't show hand
*** SUMMARY ***
Total pot $12 | Rake $0.24
Board [Td 7c Kd]
Seat 1: TheU10 (big blind) folded on the Flop
Seat 2: jl45259071 (button) (small blind) collected ($11.76)


PokerStars Hand #144605835515:  Hold'em Limit ($3/$6 USD) - 2015/11/30 8:14:12 ET
Table 'Gyldenia III' 2-max Seat #1 is the button
Seat 1: TheU10 ($111.77 in chips)
Seat 2: jl45259071 ($768.98 in chips)
TheU10: posts small blind $1
jl45259071: posts big blind $3
*** HOLE CARDS ***
TheU10: raises $3 to $6
jl45259071: raises $3 to $9
TheU10: raises $3 to $12
Betting is capped
jl45259071: calls $3
*** FLOP *** [4d 2d 3s]
jl45259071: checks
TheU10: checks
*** TURN *** [4d 2d 3s] [4c]
jl45259071: bets $6
TheU10: calls $6
*** RIVER *** [4d 2d 3s 4c] [3c]
jl45259071: bets $6
TheU10: calls $6
*** SHOW DOWN ***
jl45259071: shows [Ah 8c] (two pair, Fours and Threes)
TheU10: mucks hand
jl45259071 collected $47.50 from pot
*** SUMMARY ***
Total pot $48 | Rake $0.50
Board [4d 2d 3s 4c 3c]
Seat 1: TheU10 (button) (small blind) mucked
Seat 2: jl45259071 (big blind) showed [Ah 8c] and won ($47.50) with two pair, Fours and Threes


PokerStars Hand #144605820968:  Hold'em Limit ($3/$6 USD) - 2015/11/30 8:13:45 ET
Table 'Gyldenia III' 2-max Seat #2 is the button
Seat 1: TheU10 ($114.77 in chips)
Seat 2: jl45259071 ($766.10 in chips)
jl45259071: posts small blind $1
TheU10: posts big blind $3
*** HOLE CARDS ***
jl45259071: calls $2
TheU10: checks
*** FLOP *** [Tc 9c 4c]
TheU10: checks
jl45259071: checks
*** TURN *** [Tc 9c 4c] [7h]
TheU10: checks
jl45259071: checks
*** RIVER *** [Tc 9c 4c 7h] [2h]
TheU10: checks
jl45259071: bets $6
TheU10: folds
Uncalled bet ($6) returned to jl45259071
jl45259071 collected $5.88 from pot
jl45259071: doesn't show hand
*** SUMMARY ***
Total pot $6 | Rake $0.12
Board [Tc 9c 4c 7h 2h]
Seat 1: TheU10 (big blind) folded on the River
Seat 2: jl45259071 (button) (small blind) collected ($5.88)


PokerStars Hand #144605855360:  Hold'em Limit ($3/$6 USD) - 2015/11/30 8:14:48 ET
Table 'Gyldenia III' 2-max Seat #1 is the button
Seat 1: TheU10 ($77.77 in chips)
Seat 2: jl45259071 ($802.12 in chips)
TheU10: posts small blind $1
jl45259071: posts big blind $3
*** HOLE CARDS ***
TheU10: folds
Uncalled bet ($2) returned to jl45259071
jl45259071 collected $2 from pot
jl45259071: doesn't show hand
*** SUMMARY ***
Total pot $2 | Rake $0
Seat 1: TheU10 (button) (small blind) folded before Flop
Seat 2: jl45259071 (big blind) collected ($2)


PokerStars Hand #144605851107:  Hold'em Limit ($3/$6 USD) - 2015/11/30 8:14:40 ET
Table 'Gyldenia III' 2-max Seat #2 is the button
Seat 1: TheU10 ($80.77 in chips)
Seat 2: jl45259071 ($799.24 in chips)
jl45259071: posts small blind $1
TheU10: posts big blind $3
*** HOLE CARDS ***
jl45259071: calls $2
TheU10: checks
*** FLOP *** [Qh 3c 5c]
TheU10: checks
jl45259071: bets $3
TheU10: folds
Uncalled bet ($3) returned to jl45259071
jl45259071 collected $5.88 from pot
*** SUMMARY ***
Total pot $6 | Rake $0.12
Board [Qh 3c 5c]
Seat 1: TheU10 (big blind) folded on the Flop
Seat 2: jl45259071 (button) (small blind) collected ($5.88)


PokerStars Hand #144605848657:  Hold'em Limit ($3/$6 USD) - 2015/11/30 8:14:36 ET
Table 'Gyldenia III' 2-max Seat #1 is the button
Seat 1: TheU10 ($81.77 in chips)
Seat 2: jl45259071 ($798.24 in chips)
TheU10: posts small blind $1
jl45259071: posts big blind $3
*** HOLE CARDS ***
TheU10: folds
Uncalled bet ($2) returned to jl45259071
jl45259071 collected $2 from pot
jl45259071: doesn't show hand
*** SUMMARY ***
Total pot $2 | Rake $0
Seat 1: TheU10 (button) (small blind) folded before Flop
Seat 2: jl45259071 (big blind) collected ($2)


PokerStars Hand #144605873453:  Hold'em Limit ($3/$6 USD) - 2015/11/30 8:15:21 ET
Table 'Gyldenia III' 2-max Seat #1 is the button
Seat 1: TheU10 ($63.77 in chips)
Seat 2: jl45259071 ($815.64 in chips)
TheU10: posts small blind $1
jl45259071: posts big blind $3
*** HOLE CARDS ***
TheU10: raises $3 to $6
jl45259071: calls $3
*** FLOP *** [7s 6c 5s]
jl45259071: checks
TheU10: bets $3
jl45259071: calls $3
*** TURN *** [7s 6c 5s] [8s]
jl45259071: checks
TheU10: bets $6
jl45259071: calls $6
*** RIVER *** [7s 6c 5s 8s] [9d]
jl45259071: checks
TheU10: checks
*** SHOW DOWN ***
jl45259071: shows [2c 5h] (a straight, Five to Nine)
TheU10: shows [7h 4h] (a straight, Five to Nine)
jl45259071 collected $14.75 from pot
TheU10 collected $14.75 from pot
*** SUMMARY ***
Total pot $30 | Rake $0.50
Board [7s 6c 5s 8s 9d]
Seat 1: TheU10 (button) (small blind) showed [7h 4h] and won ($14.75) with a straight, Five to Nine
Seat 2: jl45259071 (big blind) showed [2c 5h] and won ($14.75) with a straight, Five to Nine


PokerStars Hand #144605866618:  Hold'em Limit ($3/$6 USD) - 2015/11/30 8:15:09 ET
Table 'Gyldenia III' 2-max Seat #2 is the button
Seat 1: TheU10 ($66.77 in chips)
Seat 2: jl45259071 ($812.76 in chips)
jl45259071: posts small blind $1
TheU10: posts big blind $3
*** HOLE CARDS ***
jl45259071: calls $2
TheU10: checks
*** FLOP *** [Kh 2c 3h]
TheU10: checks
jl45259071: checks
*** TURN *** [Kh 2c 3h] [2d]
TheU10: checks
jl45259071: checks
*** RIVER *** [Kh 2c 3h 2d] [5c]
TheU10: checks
jl45259071: checks
*** SHOW DOWN ***
TheU10: shows [Jc 7h] (a pair of Deuces)
jl45259071: shows [9h As] (a pair of Deuces - Ace kicker)
jl45259071 collected $5.88 from pot
*** SUMMARY ***
Total pot $6 | Rake $0.12
Board [Kh 2c 3h 2d 5c]
Seat 1: TheU10 (big blind) showed [Jc 7h] and lost with a pair of Deuces
Seat 2: jl45259071 (button) (small blind) showed [9h As] and won ($5.88) with a pair of Deuces


PokerStars Hand #144605864206:  Hold'em Limit ($3/$6 USD) - 2015/11/30 8:15:04 ET
Table 'Gyldenia III' 2-max Seat #1 is the button
Seat 1: TheU10 ($67.77 in chips)
Seat 2: jl45259071 ($811.76 in chips)
TheU10: posts small blind $1
jl45259071: posts big blind $3
*** HOLE CARDS ***
TheU10: folds
Uncalled bet ($2) returned to jl45259071
jl45259071 collected $2 from pot
*** SUMMARY ***
Total pot $2 | Rake $0
Seat 1: TheU10 (button) (small blind) folded before Flop
Seat 2: jl45259071 (big blind) collected ($2)


PokerStars Hand #144605881178:  Hold'em Limit ($3/$6 USD) - 2015/11/30 8:15:36 ET
Table 'Gyldenia III' 2-max Seat #2 is the button
Seat 1: TheU10 ($363.52 in chips)
Seat 2: jl45259071 ($815.39 in chips)
jl45259071: posts small blind $1
TheU10: posts big blind $3
*** HOLE CARDS ***
jl45259071: calls $2
TheU10: checks
*** FLOP *** [8h Jc Ac]
TheU10: checks
jl45259071: checks
*** TURN *** [8h Jc Ac] [9d]
TheU10: checks
jl45259071: checks
*** RIVER *** [8h Jc Ac 9d] [Tc]
TheU10: bets $6
jl45259071: folds
Uncalled bet ($6) returned to TheU10
TheU10 collected $5.88 from pot
TheU10: doesn't show hand
*** SUMMARY ***
Total pot $6 | Rake $0.12
Board [8h Jc Ac 9d Tc]
Seat 1: TheU10 (big blind) collected ($5.88)
Seat 2: jl45259071 (button) (small blind) folded on the River


PokerStars Hand #144605858175:  Hold'em Limit ($3/$6 USD) - 2015/11/30 8:14:54 ET
Table 'Gyldenia III' 2-max Seat #2 is the button
Seat 1: TheU10 ($76.77 in chips)
Seat 2: jl45259071 ($803.12 in chips)
jl45259071: posts small blind $1
TheU10: posts big blind $3
*** HOLE CARDS ***
jl45259071: calls $2
TheU10: checks
*** FLOP *** [3c 7s Jd]
TheU10: checks
jl45259071: checks
*** TURN *** [3c 7s Jd] [Kc]
TheU10: checks
jl45259071: checks
*** RIVER *** [3c 7s Jd Kc] [Js]
TheU10: bets $6
jl45259071: calls $6
*** SHOW DOWN ***
TheU10: shows [9s 8d] (a pair of Jacks)
jl45259071: shows [Qd 8c] (a pair of Jacks - King+Queen kicker)
jl45259071 collected $17.64 from pot
*** SUMMARY ***
Total pot $18 | Rake $0.36
Board [3c 7s Jd Kc Js]
Seat 1: TheU10 (big blind) showed [9s 8d] and lost with a pair of Jacks
Seat 2: jl45259071 (button) (small blind) showed [Qd 8c] and won ($17.64) with a pair of Jacks


PokerStars Hand #144605911817:  Hold'em Limit ($3/$6 USD) - 2015/11/30 8:16:32 ET
Table 'Gyldenia III' 2-max Seat #2 is the button
Seat 1: TheU10 ($336.28 in chips)
Seat 2: jl45259071 ($841.65 in chips)
jl45259071: posts small blind $1
TheU10: posts big blind $3
*** HOLE CARDS ***
jl45259071: raises $3 to $6
TheU10: calls $3
*** FLOP *** [Jd 3d Qd]
TheU10: checks
jl45259071: bets $3
TheU10: calls $3
*** TURN *** [Jd 3d Qd] [2h]
TheU10: checks
jl45259071: bets $6
TheU10: folds
Uncalled bet ($6) returned to jl45259071
jl45259071 collected $17.64 from pot
jl45259071: doesn't show hand
*** SUMMARY ***
Total pot $18 | Rake $0.36
Board [Jd 3d Qd 2h]
Seat 1: TheU10 (big blind) folded on the Turn
Seat 2: jl45259071 (button) (small blind) collected ($17.64)


PokerStars Hand #144605906271:  Hold'em Limit ($3/$6 USD) - 2015/11/30 8:16:22 ET
Table 'Gyldenia III' 2-max Seat #1 is the button
Seat 1: TheU10 ($342.28 in chips)
Seat 2: jl45259071 ($835.89 in chips)
TheU10: posts small blind $1
jl45259071: posts big blind $3
*** HOLE CARDS ***
TheU10: calls $2
jl45259071: raises $3 to $6
TheU10: calls $3
*** FLOP *** [4d 6c Qs]
jl45259071: bets $3
TheU10: folds
Uncalled bet ($3) returned to jl45259071
jl45259071 collected $11.76 from pot
*** SUMMARY ***
Total pot $12 | Rake $0.24
Board [4d 6c Qs]
Seat 1: TheU10 (button) (small blind) folded on the Flop
Seat 2: jl45259071 (big blind) collected ($11.76)


PokerStars Hand #144605898644:  Hold'em Limit ($3/$6 USD) - 2015/11/30 8:16:08 ET
Table 'Gyldenia III' 2-max Seat #2 is the button
Seat 1: TheU10 ($339.40 in chips)
Seat 2: jl45259071 ($838.89 in chips)
jl45259071: posts small blind $1
TheU10: posts big blind $3
*** HOLE CARDS ***
jl45259071: calls $2
TheU10: checks
*** FLOP *** [Js 5h 8s]
TheU10: checks
jl45259071: checks
*** TURN *** [Js 5h 8s] [2s]
TheU10: checks
jl45259071: checks
*** RIVER *** [Js 5h 8s 2s] [Jc]
TheU10: checks
jl45259071: checks
*** SHOW DOWN ***
TheU10: shows [6c Qd] (a pair of Jacks)
jl45259071: mucks hand
TheU10 collected $5.88 from pot
*** SUMMARY ***
Total pot $6 | Rake $0.12
Board [Js 5h 8s 2s Jc]
Seat 1: TheU10 (big blind) showed [6c Qd] and won ($5.88) with a pair of Jacks
Seat 2: jl45259071 (button) (small blind) mucked


PokerStars Hand #144605887587:  Hold'em Limit ($3/$6 USD) - 2015/11/30 8:15:47 ET
Table 'Gyldenia III' 2-max Seat #1 is the button
Seat 1: TheU10 ($366.40 in chips)
Seat 2: jl45259071 ($812.39 in chips)
TheU10: posts small blind $1
jl45259071: posts big blind $3
*** HOLE CARDS ***
TheU10: raises $3 to $6
jl45259071: calls $3
*** FLOP *** [8h Th 9h]
jl45259071: checks
TheU10: bets $3
jl45259071: calls $3
*** TURN *** [8h Th 9h] [4s]
jl45259071: checks
TheU10: bets $6
jl45259071: calls $6
*** RIVER *** [8h Th 9h 4s] [As]
jl45259071: checks
TheU10: bets $6
jl45259071: raises $6 to $12
TheU10: calls $6
*** SHOW DOWN ***
jl45259071: shows [9d 8s] (two pair, Nines and Eights)
TheU10: mucks hand
jl45259071 collected $53.50 from pot
*** SUMMARY ***
Total pot $54 | Rake $0.50
Board [8h Th 9h 4s As]
Seat 1: TheU10 (button) (small blind) mucked
Seat 2: jl45259071 (big blind) showed [9d 8s] and won ($53.50) with two pair, Nines and Eights


PokerStars Hand #144605918070:  Hold'em Limit ($3/$6 USD) - 2015/11/30 8:16:43 ET
Table 'Gyldenia III' 2-max Seat #1 is the button
Seat 1: TheU10 ($327.28 in chips)
Seat 2: jl45259071 ($850.29 in chips)
TheU10: posts small blind $1
jl45259071: posts big blind $3
*** HOLE CARDS ***
TheU10: calls $2
jl45259071: checks
*** FLOP *** [4h Ks 2h]
jl45259071: checks
TheU10: checks
*** TURN *** [4h Ks 2h] [7h]
jl45259071: bets $6
TheU10: calls $6
*** RIVER *** [4h Ks 2h 7h] [Td]
jl45259071: bets $6
TheU10: calls $6
*** SHOW DOWN ***
jl45259071: shows [4s Kc] (two pair, Kings and Fours)
TheU10: mucks hand
jl45259071 collected $29.50 from pot
*** SUMMARY ***
Total pot $30 | Rake $0.50
Board [4h Ks 2h 7h Td]
Seat 1: TheU10 (button) (small blind) mucked
Seat 2: jl45259071 (big blind) showed [4s Kc] and won ($29.50) with two pair, Kings and Fours


PokerStars Hand #144605925153:  Hold'em Limit ($3/$6 USD) - 2015/11/30 8:16:56 ET
Table 'Gyldenia III' 2-max Seat #2 is the button
Seat 1: TheU10 ($312.28 in chips)
Seat 2: jl45259071 ($864.79 in chips)
jl45259071: posts small blind $1
TheU10: posts big blind $3
*** HOLE CARDS ***
jl45259071: calls $2
TheU10: raises $3 to $6
jl45259071: calls $3
*** FLOP *** [5c 4h 7h]
TheU10: bets $3
jl45259071: calls $3
*** TURN *** [5c 4h 7h] [4s]
TheU10: bets $6
jl45259071: calls $6
*** RIVER *** [5c 4h 7h 4s] [Jc]
TheU10: bets $6
jl45259071: folds
Uncalled bet ($6) returned to TheU10
TheU10 collected $29.50 from pot
TheU10: doesn't show hand
*** SUMMARY ***
Total pot $30 | Rake $0.50
Board [5c 4h 7h 4s Jc]
Seat 1: TheU10 (big blind) collected ($29.50)
Seat 2: jl45259071 (button) (small blind) folded on the River


PokerStars Hand #144605974446:  Hold'em Limit ($3/$6 USD) - 2015/11/30 8:18:25 ET
Table 'Gyldenia III' 2-max Seat #1 is the button
Seat 1: TheU10 ($385.78 in chips)
Seat 2: jl45259071 ($789.79 in chips)
TheU10: posts small blind $1
jl45259071: posts big blind $3
*** HOLE CARDS ***
TheU10: folds
Uncalled bet ($2) returned to jl45259071
jl45259071 collected $2 from pot
jl45259071: doesn't show hand
*** SUMMARY ***
Total pot $2 | Rake $0
Seat 1: TheU10 (button) (small blind) folded before Flop
Seat 2: jl45259071 (big blind) collected ($2)


PokerStars Hand #144605966045:  Hold'em Limit ($3/$6 USD) - 2015/11/30 8:18:10 ET
Table 'Gyldenia III' 2-max Seat #2 is the button
Seat 1: TheU10 ($359.28 in chips)
Seat 2: jl45259071 ($816.79 in chips)
jl45259071: posts small blind $1
TheU10: posts big blind $3
*** HOLE CARDS ***
jl45259071: raises $3 to $6
TheU10: calls $3
*** FLOP *** [Ad Jd 5h]
TheU10: checks
jl45259071: bets $3
TheU10: calls $3
*** TURN *** [Ad Jd 5h] [Ks]
TheU10: checks
jl45259071: bets $6
TheU10: raises $6 to $12
jl45259071: calls $6
*** RIVER *** [Ad Jd 5h Ks] [3d]
TheU10: bets $6
jl45259071: calls $6
*** SHOW DOWN ***
TheU10: shows [Ts Qh] (a straight, Ten to Ace)
jl45259071: mucks hand
TheU10 collected $53.50 from pot
*** SUMMARY ***
Total pot $54 | Rake $0.50
Board [Ad Jd 5h Ks 3d]
Seat 1: TheU10 (big blind) showed [Ts Qh] and won ($53.50) with a straight, Ten to Ace
Seat 2: jl45259071 (button) (small blind) mucked


PokerStars Hand #144605932788:  Hold'em Limit ($3/$6 USD) - 2015/11/30 8:17:09 ET
Table 'Gyldenia III' 2-max Seat #1 is the button
Seat 1: TheU10 ($326.78 in chips)
Seat 2: jl45259071 ($849.79 in chips)
TheU10: posts small blind $1
jl45259071: posts big blind $3
*** HOLE CARDS ***
TheU10: raises $3 to $6
jl45259071: raises $3 to $9
TheU10: calls $3
*** FLOP *** [2s 3h 5h]
jl45259071: bets $3
TheU10: raises $3 to $6
jl45259071: raises $3 to $9
TheU10: raises $3 to $12
Betting is capped
jl45259071: calls $3
*** TURN *** [2s 3h 5h] [4d]
jl45259071: checks
TheU10: bets $6
jl45259071: calls $6
*** RIVER *** [2s 3h 5h 4d] [2h]
jl45259071: checks
TheU10: bets $6
jl45259071: calls $6
*** SHOW DOWN ***
TheU10: shows [Ah 5c] (a straight, Ace to Five)
jl45259071: mucks hand
TheU10 collected $65.50 from pot
*** SUMMARY ***
Total pot $66 | Rake $0.50
Board [2s 3h 5h 4d 2h]
Seat 1: TheU10 (button) (small blind) showed [Ah 5c] and won ($65.50) with a straight, Ace to Five
Seat 2: jl45259071 (big blind) mucked


PokerStars Hand #144605977349:  Hold'em Limit ($3/$6 USD) - 2015/11/30 8:18:31 ET
Table 'Gyldenia III' 2-max Seat #2 is the button
Seat 1: TheU10 ($384.78 in chips)
Seat 2: jl45259071 ($790.79 in chips)
jl45259071: posts small blind $1
TheU10: posts big blind $3
*** HOLE CARDS ***
jl45259071: calls $2
TheU10: raises $3 to $6
jl45259071: calls $3
*** FLOP *** [3d 9s 3c]
TheU10: bets $3
jl45259071: calls $3
*** TURN *** [3d 9s 3c] [3h]
TheU10: bets $6
jl45259071: raises $6 to $12
TheU10: raises $6 to $18
jl45259071: calls $6
*** RIVER *** [3d 9s 3c 3h] [Qh]
TheU10: checks
jl45259071: bets $6
TheU10: raises $6 to $12
jl45259071: calls $6
*** SHOW DOWN ***
TheU10: shows [Ad Js] (three of a kind, Threes)
jl45259071: shows [9h Ts] (a full house, Threes full of Nines)
jl45259071 collected $77.50 from pot
*** SUMMARY ***
Total pot $78 | Rake $0.50
Board [3d 9s 3c 3h Qh]
Seat 1: TheU10 (big blind) showed [Ad Js] and lost with three of a kind, Threes
Seat 2: jl45259071 (button) (small blind) showed [9h Ts] and won ($77.50) with a full house, Threes full of Nines


PokerStars Hand #144606009350:  Hold'em Limit ($3/$6 USD) - 2015/11/30 8:19:30 ET
Table 'Gyldenia III' 2-max Seat #2 is the button
Seat 1: TheU10 ($335.30 in chips)
Seat 2: jl45259071 ($838.79 in chips)
jl45259071: posts small blind $1
TheU10: posts big blind $3
*** HOLE CARDS ***
jl45259071: calls $2
TheU10: raises $3 to $6
jl45259071: calls $3
*** FLOP *** [7s 7c 2h]
TheU10: bets $3
jl45259071: calls $3
*** TURN *** [7s 7c 2h] [2d]
TheU10: bets $6
jl45259071: folds
Uncalled bet ($6) returned to TheU10
TheU10 collected $17.64 from pot
TheU10: doesn't show hand
*** SUMMARY ***
Total pot $18 | Rake $0.36
Board [7s 7c 2h 2d]
Seat 1: TheU10 (big blind) collected ($17.64)
Seat 2: jl45259071 (button) (small blind) folded on the Turn


PokerStars Hand #144606000842:  Hold'em Limit ($3/$6 USD) - 2015/11/30 8:19:14 ET
Table 'Gyldenia III' 2-max Seat #1 is the button
Seat 1: TheU10 ($323.78 in chips)
Seat 2: jl45259071 ($850.79 in chips)
TheU10: posts small blind $1
jl45259071: posts big blind $3
*** HOLE CARDS ***
TheU10: raises $3 to $6
jl45259071: calls $3
*** FLOP *** [2h 2c Jh]
jl45259071: checks
TheU10: checks
*** TURN *** [2h 2c Jh] [Th]
jl45259071: checks
TheU10: bets $6
jl45259071: calls $6
*** RIVER *** [2h 2c Jh Th] [Ad]
jl45259071: checks
TheU10: bets $6
jl45259071: folds
Uncalled bet ($6) returned to TheU10
TheU10 collected $23.52 from pot
TheU10: doesn't show hand
*** SUMMARY ***
Total pot $24 | Rake $0.48
Board [2h 2c Jh Th Ad]
Seat 1: TheU10 (button) (small blind) collected ($23.52)
Seat 2: jl45259071 (big blind) folded on the River


PokerStars Hand #144605993733:  Hold'em Limit ($3/$6 USD) - 2015/11/30 8:19:01 ET
Table 'Gyldenia III' 2-max Seat #2 is the button
Seat 1: TheU10 ($344.78 in chips)
Seat 2: jl45259071 ($830.29 in chips)
jl45259071: posts small blind $1
TheU10: posts big blind $3
*** HOLE CARDS ***
jl45259071: raises $3 to $6
TheU10: calls $3
*** FLOP *** [As 7d Kh]
TheU10: checks
jl45259071: bets $3
TheU10: calls $3
*** TURN *** [As 7d Kh] [5h]
TheU10: checks
jl45259071: bets $6
TheU10: calls $6
*** RIVER *** [As 7d Kh 5h] [2c]
TheU10: checks
jl45259071: bets $6
TheU10: calls $6
*** SHOW DOWN ***
jl45259071: shows [Ah 9d] (a pair of Aces)
TheU10: mucks hand
jl45259071 collected $41.50 from pot
*** SUMMARY ***
Total pot $42 | Rake $0.50
Board [As 7d Kh 5h 2c]
Seat 1: TheU10 (big blind) mucked
Seat 2: jl45259071 (button) (small blind) showed [Ah 9d] and won ($41.50) with a pair of Aces


PokerStars Hand #144605991170:  Hold'em Limit ($3/$6 USD) - 2015/11/30 8:18:56 ET
Table 'Gyldenia III' 2-max Seat #1 is the button
Seat 1: TheU10 ($345.78 in chips)
Seat 2: jl45259071 ($829.29 in chips)
TheU10: posts small blind $1
jl45259071: posts big blind $3
*** HOLE CARDS ***
TheU10: folds
Uncalled bet ($2) returned to jl45259071
jl45259071 collected $2 from pot
jl45259071: doesn't show hand
*** SUMMARY ***
Total pot $2 | Rake $0
Seat 1: TheU10 (button) (small blind) folded before Flop
Seat 2: jl45259071 (big blind) collected ($2)


PokerStars Hand #144606015883:  Hold'em Limit ($3/$6 USD) - 2015/11/30 8:19:41 ET
Table 'Gyldenia III' 2-max Seat #1 is the button
Seat 1: TheU10 ($343.94 in chips)
Seat 2: jl45259071 ($829.79 in chips)
TheU10: posts small blind $1
jl45259071: posts big blind $3
*** HOLE CARDS ***
TheU10: raises $3 to $6
jl45259071: calls $3
*** FLOP *** [Kc Kh 4s]
jl45259071: checks
TheU10: bets $3
jl45259071: calls $3
*** TURN *** [Kc Kh 4s] [Th]
jl45259071: checks
TheU10: checks
*** RIVER *** [Kc Kh 4s Th] [Tc]
jl45259071: checks
TheU10: bets $6
jl45259071: folds
Uncalled bet ($6) returned to TheU10
TheU10 collected $17.64 from pot
TheU10: doesn't show hand
*** SUMMARY ***
Total pot $18 | Rake $0.36
Board [Kc Kh 4s Th Tc]
Seat 1: TheU10 (button) (small blind) collected ($17.64)
Seat 2: jl45259071 (big blind) folded on the River


PokerStars Hand #144606044043:  Hold'em Limit ($3/$6 USD) - 2015/11/30 8:20:33 ET
Table 'Gyldenia III' 2-max Seat #1 is the button
Seat 1: TheU10 ($326.58 in chips)
Seat 2: jl45259071 ($846.05 in chips)
TheU10: posts small blind $1
jl45259071: posts big blind $3
*** HOLE CARDS ***
TheU10: folds
Uncalled bet ($2) returned to jl45259071
jl45259071 collected $2 from pot
jl45259071: doesn't show hand
*** SUMMARY ***
Total pot $2 | Rake $0
Seat 1: TheU10 (button) (small blind) folded before Flop
Seat 2: jl45259071 (big blind) collected ($2)


PokerStars Hand #144606041209:  Hold'em Limit ($3/$6 USD) - 2015/11/30 8:20:28 ET
Table 'Gyldenia III' 2-max Seat #2 is the button
Seat 1: TheU10 ($325.58 in chips)
Seat 2: jl45259071 ($847.05 in chips)
jl45259071: posts small blind $1
TheU10: posts big blind $3
*** HOLE CARDS ***
jl45259071: folds
Uncalled bet ($2) returned to TheU10
TheU10 collected $2 from pot
TheU10: doesn't show hand
*** SUMMARY ***
Total pot $2 | Rake $0
Seat 1: TheU10 (big blind) collected ($2)
Seat 2: jl45259071 (button) (small blind) folded before Flop


PokerStars Hand #144606030032:  Hold'em Limit ($3/$6 USD) - 2015/11/30 8:20:07 ET
Table 'Gyldenia III' 2-max Seat #1 is the button
Seat 1: TheU10 ($346.58 in chips)
Seat 2: jl45259071 ($826.55 in chips)
TheU10: posts small blind $1
jl45259071: posts big blind $3
*** HOLE CARDS ***
TheU10: raises $3 to $6
jl45259071: calls $3
*** FLOP *** [Js Qc 3d]
jl45259071: checks
TheU10: bets $3
jl45259071: calls $3
*** TURN *** [Js Qc 3d] [9s]
jl45259071: checks
TheU10: bets $6
jl45259071: calls $6
*** RIVER *** [Js Qc 3d 9s] [4c]
jl45259071: checks
TheU10: bets $6
jl45259071: raises $6 to $12
TheU10: folds
Uncalled bet ($6) returned to jl45259071
jl45259071 collected $41.50 from pot
*** SUMMARY ***
Total pot $42 | Rake $0.50
Board [Js Qc 3d 9s 4c]
Seat 1: TheU10 (button) (small blind) folded on the River
Seat 2: jl45259071 (big blind) collected ($41.50)


PokerStars Hand #144606024140:  Hold'em Limit ($3/$6 USD) - 2015/11/30 8:19:56 ET
Table 'Gyldenia III' 2-max Seat #2 is the button
Seat 1: TheU10 ($352.58 in chips)
Seat 2: jl45259071 ($820.79 in chips)
jl45259071: posts small blind $1
TheU10: posts big blind $3
*** HOLE CARDS ***
jl45259071: raises $3 to $6
TheU10: calls $3
*** FLOP *** [5c Tc Td]
TheU10: checks
jl45259071: bets $3
TheU10: folds
Uncalled bet ($3) returned to jl45259071
jl45259071 collected $11.76 from pot
jl45259071: doesn't show hand
*** SUMMARY ***
Total pot $12 | Rake $0.24
Board [5c Tc Td]
Seat 1: TheU10 (big blind) folded on the Flop
Seat 2: jl45259071 (button) (small blind) collected ($11.76)


PokerStars Hand #144606046406:  Hold'em Limit ($3/$6 USD) - 2015/11/30 8:20:37 ET
Table 'Gyldenia III' 2-max Seat #2 is the button
Seat 1: TheU10 ($325.58 in chips)
Seat 2: jl45259071 ($847.05 in chips)
jl45259071: posts small blind $1
TheU10: posts big blind $3
*** HOLE CARDS ***
jl45259071: calls $2
TheU10: checks
*** FLOP *** [3s Ks Qh]
TheU10: checks
jl45259071: checks
*** TURN *** [3s Ks Qh] [Ts]
TheU10: checks
jl45259071: checks
*** RIVER *** [3s Ks Qh Ts] [7d]
TheU10: checks
jl45259071: checks
*** SHOW DOWN ***
TheU10: shows [5d 4h] (high card King)
jl45259071: shows [Jc 5s] (high card King - Queen+Jack kicker)
jl45259071 collected $5.88 from pot
*** SUMMARY ***
Total pot $6 | Rake $0.12
Board [3s Ks Qh Ts 7d]
Seat 1: TheU10 (big blind) showed [5d 4h] and lost with high card King
Seat 2: jl45259071 (button) (small blind) showed [Jc 5s] and won ($5.88) with high card King


PokerStars Hand #144606080903:  Hold'em Limit ($3/$6 USD) - 2015/11/30 8:21:40 ET
Table 'Gyldenia III' 2-max Seat #1 is the button
Seat 1: TheU10 ($304.46 in chips)
Seat 2: jl45259071 ($867.09 in chips)
TheU10: posts small blind $1
jl45259071: posts big blind $3
*** HOLE CARDS ***
TheU10: raises $3 to $6
jl45259071: calls $3
*** FLOP *** [Qd Kd 4s]
jl45259071: checks
TheU10: bets $3
jl45259071: folds
Uncalled bet ($3) returned to TheU10
TheU10 collected $11.76 from pot
TheU10: doesn't show hand
*** SUMMARY ***
Total pot $12 | Rake $0.24
Board [Qd Kd 4s]
Seat 1: TheU10 (button) (small blind) collected ($11.76)
Seat 2: jl45259071 (big blind) folded on the Flop


PokerStars Hand #144606070970:  Hold'em Limit ($3/$6 USD) - 2015/11/30 8:21:22 ET
Table 'Gyldenia III' 2-max Seat #2 is the button
Seat 1: TheU10 ($313.46 in chips)
Seat 2: jl45259071 ($858.45 in chips)
jl45259071: posts small blind $1
TheU10: posts big blind $3
*** HOLE CARDS ***
jl45259071: calls $2
TheU10: raises $3 to $6
jl45259071: calls $3
*** FLOP *** [6h Ac Jc]
TheU10: bets $3
jl45259071: calls $3
*** TURN *** [6h Ac Jc] [4c]
TheU10: checks
jl45259071: checks
*** RIVER *** [6h Ac Jc 4c] [Jh]
TheU10: checks
jl45259071: bets $6
TheU10: folds
Uncalled bet ($6) returned to jl45259071
jl45259071 collected $17.64 from pot
jl45259071: doesn't show hand
*** SUMMARY ***
Total pot $18 | Rake $0.36
Board [6h Ac Jc 4c Jh]
Seat 1: TheU10 (big blind) folded on the River
Seat 2: jl45259071 (button) (small blind) collected ($17.64)


PokerStars Hand #144606065538:  Hold'em Limit ($3/$6 USD) - 2015/11/30 8:21:12 ET
Table 'Gyldenia III' 2-max Seat #1 is the button
Seat 1: TheU10 ($319.46 in chips)
Seat 2: jl45259071 ($852.69 in chips)
TheU10: posts small blind $1
jl45259071: posts big blind $3
*** HOLE CARDS ***
TheU10: raises $3 to $6
jl45259071: calls $3
*** FLOP *** [7h Td 7c]
jl45259071: checks
TheU10: checks
*** TURN *** [7h Td 7c] [6c]
jl45259071: bets $6
TheU10: folds
Uncalled bet ($6) returned to jl45259071
jl45259071 collected $11.76 from pot
jl45259071: doesn't show hand
*** SUMMARY ***
Total pot $12 | Rake $0.24
Board [7h Td 7c 6c]
Seat 1: TheU10 (button) (small blind) folded on the Turn
Seat 2: jl45259071 (big blind) collected ($11.76)


PokerStars Hand #144606058530:  Hold'em Limit ($3/$6 USD) - 2015/11/30 8:20:59 ET
Table 'Gyldenia III' 2-max Seat #2 is the button
Seat 1: TheU10 ($316.58 in chips)
Seat 2: jl45259071 ($855.69 in chips)
jl45259071: posts small blind $1
TheU10: posts big blind $3
*** HOLE CARDS ***
jl45259071: calls $2
TheU10: checks
*** FLOP *** [8h 3s Qc]
TheU10: checks
jl45259071: checks
*** TURN *** [8h 3s Qc] [Jd]
TheU10: checks
jl45259071: checks
*** RIVER *** [8h 3s Qc Jd] [8d]
TheU10: checks
jl45259071: checks
*** SHOW DOWN ***
TheU10: shows [7c 5s] (a pair of Eights)
jl45259071: mucks hand
TheU10 collected $5.88 from pot
*** SUMMARY ***
Total pot $6 | Rake $0.12
Board [8h 3s Qc Jd 8d]
Seat 1: TheU10 (big blind) showed [7c 5s] and won ($5.88) with a pair of Eights
Seat 2: jl45259071 (button) (small blind) mucked


PokerStars Hand #144606053005:  Hold'em Limit ($3/$6 USD) - 2015/11/30 8:20:49 ET
Table 'Gyldenia III' 2-max Seat #1 is the button
Seat 1: TheU10 ($322.58 in chips)
Seat 2: jl45259071 ($849.93 in chips)
TheU10: posts small blind $1
jl45259071: posts big blind $3
*** HOLE CARDS ***
TheU10: raises $3 to $6
jl45259071: calls $3
*** FLOP *** [2d Kd 6s]
jl45259071: checks
TheU10: checks
*** TURN *** [2d Kd 6s] [4h]
jl45259071: bets $6
TheU10: folds
Uncalled bet ($6) returned to jl45259071
jl45259071 collected $11.76 from pot
jl45259071: doesn't show hand
*** SUMMARY ***
Total pot $12 | Rake $0.24
Board [2d Kd 6s 4h]
Seat 1: TheU10 (button) (small blind) folded on the Turn
Seat 2: jl45259071 (big blind) collected ($11.76)


PokerStars Hand #144606085758:  Hold'em Limit ($3/$6 USD) - 2015/11/30 8:21:49 ET
Table 'Gyldenia III' 2-max Seat #2 is the button
Seat 1: TheU10 ($310.22 in chips)
Seat 2: jl45259071 ($861.09 in chips)
jl45259071: posts small blind $1
TheU10: posts big blind $3
*** HOLE CARDS ***
jl45259071: folds
Uncalled bet ($2) returned to TheU10
TheU10 collected $2 from pot
TheU10: doesn't show hand
*** SUMMARY ***
Total pot $2 | Rake $0
Seat 1: TheU10 (big blind) collected ($2)
Seat 2: jl45259071 (button) (small blind) folded before Flop


PokerStars Hand #144606111086:  Hold'em Limit ($3/$6 USD) - 2015/11/30 8:22:35 ET
Table 'Gyldenia III' 2-max Seat #2 is the button
Seat 1: TheU10 ($324.62 in chips)
Seat 2: jl45259071 ($846.09 in chips)
jl45259071: posts small blind $1
TheU10: posts big blind $3
*** HOLE CARDS ***
jl45259071: calls $2
TheU10: checks
*** FLOP *** [7d Th Ts]
TheU10: checks
jl45259071: bets $3
TheU10: raises $3 to $6
jl45259071: folds
Uncalled bet ($3) returned to TheU10
TheU10 collected $11.76 from pot
TheU10: doesn't show hand
*** SUMMARY ***
Total pot $12 | Rake $0.24
Board [7d Th Ts]
Seat 1: TheU10 (big blind) collected ($11.76)
Seat 2: jl45259071 (button) (small blind) folded on the Flop


PokerStars Hand #144606108560:  Hold'em Limit ($3/$6 USD) - 2015/11/30 8:22:30 ET
Table 'Gyldenia III' 2-max Seat #1 is the button
Seat 1: TheU10 ($325.62 in chips)
Seat 2: jl45259071 ($845.09 in chips)
TheU10: posts small blind $1
jl45259071: posts big blind $3
*** HOLE CARDS ***
TheU10: folds
Uncalled bet ($2) returned to jl45259071
jl45259071 collected $2 from pot
jl45259071: doesn't show hand
*** SUMMARY ***
Total pot $2 | Rake $0
Seat 1: TheU10 (button) (small blind) folded before Flop
Seat 2: jl45259071 (big blind) collected ($2)


PokerStars Hand #144606099975:  Hold'em Limit ($3/$6 USD) - 2015/11/30 8:22:15 ET
Table 'Gyldenia III' 2-max Seat #2 is the button
Seat 1: TheU10 ($316.98 in chips)
Seat 2: jl45259071 ($854.09 in chips)
jl45259071: posts small blind $1
TheU10: posts big blind $3
*** HOLE CARDS ***
jl45259071: raises $3 to $6
TheU10: calls $3
*** FLOP *** [7s 3s 3d]
TheU10: checks
jl45259071: bets $3
TheU10: calls $3
*** TURN *** [7s 3s 3d] [2h]
TheU10: checks
jl45259071: checks
*** RIVER *** [7s 3s 3d 2h] [5d]
TheU10: bets $6
jl45259071: folds
Uncalled bet ($6) returned to TheU10
TheU10 collected $17.64 from pot
TheU10: doesn't show hand
*** SUMMARY ***
Total pot $18 | Rake $0.36
Board [7s 3s 3d 2h 5d]
Seat 1: TheU10 (big blind) collected ($17.64)
Seat 2: jl45259071 (button) (small blind) folded on the River


PokerStars Hand #144606088748:  Hold'em Limit ($3/$6 USD) - 2015/11/30 8:21:54 ET
Table 'Gyldenia III' 2-max Seat #1 is the button
Seat 1: TheU10 ($311.22 in chips)
Seat 2: jl45259071 ($860.09 in chips)
TheU10: posts small blind $1
jl45259071: posts big blind $3
*** HOLE CARDS ***
TheU10: raises $3 to $6
jl45259071: calls $3
*** FLOP *** [Jd Jh 4s]
jl45259071: checks
TheU10: bets $3
jl45259071: folds
Uncalled bet ($3) returned to TheU10
TheU10 collected $11.76 from pot
TheU10: doesn't show hand
*** SUMMARY ***
Total pot $12 | Rake $0.24
Board [Jd Jh 4s]
Seat 1: TheU10 (button) (small blind) collected ($11.76)
Seat 2: jl45259071 (big blind) folded on the Flop


PokerStars Hand #144606125917:  Hold'em Limit ($3/$6 USD) - 2015/11/30 8:23:02 ET
Table 'Gyldenia III' 2-max Seat #2 is the button
Seat 1: TheU10 ($350.88 in chips)
Seat 2: jl45259071 ($819.09 in chips)
jl45259071: posts small blind $1
TheU10: posts big blind $3
*** HOLE CARDS ***
jl45259071: calls $2
TheU10: raises $3 to $6
jl45259071: calls $3
*** FLOP *** [9c 5c 3h]
TheU10: checks
jl45259071: bets $3
TheU10: calls $3
*** TURN *** [9c 5c 3h] [Jc]
TheU10: checks
jl45259071: bets $6
TheU10: folds
Uncalled bet ($6) returned to jl45259071
jl45259071 collected $17.64 from pot
jl45259071: doesn't show hand
*** SUMMARY ***
Total pot $18 | Rake $0.36
Board [9c 5c 3h Jc]
Seat 1: TheU10 (big blind) folded on the Turn
Seat 2: jl45259071 (button) (small blind) collected ($17.64)


PokerStars Hand #144606138028:  Hold'em Limit ($3/$6 USD) - 2015/11/30 8:23:24 ET
Table 'Gyldenia III' 2-max Seat #1 is the button
Seat 1: TheU10 ($341.88 in chips)
Seat 2: jl45259071 ($827.73 in chips)
TheU10: posts small blind $1
jl45259071: posts big blind $3
*** HOLE CARDS ***
TheU10: calls $2
jl45259071: checks
*** FLOP *** [6c 3c Qd]
jl45259071: checks
TheU10: checks
*** TURN *** [6c 3c Qd] [8h]
jl45259071: bets $6
TheU10: calls $6
*** RIVER *** [6c 3c Qd 8h] [Ts]
jl45259071: checks
TheU10: bets $6
jl45259071: calls $6
*** SHOW DOWN ***
TheU10: shows [5s 4d] (high card Queen)
jl45259071: shows [7s 6h] (a pair of Sixes)
jl45259071 collected $29.50 from pot
*** SUMMARY ***
Total pot $30 | Rake $0.50
Board [6c 3c Qd 8h Ts]
Seat 1: TheU10 (button) (small blind) showed [5s 4d] and lost with high card Queen
Seat 2: jl45259071 (big blind) showed [7s 6h] and won ($29.50) with a pair of Sixes


PokerStars Hand #144606117018:  Hold'em Limit ($3/$6 USD) - 2015/11/30 8:22:46 ET
Table 'Gyldenia III' 2-max Seat #1 is the button
Seat 1: TheU10 ($330.38 in chips)
Seat 2: jl45259071 ($840.09 in chips)
TheU10: posts small blind $1
jl45259071: posts big blind $3
*** HOLE CARDS ***
TheU10: raises $3 to $6
jl45259071: calls $3
*** FLOP *** [Qs Ah 5d]
jl45259071: checks
TheU10: bets $3
jl45259071: calls $3
*** TURN *** [Qs Ah 5d] [Ac]
jl45259071: checks
TheU10: bets $6
jl45259071: calls $6
*** RIVER *** [Qs Ah 5d Ac] [Ks]
jl45259071: checks
TheU10: bets $6
jl45259071: calls $6
*** SHOW DOWN ***
TheU10: shows [2s Kh] (two pair, Aces and Kings)
jl45259071: mucks hand
TheU10 collected $41.50 from pot
*** SUMMARY ***
Total pot $42 | Rake $0.50
Board [Qs Ah 5d Ac Ks]
Seat 1: TheU10 (button) (small blind) showed [2s Kh] and won ($41.50) with two pair, Aces and Kings
Seat 2: jl45259071 (big blind) mucked


PokerStars Hand #144606158608:  Hold'em Limit ($3/$6 USD) - 2015/11/30 8:24:01 ET
Table 'Gyldenia III' 2-max Seat #1 is the button
Seat 1: TheU10 ($320.88 in chips)
Seat 2: jl45259071 ($847.99 in chips)
TheU10: posts small blind $1
jl45259071: posts big blind $3
*** HOLE CARDS ***
TheU10: raises $3 to $6
jl45259071: raises $3 to $9
TheU10: calls $3
*** FLOP *** [Kc Qc 7c]
jl45259071: bets $3
TheU10: calls $3
*** TURN *** [Kc Qc 7c] [8h]
jl45259071: bets $6
TheU10: calls $6
*** RIVER *** [Kc Qc 7c 8h] [3c]
jl45259071: checks
TheU10: bets $6
jl45259071: raises $6 to $12
TheU10: calls $6
*** SHOW DOWN ***
jl45259071: shows [Tc Jc] (a flush, King high)
TheU10: mucks hand
jl45259071 collected $59.50 from pot
*** SUMMARY ***
Total pot $60 | Rake $0.50
Board [Kc Qc 7c 8h 3c]
Seat 1: TheU10 (button) (small blind) mucked
Seat 2: jl45259071 (big blind) showed [Tc Jc] and won ($59.50) with a flush, King high


PokerStars Hand #144606146596:  Hold'em Limit ($3/$6 USD) - 2015/11/30 8:23:39 ET
Table 'Gyldenia III' 2-max Seat #2 is the button
Seat 1: TheU10 ($326.88 in chips)
Seat 2: jl45259071 ($842.23 in chips)
jl45259071: posts small blind $1
TheU10: posts big blind $3
*** HOLE CARDS ***
jl45259071: raises $3 to $6
TheU10: calls $3
*** FLOP *** [Qd 6c 2d]
TheU10: checks
jl45259071: bets $3
TheU10: folds
Uncalled bet ($3) returned to jl45259071
jl45259071 collected $11.76 from pot
jl45259071: doesn't show hand
*** SUMMARY ***
Total pot $12 | Rake $0.24
Board [Qd 6c 2d]
Seat 1: TheU10 (big blind) folded on the Flop
Seat 2: jl45259071 (button) (small blind) collected ($11.76)


