PokerStars Hand #159996518876:  Hold'em Limit ($3/$6 USD) - 2016/10/16 2:19:17 ET
Table 'Gyldenia' 6-max Seat #3 is the button
Seat 1: LifeisagameX ($87 in chips)
Seat 3: Plot0077 ($60.26 in chips)
Plot0077: posts small blind $1
LifeisagameX: posts big blind $3
*** HOLE CARDS ***
Plot0077: raises $3 to $6
LifeisagameX: folds
Uncalled bet ($3) returned to Plot0077
Plot0077 collected $6 from pot
Plot0077: doesn't show hand
*** SUMMARY ***
Total pot $6 | Rake $0
Seat 1: LifeisagameX (big blind) folded before Flop
Seat 3: Plot0077 (button) (small blind) collected ($6)


PokerStars Hand #159996511130:  Hold'em Limit ($3/$6 USD) - 2016/10/16 2:18:47 ET
Table 'Gyldenia' 6-max Seat #3 is the button
Seat 1: LifeisagameX ($89.76 in chips)
Seat 3: Plot0077 ($57.50 in chips)
Plot0077: posts small blind $1
LifeisagameX: posts big blind $3
*** HOLE CARDS ***
Plot0077: raises $3 to $6
LifeisagameX: calls $3
*** FLOP *** [7c Kd 8c]
LifeisagameX: checks
Plot0077: bets $3
LifeisagameX: folds
Uncalled bet ($3) returned to Plot0077
Plot0077 collected $11.76 from pot
Plot0077: doesn't show hand
*** SUMMARY ***
Total pot $12 | Rake $0.24
Board [7c Kd 8c]
Seat 1: LifeisagameX (big blind) folded on the Flop
Seat 3: Plot0077 (button) (small blind) collected ($11.76)


PokerStars Hand #159996516469:  Hold'em Limit ($3/$6 USD) - 2016/10/16 2:19:07 ET
Table 'Gyldenia' 6-max Seat #1 is the button
Seat 1: LifeisagameX ($84 in chips)
Seat 3: Plot0077 ($63.26 in chips)
LifeisagameX: posts small blind $1
Plot0077: posts big blind $3
*** HOLE CARDS ***
LifeisagameX: raises $3 to $6
Plot0077: folds
Uncalled bet ($3) returned to LifeisagameX
LifeisagameX collected $6 from pot
LifeisagameX: doesn't show hand
*** SUMMARY ***
Total pot $6 | Rake $0
Seat 1: LifeisagameX (button) (small blind) collected ($6)
Seat 3: Plot0077 (big blind) folded before Flop


PokerStars Hand #159996544628:  Hold'em Limit ($3/$6 USD) - 2016/10/16 2:20:58 ET
Table 'Gyldenia' 6-max Seat #1 is the button
Seat 1: LifeisagameX ($84 in chips)
Seat 3: Plot0077 ($62.76 in chips)
LifeisagameX: posts small blind $1
Plot0077: posts big blind $3
*** HOLE CARDS ***
LifeisagameX: raises $3 to $6
Plot0077: calls $3
*** FLOP *** [5s Qs 3c]
Plot0077: checks
LifeisagameX: bets $3
Plot0077: folds
Uncalled bet ($3) returned to LifeisagameX
LifeisagameX collected $11.76 from pot
LifeisagameX: doesn't show hand
*** SUMMARY ***
Total pot $12 | Rake $0.24
Board [5s Qs 3c]
Seat 1: LifeisagameX (button) (small blind) collected ($11.76)
Seat 3: Plot0077 (big blind) folded on the Flop


PokerStars Hand #159996534229:  Hold'em Limit ($3/$6 USD) - 2016/10/16 2:20:17 ET
Table 'Gyldenia' 6-max Seat #3 is the button
Seat 1: LifeisagameX ($101.50 in chips)
Seat 3: Plot0077 ($45.26 in chips)
Plot0077: posts small blind $1
LifeisagameX: posts big blind $3
*** HOLE CARDS ***
Plot0077: raises $3 to $6
LifeisagameX: raises $3 to $9
Plot0077: calls $3
*** FLOP *** [8c 9d 4s]
LifeisagameX: bets $3
Plot0077: raises $3 to $6
LifeisagameX: raises $3 to $9
Plot0077: calls $3
*** TURN *** [8c 9d 4s] [7c]
LifeisagameX: checks
Plot0077: bets $6
LifeisagameX: folds
Uncalled bet ($6) returned to Plot0077
Plot0077 collected $35.50 from pot
Plot0077: doesn't show hand
*** SUMMARY ***
Total pot $36 | Rake $0.50
Board [8c 9d 4s 7c]
Seat 1: LifeisagameX (big blind) folded on the Turn
Seat 3: Plot0077 (button) (small blind) collected ($35.50)


PokerStars Hand #159996559086:  Hold'em Limit ($3/$6 USD) - 2016/10/16 2:21:54 ET
Table 'Gyldenia' 6-max Seat #1 is the button
Seat 1: LifeisagameX ($101.28 in chips)
Seat 3: Plot0077 ($44.76 in chips)
LifeisagameX: posts small blind $1
Plot0077: posts big blind $3
*** HOLE CARDS ***
LifeisagameX: raises $3 to $6
Plot0077: calls $3
*** FLOP *** [Ah 9c Jc]
Plot0077: checks
LifeisagameX: bets $3
Plot0077: calls $3
*** TURN *** [Ah 9c Jc] [4c]
Plot0077: checks
LifeisagameX: bets $6
Plot0077: folds
Uncalled bet ($6) returned to LifeisagameX
LifeisagameX collected $17.64 from pot
*** SUMMARY ***
Total pot $18 | Rake $0.36
Board [Ah 9c Jc 4c]
Seat 1: LifeisagameX (button) (small blind) collected ($17.64)
Seat 3: Plot0077 (big blind) folded on the Turn


PokerStars Hand #159996548586:  Hold'em Limit ($3/$6 USD) - 2016/10/16 2:21:14 ET
Table 'Gyldenia' 6-max Seat #3 is the button
Seat 1: LifeisagameX ($89.76 in chips)
Seat 3: Plot0077 ($56.76 in chips)
Plot0077: posts small blind $1
LifeisagameX: posts big blind $3
*** HOLE CARDS ***
Plot0077: raises $3 to $6
LifeisagameX: calls $3
*** FLOP *** [5c 5s 3c]
LifeisagameX: checks
Plot0077: bets $3
LifeisagameX: raises $3 to $6
Plot0077: calls $3
*** TURN *** [5c 5s 3c] [2d]
LifeisagameX: bets $6
Plot0077: folds
Uncalled bet ($6) returned to LifeisagameX
LifeisagameX collected $23.52 from pot
*** SUMMARY ***
Total pot $24 | Rake $0.48
Board [5c 5s 3c 2d]
Seat 1: LifeisagameX (big blind) collected ($23.52)
Seat 3: Plot0077 (button) (small blind) folded on the Turn


PokerStars Hand #159996568152:  Hold'em Limit ($3/$6 USD) - 2016/10/16 2:22:30 ET
Table 'Gyldenia' 6-max Seat #3 is the button
Seat 1: LifeisagameX ($109.92 in chips)
Seat 3: Plot0077 ($35.76 in chips)
Plot0077: posts small blind $1
LifeisagameX: posts big blind $3
*** HOLE CARDS ***
Plot0077: raises $3 to $6
LifeisagameX: calls $3
*** FLOP *** [8h 6d Ks]
VolkovDmitri joins the table at seat #4
LifeisagameX: checks
Plot0077: bets $3
LifeisagameX: calls $3
*** TURN *** [8h 6d Ks] [5c]
LifeisagameX: checks
Plot0077: checks
*** RIVER *** [8h 6d Ks 5c] [Qh]
LifeisagameX: checks
Plot0077: bets $6
LifeisagameX: raises $6 to $12
Plot0077: folds
Uncalled bet ($6) returned to LifeisagameX
LifeisagameX collected $29.50 from pot
LifeisagameX: doesn't show hand
*** SUMMARY ***
Total pot $30 | Rake $0.50
Board [8h 6d Ks 5c Qh]
Seat 1: LifeisagameX (big blind) collected ($29.50)
Seat 3: Plot0077 (button) (small blind) folded on the River


PokerStars Hand #159996582117:  Hold'em Limit ($3/$6 USD) - 2016/10/16 2:23:23 ET
Table 'Gyldenia' 6-max Seat #1 is the button
Seat 1: LifeisagameX ($124.42 in chips)
Seat 3: Plot0077 ($20.76 in chips)
LifeisagameX: posts small blind $1
Plot0077: posts big blind $3
*** HOLE CARDS ***
LifeisagameX: raises $3 to $6
Plot0077: calls $3
*** FLOP *** [4c 3c Tc]
Plot0077: checks
LifeisagameX: bets $3
Plot0077: folds
Uncalled bet ($3) returned to LifeisagameX
LifeisagameX collected $11.76 from pot
LifeisagameX: doesn't show hand
*** SUMMARY ***
Total pot $12 | Rake $0.24
Board [4c 3c Tc]
Seat 1: LifeisagameX (button) (small blind) collected ($11.76)
Seat 3: Plot0077 (big blind) folded on the Flop


PokerStars Hand #159996624460:  Hold'em Limit ($3/$6 USD) - 2016/10/16 2:26:05 ET
Table 'Gyldenia' 6-max Seat #3 is the button
Seat 3: Plot0077 ($10.76 in chips)
Seat 4: VolkovDmitri ($161.63 in chips)
Plot0077: posts small blind $1
VolkovDmitri: posts big blind $3
*** HOLE CARDS ***
Plot0077: raises $3 to $6
VolkovDmitri: raises $3 to $9
Plot0077: raises $1.76 to $10.76 and is all-in
Betting is capped
VolkovDmitri: calls $1.76
*** FLOP *** [Qs Kd 3h]
*** TURN *** [Qs Kd 3h] [7h]
*** RIVER *** [Qs Kd 3h 7h] [5c]
*** SHOW DOWN ***
VolkovDmitri: shows [6d 4s] (a straight, Three to Seven)
Plot0077: shows [9h 2d] (high card King)
VolkovDmitri collected $21.09 from pot
*** SUMMARY ***
Total pot $21.52 | Rake $0.43
Board [Qs Kd 3h 7h 5c]
Seat 3: Plot0077 (button) (small blind) showed [9h 2d] and lost with high card King
Seat 4: VolkovDmitri (big blind) showed [6d 4s] and won ($21.09) with a straight, Three to Seven


PokerStars Hand #159996639722:  Hold'em Limit ($3/$6 USD) - 2016/10/16 2:27:03 ET
Table 'Gyldenia' 6-max Seat #4 is the button
Seat 3: Plot0077 ($48 in chips)
Seat 4: VolkovDmitri ($171.96 in chips)
VolkovDmitri: posts small blind $1
Plot0077: posts big blind $3
*** HOLE CARDS ***
VolkovDmitri: raises $3 to $6
Plot0077: calls $3
*** FLOP *** [Td 8s 3d]
Plot0077: checks
VolkovDmitri: bets $3
Plot0077: calls $3
*** TURN *** [Td 8s 3d] [Ac]
Plot0077: checks
VolkovDmitri: bets $6
Plot0077: folds
Uncalled bet ($6) returned to VolkovDmitri
VolkovDmitri collected $17.64 from pot
VolkovDmitri: doesn't show hand
*** SUMMARY ***
Total pot $18 | Rake $0.36
Board [Td 8s 3d Ac]
Seat 3: Plot0077 (big blind) folded on the Turn
Seat 4: VolkovDmitri (button) (small blind) collected ($17.64)


PokerStars Hand #159996645194:  Hold'em Limit ($3/$6 USD) - 2016/10/16 2:27:24 ET
Table 'Gyldenia' 6-max Seat #3 is the button
Seat 3: Plot0077 ($39 in chips)
Seat 4: VolkovDmitri ($180.60 in chips)
Plot0077: posts small blind $1
VolkovDmitri: posts big blind $3
*** HOLE CARDS ***
Plot0077: raises $3 to $6
VolkovDmitri: calls $3
*** FLOP *** [Kc 5c 9c]
VolkovDmitri: checks
Plot0077: bets $3
VolkovDmitri: folds
Uncalled bet ($3) returned to Plot0077
Plot0077 collected $11.76 from pot
Plot0077: doesn't show hand
*** SUMMARY ***
Total pot $12 | Rake $0.24
Board [Kc 5c 9c]
Seat 3: Plot0077 (button) (small blind) collected ($11.76)
Seat 4: VolkovDmitri (big blind) folded on the Flop


PokerStars Hand #159996656405:  Hold'em Limit ($3/$6 USD) - 2016/10/16 2:28:07 ET
Table 'Gyldenia' 6-max Seat #4 is the button
Seat 3: Plot0077 ($44.76 in chips)
Seat 4: VolkovDmitri ($174.60 in chips)
VolkovDmitri: posts small blind $1
Plot0077: posts big blind $3
*** HOLE CARDS ***
VolkovDmitri: raises $3 to $6
Plot0077: raises $3 to $9
VolkovDmitri: calls $3
*** FLOP *** [2h 4h 7h]
Plot0077: bets $3
VolkovDmitri: calls $3
*** TURN *** [2h 4h 7h] [6h]
Plot0077: checks
VolkovDmitri: checks
*** RIVER *** [2h 4h 7h 6h] [2s]
Plot0077: bets $6
VolkovDmitri: calls $6
*** SHOW DOWN ***
Plot0077: shows [Jh Qs] (a flush, Jack high)
VolkovDmitri: mucks hand
Plot0077 collected $35.50 from pot
*** SUMMARY ***
Total pot $36 | Rake $0.50
Board [2h 4h 7h 6h 2s]
Seat 3: Plot0077 (big blind) showed [Jh Qs] and won ($35.50) with a flush, Jack high
Seat 4: VolkovDmitri (button) (small blind) mucked


PokerStars Hand #159996652247:  Hold'em Limit ($3/$6 USD) - 2016/10/16 2:27:51 ET
Table 'Gyldenia' 6-max Seat #4 is the button
Seat 3: Plot0077 ($44.76 in chips)
Seat 4: VolkovDmitri ($174.60 in chips)
VolkovDmitri: posts small blind $1
Plot0077: posts big blind $3
*** HOLE CARDS ***
VolkovDmitri: raises $3 to $6
Plot0077: folds
Uncalled bet ($3) returned to VolkovDmitri
VolkovDmitri collected $6 from pot
VolkovDmitri: doesn't show hand
*** SUMMARY ***
Total pot $6 | Rake $0
Seat 3: Plot0077 (big blind) folded before Flop
Seat 4: VolkovDmitri (button) (small blind) collected ($6)


PokerStars Hand #159996654443:  Hold'em Limit ($3/$6 USD) - 2016/10/16 2:28:00 ET
Table 'Gyldenia' 6-max Seat #3 is the button
Seat 3: Plot0077 ($41.76 in chips)
Seat 4: VolkovDmitri ($177.60 in chips)
Plot0077: posts small blind $1
VolkovDmitri: posts big blind $3
*** HOLE CARDS ***
Plot0077: raises $3 to $6
VolkovDmitri: folds
Uncalled bet ($3) returned to Plot0077
Plot0077 collected $6 from pot
Plot0077: doesn't show hand
*** SUMMARY ***
Total pot $6 | Rake $0
Seat 3: Plot0077 (button) (small blind) collected ($6)
Seat 4: VolkovDmitri (big blind) folded before Flop


PokerStars Hand #159996670440:  Hold'em Limit ($3/$6 USD) - 2016/10/16 2:29:02 ET
Table 'Gyldenia' 6-max Seat #3 is the button
Seat 3: Plot0077 ($69.90 in chips)
Seat 4: VolkovDmitri ($148.60 in chips)
Plot0077: posts small blind $1
VolkovDmitri: posts big blind $3
*** HOLE CARDS ***
Plot0077: raises $3 to $6
VolkovDmitri: calls $3
*** FLOP *** [3c 3h Kd]
VolkovDmitri: checks
Plot0077: bets $3
VolkovDmitri: raises $3 to $6
Plot0077: folds
Uncalled bet ($3) returned to VolkovDmitri
VolkovDmitri collected $17.64 from pot
VolkovDmitri: doesn't show hand
*** SUMMARY ***
Total pot $18 | Rake $0.36
Board [3c 3h Kd]
Seat 3: Plot0077 (button) (small blind) folded on the Flop
Seat 4: VolkovDmitri (big blind) collected ($17.64)


PokerStars Hand #159996666398:  Hold'em Limit ($3/$6 USD) - 2016/10/16 2:28:46 ET
Table 'Gyldenia' 6-max Seat #4 is the button
Seat 3: Plot0077 ($61.26 in chips)
Seat 4: VolkovDmitri ($157.60 in chips)
VolkovDmitri: posts small blind $1
Plot0077: posts big blind $3
*** HOLE CARDS ***
VolkovDmitri: raises $3 to $6
Plot0077: raises $3 to $9
VolkovDmitri: calls $3
*** FLOP *** [Kd 4h Jd]
Plot0077: bets $3
VolkovDmitri: folds
Uncalled bet ($3) returned to Plot0077
Plot0077 collected $17.64 from pot
Plot0077: doesn't show hand
*** SUMMARY ***
Total pot $18 | Rake $0.36
Board [Kd 4h Jd]
Seat 3: Plot0077 (big blind) collected ($17.64)
Seat 4: VolkovDmitri (button) (small blind) folded on the Flop


PokerStars Hand #159996664735:  Hold'em Limit ($3/$6 USD) - 2016/10/16 2:28:39 ET
Table 'Gyldenia' 6-max Seat #3 is the button
Seat 3: Plot0077 ($62.26 in chips)
Seat 4: VolkovDmitri ($156.60 in chips)
Plot0077: posts small blind $1
VolkovDmitri: posts big blind $3
*** HOLE CARDS ***
Plot0077: folds
Uncalled bet ($2) returned to VolkovDmitri
VolkovDmitri collected $2 from pot
VolkovDmitri: doesn't show hand
*** SUMMARY ***
Total pot $2 | Rake $0
Seat 3: Plot0077 (button) (small blind) folded before Flop
Seat 4: VolkovDmitri (big blind) collected ($2)


PokerStars Hand #159996674623:  Hold'em Limit ($3/$6 USD) - 2016/10/16 2:29:18 ET
Table 'Gyldenia' 6-max Seat #4 is the button
Seat 3: Plot0077 ($60.90 in chips)
Seat 4: VolkovDmitri ($157.24 in chips)
VolkovDmitri: posts small blind $1
Plot0077: posts big blind $3
*** HOLE CARDS ***
VolkovDmitri: raises $3 to $6
Plot0077: calls $3
*** FLOP *** [6s 6h 9s]
Plot0077: checks
VolkovDmitri: bets $3
Plot0077: raises $3 to $6
VolkovDmitri: calls $3
*** TURN *** [6s 6h 9s] [Td]
Plot0077: bets $6
VolkovDmitri: folds
Uncalled bet ($6) returned to Plot0077
Plot0077 collected $23.52 from pot
Plot0077: doesn't show hand
*** SUMMARY ***
Total pot $24 | Rake $0.48
Board [6s 6h 9s Td]
Seat 3: Plot0077 (big blind) collected ($23.52)
Seat 4: VolkovDmitri (button) (small blind) folded on the Turn


PokerStars Hand #159996679552:  Hold'em Limit ($3/$6 USD) - 2016/10/16 2:29:37 ET
Table 'Gyldenia' 6-max Seat #3 is the button
Seat 3: Plot0077 ($72.42 in chips)
Seat 4: VolkovDmitri ($145.24 in chips)
Plot0077: posts small blind $1
VolkovDmitri: posts big blind $3
*** HOLE CARDS ***
Plot0077: raises $3 to $6
VolkovDmitri: calls $3
*** FLOP *** [7s 8c 5c]
VolkovDmitri: checks
Plot0077: bets $3
VolkovDmitri: raises $3 to $6
Plot0077: calls $3
*** TURN *** [7s 8c 5c] [Ah]
VolkovDmitri: bets $6
Plot0077: raises $6 to $12
VolkovDmitri: calls $6
*** RIVER *** [7s 8c 5c Ah] [3c]
VolkovDmitri: checks
Plot0077: bets $6
VolkovDmitri: calls $6
*** SHOW DOWN ***
Plot0077: shows [9s Ac] (a pair of Aces)
VolkovDmitri: mucks hand
Plot0077 collected $59.50 from pot
*** SUMMARY ***
Total pot $60 | Rake $0.50
Board [7s 8c 5c Ah 3c]
Seat 3: Plot0077 (button) (small blind) showed [9s Ac] and won ($59.50) with a pair of Aces
Seat 4: VolkovDmitri (big blind) mucked


PokerStars Hand #159996686208:  Hold'em Limit ($3/$6 USD) - 2016/10/16 2:30:03 ET
Table 'Gyldenia' 6-max Seat #4 is the button
Seat 3: Plot0077 ($101.92 in chips)
Seat 4: VolkovDmitri ($120 in chips)
VolkovDmitri: posts small blind $1
Plot0077: posts big blind $3
*** HOLE CARDS ***
VolkovDmitri: raises $3 to $6
Plot0077: raises $3 to $9
VolkovDmitri: calls $3
*** FLOP *** [Kh Tc 4h]
Plot0077: bets $3
VolkovDmitri: calls $3
*** TURN *** [Kh Tc 4h] [Th]
Plot0077: bets $6
VolkovDmitri: calls $6
*** RIVER *** [Kh Tc 4h Th] [3s]
Plot0077: checks
VolkovDmitri: checks
*** SHOW DOWN ***
Plot0077: shows [Ad Qs] (a pair of Tens)
VolkovDmitri: mucks hand
Plot0077 collected $35.50 from pot
*** SUMMARY ***
Total pot $36 | Rake $0.50
Board [Kh Tc 4h Th 3s]
Seat 3: Plot0077 (big blind) showed [Ad Qs] and won ($35.50) with a pair of Tens
Seat 4: VolkovDmitri (button) (small blind) mucked


PokerStars Hand #159996692737:  Hold'em Limit ($3/$6 USD) - 2016/10/16 2:30:28 ET
Table 'Gyldenia' 6-max Seat #3 is the button
Seat 3: Plot0077 ($119.42 in chips)
Seat 4: VolkovDmitri ($120 in chips)
Plot0077: posts small blind $1
VolkovDmitri: posts big blind $3
*** HOLE CARDS ***
Plot0077: folds
Uncalled bet ($2) returned to VolkovDmitri
VolkovDmitri collected $2 from pot
VolkovDmitri: doesn't show hand
*** SUMMARY ***
Total pot $2 | Rake $0
Seat 3: Plot0077 (button) (small blind) folded before Flop
Seat 4: VolkovDmitri (big blind) collected ($2)


PokerStars Hand #159996701116:  Hold'em Limit ($3/$6 USD) - 2016/10/16 2:31:00 ET
Table 'Gyldenia' 6-max Seat #4 is the button
Seat 3: Plot0077 ($118.18 in chips)
Seat 4: VolkovDmitri ($120.76 in chips)
VolkovDmitri: posts small blind $1
Plot0077: posts big blind $3
*** HOLE CARDS ***
VolkovDmitri: raises $3 to $6
Plot0077: calls $3
*** FLOP *** [Ad 3c As]
Plot0077: checks
VolkovDmitri: bets $3
Plot0077: folds
Uncalled bet ($3) returned to VolkovDmitri
VolkovDmitri collected $11.76 from pot
VolkovDmitri: doesn't show hand
*** SUMMARY ***
Total pot $12 | Rake $0.24
Board [Ad 3c As]
Seat 3: Plot0077 (big blind) folded on the Flop
Seat 4: VolkovDmitri (button) (small blind) collected ($11.76)


PokerStars Hand #159996694529:  Hold'em Limit ($3/$6 USD) - 2016/10/16 2:30:35 ET
Table 'Gyldenia' 6-max Seat #4 is the button
Seat 3: Plot0077 ($118.42 in chips)
Seat 4: VolkovDmitri ($121 in chips)
VolkovDmitri: posts small blind $1
Plot0077: posts big blind $3
*** HOLE CARDS ***
VolkovDmitri: raises $3 to $6
Plot0077: calls $3
*** FLOP *** [Qh Ah Ts]
Plot0077: checks
VolkovDmitri: bets $3
Plot0077: folds
Uncalled bet ($3) returned to VolkovDmitri
VolkovDmitri collected $11.76 from pot
VolkovDmitri: doesn't show hand
*** SUMMARY ***
Total pot $12 | Rake $0.24
Board [Qh Ah Ts]
Seat 3: Plot0077 (big blind) folded on the Flop
Seat 4: VolkovDmitri (button) (small blind) collected ($11.76)


PokerStars Hand #159996698379:  Hold'em Limit ($3/$6 USD) - 2016/10/16 2:30:49 ET
Table 'Gyldenia' 6-max Seat #3 is the button
Seat 3: Plot0077 ($112.42 in chips)
Seat 4: VolkovDmitri ($126.76 in chips)
Plot0077: posts small blind $1
VolkovDmitri: posts big blind $3
*** HOLE CARDS ***
Plot0077: raises $3 to $6
VolkovDmitri: calls $3
*** FLOP *** [8h Ks Kc]
VolkovDmitri: checks
Plot0077: bets $3
VolkovDmitri: folds
Uncalled bet ($3) returned to Plot0077
Plot0077 collected $11.76 from pot
Plot0077: doesn't show hand
*** SUMMARY ***
Total pot $12 | Rake $0.24
Board [8h Ks Kc]
Seat 3: Plot0077 (button) (small blind) collected ($11.76)
Seat 4: VolkovDmitri (big blind) folded on the Flop


PokerStars Hand #159996708074:  Hold'em Limit ($3/$6 USD) - 2016/10/16 2:31:26 ET
Table 'Gyldenia' 6-max Seat #4 is the button
Seat 3: Plot0077 ($123.70 in chips)
Seat 4: VolkovDmitri ($120 in chips)
VolkovDmitri: posts small blind $1
Plot0077: posts big blind $3
*** HOLE CARDS ***
VolkovDmitri: raises $3 to $6
Plot0077: raises $3 to $9
VolkovDmitri: calls $3
*** FLOP *** [6d Td 8h]
Plot0077: bets $3
VolkovDmitri: folds
Uncalled bet ($3) returned to Plot0077
Plot0077 collected $17.64 from pot
Plot0077: doesn't show hand
*** SUMMARY ***
Total pot $18 | Rake $0.36
Board [6d Td 8h]
Seat 3: Plot0077 (big blind) collected ($17.64)
Seat 4: VolkovDmitri (button) (small blind) folded on the Flop


PokerStars Hand #159996703853:  Hold'em Limit ($3/$6 USD) - 2016/10/16 2:31:10 ET
Table 'Gyldenia' 6-max Seat #3 is the button
Seat 3: Plot0077 ($112.18 in chips)
Seat 4: VolkovDmitri ($126.52 in chips)
Plot0077: posts small blind $1
VolkovDmitri: posts big blind $3
*** HOLE CARDS ***
Plot0077: raises $3 to $6
VolkovDmitri: calls $3
*** FLOP *** [4c Jc Jh]
VolkovDmitri: checks
Plot0077: checks
*** TURN *** [4c Jc Jh] [7h]
VolkovDmitri: bets $6
Plot0077: raises $6 to $12
VolkovDmitri: folds
Uncalled bet ($6) returned to Plot0077
Plot0077 collected $23.52 from pot
Plot0077: doesn't show hand
*** SUMMARY ***
Total pot $24 | Rake $0.48
Board [4c Jc Jh 7h]
Seat 3: Plot0077 (button) (small blind) collected ($23.52)
Seat 4: VolkovDmitri (big blind) folded on the Turn


PokerStars Hand #159996712652:  Hold'em Limit ($3/$6 USD) - 2016/10/16 2:31:44 ET
Table 'Gyldenia' 6-max Seat #4 is the button
Seat 3: Plot0077 ($131.34 in chips)
Seat 4: VolkovDmitri ($121 in chips)
VolkovDmitri: posts small blind $1
Plot0077: posts big blind $3
*** HOLE CARDS ***
VolkovDmitri: raises $3 to $6
Plot0077: calls $3
*** FLOP *** [3d 8h Js]
Plot0077: checks
VolkovDmitri: bets $3
Plot0077: raises $3 to $6
VolkovDmitri: calls $3
*** TURN *** [3d 8h Js] [Td]
Plot0077: bets $6
VolkovDmitri: raises $6 to $12
Plot0077: calls $6
*** RIVER *** [3d 8h Js Td] [As]
Plot0077: checks
VolkovDmitri: bets $6
Plot0077: folds
Uncalled bet ($6) returned to VolkovDmitri
VolkovDmitri collected $47.50 from pot
VolkovDmitri: doesn't show hand
*** SUMMARY ***
Total pot $48 | Rake $0.50
Board [3d 8h Js Td As]
Seat 3: Plot0077 (big blind) folded on the River
Seat 4: VolkovDmitri (button) (small blind) collected ($47.50)


PokerStars Hand #159996711250:  Hold'em Limit ($3/$6 USD) - 2016/10/16 2:31:38 ET
Table 'Gyldenia' 6-max Seat #3 is the button
Seat 3: Plot0077 ($132.34 in chips)
Seat 4: VolkovDmitri ($120 in chips)
Plot0077: posts small blind $1
VolkovDmitri: posts big blind $3
*** HOLE CARDS ***
Plot0077: folds
Uncalled bet ($2) returned to VolkovDmitri
VolkovDmitri collected $2 from pot
VolkovDmitri: doesn't show hand
*** SUMMARY ***
Total pot $2 | Rake $0
Seat 3: Plot0077 (button) (small blind) folded before Flop
Seat 4: VolkovDmitri (big blind) collected ($2)


PokerStars Hand #159996728384:  Hold'em Limit ($3/$6 USD) - 2016/10/16 2:32:44 ET
Table 'Gyldenia' 6-max Seat #4 is the button
Seat 3: Plot0077 ($80.34 in chips)
Seat 4: VolkovDmitri ($171 in chips)
VolkovDmitri: posts small blind $1
Plot0077: posts big blind $3
*** HOLE CARDS ***
VolkovDmitri: raises $3 to $6
Plot0077: raises $3 to $9
VolkovDmitri: calls $3
*** FLOP *** [7s Td 9c]
Plot0077: bets $3
VolkovDmitri: calls $3
*** TURN *** [7s Td 9c] [6s]
Plot0077: bets $6
VolkovDmitri: raises $6 to $12
Plot0077: folds
Uncalled bet ($6) returned to VolkovDmitri
VolkovDmitri collected $35.50 from pot
VolkovDmitri: doesn't show hand
*** SUMMARY ***
Total pot $36 | Rake $0.50
Board [7s Td 9c 6s]
Seat 3: Plot0077 (big blind) folded on the Turn
Seat 4: VolkovDmitri (button) (small blind) collected ($35.50)


PokerStars Hand #159996722579:  Hold'em Limit ($3/$6 USD) - 2016/10/16 2:32:22 ET
Table 'Gyldenia' 6-max Seat #3 is the button
Seat 3: Plot0077 ($107.34 in chips)
Seat 4: VolkovDmitri ($144.50 in chips)
Plot0077: posts small blind $1
VolkovDmitri: posts big blind $3
*** HOLE CARDS ***
Plot0077: raises $3 to $6
VolkovDmitri: calls $3
*** FLOP *** [3s 7c As]
VolkovDmitri: checks
Plot0077: bets $3
VolkovDmitri: raises $3 to $6
Plot0077: raises $3 to $9
VolkovDmitri: calls $3
*** TURN *** [3s 7c As] [6h]
VolkovDmitri: checks
Plot0077: bets $6
VolkovDmitri: calls $6
*** RIVER *** [3s 7c As 6h] [7h]
VolkovDmitri: checks
Plot0077: bets $6
VolkovDmitri: calls $6
*** SHOW DOWN ***
Plot0077: shows [9c 8c] (a pair of Sevens)
VolkovDmitri: shows [Ah 4c] (two pair, Aces and Sevens)
VolkovDmitri collected $53.50 from pot
*** SUMMARY ***
Total pot $54 | Rake $0.50
Board [3s 7c As 6h 7h]
Seat 3: Plot0077 (button) (small blind) showed [9c 8c] and lost with a pair of Sevens
Seat 4: VolkovDmitri (big blind) showed [Ah 4c] and won ($53.50) with two pair, Aces and Sevens


PokerStars Hand #159996735678:  Hold'em Limit ($3/$6 USD) - 2016/10/16 2:33:12 ET
Table 'Gyldenia' 6-max Seat #3 is the button
Seat 3: Plot0077 ($62.34 in chips)
Seat 4: VolkovDmitri ($188.50 in chips)
Plot0077: posts small blind $1
VolkovDmitri: posts big blind $3
*** HOLE CARDS ***
Plot0077: raises $3 to $6
VolkovDmitri: calls $3
*** FLOP *** [5h 6s 9d]
VolkovDmitri: checks
Plot0077: bets $3
VolkovDmitri: folds
Uncalled bet ($3) returned to Plot0077
Plot0077 collected $11.76 from pot
Plot0077: doesn't show hand
*** SUMMARY ***
Total pot $12 | Rake $0.24
Board [5h 6s 9d]
Seat 3: Plot0077 (button) (small blind) collected ($11.76)
Seat 4: VolkovDmitri (big blind) folded on the Flop


PokerStars Hand #159996738739:  Hold'em Limit ($3/$6 USD) - 2016/10/16 2:33:24 ET
Table 'Gyldenia' 6-max Seat #4 is the button
Seat 3: Plot0077 ($68.10 in chips)
Seat 4: VolkovDmitri ($182.50 in chips)
VolkovDmitri: posts small blind $1
Plot0077: posts big blind $3
*** HOLE CARDS ***
VolkovDmitri: raises $3 to $6
Plot0077: calls $3
*** FLOP *** [6s 3h 4h]
Plot0077: checks
VolkovDmitri: bets $3
Plot0077: raises $3 to $6
VolkovDmitri: calls $3
*** TURN *** [6s 3h 4h] [9d]
Plot0077: bets $6
VolkovDmitri: calls $6
*** RIVER *** [6s 3h 4h 9d] [8c]
Plot0077: bets $6
VolkovDmitri: folds
Uncalled bet ($6) returned to Plot0077
Plot0077 collected $35.50 from pot
Plot0077: doesn't show hand
*** SUMMARY ***
Total pot $36 | Rake $0.50
Board [6s 3h 4h 9d 8c]
Seat 3: Plot0077 (big blind) collected ($35.50)
Seat 4: VolkovDmitri (button) (small blind) folded on the River


PokerStars Hand #159996757973:  Hold'em Limit ($3/$6 USD) - 2016/10/16 2:34:36 ET
Table 'Gyldenia' 6-max Seat #4 is the button
Seat 3: Plot0077 ($115.10 in chips)
Seat 4: VolkovDmitri ($134.50 in chips)
VolkovDmitri: posts small blind $1
Plot0077: posts big blind $3
*** HOLE CARDS ***
VolkovDmitri: raises $3 to $6
Plot0077: folds
Uncalled bet ($3) returned to VolkovDmitri
VolkovDmitri collected $6 from pot
VolkovDmitri: doesn't show hand
*** SUMMARY ***
Total pot $6 | Rake $0
Seat 3: Plot0077 (big blind) folded before Flop
Seat 4: VolkovDmitri (button) (small blind) collected ($6)


PokerStars Hand #159996773021:  Hold'em Limit ($3/$6 USD) - 2016/10/16 2:35:33 ET
Table 'Gyldenia' 6-max Seat #3 is the button
Seat 3: Plot0077 ($134.60 in chips)
Seat 4: VolkovDmitri ($120 in chips)
Plot0077: posts small blind $1
VolkovDmitri: posts big blind $3
*** HOLE CARDS ***
Plot0077: folds
Uncalled bet ($2) returned to VolkovDmitri
VolkovDmitri collected $2 from pot
VolkovDmitri: doesn't show hand
*** SUMMARY ***
Total pot $2 | Rake $0
Seat 3: Plot0077 (button) (small blind) folded before Flop
Seat 4: VolkovDmitri (big blind) collected ($2)


PokerStars Hand #159996771331:  Hold'em Limit ($3/$6 USD) - 2016/10/16 2:35:27 ET
Table 'Gyldenia' 6-max Seat #4 is the button
Seat 3: Plot0077 ($133.60 in chips)
Seat 4: VolkovDmitri ($120 in chips)
VolkovDmitri: posts small blind $1
Plot0077: posts big blind $3
*** HOLE CARDS ***
VolkovDmitri: folds
Uncalled bet ($2) returned to Plot0077
Plot0077 collected $2 from pot
Plot0077: doesn't show hand
*** SUMMARY ***
Total pot $2 | Rake $0
Seat 3: Plot0077 (big blind) collected ($2)
Seat 4: VolkovDmitri (button) (small blind) folded before Flop


PokerStars Hand #159996769613:  Hold'em Limit ($3/$6 USD) - 2016/10/16 2:35:20 ET
Table 'Gyldenia' 6-max Seat #3 is the button
Seat 3: Plot0077 ($130.60 in chips)
Seat 4: VolkovDmitri ($120 in chips)
Plot0077: posts small blind $1
VolkovDmitri: posts big blind $3
*** HOLE CARDS ***
Plot0077: raises $3 to $6
VolkovDmitri: folds
Uncalled bet ($3) returned to Plot0077
Plot0077 collected $6 from pot
Plot0077: doesn't show hand
*** SUMMARY ***
Total pot $6 | Rake $0
Seat 3: Plot0077 (button) (small blind) collected ($6)
Seat 4: VolkovDmitri (big blind) folded before Flop


PokerStars Hand #159996768302:  Hold'em Limit ($3/$6 USD) - 2016/10/16 2:35:15 ET
Table 'Gyldenia' 6-max Seat #4 is the button
Seat 3: Plot0077 ($129.60 in chips)
Seat 4: VolkovDmitri ($120 in chips)
VolkovDmitri: posts small blind $1
Plot0077: posts big blind $3
*** HOLE CARDS ***
VolkovDmitri: folds
Uncalled bet ($2) returned to Plot0077
Plot0077 collected $2 from pot
Plot0077: doesn't show hand
*** SUMMARY ***
Total pot $2 | Rake $0
Seat 3: Plot0077 (big blind) collected ($2)
Seat 4: VolkovDmitri (button) (small blind) folded before Flop


PokerStars Hand #159996759817:  Hold'em Limit ($3/$6 USD) - 2016/10/16 2:34:43 ET
Table 'Gyldenia' 6-max Seat #3 is the button
Seat 3: Plot0077 ($112.10 in chips)
Seat 4: VolkovDmitri ($137.50 in chips)
Plot0077: posts small blind $1
VolkovDmitri: posts big blind $3
*** HOLE CARDS ***
Plot0077: raises $3 to $6
VolkovDmitri: raises $3 to $9
Plot0077: raises $3 to $12
Betting is capped
VolkovDmitri: calls $3
*** FLOP *** [7h 6d 7c]
VolkovDmitri: bets $3
Plot0077: raises $3 to $6
VolkovDmitri: calls $3
*** TURN *** [7h 6d 7c] [Th]
VolkovDmitri: checks
Plot0077: bets $6
VolkovDmitri: folds
Uncalled bet ($6) returned to Plot0077
Plot0077 collected $35.50 from pot
Plot0077: doesn't show hand
*** SUMMARY ***
Total pot $36 | Rake $0.50
Board [7h 6d 7c Th]
Seat 3: Plot0077 (button) (small blind) collected ($35.50)
Seat 4: VolkovDmitri (big blind) folded on the Turn


PokerStars Hand #159996786949:  Hold'em Limit ($3/$6 USD) - 2016/10/16 2:36:26 ET
Table 'Gyldenia' 6-max Seat #4 is the button
Seat 3: Plot0077 ($133.36 in chips)
Seat 4: VolkovDmitri ($120.76 in chips)
VolkovDmitri: posts small blind $1
Plot0077: posts big blind $3
*** HOLE CARDS ***
VolkovDmitri: raises $3 to $6
Plot0077: folds
Uncalled bet ($3) returned to VolkovDmitri
VolkovDmitri collected $6 from pot
VolkovDmitri: doesn't show hand
*** SUMMARY ***
Total pot $6 | Rake $0
Seat 3: Plot0077 (big blind) folded before Flop
Seat 4: VolkovDmitri (button) (small blind) collected ($6)


PokerStars Hand #159996778622:  Hold'em Limit ($3/$6 USD) - 2016/10/16 2:35:54 ET
Table 'Gyldenia' 6-max Seat #3 is the button
Seat 3: Plot0077 ($127.60 in chips)
Seat 4: VolkovDmitri ($126.76 in chips)
Plot0077: posts small blind $1
VolkovDmitri: posts big blind $3
*** HOLE CARDS ***
Plot0077: raises $3 to $6
VolkovDmitri: calls $3
*** FLOP *** [Kh Td 9c]
VolkovDmitri: checks
Plot0077: bets $3
VolkovDmitri: folds
Uncalled bet ($3) returned to Plot0077
Plot0077 collected $11.76 from pot
Plot0077: doesn't show hand
*** SUMMARY ***
Total pot $12 | Rake $0.24
Board [Kh Td 9c]
Seat 3: Plot0077 (button) (small blind) collected ($11.76)
Seat 4: VolkovDmitri (big blind) folded on the Flop


PokerStars Hand #159996774534:  Hold'em Limit ($3/$6 USD) - 2016/10/16 2:35:39 ET
Table 'Gyldenia' 6-max Seat #4 is the button
Seat 3: Plot0077 ($133.60 in chips)
Seat 4: VolkovDmitri ($121 in chips)
VolkovDmitri: posts small blind $1
Plot0077: posts big blind $3
*** HOLE CARDS ***
VolkovDmitri: raises $3 to $6
Plot0077: calls $3
*** FLOP *** [Qs 6h 6d]
Plot0077: checks
VolkovDmitri: bets $3
Plot0077: folds
Uncalled bet ($3) returned to VolkovDmitri
VolkovDmitri collected $11.76 from pot
VolkovDmitri: doesn't show hand
*** SUMMARY ***
Total pot $12 | Rake $0.24
Board [Qs 6h 6d]
Seat 3: Plot0077 (big blind) folded on the Flop
Seat 4: VolkovDmitri (button) (small blind) collected ($11.76)


PokerStars Hand #159996792492:  Hold'em Limit ($3/$6 USD) - 2016/10/16 2:36:47 ET
Table 'Gyldenia' 6-max Seat #4 is the button
Seat 3: Plot0077 ($133.36 in chips)
Seat 4: VolkovDmitri ($120.76 in chips)
VolkovDmitri: posts small blind $1
Plot0077: posts big blind $3
*** HOLE CARDS ***
VolkovDmitri: raises $3 to $6
Plot0077: calls $3
*** FLOP *** [3s As 3c]
Plot0077: checks
VolkovDmitri: bets $3
Plot0077: raises $3 to $6
VolkovDmitri: calls $3
*** TURN *** [3s As 3c] [7c]
Plot0077: checks
VolkovDmitri: bets $6
Plot0077: raises $6 to $12
VolkovDmitri: folds
Uncalled bet ($6) returned to Plot0077
Plot0077 collected $35.50 from pot
Plot0077: doesn't show hand
*** SUMMARY ***
Total pot $36 | Rake $0.50
Board [3s As 3c 7c]
Seat 3: Plot0077 (big blind) collected ($35.50)
Seat 4: VolkovDmitri (button) (small blind) folded on the Turn


PokerStars Hand #159996788994:  Hold'em Limit ($3/$6 USD) - 2016/10/16 2:36:33 ET
Table 'Gyldenia' 6-max Seat #3 is the button
Seat 3: Plot0077 ($130.36 in chips)
Seat 4: VolkovDmitri ($123.76 in chips)
Plot0077: posts small blind $1
VolkovDmitri: posts big blind $3
*** HOLE CARDS ***
Plot0077: raises $3 to $6
VolkovDmitri: folds
Uncalled bet ($3) returned to Plot0077
Plot0077 collected $6 from pot
Plot0077: doesn't show hand
*** SUMMARY ***
Total pot $6 | Rake $0
Seat 3: Plot0077 (button) (small blind) collected ($6)
Seat 4: VolkovDmitri (big blind) folded before Flop


PokerStars Hand #159996799248:  Hold'em Limit ($3/$6 USD) - 2016/10/16 2:37:12 ET
Table 'Gyldenia' 6-max Seat #3 is the button
Seat 3: Plot0077 ($150.86 in chips)
Seat 4: VolkovDmitri ($120 in chips)
Plot0077: posts small blind $1
VolkovDmitri: posts big blind $3
*** HOLE CARDS ***
Plot0077: folds
Uncalled bet ($2) returned to VolkovDmitri
VolkovDmitri collected $2 from pot
VolkovDmitri: doesn't show hand
*** SUMMARY ***
Total pot $2 | Rake $0
Seat 3: Plot0077 (button) (small blind) folded before Flop
Seat 4: VolkovDmitri (big blind) collected ($2)


PokerStars Hand #159996808659:  Hold'em Limit ($3/$6 USD) - 2016/10/16 2:37:47 ET
Table 'Gyldenia' 6-max Seat #3 is the button
Seat 3: Plot0077 ($161.38 in chips)
Seat 4: VolkovDmitri ($120 in chips)
Plot0077: posts small blind $1
VolkovDmitri: posts big blind $3
*** HOLE CARDS ***
Plot0077: raises $3 to $6
VolkovDmitri: calls $3
*** FLOP *** [3h 3s 7h]
VolkovDmitri: checks
Plot0077: bets $3
VolkovDmitri: raises $3 to $6
Plot0077: calls $3
*** TURN *** [3h 3s 7h] [5s]
VolkovDmitri: bets $6
Plot0077: calls $6
*** RIVER *** [3h 3s 7h 5s] [6d]
VolkovDmitri: bets $6
Plot0077: calls $6
*** SHOW DOWN ***
VolkovDmitri: shows [4d 8c] (a straight, Four to Eight)
Plot0077: mucks hand
VolkovDmitri collected $47.50 from pot
*** SUMMARY ***
Total pot $48 | Rake $0.50
Board [3h 3s 7h 5s 6d]
Seat 3: Plot0077 (button) (small blind) mucked
Seat 4: VolkovDmitri (big blind) showed [4d 8c] and won ($47.50) with a straight, Four to Eight


PokerStars Hand #159996800700:  Hold'em Limit ($3/$6 USD) - 2016/10/16 2:37:18 ET
Table 'Gyldenia' 6-max Seat #4 is the button
Seat 3: Plot0077 ($149.86 in chips)
Seat 4: VolkovDmitri ($121 in chips)
VolkovDmitri: posts small blind $1
Plot0077: posts big blind $3
*** HOLE CARDS ***
VolkovDmitri: raises $3 to $6
Plot0077: raises $3 to $9
VolkovDmitri: calls $3
*** FLOP *** [Jd 3s 7h]
Plot0077: bets $3
VolkovDmitri: calls $3
*** TURN *** [Jd 3s 7h] [6s]
Plot0077: checks
VolkovDmitri: checks
*** RIVER *** [Jd 3s 7h 6s] [9d]
Plot0077: bets $6
VolkovDmitri: folds
Uncalled bet ($6) returned to Plot0077
Plot0077 collected $23.52 from pot
Plot0077: doesn't show hand
*** SUMMARY ***
Total pot $24 | Rake $0.48
Board [Jd 3s 7h 6s 9d]
Seat 3: Plot0077 (big blind) collected ($23.52)
Seat 4: VolkovDmitri (button) (small blind) folded on the River


PokerStars Hand #159996815574:  Hold'em Limit ($3/$6 USD) - 2016/10/16 2:38:14 ET
Table 'Gyldenia' 6-max Seat #4 is the button
Seat 3: Plot0077 ($137.38 in chips)
Seat 4: VolkovDmitri ($143.50 in chips)
VolkovDmitri: posts small blind $1
Plot0077: posts big blind $3
*** HOLE CARDS ***
VolkovDmitri: raises $3 to $6
Plot0077: folds
Uncalled bet ($3) returned to VolkovDmitri
VolkovDmitri collected $6 from pot
VolkovDmitri: doesn't show hand
*** SUMMARY ***
Total pot $6 | Rake $0
Seat 3: Plot0077 (big blind) folded before Flop
Seat 4: VolkovDmitri (button) (small blind) collected ($6)


PokerStars Hand #159996827178:  Hold'em Limit ($3/$6 USD) - 2016/10/16 2:38:58 ET
Table 'Gyldenia' 6-max Seat #4 is the button
Seat 3: Plot0077 ($166.88 in chips)
Seat 4: VolkovDmitri ($120 in chips)
VolkovDmitri: posts small blind $1
Plot0077: posts big blind $3
*** HOLE CARDS ***
VolkovDmitri: raises $3 to $6
Plot0077: calls $3
*** FLOP *** [6c Td 9h]
Plot0077: checks
VolkovDmitri: bets $3
Plot0077: calls $3
*** TURN *** [6c Td 9h] [Jh]
Plot0077: checks
VolkovDmitri: checks
*** RIVER *** [6c Td 9h Jh] [Th]
Plot0077: bets $6
VolkovDmitri: folds
Uncalled bet ($6) returned to Plot0077
Plot0077 collected $17.64 from pot
Plot0077: doesn't show hand
*** SUMMARY ***
Total pot $18 | Rake $0.36
Board [6c Td 9h Jh Th]
Seat 3: Plot0077 (big blind) collected ($17.64)
Seat 4: VolkovDmitri (button) (small blind) folded on the River


PokerStars Hand #159996818345:  Hold'em Limit ($3/$6 USD) - 2016/10/16 2:38:24 ET
Table 'Gyldenia' 6-max Seat #3 is the button
Seat 3: Plot0077 ($134.38 in chips)
Seat 4: VolkovDmitri ($146.50 in chips)
Plot0077: posts small blind $1
VolkovDmitri: posts big blind $3
*** HOLE CARDS ***
Plot0077: raises $3 to $6
VolkovDmitri: calls $3
*** FLOP *** [6h Jc 2h]
VolkovDmitri: checks
Plot0077: bets $3
VolkovDmitri: calls $3
*** TURN *** [6h Jc 2h] [Kh]
VolkovDmitri: checks
Plot0077: bets $6
VolkovDmitri: raises $6 to $12
Plot0077: raises $6 to $18
VolkovDmitri: calls $6
*** RIVER *** [6h Jc 2h Kh] [Ad]
VolkovDmitri: checks
Plot0077: bets $6
VolkovDmitri: calls $6
*** SHOW DOWN ***
Plot0077: shows [Js 6d] (two pair, Jacks and Sixes)
VolkovDmitri: mucks hand
Plot0077 collected $65.50 from pot
*** SUMMARY ***
Total pot $66 | Rake $0.50
Board [6h Jc 2h Kh Ad]
Seat 3: Plot0077 (button) (small blind) showed [Js 6d] and won ($65.50) with two pair, Jacks and Sixes
Seat 4: VolkovDmitri (big blind) mucked


PokerStars Hand #159996844263:  Hold'em Limit ($3/$6 USD) - 2016/10/16 2:40:02 ET
Table 'Gyldenia' 6-max Seat #4 is the button
Seat 3: Plot0077 ($193.02 in chips)
Seat 4: VolkovDmitri ($120 in chips)
VolkovDmitri: posts small blind $1
Plot0077: posts big blind $3
*** HOLE CARDS ***
VolkovDmitri: raises $3 to $6
Plot0077: folds
Uncalled bet ($3) returned to VolkovDmitri
VolkovDmitri collected $6 from pot
VolkovDmitri: doesn't show hand
*** SUMMARY ***
Total pot $6 | Rake $0
Seat 3: Plot0077 (big blind) folded before Flop
Seat 4: VolkovDmitri (button) (small blind) collected ($6)


PokerStars Hand #159996834708:  Hold'em Limit ($3/$6 USD) - 2016/10/16 2:39:26 ET
Table 'Gyldenia' 6-max Seat #3 is the button
Seat 3: Plot0077 ($175.52 in chips)
Seat 4: VolkovDmitri ($120 in chips)
Plot0077: posts small blind $1
VolkovDmitri: posts big blind $3
*** HOLE CARDS ***
Plot0077: raises $3 to $6
VolkovDmitri: calls $3
*** FLOP *** [9s Ad 4d]
VolkovDmitri: checks
Plot0077: bets $3
VolkovDmitri: raises $3 to $6
Plot0077: calls $3
*** TURN *** [9s Ad 4d] [2h]
VolkovDmitri: bets $6
Plot0077: calls $6
*** RIVER *** [9s Ad 4d 2h] [Kh]
VolkovDmitri: checks
Plot0077: checks
*** SHOW DOWN ***
VolkovDmitri: shows [5c Td] (high card Ace)
Plot0077: shows [9h 6s] (a pair of Nines)
Plot0077 collected $35.50 from pot
*** SUMMARY ***
Total pot $36 | Rake $0.50
Board [9s Ad 4d 2h Kh]
Seat 3: Plot0077 (button) (small blind) showed [9h 6s] and won ($35.50) with a pair of Nines
Seat 4: VolkovDmitri (big blind) showed [5c Td] and lost with high card Ace


PokerStars Hand #159996849452:  Hold'em Limit ($3/$6 USD) - 2016/10/16 2:40:21 ET
Table 'Gyldenia' 6-max Seat #3 is the button
Seat 3: Plot0077 ($190.02 in chips)
Seat 4: VolkovDmitri ($123 in chips)
Plot0077: posts small blind $1
VolkovDmitri: posts big blind $3
*** HOLE CARDS ***
Plot0077: raises $3 to $6
VolkovDmitri: calls $3
*** FLOP *** [2c 9s 2d]
VolkovDmitri: checks
Plot0077: bets $3
VolkovDmitri: raises $3 to $6
Plot0077: folds
Uncalled bet ($3) returned to VolkovDmitri
VolkovDmitri collected $17.64 from pot
VolkovDmitri: doesn't show hand
*** SUMMARY ***
Total pot $18 | Rake $0.36
Board [2c 9s 2d]
Seat 3: Plot0077 (button) (small blind) folded on the Flop
Seat 4: VolkovDmitri (big blind) collected ($17.64)


PokerStars Hand #159996857143:  Hold'em Limit ($3/$6 USD) - 2016/10/16 2:40:50 ET
Table 'Gyldenia' 6-max Seat #4 is the button
Seat 3: Plot0077 ($181.02 in chips)
Seat 4: VolkovDmitri ($131.64 in chips)
VolkovDmitri: posts small blind $1
Plot0077: posts big blind $3
*** HOLE CARDS ***
VolkovDmitri: raises $3 to $6
Plot0077: raises $3 to $9
VolkovDmitri: calls $3
*** FLOP *** [8h 3d 9s]
Plot0077: bets $3
VolkovDmitri: raises $3 to $6
Plot0077: calls $3
*** TURN *** [8h 3d 9s] [Kd]
Plot0077: checks
VolkovDmitri: bets $6
Plot0077: raises $6 to $12
VolkovDmitri: raises $6 to $18
Plot0077: calls $6
*** RIVER *** [8h 3d 9s Kd] [7s]
Plot0077: checks
VolkovDmitri: bets $6
Plot0077: calls $6
*** SHOW DOWN ***
VolkovDmitri: shows [8c 3c] (two pair, Eights and Threes)
Plot0077: mucks hand
VolkovDmitri collected $77.50 from pot
*** SUMMARY ***
Total pot $78 | Rake $0.50
Board [8h 3d 9s Kd 7s]
Seat 3: Plot0077 (big blind) mucked
Seat 4: VolkovDmitri (button) (small blind) showed [8c 3c] and won ($77.50) with two pair, Eights and Threes


