PokerStars Hand #166334729169:  Hold'em Limit ($3/$6 USD) - 2017/02/17 5:08:59 ET
Table 'Gyldenia' 6-max Seat #6 is the button
Seat 5: nordschrott ($36 in chips)
Seat 6: TbIP-TbIP 88 ($72 in chips)
TbIP-TbIP 88: posts small blind $1
nordschrott: posts big blind $3
*** HOLE CARDS ***
TbIP-TbIP 88: raises $3 to $6
nordschrott: calls $3
*** FLOP *** [8h Kd 4h]
nordschrott: checks
TbIP-TbIP 88: bets $3
nordschrott: folds
Uncalled bet ($3) returned to TbIP-TbIP 88
TbIP-TbIP 88 collected $11.76 from pot
TbIP-TbIP 88: doesn't show hand
*** SUMMARY ***
Total pot $12 | Rake $0.24
Board [8h Kd 4h]
Seat 5: nordschrott (big blind) folded on the Flop
Seat 6: TbIP-TbIP 88 (button) (small blind) collected ($11.76)


PokerStars Hand #166334740074:  Hold'em Limit ($3/$6 USD) - 2017/02/17 5:09:24 ET
Table 'Gyldenia' 6-max Seat #6 is the button
Seat 5: nordschrott ($29 in chips)
Seat 6: TbIP-TbIP 88 ($78.76 in chips)
TbIP-TbIP 88: posts small blind $1
nordschrott: posts big blind $3
*** HOLE CARDS ***
TbIP-TbIP 88: raises $3 to $6
nordschrott: calls $3
*** FLOP *** [7h Qd 4d]
nordschrott: checks
TbIP-TbIP 88: bets $3
nordschrott: raises $3 to $6
TbIP-TbIP 88: calls $3
*** TURN *** [7h Qd 4d] [Tc]
nordschrott: bets $6
TbIP-TbIP 88: calls $6
*** RIVER *** [7h Qd 4d Tc] [Jd]
nordschrott: checks
TbIP-TbIP 88: bets $6
nordschrott: folds
Uncalled bet ($6) returned to TbIP-TbIP 88
TbIP-TbIP 88 collected $35.50 from pot
TbIP-TbIP 88: doesn't show hand
*** SUMMARY ***
Total pot $36 | Rake $0.50
Board [7h Qd 4d Tc Jd]
Seat 5: nordschrott (big blind) folded on the River
Seat 6: TbIP-TbIP 88 (button) (small blind) collected ($35.50)


PokerStars Hand #166334737448:  Hold'em Limit ($3/$6 USD) - 2017/02/17 5:09:18 ET
Table 'Gyldenia' 6-max Seat #5 is the button
Seat 5: nordschrott ($30 in chips)
Seat 6: TbIP-TbIP 88 ($77.76 in chips)
nordschrott: posts small blind $1
TbIP-TbIP 88: posts big blind $3
*** HOLE CARDS ***
nordschrott: folds
Uncalled bet ($2) returned to TbIP-TbIP 88
TbIP-TbIP 88 collected $2 from pot
TbIP-TbIP 88: doesn't show hand
*** SUMMARY ***
Total pot $2 | Rake $0
Seat 5: nordschrott (button) (small blind) folded before Flop
Seat 6: TbIP-TbIP 88 (big blind) collected ($2)


