PokerStars Hand #150733739371:  Hold'em Limit ($3/$6 USD) - 2016/03/21 20:11:28 ET
Table 'Gyldenia' 10-max Seat #1 is the button
Seat 1: Zubasa07 ($500 in chips)
Seat 9: rojago949 ($404.18 in chips)
Zubasa07: posts small blind $1
rojago949: posts big blind $3
*** HOLE CARDS ***
Zubasa07: raises $3 to $6
GoliafUa joins the table at seat #10
rojago949: calls $3
*** FLOP *** [2h Ah 7c]
rojago949: bets $3
Zubasa07: calls $3
*** TURN *** [2h Ah 7c] [9d]
rojago949: bets $6
Zubasa07: calls $6
*** RIVER *** [2h Ah 7c 9d] [2c]
rojago949: bets $6
Zubasa07: calls $6
*** SHOW DOWN ***
rojago949: shows [Qh 9s] (two pair, Nines and Deuces)
Zubasa07: mucks hand
rojago949 collected $41.50 from pot
*** SUMMARY ***
Total pot $42 | Rake $0.50
Board [2h Ah 7c 9d 2c]
Seat 1: Zubasa07 (button) (small blind) mucked
Seat 9: rojago949 (big blind) showed [Qh 9s] and won ($41.50) with two pair, Nines and Deuces


PokerStars Hand #150733757460:  Hold'em Limit ($3/$6 USD) - 2016/03/21 20:11:58 ET
Table 'Gyldenia' 10-max Seat #9 is the button
Seat 1: Zubasa07 ($479 in chips)
Seat 9: rojago949 ($424.68 in chips)
rojago949: posts small blind $1
Zubasa07: posts big blind $3
*** HOLE CARDS ***
rojago949: calls $2
Zubasa07: raises $3 to $6
rojago949: calls $3
*** FLOP *** [3c Ac Ts]
Zubasa07: bets $3
rojago949: raises $3 to $6
Zubasa07: raises $3 to $9
rojago949: calls $3
*** TURN *** [3c Ac Ts] [Qd]
Zubasa07: bets $6
rojago949: calls $6
*** RIVER *** [3c Ac Ts Qd] [Kd]
Zubasa07: bets $6
rojago949: raises $6 to $12
Zubasa07: calls $6
*** SHOW DOWN ***
rojago949: shows [Ad 7c] (a pair of Aces)
Zubasa07: shows [Qc As] (two pair, Aces and Queens)
Zubasa07 collected $65.50 from pot
*** SUMMARY ***
Total pot $66 | Rake $0.50
Board [3c Ac Ts Qd Kd]
Seat 1: Zubasa07 (big blind) showed [Qc As] and won ($65.50) with two pair, Aces and Queens
Seat 9: rojago949 (button) (small blind) showed [Ad 7c] and lost with a pair of Aces


PokerStars Hand #150733791359:  Hold'em Limit ($3/$6 USD) - 2016/03/21 20:12:38 ET
Table 'Gyldenia' 10-max Seat #1 is the button
Seat 1: Zubasa07 ($511.50 in chips)
Seat 9: rojago949 ($391.68 in chips)
Zubasa07: posts small blind $1
rojago949: posts big blind $3
*** HOLE CARDS ***
Zubasa07: raises $3 to $6
rojago949: raises $3 to $9
Zubasa07: calls $3
*** FLOP *** [7c 2d 3d]
rojago949: bets $3
Zubasa07: raises $3 to $6
rojago949: raises $3 to $9
Zubasa07: calls $3
*** TURN *** [7c 2d 3d] [2c]
rojago949: bets $6
Zubasa07: calls $6
*** RIVER *** [7c 2d 3d 2c] [7d]
rojago949: bets $6
Zubasa07: calls $6
*** SHOW DOWN ***
rojago949: shows [3h 3c] (a full house, Threes full of Sevens)
Zubasa07: mucks hand
rojago949 collected $59.50 from pot
*** SUMMARY ***
Total pot $60 | Rake $0.50
Board [7c 2d 3d 2c 7d]
Seat 1: Zubasa07 (button) (small blind) mucked
Seat 9: rojago949 (big blind) showed [3h 3c] and won ($59.50) with a full house, Threes full of Sevens


PokerStars Hand #150733814572:  Hold'em Limit ($3/$6 USD) - 2016/03/21 20:13:15 ET
Table 'Gyldenia' 10-max Seat #9 is the button
Seat 1: Zubasa07 ($481.50 in chips)
Seat 9: rojago949 ($421.18 in chips)
rojago949: posts small blind $1
Zubasa07: posts big blind $3
*** HOLE CARDS ***
rojago949: calls $2
Zubasa07: raises $3 to $6
rojago949: calls $3
*** FLOP *** [As 5c Tc]
Zubasa07: bets $3
rojago949: raises $3 to $6
Zubasa07: calls $3
*** TURN *** [As 5c Tc] [Ks]
Zubasa07: checks
rojago949: bets $6
Zubasa07: calls $6
*** RIVER *** [As 5c Tc Ks] [Ah]
Zubasa07: checks
rojago949: bets $6
Zubasa07: calls $6
*** SHOW DOWN ***
rojago949: shows [3s Qc] (a pair of Aces)
Zubasa07: shows [7c 7d] (two pair, Aces and Sevens)
Zubasa07 collected $47.50 from pot
*** SUMMARY ***
Total pot $48 | Rake $0.50
Board [As 5c Tc Ks Ah]
Seat 1: Zubasa07 (big blind) showed [7c 7d] and won ($47.50) with two pair, Aces and Sevens
Seat 9: rojago949 (button) (small blind) showed [3s Qc] and lost with a pair of Aces


PokerStars Hand #150733839855:  Hold'em Limit ($3/$6 USD) - 2016/03/21 20:13:56 ET
Table 'Gyldenia' 10-max Seat #1 is the button
Seat 1: Zubasa07 ($505 in chips)
Seat 9: rojago949 ($397.18 in chips)
Zubasa07: posts small blind $1
rojago949: posts big blind $3
*** HOLE CARDS ***
Zubasa07: raises $3 to $6
rojago949: calls $3
*** FLOP *** [Jh 6c 9s]
rojago949: bets $3
Zubasa07: folds
Uncalled bet ($3) returned to rojago949
rojago949 collected $11.76 from pot
*** SUMMARY ***
Total pot $12 | Rake $0.24
Board [Jh 6c 9s]
Seat 1: Zubasa07 (button) (small blind) folded on the Flop
Seat 9: rojago949 (big blind) collected ($11.76)


PokerStars Hand #150735173543:  Hold'em Limit ($3/$6 USD) - 2016/03/21 20:51:55 ET
Table 'Gyldenia' 10-max Seat #9 is the button
Seat 7: besimbmldel ($60.18 in chips)
Seat 9: RinaFox ($188 in chips)
RinaFox: posts small blind $1
besimbmldel: posts big blind $3
*** HOLE CARDS ***
Zubasa07 joins the table at seat #8
RinaFox: raises $3 to $6
besimbmldel: folds
Uncalled bet ($3) returned to RinaFox
RinaFox collected $6 from pot
RinaFox: doesn't show hand
*** SUMMARY ***
Total pot $6 | Rake $0
Seat 7: besimbmldel (big blind) folded before Flop
Seat 9: RinaFox (button) (small blind) collected ($6)


PokerStars Hand #150735271837:  Hold'em Limit ($3/$6 USD) - 2016/03/21 20:54:58 ET
Table 'Gyldenia' 10-max Seat #9 is the button
Seat 7: besimbmldel ($90.86 in chips)
Seat 9: RinaFox ($164.29 in chips)
RinaFox: posts small blind $1
besimbmldel: posts big blind $3
*** HOLE CARDS ***
RinaFox: raises $3 to $6
besimbmldel: calls $3
*** FLOP *** [Ad Jd 3d]
besimbmldel: bets $3
RinaFox: folds
Uncalled bet ($3) returned to besimbmldel
besimbmldel collected $11.76 from pot
besimbmldel: doesn't show hand
*** SUMMARY ***
Total pot $12 | Rake $0.24
Board [Ad Jd 3d]
Seat 7: besimbmldel (big blind) collected ($11.76)
Seat 9: RinaFox (button) (small blind) folded on the Flop


PokerStars Hand #150735251278:  Hold'em Limit ($3/$6 USD) - 2016/03/21 20:54:20 ET
Table 'Gyldenia' 10-max Seat #7 is the button
Seat 7: besimbmldel ($73.36 in chips)
Seat 9: RinaFox ($182.29 in chips)
besimbmldel: posts small blind $1
Zubasa07: is sitting out
RinaFox: posts big blind $3
*** HOLE CARDS ***
besimbmldel: calls $2
RinaFox: checks
*** FLOP *** [4d 7h 8d]
RinaFox: checks
besimbmldel: bets $3
RinaFox: calls $3
*** TURN *** [4d 7h 8d] [Th]
RinaFox: checks
besimbmldel: bets $6
RinaFox: calls $6
*** RIVER *** [4d 7h 8d Th] [6s]
RinaFox: checks
besimbmldel: bets $6
RinaFox: calls $6
*** SHOW DOWN ***
besimbmldel: shows [8h 5d] (a straight, Four to Eight)
RinaFox: mucks hand
besimbmldel collected $35.50 from pot
*** SUMMARY ***
Total pot $36 | Rake $0.50
Board [4d 7h 8d Th 6s]
Seat 7: besimbmldel (button) (small blind) showed [8h 5d] and won ($35.50) with a straight, Four to Eight
Seat 9: RinaFox (big blind) mucked


