PokerStars Hand #174218432158:  Hold'em Limit ($3/$6 USD) - 2017/08/11 19:31:46 ET
Table 'Gyptis' 6-max Seat #4 is the button
Seat 3: aabeatenby23 ($534.06 in chips)
Seat 4: favete lin ($304.73 in chips)
favete lin: posts small blind $1
aabeatenby23: posts big blind $3
*** HOLE CARDS ***
favete lin: folds
Uncalled bet ($2) returned to aabeatenby23
aabeatenby23 collected $2 from pot
aabeatenby23: doesn't show hand
*** SUMMARY ***
Total pot $2 | Rake $0
Seat 3: aabeatenby23 (big blind) collected ($2)
Seat 4: favete lin (button) (small blind) folded before Flop


PokerStars Hand #174218429243:  Hold'em Limit ($3/$6 USD) - 2017/08/11 19:31:40 ET
Table 'Gyptis' 6-max Seat #3 is the button
Seat 3: aabeatenby23 ($535.06 in chips)
Seat 4: favete lin ($303.73 in chips)
aabeatenby23: posts small blind $1
favete lin: posts big blind $3
*** HOLE CARDS ***
aabeatenby23: folds
Uncalled bet ($2) returned to favete lin
favete lin collected $2 from pot
favete lin: doesn't show hand
*** SUMMARY ***
Total pot $2 | Rake $0
Seat 3: aabeatenby23 (button) (small blind) folded before Flop
Seat 4: favete lin (big blind) collected ($2)


PokerStars Hand #174218434742:  Hold'em Limit ($3/$6 USD) - 2017/08/11 19:31:50 ET
Table 'Gyptis' 6-max Seat #3 is the button
Seat 3: aabeatenby23 ($535.06 in chips)
Seat 4: favete lin ($303.73 in chips)
aabeatenby23: posts small blind $1
favete lin: posts big blind $3
*** HOLE CARDS ***
aabeatenby23: raises $3 to $6
favete lin: folds
Uncalled bet ($3) returned to aabeatenby23
aabeatenby23 collected $6 from pot
aabeatenby23: doesn't show hand
*** SUMMARY ***
Total pot $6 | Rake $0
Seat 3: aabeatenby23 (button) (small blind) collected ($6)
Seat 4: favete lin (big blind) folded before Flop


PokerStars Hand #174218438534:  Hold'em Limit ($3/$6 USD) - 2017/08/11 19:31:57 ET
Table 'Gyptis' 6-max Seat #4 is the button
Seat 3: aabeatenby23 ($538.06 in chips)
Seat 4: favete lin ($300.73 in chips)
favete lin: posts small blind $1
aabeatenby23: posts big blind $3
*** HOLE CARDS ***
favete lin: raises $3 to $6
aabeatenby23: calls $3
*** FLOP *** [5h 4d 2s]
aabeatenby23: checks
favete lin: bets $3
aabeatenby23: calls $3
*** TURN *** [5h 4d 2s] [As]
aabeatenby23: checks
favete lin: bets $6
aabeatenby23: folds
Uncalled bet ($6) returned to favete lin
favete lin collected $17.64 from pot
favete lin: doesn't show hand
*** SUMMARY ***
Total pot $18 | Rake $0.36
Board [5h 4d 2s As]
Seat 3: aabeatenby23 (big blind) folded on the Turn
Seat 4: favete lin (button) (small blind) collected ($17.64)


PokerStars Hand #174218471617:  Hold'em Limit ($3/$6 USD) - 2017/08/11 19:32:58 ET
Table 'Gyptis' 6-max Seat #3 is the button
Seat 3: aabeatenby23 ($501.70 in chips)
Seat 4: favete lin ($335.87 in chips)
aabeatenby23: posts small blind $1
favete lin: posts big blind $3
*** HOLE CARDS ***
aabeatenby23: folds
Uncalled bet ($2) returned to favete lin
favete lin collected $2 from pot
favete lin: doesn't show hand
aabeatenby23 leaves the table
*** SUMMARY ***
Total pot $2 | Rake $0
Seat 3: aabeatenby23 (button) (small blind) folded before Flop
Seat 4: favete lin (big blind) collected ($2)


PokerStars Hand #174218455461:  Hold'em Limit ($3/$6 USD) - 2017/08/11 19:32:28 ET
Table 'Gyptis' 6-max Seat #4 is the button
Seat 3: aabeatenby23 ($537.70 in chips)
Seat 4: favete lin ($300.37 in chips)
favete lin: posts small blind $1
aabeatenby23: posts big blind $3
*** HOLE CARDS ***
favete lin: raises $3 to $6
aabeatenby23: raises $3 to $9
favete lin: calls $3
*** FLOP *** [9d 2c Ac]
aabeatenby23: bets $3
favete lin: calls $3
*** TURN *** [9d 2c Ac] [5d]
aabeatenby23: bets $6
favete lin: raises $6 to $12
aabeatenby23: calls $6
*** RIVER *** [9d 2c Ac 5d] [5h]
aabeatenby23: bets $6
favete lin: raises $6 to $12
aabeatenby23: calls $6
*** SHOW DOWN ***
favete lin: shows [5s Ad] (a full house, Fives full of Aces)
aabeatenby23: mucks hand
favete lin collected $71.50 from pot
*** SUMMARY ***
Total pot $72 | Rake $0.50
Board [9d 2c Ac 5d 5h]
Seat 3: aabeatenby23 (big blind) mucked
Seat 4: favete lin (button) (small blind) showed [5s Ad] and won ($71.50) with a full house, Fives full of Aces


PokerStars Hand #174218447714:  Hold'em Limit ($3/$6 USD) - 2017/08/11 19:32:14 ET
Table 'Gyptis' 6-max Seat #3 is the button
Seat 3: aabeatenby23 ($529.06 in chips)
Seat 4: favete lin ($309.37 in chips)
aabeatenby23: posts small blind $1
favete lin: posts big blind $3
*** HOLE CARDS ***
aabeatenby23: raises $3 to $6
favete lin: calls $3
*** FLOP *** [Ks 5c 6d]
favete lin: checks
aabeatenby23: bets $3
favete lin: calls $3
*** TURN *** [Ks 5c 6d] [Jd]
favete lin: checks
aabeatenby23: bets $6
favete lin: folds
Uncalled bet ($6) returned to aabeatenby23
aabeatenby23 collected $17.64 from pot
aabeatenby23: doesn't show hand
*** SUMMARY ***
Total pot $18 | Rake $0.36
Board [Ks 5c 6d Jd]
Seat 3: aabeatenby23 (button) (small blind) collected ($17.64)
Seat 4: favete lin (big blind) folded on the Turn


PokerStars Hand #174219169370:  Hold'em Limit ($3/$6 USD) - 2017/08/11 19:55:02 ET
Table 'Gyptis' 6-max Seat #3 is the button
Seat 3: aabeatenby23 ($387.65 in chips)
Seat 4: favete lin ($302.51 in chips)
aabeatenby23: posts small blind $1
favete lin: posts big blind $3
*** HOLE CARDS ***
aabeatenby23: raises $3 to $6
favete lin: raises $3 to $9
aabeatenby23: calls $3
*** FLOP *** [2d Qs Jh]
favete lin: bets $3
aabeatenby23: calls $3
*** TURN *** [2d Qs Jh] [5c]
favete lin: bets $6
aabeatenby23: calls $6
*** RIVER *** [2d Qs Jh 5c] [3c]
favete lin: bets $6
aabeatenby23: folds
Uncalled bet ($6) returned to favete lin
favete lin collected $35.50 from pot
favete lin: doesn't show hand
*** SUMMARY ***
Total pot $36 | Rake $0.50
Board [2d Qs Jh 5c 3c]
Seat 3: aabeatenby23 (button) (small blind) folded on the River
Seat 4: favete lin (big blind) collected ($35.50)


PokerStars Hand #174219159080:  Hold'em Limit ($3/$6 USD) - 2017/08/11 19:54:42 ET
Table 'Gyptis' 6-max Seat #4 is the button
Seat 3: aabeatenby23 ($376.13 in chips)
Seat 4: favete lin ($314.51 in chips)
favete lin: posts small blind $1
aabeatenby23: posts big blind $3
*** HOLE CARDS ***
favete lin: raises $3 to $6
aabeatenby23: raises $3 to $9
favete lin: calls $3
*** FLOP *** [Ks 3c Kd]
aabeatenby23: bets $3
favete lin: calls $3
*** TURN *** [Ks 3c Kd] [3h]
aabeatenby23: checks
favete lin: checks
*** RIVER *** [Ks 3c Kd 3h] [7s]
aabeatenby23: bets $6
favete lin: folds
Uncalled bet ($6) returned to aabeatenby23
aabeatenby23 collected $23.52 from pot
aabeatenby23: doesn't show hand
*** SUMMARY ***
Total pot $24 | Rake $0.48
Board [Ks 3c Kd 3h 7s]
Seat 3: aabeatenby23 (big blind) collected ($23.52)
Seat 4: favete lin (button) (small blind) folded on the River


PokerStars Hand #174219135008:  Hold'em Limit ($3/$6 USD) - 2017/08/11 19:53:54 ET
Table 'Gyptis' 6-max Seat #4 is the button
Seat 3: aabeatenby23 ($347.13 in chips)
Seat 4: favete lin ($344.51 in chips)
favete lin: posts small blind $1
aabeatenby23: posts big blind $3
*** HOLE CARDS ***
favete lin: raises $3 to $6
aabeatenby23: calls $3
*** FLOP *** [2d Qc 3s]
aabeatenby23: checks
favete lin: bets $3
aabeatenby23: calls $3
*** TURN *** [2d Qc 3s] [6s]
aabeatenby23: checks
favete lin: checks
*** RIVER *** [2d Qc 3s 6s] [Jd]
aabeatenby23: bets $6
favete lin: calls $6
*** SHOW DOWN ***
aabeatenby23: shows [3d 4s] (a pair of Threes)
favete lin: mucks hand
aabeatenby23 collected $29.50 from pot
*** SUMMARY ***
Total pot $30 | Rake $0.50
Board [2d Qc 3s 6s Jd]
Seat 3: aabeatenby23 (big blind) showed [3d 4s] and won ($29.50) with a pair of Threes
Seat 4: favete lin (button) (small blind) mucked


PokerStars Hand #174219147992:  Hold'em Limit ($3/$6 USD) - 2017/08/11 19:54:20 ET
Table 'Gyptis' 6-max Seat #3 is the button
Seat 3: aabeatenby23 ($361.63 in chips)
Seat 4: favete lin ($329.51 in chips)
aabeatenby23: posts small blind $1
favete lin: posts big blind $3
*** HOLE CARDS ***
aabeatenby23: raises $3 to $6
favete lin: calls $3
*** FLOP *** [6h 3c 7s]
favete lin: checks
aabeatenby23: bets $3
favete lin: calls $3
*** TURN *** [6h 3c 7s] [3d]
favete lin: checks
aabeatenby23: bets $6
favete lin: calls $6
*** RIVER *** [6h 3c 7s 3d] [Jh]
favete lin: checks
aabeatenby23: checks
*** SHOW DOWN ***
favete lin: shows [2s Ac] (a pair of Threes)
aabeatenby23: shows [Kc 6d] (two pair, Sixes and Threes)
aabeatenby23 collected $29.50 from pot
*** SUMMARY ***
Total pot $30 | Rake $0.50
Board [6h 3c 7s 3d Jh]
Seat 3: aabeatenby23 (button) (small blind) showed [Kc 6d] and won ($29.50) with two pair, Sixes and Threes
Seat 4: favete lin (big blind) showed [2s Ac] and lost with a pair of Threes


PokerStars Hand #174219177543:  Hold'em Limit ($3/$6 USD) - 2017/08/11 19:55:19 ET
Table 'Gyptis' 6-max Seat #4 is the button
Seat 3: aabeatenby23 ($369.65 in chips)
Seat 4: favete lin ($320.01 in chips)
favete lin: posts small blind $1
aabeatenby23: posts big blind $3
*** HOLE CARDS ***
favete lin: raises $3 to $6
aabeatenby23: calls $3
*** FLOP *** [6d 8c 9h]
aabeatenby23: checks
favete lin: checks
*** TURN *** [6d 8c 9h] [Qh]
aabeatenby23: bets $6
favete lin: calls $6
*** RIVER *** [6d 8c 9h Qh] [9s]
aabeatenby23: checks
favete lin: checks
*** SHOW DOWN ***
aabeatenby23: shows [Qs 8d] (two pair, Queens and Nines)
favete lin: mucks hand
aabeatenby23 collected $23.52 from pot
*** SUMMARY ***
Total pot $24 | Rake $0.48
Board [6d 8c 9h Qh 9s]
Seat 3: aabeatenby23 (big blind) showed [Qs 8d] and won ($23.52) with two pair, Queens and Nines
Seat 4: favete lin (button) (small blind) mucked


PokerStars Hand #174219184824:  Hold'em Limit ($3/$6 USD) - 2017/08/11 19:55:36 ET
Table 'Gyptis' 6-max Seat #3 is the button
Seat 3: aabeatenby23 ($381.17 in chips)
Seat 4: favete lin ($308.01 in chips)
aabeatenby23: posts small blind $1
favete lin: posts big blind $3
*** HOLE CARDS ***
aabeatenby23: folds
Uncalled bet ($2) returned to favete lin
favete lin collected $2 from pot
favete lin: doesn't show hand
*** SUMMARY ***
Total pot $2 | Rake $0
Seat 3: aabeatenby23 (button) (small blind) folded before Flop
Seat 4: favete lin (big blind) collected ($2)


PokerStars Hand #174219196249:  Hold'em Limit ($3/$6 USD) - 2017/08/11 19:56:02 ET
Table 'Gyptis' 6-max Seat #3 is the button
Seat 3: aabeatenby23 ($371.17 in chips)
Seat 4: favete lin ($317.65 in chips)
aabeatenby23: posts small blind $1
favete lin: posts big blind $3
*** HOLE CARDS ***
aabeatenby23: folds
Uncalled bet ($2) returned to favete lin
favete lin collected $2 from pot
favete lin: doesn't show hand
*** SUMMARY ***
Total pot $2 | Rake $0
Seat 3: aabeatenby23 (button) (small blind) folded before Flop
Seat 4: favete lin (big blind) collected ($2)


PokerStars Hand #174219188153:  Hold'em Limit ($3/$6 USD) - 2017/08/11 19:55:43 ET
Table 'Gyptis' 6-max Seat #4 is the button
Seat 3: aabeatenby23 ($380.17 in chips)
Seat 4: favete lin ($309.01 in chips)
favete lin: posts small blind $1
aabeatenby23: posts big blind $3
*** HOLE CARDS ***
favete lin: raises $3 to $6
aabeatenby23: calls $3
*** FLOP *** [Tc 6h 2c]
aabeatenby23: checks
favete lin: bets $3
aabeatenby23: calls $3
*** TURN *** [Tc 6h 2c] [Td]
aabeatenby23: checks
favete lin: bets $6
aabeatenby23: folds
Uncalled bet ($6) returned to favete lin
favete lin collected $17.64 from pot
favete lin: doesn't show hand
*** SUMMARY ***
Total pot $18 | Rake $0.36
Board [Tc 6h 2c Td]
Seat 3: aabeatenby23 (big blind) folded on the Turn
Seat 4: favete lin (button) (small blind) collected ($17.64)


PokerStars Hand #174219209727:  Hold'em Limit ($3/$6 USD) - 2017/08/11 19:56:33 ET
Table 'Gyptis' 6-max Seat #3 is the button
Seat 3: aabeatenby23 ($355.17 in chips)
Seat 4: favete lin ($333.15 in chips)
aabeatenby23: posts small blind $1
favete lin: posts big blind $3
*** HOLE CARDS ***
aabeatenby23: folds
Uncalled bet ($2) returned to favete lin
favete lin collected $2 from pot
favete lin: doesn't show hand
*** SUMMARY ***
Total pot $2 | Rake $0
Seat 3: aabeatenby23 (button) (small blind) folded before Flop
Seat 4: favete lin (big blind) collected ($2)


PokerStars Hand #174219198688:  Hold'em Limit ($3/$6 USD) - 2017/08/11 19:56:08 ET
Table 'Gyptis' 6-max Seat #4 is the button
Seat 3: aabeatenby23 ($370.17 in chips)
Seat 4: favete lin ($318.65 in chips)
favete lin: posts small blind $1
aabeatenby23: posts big blind $3
*** HOLE CARDS ***
Eklund_1891 joins the table at seat #6
favete lin: raises $3 to $6
aabeatenby23: calls $3
*** FLOP *** [4c Tc As]
aabeatenby23: checks
favete lin: bets $3
aabeatenby23: calls $3
*** TURN *** [4c Tc As] [7c]
aabeatenby23: checks
favete lin: bets $6
aabeatenby23: calls $6
*** RIVER *** [4c Tc As 7c] [3c]
aabeatenby23: checks
Velbor107 joins the table at seat #1
favete lin: bets $6
aabeatenby23: folds
Uncalled bet ($6) returned to favete lin
favete lin collected $29.50 from pot
favete lin: doesn't show hand
*** SUMMARY ***
Total pot $30 | Rake $0.50
Board [4c Tc As 7c 3c]
Seat 3: aabeatenby23 (big blind) folded on the River
Seat 4: favete lin (button) (small blind) collected ($29.50)


