PokerStars Hand #146751134677:  Hold'em Limit ($3/$6 USD) - 2016/01/09 13:50:44 ET
Table 'Gyptis III' 6-max Seat #4 is the button
Seat 3: BAKU7777777 ($39.09 in chips)
Seat 4: AzureCaper ($95.50 in chips)
AzureCaper: posts small blind $1
BAKU7777777: posts big blind $3
*** HOLE CARDS ***
AzureCaper: raises $3 to $6
BAKU7777777: raises $3 to $9
AzureCaper: raises $3 to $12
Betting is capped
BAKU7777777: calls $3
*** FLOP *** [3c 2c Kc]
BAKU7777777: bets $3
AzureCaper: raises $3 to $6
BAKU7777777: raises $3 to $9
AzureCaper: raises $3 to $12
Betting is capped
BAKU7777777: calls $3
*** TURN *** [3c 2c Kc] [7d]
BAKU7777777: bets $6
AzureCaper: raises $6 to $12
BAKU7777777: raises $3.09 to $15.09 and is all-in
AzureCaper: calls $3.09
*** RIVER *** [3c 2c Kc 7d] [6h]
*** SHOW DOWN ***
BAKU7777777: shows [Kd Jc] (a pair of Kings)
AzureCaper: shows [Kh Ks] (three of a kind, Kings)
AzureCaper collected $77.68 from pot
*** SUMMARY ***
Total pot $78.18 | Rake $0.50
Board [3c 2c Kc 7d 6h]
Seat 3: BAKU7777777 (big blind) showed [Kd Jc] and lost with a pair of Kings
Seat 4: AzureCaper (button) (small blind) showed [Kh Ks] and won ($77.68) with three of a kind, Kings


PokerStars Hand #146751129007:  Hold'em Limit ($3/$6 USD) - 2016/01/09 13:50:38 ET
Table 'Gyptis III' 6-max Seat #3 is the button
Seat 3: BAKU7777777 ($36.09 in chips)
Seat 4: AzureCaper ($98.50 in chips)
BAKU7777777: posts small blind $1
AzureCaper: posts big blind $3
*** HOLE CARDS ***
BAKU7777777: raises $3 to $6
AzureCaper: folds
Uncalled bet ($3) returned to BAKU7777777
BAKU7777777 collected $6 from pot
*** SUMMARY ***
Total pot $6 | Rake $0
Seat 3: BAKU7777777 (button) (small blind) collected ($6)
Seat 4: AzureCaper (big blind) folded before Flop


