PokerStars Hand #160276242757:  Hold'em Limit ($3/$6 USD) - 2016/10/22 8:59:18 ET
Table 'Gyptis' 6-max Seat #3 is the button
Seat 3: _fayzulllo_ ($92.90 in chips)
Seat 4: AzureCaper ($77.76 in chips)
_fayzulllo_: posts small blind $1
AzureCaper: posts big blind $3
*** HOLE CARDS ***
_fayzulllo_: folds
Uncalled bet ($2) returned to AzureCaper
AzureCaper collected $2 from pot
AzureCaper: doesn't show hand
*** SUMMARY ***
Total pot $2 | Rake $0
Seat 3: _fayzulllo_ (button) (small blind) folded before Flop
Seat 4: AzureCaper (big blind) collected ($2)


PokerStars Hand #160276237014:  Hold'em Limit ($3/$6 USD) - 2016/10/22 8:59:06 ET
Table 'Gyptis' 6-max Seat #4 is the button
Seat 3: _fayzulllo_ ($98.90 in chips)
Seat 4: AzureCaper ($72 in chips)
AzureCaper: posts small blind $1
_fayzulllo_: posts big blind $3
*** HOLE CARDS ***
AzureCaper: raises $3 to $6
_fayzulllo_: calls $3
*** FLOP *** [Jh 5c Jc]
_fayzulllo_: checks
AzureCaper: bets $3
_fayzulllo_: folds
Uncalled bet ($3) returned to AzureCaper
AzureCaper collected $11.76 from pot
AzureCaper: doesn't show hand
ZinZar joins the table at seat #5
*** SUMMARY ***
Total pot $12 | Rake $0.24
Board [Jh 5c Jc]
Seat 3: _fayzulllo_ (big blind) folded on the Flop
Seat 4: AzureCaper (button) (small blind) collected ($11.76)


PokerStars Hand #160276234182:  Hold'em Limit ($3/$6 USD) - 2016/10/22 8:59:00 ET
Table 'Gyptis' 6-max Seat #3 is the button
Seat 3: _fayzulllo_ ($95.90 in chips)
Seat 4: AzureCaper ($72 in chips)
_fayzulllo_: posts small blind $1
AzureCaper: posts big blind $3
*** HOLE CARDS ***
_fayzulllo_: raises $3 to $6
AzureCaper: folds
Uncalled bet ($3) returned to _fayzulllo_
_fayzulllo_ collected $6 from pot
*** SUMMARY ***
Total pot $6 | Rake $0
Seat 3: _fayzulllo_ (button) (small blind) collected ($6)
Seat 4: AzureCaper (big blind) folded before Flop


PokerStars Hand #160276231807:  Hold'em Limit ($3/$6 USD) - 2016/10/22 8:58:55 ET
Table 'Gyptis' 6-max Seat #4 is the button
Seat 3: _fayzulllo_ ($94.90 in chips)
Seat 4: AzureCaper ($72 in chips)
AzureCaper: posts small blind $1
_fayzulllo_: posts big blind $3
*** HOLE CARDS ***
AzureCaper: folds
Uncalled bet ($2) returned to _fayzulllo_
_fayzulllo_ collected $2 from pot
*** SUMMARY ***
Total pot $2 | Rake $0
Seat 3: _fayzulllo_ (big blind) collected ($2)
Seat 4: AzureCaper (button) (small blind) folded before Flop


PokerStars Hand #160276221013:  Hold'em Limit ($3/$6 USD) - 2016/10/22 8:58:33 ET
Table 'Gyptis' 6-max Seat #3 is the button
Seat 3: _fayzulllo_ ($77.40 in chips)
Seat 4: AzureCaper ($72 in chips)
_fayzulllo_: posts small blind $1
AzureCaper: posts big blind $3
*** HOLE CARDS ***
_fayzulllo_: raises $3 to $6
AzureCaper: calls $3
*** FLOP *** [9s 2c Js]
AzureCaper: checks
_fayzulllo_: bets $3
AzureCaper: raises $3 to $6
_fayzulllo_: calls $3
*** TURN *** [9s 2c Js] [Ks]
AzureCaper: bets $6
_fayzulllo_: calls $6
*** RIVER *** [9s 2c Js Ks] [Ac]
AzureCaper: checks
_fayzulllo_: checks
*** SHOW DOWN ***
AzureCaper: shows [Th 9h] (a pair of Nines)
_fayzulllo_: shows [9d Qs] (a pair of Nines - Ace+King+Queen kicker)
_fayzulllo_ collected $35.50 from pot
*** SUMMARY ***
Total pot $36 | Rake $0.50
Board [9s 2c Js Ks Ac]
Seat 3: _fayzulllo_ (button) (small blind) showed [9d Qs] and won ($35.50) with a pair of Nines
Seat 4: AzureCaper (big blind) showed [Th 9h] and lost with a pair of Nines


