PokerStars Hand #156449364313:  Hold'em Limit ($3/$6 USD) - 2016/07/25 20:45:04 ET
Table 'Gyptis II' 6-max Seat #4 is the button
Seat 1: abster2366 ($543.40 in chips)
Seat 4: Masqb ($261.29 in chips)
Masqb: posts small blind $1
abster2366: posts big blind $3
*** HOLE CARDS ***
Masqb: raises $3 to $6
abster2366: calls $3
*** FLOP *** [Qc 4h Ac]
abster2366: checks
Masqb: bets $3
abster2366: folds
Uncalled bet ($3) returned to Masqb
Masqb collected $11.76 from pot
Masqb: doesn't show hand
*** SUMMARY ***
Total pot $12 | Rake $0.24
Board [Qc 4h Ac]
Seat 1: abster2366 (big blind) folded on the Flop
Seat 4: Masqb (button) (small blind) collected ($11.76)


PokerStars Hand #156449372809:  Hold'em Limit ($3/$6 USD) - 2016/07/25 20:45:24 ET
Table 'Gyptis II' 6-max Seat #1 is the button
Seat 1: abster2366 ($537.40 in chips)
Seat 4: Masqb ($267.05 in chips)
abster2366: posts small blind $1
Masqb: posts big blind $3
*** HOLE CARDS ***
abster2366: raises $3 to $6
Masqb: calls $3
*** FLOP *** [7h Jc Ah]
Masqb: checks
abster2366: bets $3
Masqb: calls $3
*** TURN *** [7h Jc Ah] [9s]
Masqb: checks
abster2366: checks
*** RIVER *** [7h Jc Ah 9s] [8s]
Masqb: checks
abster2366: checks
*** SHOW DOWN ***
Masqb: shows [As 4d] (a pair of Aces)
abster2366: mucks hand
Masqb collected $17.64 from pot
*** SUMMARY ***
Total pot $18 | Rake $0.36
Board [7h Jc Ah 9s 8s]
Seat 1: abster2366 (button) (small blind) mucked
Seat 4: Masqb (big blind) showed [As 4d] and won ($17.64) with a pair of Aces


PokerStars Hand #156450962898:  Hold'em Limit ($3/$6 USD) - 2016/07/25 21:51:09 ET
Table 'Gyptis II' 6-max Seat #3 is the button
Seat 3: Great_Kang ($207.71 in chips)
Seat 5: komornik ($104.81 in chips)
Great_Kang: posts small blind $1
komornik: posts big blind $3
*** HOLE CARDS ***
Great_Kang: raises $3 to $6
komornik: raises $3 to $9
Great_Kang: calls $3
*** FLOP *** [Jc 5c Ah]
komornik: bets $3
Great_Kang: calls $3
*** TURN *** [Jc 5c Ah] [5d]
komornik: checks
Great_Kang: bets $6
komornik: folds
Uncalled bet ($6) returned to Great_Kang
Great_Kang collected $23.52 from pot
Great_Kang: doesn't show hand
*** SUMMARY ***
Total pot $24 | Rake $0.48
Board [Jc 5c Ah 5d]
Seat 3: Great_Kang (button) (small blind) collected ($23.52)
Seat 5: komornik (big blind) folded on the Turn


