PokerStars Hand #152323989588:  Hold'em Limit ($3/$6 USD) - 2016/04/23 9:06:24 ET
Table 'Hadar III' 10-max Seat #1 is the button
Seat 1: fourthtry ($52.44 in chips)
Seat 7: Airbag999 ($120 in chips)
fourthtry: posts small blind $1
Airbag999: posts big blind $3
*** HOLE CARDS ***
fourthtry: raises $3 to $6
Airbag999: folds
Uncalled bet ($3) returned to fourthtry
fourthtry collected $6 from pot
fourthtry: doesn't show hand
*** SUMMARY ***
Total pot $6 | Rake $0
Seat 1: fourthtry (button) (small blind) collected ($6)
Seat 7: Airbag999 (big blind) folded before Flop


PokerStars Hand #152324043418:  Hold'em Limit ($3/$6 USD) - 2016/04/23 9:07:47 ET
Table 'Hadar III' 10-max Seat #7 is the button
Seat 1: fourthtry ($25.44 in chips)
Seat 7: Airbag999 ($146 in chips)
Airbag999: posts small blind $1
fourthtry: posts big blind $3
*** HOLE CARDS ***
Airbag999: raises $3 to $6
fourthtry: folds
Uncalled bet ($3) returned to Airbag999
Airbag999 collected $6 from pot
Airbag999: doesn't show hand
*** SUMMARY ***
Total pot $6 | Rake $0
Seat 1: fourthtry (big blind) folded before Flop
Seat 7: Airbag999 (button) (small blind) collected ($6)


PokerStars Hand #152324019902:  Hold'em Limit ($3/$6 USD) - 2016/04/23 9:07:11 ET
Table 'Hadar III' 10-max Seat #1 is the button
Seat 1: fourthtry ($40.44 in chips)
Seat 7: Airbag999 ($131.50 in chips)
fourthtry: posts small blind $1
Airbag999: posts big blind $3
*** HOLE CARDS ***
fourthtry: calls $2
Airbag999: raises $3 to $6
fourthtry: calls $3
*** FLOP *** [7c 8h Js]
Airbag999: bets $3
fourthtry: calls $3
*** TURN *** [7c 8h Js] [5c]
Airbag999: checks
fourthtry: bets $6
Airbag999: calls $6
*** RIVER *** [7c 8h Js 5c] [Ad]
Airbag999: bets $6
fourthtry: folds
Uncalled bet ($6) returned to Airbag999
Airbag999 collected $29.50 from pot
Airbag999: doesn't show hand
*** SUMMARY ***
Total pot $30 | Rake $0.50
Board [7c 8h Js 5c Ad]
Seat 1: fourthtry (button) (small blind) folded on the River
Seat 7: Airbag999 (big blind) collected ($29.50)


PokerStars Hand #152323996295:  Hold'em Limit ($3/$6 USD) - 2016/04/23 9:06:34 ET
Table 'Hadar III' 10-max Seat #7 is the button
Seat 1: fourthtry ($55.44 in chips)
Seat 7: Airbag999 ($117 in chips)
Airbag999: posts small blind $1
fourthtry: posts big blind $3
*** HOLE CARDS ***
Airbag999: raises $3 to $6
fourthtry: calls $3
*** FLOP *** [Th 8s Qh]
fourthtry: checks
Airbag999: bets $3
fourthtry: calls $3
*** TURN *** [Th 8s Qh] [7d]
fourthtry: checks
Airbag999: bets $6
fourthtry: calls $6
*** RIVER *** [Th 8s Qh 7d] [Td]
fourthtry: checks
Airbag999: bets $6
fourthtry: folds
Uncalled bet ($6) returned to Airbag999
Airbag999 collected $29.50 from pot
Airbag999: doesn't show hand
*** SUMMARY ***
Total pot $30 | Rake $0.50
Board [Th 8s Qh 7d Td]
Seat 1: fourthtry (big blind) folded on the River
Seat 7: Airbag999 (button) (small blind) collected ($29.50)


PokerStars Hand #152324084746:  Hold'em Limit ($3/$6 USD) - 2016/04/23 9:08:50 ET
Table 'Hadar III' 10-max Seat #7 is the button
Seat 1: fourthtry ($15.20 in chips)
Seat 7: Airbag999 ($155.52 in chips)
Airbag999: posts small blind $1
fourthtry: posts big blind $3
*** HOLE CARDS ***
Airbag999: raises $3 to $6
fourthtry: folds
Uncalled bet ($3) returned to Airbag999
Airbag999 collected $6 from pot
Airbag999: doesn't show hand
*** SUMMARY ***
Total pot $6 | Rake $0
Seat 1: fourthtry (big blind) folded before Flop
Seat 7: Airbag999 (button) (small blind) collected ($6)


PokerStars Hand #152324080912:  Hold'em Limit ($3/$6 USD) - 2016/04/23 9:08:44 ET
Table 'Hadar III' 10-max Seat #1 is the button
Seat 1: fourthtry ($16.20 in chips)
Seat 7: Airbag999 ($154.52 in chips)
fourthtry: posts small blind $1
Airbag999: posts big blind $3
*** HOLE CARDS ***
fourthtry: folds
Uncalled bet ($2) returned to Airbag999
Airbag999 collected $2 from pot
Airbag999: doesn't show hand
*** SUMMARY ***
Total pot $2 | Rake $0
Seat 1: fourthtry (button) (small blind) folded before Flop
Seat 7: Airbag999 (big blind) collected ($2)


PokerStars Hand #152324075592:  Hold'em Limit ($3/$6 USD) - 2016/04/23 9:08:36 ET
Table 'Hadar III' 10-max Seat #7 is the button
Seat 1: fourthtry ($15.20 in chips)
Seat 7: Airbag999 ($155.52 in chips)
Airbag999: posts small blind $1
fourthtry: posts big blind $3
*** HOLE CARDS ***
Airbag999: folds
Uncalled bet ($2) returned to fourthtry
fourthtry collected $2 from pot
fourthtry: doesn't show hand
*** SUMMARY ***
Total pot $2 | Rake $0
Seat 1: fourthtry (big blind) collected ($2)
Seat 7: Airbag999 (button) (small blind) folded before Flop


PokerStars Hand #152324071655:  Hold'em Limit ($3/$6 USD) - 2016/04/23 9:08:30 ET
Table 'Hadar III' 10-max Seat #1 is the button
Seat 1: fourthtry ($16.20 in chips)
Seat 7: Airbag999 ($154.52 in chips)
fourthtry: posts small blind $1
Airbag999: posts big blind $3
*** HOLE CARDS ***
fourthtry: folds
Uncalled bet ($2) returned to Airbag999
Airbag999 collected $2 from pot
Airbag999: doesn't show hand
*** SUMMARY ***
Total pot $2 | Rake $0
Seat 1: fourthtry (button) (small blind) folded before Flop
Seat 7: Airbag999 (big blind) collected ($2)


PokerStars Hand #152324062930:  Hold'em Limit ($3/$6 USD) - 2016/04/23 9:08:17 ET
Table 'Hadar III' 10-max Seat #7 is the button
Seat 1: fourthtry ($10.44 in chips)
Seat 7: Airbag999 ($160.52 in chips)
Airbag999: posts small blind $1
fourthtry: posts big blind $3
*** HOLE CARDS ***
Airbag999: raises $3 to $6
fourthtry: calls $3
*** FLOP *** [8h 7d Tc]
fourthtry: bets $3
Airbag999: folds
Uncalled bet ($3) returned to fourthtry
fourthtry collected $11.76 from pot
fourthtry: doesn't show hand
*** SUMMARY ***
Total pot $12 | Rake $0.24
Board [8h 7d Tc]
Seat 1: fourthtry (big blind) collected ($11.76)
Seat 7: Airbag999 (button) (small blind) folded on the Flop


PokerStars Hand #152324049639:  Hold'em Limit ($3/$6 USD) - 2016/04/23 9:07:56 ET
Table 'Hadar III' 10-max Seat #1 is the button
Seat 1: fourthtry ($22.44 in chips)
Seat 7: Airbag999 ($149 in chips)
fourthtry: posts small blind $1
Airbag999: posts big blind $3
*** HOLE CARDS ***
fourthtry: raises $3 to $6
Airbag999: calls $3
*** FLOP *** [7c 7s Ts]
Airbag999: checks
fourthtry: checks
*** TURN *** [7c 7s Ts] [5c]
Airbag999: bets $6
fourthtry: calls $6
*** RIVER *** [7c 7s Ts 5c] [5s]
Airbag999: checks
fourthtry: checks
*** SHOW DOWN ***
Airbag999: shows [6c Ah] (two pair, Sevens and Fives)
fourthtry: mucks hand
Airbag999 collected $23.52 from pot
*** SUMMARY ***
Total pot $24 | Rake $0.48
Board [7c 7s Ts 5c 5s]
Seat 1: fourthtry (button) (small blind) mucked
Seat 7: Airbag999 (big blind) showed [6c Ah] and won ($23.52) with two pair, Sevens and Fives


PokerStars Hand #152324095117:  Hold'em Limit ($3/$6 USD) - 2016/04/23 9:09:06 ET
Table 'Hadar III' 10-max Seat #7 is the button
Seat 1: fourthtry ($11.20 in chips)
Seat 7: Airbag999 ($159.52 in chips)
Airbag999: posts small blind $1
fourthtry: posts big blind $3
*** HOLE CARDS ***
Airbag999: raises $3 to $6
fourthtry: raises $3 to $9
Airbag999: calls $3
*** FLOP *** [8c Td Jc]
fourthtry: bets $2.20 and is all-in
Airbag999: calls $2.20
*** TURN *** [8c Td Jc] [Th]
*** RIVER *** [8c Td Jc Th] [Ks]
*** SHOW DOWN ***
fourthtry: shows [4c Ac] (a pair of Tens)
Airbag999: shows [8s 6d] (two pair, Tens and Eights)
Airbag999 collected $21.95 from pot
*** SUMMARY ***
Total pot $22.40 | Rake $0.45
Board [8c Td Jc Th Ks]
Seat 1: fourthtry (big blind) showed [4c Ac] and lost with a pair of Tens
Seat 7: Airbag999 (button) (small blind) showed [8s 6d] and won ($21.95) with two pair, Tens and Eights


PokerStars Hand #152324090927:  Hold'em Limit ($3/$6 USD) - 2016/04/23 9:09:00 ET
Table 'Hadar III' 10-max Seat #1 is the button
Seat 1: fourthtry ($12.20 in chips)
Seat 7: Airbag999 ($158.52 in chips)
fourthtry: posts small blind $1
Airbag999: posts big blind $3
*** HOLE CARDS ***
fourthtry: folds
Uncalled bet ($2) returned to Airbag999
Airbag999 collected $2 from pot
Airbag999: doesn't show hand
*** SUMMARY ***
Total pot $2 | Rake $0
Seat 1: fourthtry (button) (small blind) folded before Flop
Seat 7: Airbag999 (big blind) collected ($2)


