PokerStars Hand #167565629005:  Hold'em Limit ($3/$6 USD) - 2017/03/14 5:38:28 ET
Table 'Hadir' 6-max Seat #5 is the button
Seat 5: redPOKERman1 ($73.26 in chips)
Seat 6: kolaz03 ($161.53 in chips)
apx0surry9 will be allowed to play after the button
redPOKERman1: posts small blind $1
kolaz03: posts big blind $3
*** HOLE CARDS ***
redPOKERman1: calls $2
luvpok123 leaves the table
ABATAPP joins the table at seat #2
kolaz03: raises $3 to $6
redPOKERman1: calls $3
*** FLOP *** [Qh 5h 4c]
kolaz03: bets $3
redPOKERman1: raises $3 to $6
kolaz03: raises $3 to $9
redPOKERman1: calls $3
*** TURN *** [Qh 5h 4c] [Ks]
kolaz03: bets $6
redPOKERman1: folds
Uncalled bet ($6) returned to kolaz03
kolaz03 collected $29.50 from pot
kolaz03: doesn't show hand
*** SUMMARY ***
Total pot $30 | Rake $0.50
Board [Qh 5h 4c Ks]
Seat 5: redPOKERman1 (button) (small blind) folded on the Turn
Seat 6: kolaz03 (big blind) collected ($29.50)


PokerStars Hand #167569879907:  Hold'em Limit ($3/$6 USD) - 2017/03/14 8:28:20 ET
Table 'Hadir' 6-max Seat #3 is the button
Seat 3: knas4 ($227.39 in chips)
Seat 6: 7ardis ($147.14 in chips)
knas4: posts small blind $1
redPOKERman1 was removed from the table for failing to post
7ardis: posts big blind $3
*** HOLE CARDS ***
knas4: folds
Uncalled bet ($2) returned to 7ardis
7ardis collected $2 from pot
7ardis: doesn't show hand
Agrotait leaves the table
*** SUMMARY ***
Total pot $2 | Rake $0
Seat 3: knas4 (button) (small blind) folded before Flop
Seat 6: 7ardis (big blind) collected ($2)


