PokerStars Hand #175446493803:  Hold'em Limit ($3/$6 USD) - 2017/09/10 3:55:48 ET
Table 'Hadwiger' 6-max Seat #4 is the button
Seat 3: Mempacher ($119 in chips)
Seat 4: VolkovDmitri ($121 in chips)
VolkovDmitri: posts small blind $1
Mempacher: posts big blind $3
*** HOLE CARDS ***
VolkovDmitri: raises $3 to $6
Mempacher: calls $3
*** FLOP *** [Jc 4d 5d]
Mempacher: checks
VolkovDmitri: bets $3
Mempacher: folds
Uncalled bet ($3) returned to VolkovDmitri
VolkovDmitri collected $11.76 from pot
VolkovDmitri: doesn't show hand
*** SUMMARY ***
Total pot $12 | Rake $0.24
Board [Jc 4d 5d]
Seat 3: Mempacher (big blind) folded on the Flop
Seat 4: VolkovDmitri (button) (small blind) collected ($11.76)


PokerStars Hand #175446499484:  Hold'em Limit ($3/$6 USD) - 2017/09/10 3:56:09 ET
Table 'Hadwiger' 6-max Seat #3 is the button
Seat 3: Mempacher ($113 in chips)
Seat 4: VolkovDmitri ($126.76 in chips)
Mempacher: posts small blind $1
VolkovDmitri: posts big blind $3
*** HOLE CARDS ***
Mempacher: raises $3 to $6
VolkovDmitri: calls $3
*** FLOP *** [5d 6c 2c]
VolkovDmitri: checks
Mempacher: bets $3
VolkovDmitri: calls $3
*** TURN *** [5d 6c 2c] [7h]
VolkovDmitri: checks
Mempacher: bets $6
VolkovDmitri: calls $6
*** RIVER *** [5d 6c 2c 7h] [Qs]
VolkovDmitri: checks
Mempacher: bets $6
VolkovDmitri: folds
Uncalled bet ($6) returned to Mempacher
Mempacher collected $29.50 from pot
Mempacher: doesn't show hand
*** SUMMARY ***
Total pot $30 | Rake $0.50
Board [5d 6c 2c 7h Qs]
Seat 3: Mempacher (button) (small blind) collected ($29.50)
Seat 4: VolkovDmitri (big blind) folded on the River


PokerStars Hand #175446507147:  Hold'em Limit ($3/$6 USD) - 2017/09/10 3:56:36 ET
Table 'Hadwiger' 6-max Seat #4 is the button
Seat 3: Mempacher ($127.50 in chips)
Seat 4: VolkovDmitri ($120 in chips)
VolkovDmitri: posts small blind $1
Mempacher: posts big blind $3
*** HOLE CARDS ***
VolkovDmitri: folds
Uncalled bet ($2) returned to Mempacher
Mempacher collected $2 from pot
Mempacher: doesn't show hand
*** SUMMARY ***
Total pot $2 | Rake $0
Seat 3: Mempacher (big blind) collected ($2)
Seat 4: VolkovDmitri (button) (small blind) folded before Flop


PokerStars Hand #175446509768:  Hold'em Limit ($3/$6 USD) - 2017/09/10 3:56:45 ET
Table 'Hadwiger' 6-max Seat #3 is the button
Seat 3: Mempacher ($128.50 in chips)
Seat 4: VolkovDmitri ($120 in chips)
Mempacher: posts small blind $1
VolkovDmitri: posts big blind $3
*** HOLE CARDS ***
Mempacher: calls $2
VolkovDmitri: raises $3 to $6
Mempacher: calls $3
*** FLOP *** [5h Ad 2h]
VolkovDmitri: bets $3
Mempacher: folds
Uncalled bet ($3) returned to VolkovDmitri
VolkovDmitri collected $11.76 from pot
VolkovDmitri: doesn't show hand
*** SUMMARY ***
Total pot $12 | Rake $0.24
Board [5h Ad 2h]
Seat 3: Mempacher (button) (small blind) folded on the Flop
Seat 4: VolkovDmitri (big blind) collected ($11.76)


PokerStars Hand #175446525350:  Hold'em Limit ($3/$6 USD) - 2017/09/10 3:57:39 ET
Table 'Hadwiger' 6-max Seat #3 is the button
Seat 3: Mempacher ($143 in chips)
Seat 4: VolkovDmitri ($120 in chips)
Mempacher: posts small blind $1
VolkovDmitri: posts big blind $3
*** HOLE CARDS ***
Mempacher: raises $3 to $6
VolkovDmitri: raises $3 to $9
Mempacher: calls $3
*** FLOP *** [Qh 9d 2d]
VolkovDmitri: bets $3
Mempacher: calls $3
*** TURN *** [Qh 9d 2d] [3c]
VolkovDmitri: bets $6
Mempacher: calls $6
*** RIVER *** [Qh 9d 2d 3c] [Qs]
VolkovDmitri: bets $6
Mempacher: folds
Uncalled bet ($6) returned to VolkovDmitri
VolkovDmitri collected $35.50 from pot
VolkovDmitri: doesn't show hand
*** SUMMARY ***
Total pot $36 | Rake $0.50
Board [Qh 9d 2d 3c Qs]
Seat 3: Mempacher (button) (small blind) folded on the River
Seat 4: VolkovDmitri (big blind) collected ($35.50)


PokerStars Hand #175446513532:  Hold'em Limit ($3/$6 USD) - 2017/09/10 3:56:58 ET
Table 'Hadwiger' 6-max Seat #4 is the button
Seat 3: Mempacher ($122.50 in chips)
Seat 4: VolkovDmitri ($125.76 in chips)
VolkovDmitri: posts small blind $1
Mempacher: posts big blind $3
*** HOLE CARDS ***
VolkovDmitri: raises $3 to $6
Mempacher: calls $3
*** FLOP *** [Th Kd 9h]
Mempacher: bets $3
VolkovDmitri: raises $3 to $6
Mempacher: raises $3 to $9
VolkovDmitri: calls $3
*** TURN *** [Th Kd 9h] [Tc]
Mempacher: bets $6
VolkovDmitri: calls $6
*** RIVER *** [Th Kd 9h Tc] [7c]
Mempacher: bets $6
VolkovDmitri: folds
Uncalled bet ($6) returned to Mempacher
Mempacher collected $41.50 from pot
Mempacher: doesn't show hand
*** SUMMARY ***
Total pot $42 | Rake $0.50
Board [Th Kd 9h Tc 7c]
Seat 3: Mempacher (big blind) collected ($41.50)
Seat 4: VolkovDmitri (button) (small blind) folded on the River


PokerStars Hand #175446548216:  Hold'em Limit ($3/$6 USD) - 2017/09/10 3:58:57 ET
Table 'Hadwiger' 6-max Seat #4 is the button
Seat 3: Mempacher ($115.76 in chips)
Seat 4: VolkovDmitri ($146.14 in chips)
VolkovDmitri: posts small blind $1
Mempacher: posts big blind $3
*** HOLE CARDS ***
VolkovDmitri: raises $3 to $6
Mempacher: calls $3
*** FLOP *** [8s 7d Qd]
Mempacher: checks
VolkovDmitri: bets $3
Mempacher: folds
Uncalled bet ($3) returned to VolkovDmitri
VolkovDmitri collected $11.76 from pot
VolkovDmitri: doesn't show hand
*** SUMMARY ***
Total pot $12 | Rake $0.24
Board [8s 7d Qd]
Seat 3: Mempacher (big blind) folded on the Flop
Seat 4: VolkovDmitri (button) (small blind) collected ($11.76)


PokerStars Hand #175446541791:  Hold'em Limit ($3/$6 USD) - 2017/09/10 3:58:35 ET
Table 'Hadwiger' 6-max Seat #3 is the button
Seat 3: Mempacher ($110 in chips)
Seat 4: VolkovDmitri ($152.14 in chips)
Mempacher: posts small blind $1
VolkovDmitri: posts big blind $3
*** HOLE CARDS ***
Mempacher: raises $3 to $6
VolkovDmitri: calls $3
*** FLOP *** [Qd 6h 9c]
VolkovDmitri: checks
Mempacher: checks
*** TURN *** [Qd 6h 9c] [Jh]
VolkovDmitri: checks
Mempacher: checks
*** RIVER *** [Qd 6h 9c Jh] [5d]
VolkovDmitri: checks
Mempacher: checks
*** SHOW DOWN ***
VolkovDmitri: shows [Kd 4s] (high card King)
Mempacher: shows [As 3c] (high card Ace)
Mempacher collected $11.76 from pot
*** SUMMARY ***
Total pot $12 | Rake $0.24
Board [Qd 6h 9c Jh 5d]
Seat 3: Mempacher (button) (small blind) showed [As 3c] and won ($11.76) with high card Ace
Seat 4: VolkovDmitri (big blind) showed [Kd 4s] and lost with high card King


PokerStars Hand #175446558294:  Hold'em Limit ($3/$6 USD) - 2017/09/10 3:59:33 ET
Table 'Hadwiger' 6-max Seat #4 is the button
Seat 3: Mempacher ($139.26 in chips)
Seat 4: VolkovDmitri ($121.90 in chips)
VolkovDmitri: posts small blind $1
Mempacher: posts big blind $3
*** HOLE CARDS ***
VolkovDmitri: raises $3 to $6
Mempacher: calls $3
*** FLOP *** [2h 9c Ks]
Mempacher: checks
VolkovDmitri: bets $3
Mempacher: folds
Uncalled bet ($3) returned to VolkovDmitri
VolkovDmitri collected $11.76 from pot
VolkovDmitri: doesn't show hand
*** SUMMARY ***
Total pot $12 | Rake $0.24
Board [2h 9c Ks]
Seat 3: Mempacher (big blind) folded on the Flop
Seat 4: VolkovDmitri (button) (small blind) collected ($11.76)


PokerStars Hand #175446551676:  Hold'em Limit ($3/$6 USD) - 2017/09/10 3:59:10 ET
Table 'Hadwiger' 6-max Seat #3 is the button
Seat 3: Mempacher ($109.76 in chips)
Seat 4: VolkovDmitri ($151.90 in chips)
Mempacher: posts small blind $1
VolkovDmitri: posts big blind $3
*** HOLE CARDS ***
Mempacher: raises $3 to $6
VolkovDmitri: raises $3 to $9
Mempacher: raises $3 to $12
Betting is capped
VolkovDmitri: calls $3
*** FLOP *** [7d 6d 3s]
VolkovDmitri: bets $3
Mempacher: raises $3 to $6
VolkovDmitri: calls $3
*** TURN *** [7d 6d 3s] [Kc]
VolkovDmitri: checks
Mempacher: bets $6
VolkovDmitri: calls $6
*** RIVER *** [7d 6d 3s Kc] [4h]
VolkovDmitri: checks
Mempacher: bets $6
VolkovDmitri: calls $6
*** SHOW DOWN ***
Mempacher: shows [Qs 6s] (a pair of Sixes)
VolkovDmitri: mucks hand
Mempacher collected $59.50 from pot
*** SUMMARY ***
Total pot $60 | Rake $0.50
Board [7d 6d 3s Kc 4h]
Seat 3: Mempacher (button) (small blind) showed [Qs 6s] and won ($59.50) with a pair of Sixes
Seat 4: VolkovDmitri (big blind) mucked


PokerStars Hand #175446561714:  Hold'em Limit ($3/$6 USD) - 2017/09/10 3:59:44 ET
Table 'Hadwiger' 6-max Seat #3 is the button
Seat 3: Mempacher ($133.26 in chips)
Seat 4: VolkovDmitri ($127.66 in chips)
Mempacher: posts small blind $1
VolkovDmitri: posts big blind $3
*** HOLE CARDS ***
Mempacher: raises $3 to $6
VolkovDmitri: calls $3
*** FLOP *** [7c Kc Ac]
VolkovDmitri: checks
Mempacher: bets $3
VolkovDmitri: raises $3 to $6
Mempacher: folds
Uncalled bet ($3) returned to VolkovDmitri
VolkovDmitri collected $17.64 from pot
VolkovDmitri: doesn't show hand
*** SUMMARY ***
Total pot $18 | Rake $0.36
Board [7c Kc Ac]
Seat 3: Mempacher (button) (small blind) folded on the Flop
Seat 4: VolkovDmitri (big blind) collected ($17.64)


