PokerStars Hand #168756129141:  Hold'em Limit ($3/$6 USD) - 2017/04/08 13:19:48 ET
Table 'Haedus' 6-max Seat #3 is the button
Seat 3: CsGoFast ($120 in chips)
Seat 4: Agrotait ($72 in chips)
CsGoFast: posts small blind $1
Agrotait: posts big blind $3
*** HOLE CARDS ***
CsGoFast: raises $3 to $6
Agrotait: calls $3
*** FLOP *** [Kc Td As]
Agrotait: checks
CsGoFast: bets $3
Agrotait: calls $3
*** TURN *** [Kc Td As] [Jh]
Agrotait: checks
CsGoFast: checks
*** RIVER *** [Kc Td As Jh] [5s]
Agrotait: checks
CsGoFast: bets $6
Agrotait: calls $6
*** SHOW DOWN ***
CsGoFast: shows [Ah Qd] (a straight, Ten to Ace)
Agrotait: mucks hand
CsGoFast collected $29.50 from pot
*** SUMMARY ***
Total pot $30 | Rake $0.50
Board [Kc Td As Jh 5s]
Seat 3: CsGoFast (button) (small blind) showed [Ah Qd] and won ($29.50) with a straight, Ten to Ace
Seat 4: Agrotait (big blind) mucked


PokerStars Hand #168756177443:  Hold'em Limit ($3/$6 USD) - 2017/04/08 13:20:48 ET
Table 'Haedus' 6-max Seat #3 is the button
Seat 3: CsGoFast ($116.50 in chips)
Seat 4: Agrotait ($89.50 in chips)
CsGoFast: posts small blind $1
Agrotait: posts big blind $3
*** HOLE CARDS ***
CsGoFast: raises $3 to $6
Agrotait: calls $3
*** FLOP *** [3c 5d Tc]
Agrotait: checks
CsGoFast: bets $3
Agrotait: calls $3
*** TURN *** [3c 5d Tc] [Qs]
Agrotait: checks
CsGoFast: checks
*** RIVER *** [3c 5d Tc Qs] [6c]
Agrotait: checks
CsGoFast: bets $6
Agrotait: calls $6
*** SHOW DOWN ***
CsGoFast: shows [6h 7d] (a pair of Sixes)
Agrotait: mucks hand
CsGoFast collected $29.50 from pot
*** SUMMARY ***
Total pot $30 | Rake $0.50
Board [3c 5d Tc Qs 6c]
Seat 3: CsGoFast (button) (small blind) showed [6h 7d] and won ($29.50) with a pair of Sixes
Seat 4: Agrotait (big blind) mucked


PokerStars Hand #168756163155:  Hold'em Limit ($3/$6 USD) - 2017/04/08 13:20:31 ET
Table 'Haedus' 6-max Seat #4 is the button
Seat 3: CsGoFast ($134.50 in chips)
Seat 4: Agrotait ($72 in chips)
Agrotait: posts small blind $1
CsGoFast: posts big blind $3
*** HOLE CARDS ***
Agrotait: raises $3 to $6
CsGoFast: raises $3 to $9
Agrotait: calls $3
*** FLOP *** [2d 5d As]
CsGoFast: bets $3
Agrotait: calls $3
*** TURN *** [2d 5d As] [Kh]
CsGoFast: bets $6
Agrotait: calls $6
*** RIVER *** [2d 5d As Kh] [3c]
CsGoFast: checks
Agrotait: checks
*** SHOW DOWN ***
CsGoFast: shows [8h Th] (high card Ace)
Agrotait: shows [7h 7s] (a pair of Sevens)
Agrotait collected $35.50 from pot
*** SUMMARY ***
Total pot $36 | Rake $0.50
Board [2d 5d As Kh 3c]
Seat 3: CsGoFast (big blind) showed [8h Th] and lost with high card Ace
Seat 4: Agrotait (button) (small blind) showed [7h 7s] and won ($35.50) with a pair of Sevens


PokerStars Hand #168756242365:  Hold'em Limit ($3/$6 USD) - 2017/04/08 13:22:10 ET
Table 'Haedus' 6-max Seat #4 is the button
Seat 3: CsGoFast ($163.02 in chips)
Seat 4: Agrotait ($60 in chips)
Agrotait: posts small blind $1
CsGoFast: posts big blind $3
*** HOLE CARDS ***
Agrotait: raises $3 to $6
CsGoFast: calls $3
*** FLOP *** [5c Qh 6h]
CsGoFast: checks
Agrotait: bets $3
CsGoFast: folds
Uncalled bet ($3) returned to Agrotait
Agrotait collected $11.76 from pot
*** SUMMARY ***
Total pot $12 | Rake $0.24
Board [5c Qh 6h]
Seat 3: CsGoFast (big blind) folded on the Flop
Seat 4: Agrotait (button) (small blind) collected ($11.76)


PokerStars Hand #168756226642:  Hold'em Limit ($3/$6 USD) - 2017/04/08 13:21:50 ET
Table 'Haedus' 6-max Seat #3 is the button
Seat 3: CsGoFast ($151.50 in chips)
Seat 4: Agrotait ($72 in chips)
CsGoFast: posts small blind $1
Agrotait: posts big blind $3
*** HOLE CARDS ***
CsGoFast: raises $3 to $6
Agrotait: calls $3
*** FLOP *** [5s Kc Ad]
Agrotait: checks
CsGoFast: checks
*** TURN *** [5s Kc Ad] [6s]
Agrotait: checks
CsGoFast: checks
*** RIVER *** [5s Kc Ad 6s] [7c]
Agrotait: checks
CsGoFast: bets $6
Agrotait: calls $6
*** SHOW DOWN ***
CsGoFast: shows [9d 8d] (a straight, Five to Nine)
Agrotait: mucks hand
CsGoFast collected $23.52 from pot
*** SUMMARY ***
Total pot $24 | Rake $0.48
Board [5s Kc Ad 6s 7c]
Seat 3: CsGoFast (button) (small blind) showed [9d 8d] and won ($23.52) with a straight, Five to Nine
Seat 4: Agrotait (big blind) mucked


PokerStars Hand #168756201307:  Hold'em Limit ($3/$6 USD) - 2017/04/08 13:21:18 ET
Table 'Haedus' 6-max Seat #4 is the button
Seat 3: CsGoFast ($131 in chips)
Seat 4: Agrotait ($74.50 in chips)
Agrotait: posts small blind $1
CsGoFast: posts big blind $3
*** HOLE CARDS ***
Agrotait: raises $3 to $6
CsGoFast: calls $3
*** FLOP *** [Ts Qs Th]
CsGoFast: bets $3
Agrotait: calls $3
*** TURN *** [Ts Qs Th] [Js]
CsGoFast: bets $6
Agrotait: calls $6
*** RIVER *** [Ts Qs Th Js] [8d]
CsGoFast: bets $6
Agrotait: calls $6
*** SHOW DOWN ***
CsGoFast: shows [7s 9d] (a straight, Eight to Queen)
Agrotait: mucks hand
CsGoFast collected $41.50 from pot
*** SUMMARY ***
Total pot $42 | Rake $0.50
Board [Ts Qs Th Js 8d]
Seat 3: CsGoFast (big blind) showed [7s 9d] and won ($41.50) with a straight, Eight to Queen
Seat 4: Agrotait (button) (small blind) mucked


PokerStars Hand #168756295731:  Hold'em Limit ($3/$6 USD) - 2017/04/08 13:23:17 ET
Table 'Haedus' 6-max Seat #4 is the button
Seat 3: CsGoFast ($144.02 in chips)
Seat 4: Agrotait ($78.40 in chips)
Agrotait: posts small blind $1
CsGoFast: posts big blind $3
*** HOLE CARDS ***
Agrotait: raises $3 to $6
CsGoFast: folds
Uncalled bet ($3) returned to Agrotait
Agrotait collected $6 from pot
Agrotait: doesn't show hand
*** SUMMARY ***
Total pot $6 | Rake $0
Seat 3: CsGoFast (big blind) folded before Flop
Seat 4: Agrotait (button) (small blind) collected ($6)


PokerStars Hand #168756288388:  Hold'em Limit ($3/$6 USD) - 2017/04/08 13:23:07 ET
Table 'Haedus' 6-max Seat #3 is the button
Seat 3: CsGoFast ($145.02 in chips)
Seat 4: Agrotait ($77.40 in chips)
CsGoFast: posts small blind $1
Agrotait: posts big blind $3
*** HOLE CARDS ***
CsGoFast: folds
Uncalled bet ($2) returned to Agrotait
Agrotait collected $2 from pot
Agrotait: doesn't show hand
*** SUMMARY ***
Total pot $2 | Rake $0
Seat 3: CsGoFast (button) (small blind) folded before Flop
Seat 4: Agrotait (big blind) collected ($2)


PokerStars Hand #168756278461:  Hold'em Limit ($3/$6 USD) - 2017/04/08 13:22:55 ET
Table 'Haedus' 6-max Seat #4 is the button
Seat 3: CsGoFast ($148.02 in chips)
Seat 4: Agrotait ($74.40 in chips)
Agrotait: posts small blind $1
CsGoFast: posts big blind $3
*** HOLE CARDS ***
Agrotait: raises $3 to $6
CsGoFast: folds
Uncalled bet ($3) returned to Agrotait
Agrotait collected $6 from pot
Agrotait: doesn't show hand
*** SUMMARY ***
Total pot $6 | Rake $0
Seat 3: CsGoFast (big blind) folded before Flop
Seat 4: Agrotait (button) (small blind) collected ($6)


PokerStars Hand #168756251374:  Hold'em Limit ($3/$6 USD) - 2017/04/08 13:22:21 ET
Table 'Haedus' 6-max Seat #3 is the button
Seat 3: CsGoFast ($157.02 in chips)
Seat 4: Agrotait ($65.76 in chips)
CsGoFast: posts small blind $1
Agrotait: posts big blind $3
*** HOLE CARDS ***
CsGoFast: raises $3 to $6
Agrotait: calls $3
*** FLOP *** [Ad 6d Kc]
Agrotait: checks
CsGoFast: bets $3
Agrotait: calls $3
*** TURN *** [Ad 6d Kc] [4s]
Agrotait: checks
CsGoFast: checks
*** RIVER *** [Ad 6d Kc 4s] [Ac]
Agrotait: bets $6
CsGoFast: folds
Uncalled bet ($6) returned to Agrotait
Agrotait collected $17.64 from pot
Agrotait: doesn't show hand
*** SUMMARY ***
Total pot $18 | Rake $0.36
Board [Ad 6d Kc 4s Ac]
Seat 3: CsGoFast (button) (small blind) folded on the River
Seat 4: Agrotait (big blind) collected ($17.64)


PokerStars Hand #168756343676:  Hold'em Limit ($3/$6 USD) - 2017/04/08 13:24:17 ET
Table 'Haedus' 6-max Seat #3 is the button
Seat 3: CsGoFast ($161.52 in chips)
Seat 4: Agrotait ($80.64 in chips)
CsGoFast: posts small blind $1
Agrotait: posts big blind $3
*** HOLE CARDS ***
CsGoFast: raises $3 to $6
Agrotait: raises $3 to $9
CsGoFast: calls $3
*** FLOP *** [Js 5s 8h]
Agrotait: bets $3
CsGoFast: calls $3
*** TURN *** [Js 5s 8h] [Qh]
Agrotait: bets $6
CsGoFast: folds
Uncalled bet ($6) returned to Agrotait
Agrotait collected $23.52 from pot
Agrotait: doesn't show hand
*** SUMMARY ***
Total pot $24 | Rake $0.48
Board [Js 5s 8h Qh]
Seat 3: CsGoFast (button) (small blind) folded on the Turn
Seat 4: Agrotait (big blind) collected ($23.52)


PokerStars Hand #168756328391:  Hold'em Limit ($3/$6 USD) - 2017/04/08 13:23:58 ET
Table 'Haedus' 6-max Seat #4 is the button
Seat 3: CsGoFast ($170.52 in chips)
Seat 4: Agrotait ($72 in chips)
Agrotait: posts small blind $1
CsGoFast: posts big blind $3
*** HOLE CARDS ***
Agrotait: raises $3 to $6
CsGoFast: calls $3
*** FLOP *** [5h 7h Td]
CsGoFast: checks
Agrotait: bets $3
CsGoFast: calls $3
*** TURN *** [5h 7h Td] [Qs]
CsGoFast: checks
Agrotait: bets $6
CsGoFast: folds
Uncalled bet ($6) returned to Agrotait
Agrotait collected $17.64 from pot
Agrotait: doesn't show hand
*** SUMMARY ***
Total pot $18 | Rake $0.36
Board [5h 7h Td Qs]
Seat 3: CsGoFast (big blind) folded on the Turn
Seat 4: Agrotait (button) (small blind) collected ($17.64)


PokerStars Hand #168756312340:  Hold'em Limit ($3/$6 USD) - 2017/04/08 13:23:38 ET
Table 'Haedus' 6-max Seat #3 is the button
Seat 3: CsGoFast ($141.02 in chips)
Seat 4: Agrotait ($81.40 in chips)
CsGoFast: posts small blind $1
Agrotait: posts big blind $3
*** HOLE CARDS ***
CsGoFast: raises $3 to $6
Agrotait: raises $3 to $9
CsGoFast: calls $3
*** FLOP *** [4c 2h Tc]
Agrotait: bets $3
CsGoFast: calls $3
*** TURN *** [4c 2h Tc] [2d]
Agrotait: bets $6
CsGoFast: calls $6
*** RIVER *** [4c 2h Tc 2d] [Qs]
Agrotait: bets $6
CsGoFast: raises $6 to $12
Agrotait: calls $6
*** SHOW DOWN ***
CsGoFast: shows [Qc 6c] (two pair, Queens and Deuces)
Agrotait: mucks hand
CsGoFast collected $59.50 from pot
*** SUMMARY ***
Total pot $60 | Rake $0.50
Board [4c 2h Tc 2d Qs]
Seat 3: CsGoFast (button) (small blind) showed [Qc 6c] and won ($59.50) with two pair, Queens and Deuces
Seat 4: Agrotait (big blind) mucked


PokerStars Hand #168756394106:  Hold'em Limit ($3/$6 USD) - 2017/04/08 13:25:20 ET
Table 'Haedus' 6-max Seat #4 is the button
Seat 3: CsGoFast ($146.28 in chips)
Seat 4: Agrotait ($94.80 in chips)
Agrotait: posts small blind $1
CsGoFast: posts big blind $3
*** HOLE CARDS ***
Agrotait: calls $2
CsGoFast: checks
*** FLOP *** [3c Kh Jd]
CsGoFast: checks
Agrotait: bets $3
CsGoFast: folds
Uncalled bet ($3) returned to Agrotait
Agrotait collected $5.88 from pot
Agrotait: doesn't show hand
*** SUMMARY ***
Total pot $6 | Rake $0.12
Board [3c Kh Jd]
Seat 3: CsGoFast (big blind) folded on the Flop
Seat 4: Agrotait (button) (small blind) collected ($5.88)


PokerStars Hand #168756380287:  Hold'em Limit ($3/$6 USD) - 2017/04/08 13:25:03 ET
Table 'Haedus' 6-max Seat #3 is the button
Seat 3: CsGoFast ($140.52 in chips)
Seat 4: Agrotait ($100.80 in chips)
CsGoFast: posts small blind $1
Agrotait: posts big blind $3
*** HOLE CARDS ***
CsGoFast: raises $3 to $6
Agrotait: calls $3
*** FLOP *** [9h 9s 6h]
Agrotait: checks
CsGoFast: checks
*** TURN *** [9h 9s 6h] [6d]
Agrotait: checks
CsGoFast: checks
*** RIVER *** [9h 9s 6h 6d] [Jd]
Agrotait: checks
CsGoFast: bets $6
Agrotait: folds
Uncalled bet ($6) returned to CsGoFast
CsGoFast collected $11.76 from pot
*** SUMMARY ***
Total pot $12 | Rake $0.24
Board [9h 9s 6h 6d Jd]
Seat 3: CsGoFast (button) (small blind) collected ($11.76)
Seat 4: Agrotait (big blind) folded on the River


PokerStars Hand #168756356642:  Hold'em Limit ($3/$6 USD) - 2017/04/08 13:24:33 ET
Table 'Haedus' 6-max Seat #4 is the button
Seat 3: CsGoFast ($149.52 in chips)
Seat 4: Agrotait ($92.16 in chips)
Agrotait: posts small blind $1
CsGoFast: posts big blind $3
*** HOLE CARDS ***
Agrotait: raises $3 to $6
CsGoFast: calls $3
*** FLOP *** [7h Td 4d]
CsGoFast: checks
Agrotait: bets $3
CsGoFast: calls $3
*** TURN *** [7h Td 4d] [Qh]
CsGoFast: checks
Agrotait: checks
*** RIVER *** [7h Td 4d Qh] [6d]
CsGoFast: checks
Agrotait: checks
*** SHOW DOWN ***
CsGoFast: shows [4h Jc] (a pair of Fours)
Agrotait: shows [8d 6s] (a pair of Sixes)
Agrotait collected $17.64 from pot
*** SUMMARY ***
Total pot $18 | Rake $0.36
Board [7h Td 4d Qh 6d]
Seat 3: CsGoFast (big blind) showed [4h Jc] and lost with a pair of Fours
Seat 4: Agrotait (button) (small blind) showed [8d 6s] and won ($17.64) with a pair of Sixes


PokerStars Hand #168756411259:  Hold'em Limit ($3/$6 USD) - 2017/04/08 13:25:42 ET
Table 'Haedus' 6-max Seat #3 is the button
Seat 3: CsGoFast ($143.28 in chips)
Seat 4: Agrotait ($97.68 in chips)
CsGoFast: posts small blind $1
Agrotait: posts big blind $3
*** HOLE CARDS ***
CsGoFast: raises $3 to $6
Agrotait: raises $3 to $9
CsGoFast: calls $3
*** FLOP *** [Qd 2h 7c]
Agrotait: bets $3
CsGoFast: calls $3
*** TURN *** [Qd 2h 7c] [As]
Agrotait: bets $6
CsGoFast: calls $6
*** RIVER *** [Qd 2h 7c As] [8d]
Agrotait: bets $6
CsGoFast: calls $6
*** SHOW DOWN ***
Agrotait: shows [8c Tc] (a pair of Eights)
CsGoFast: mucks hand
Agrotait collected $47.50 from pot
*** SUMMARY ***
Total pot $48 | Rake $0.50
Board [Qd 2h 7c As 8d]
Seat 3: CsGoFast (button) (small blind) mucked
Seat 4: Agrotait (big blind) showed [8c Tc] and won ($47.50) with a pair of Eights


