PokerStars Hand #168059463633:  Hold'em Limit ($3/$6 USD) - 2017/03/24 18:08:42 ET
Table 'Haedus II' 6-max Seat #3 is the button
Seat 3: Eklund_1891 ($152.78 in chips)
Seat 5: GRAILKO ($166 in chips)
Eklund_1891: posts small blind $1
GRAILKO: posts big blind $3
*** HOLE CARDS ***
Eklund_1891: folds
Uncalled bet ($2) returned to GRAILKO
GRAILKO collected $2 from pot
GRAILKO: doesn't show hand
*** SUMMARY ***
Total pot $2 | Rake $0
Seat 3: Eklund_1891 (button) (small blind) folded before Flop
Seat 5: GRAILKO (big blind) collected ($2)


PokerStars Hand #168059448088:  Hold'em Limit ($3/$6 USD) - 2017/03/24 18:08:23 ET
Table 'Haedus II' 6-max Seat #5 is the button
Seat 3: Eklund_1891 ($141.26 in chips)
Seat 5: GRAILKO ($178 in chips)
GRAILKO: posts small blind $1
Eklund_1891: posts big blind $3
*** HOLE CARDS ***
GRAILKO: raises $3 to $6
Eklund_1891: calls $3
*** FLOP *** [Qc 5h 4s]
Eklund_1891: checks
GRAILKO: checks
*** TURN *** [Qc 5h 4s] [5c]
Eklund_1891: bets $6
GRAILKO: calls $6
*** RIVER *** [Qc 5h 4s 5c] [3h]
Eklund_1891: checks
GRAILKO: checks
*** SHOW DOWN ***
Eklund_1891: shows [Tc 4c] (two pair, Fives and Fours)
GRAILKO: mucks hand
Eklund_1891 collected $23.52 from pot
*** SUMMARY ***
Total pot $24 | Rake $0.48
Board [Qc 5h 4s 5c 3h]
Seat 3: Eklund_1891 (big blind) showed [Tc 4c] and won ($23.52) with two pair, Fives and Fours
Seat 5: GRAILKO (button) (small blind) mucked


PokerStars Hand #168059438062:  Hold'em Limit ($3/$6 USD) - 2017/03/24 18:08:11 ET
Table 'Haedus II' 6-max Seat #3 is the button
Seat 3: Eklund_1891 ($135.50 in chips)
Seat 5: GRAILKO ($184 in chips)
Eklund_1891: posts small blind $1
GRAILKO: posts big blind $3
*** HOLE CARDS ***
Eklund_1891: raises $3 to $6
GRAILKO: calls $3
*** FLOP *** [9h 8s Ah]
GRAILKO: checks
Eklund_1891: bets $3
GRAILKO: folds
Uncalled bet ($3) returned to Eklund_1891
Eklund_1891 collected $11.76 from pot
Eklund_1891: doesn't show hand
*** SUMMARY ***
Total pot $12 | Rake $0.24
Board [9h 8s Ah]
Seat 3: Eklund_1891 (button) (small blind) collected ($11.76)
Seat 5: GRAILKO (big blind) folded on the Flop


PokerStars Hand #168059434090:  Hold'em Limit ($3/$6 USD) - 2017/03/24 18:08:06 ET
Table 'Haedus II' 6-max Seat #5 is the button
Seat 3: Eklund_1891 ($134.50 in chips)
Seat 5: GRAILKO ($185 in chips)
GRAILKO: posts small blind $1
Eklund_1891: posts big blind $3
*** HOLE CARDS ***
GRAILKO: folds
Uncalled bet ($2) returned to Eklund_1891
Eklund_1891 collected $2 from pot
Eklund_1891: doesn't show hand
*** SUMMARY ***
Total pot $2 | Rake $0
Seat 3: Eklund_1891 (big blind) collected ($2)
Seat 5: GRAILKO (button) (small blind) folded before Flop


PokerStars Hand #168059413595:  Hold'em Limit ($3/$6 USD) - 2017/03/24 18:07:42 ET
Table 'Haedus II' 6-max Seat #3 is the button
Seat 3: Eklund_1891 ($120 in chips)
Seat 5: GRAILKO ($200 in chips)
FHstyles: is sitting out
FHstyles leaves the table
Eklund_1891: posts small blind $1
GRAILKO: posts big blind $3
*** HOLE CARDS ***
Eklund_1891: raises $3 to $6
GRAILKO: calls $3
*** FLOP *** [6c 3s 4h]
GRAILKO: checks
Eklund_1891: bets $3
GRAILKO: raises $3 to $6
Eklund_1891: raises $3 to $9
GRAILKO: calls $3
*** TURN *** [6c 3s 4h] [2c]
GRAILKO: checks
Eklund_1891: bets $6
GRAILKO: folds
Uncalled bet ($6) returned to Eklund_1891
Eklund_1891 collected $29.50 from pot
Eklund_1891: doesn't show hand
*** SUMMARY ***
Total pot $30 | Rake $0.50
Board [6c 3s 4h 2c]
Seat 3: Eklund_1891 (button) (small blind) collected ($29.50)
Seat 5: GRAILKO (big blind) folded on the Turn


PokerStars Hand #168059511728:  Hold'em Limit ($3/$6 USD) - 2017/03/24 18:09:40 ET
Table 'Haedus II' 6-max Seat #3 is the button
Seat 3: Eklund_1891 ($175.92 in chips)
Seat 5: GRAILKO ($142 in chips)
Eklund_1891: posts small blind $1
GRAILKO: posts big blind $3
*** HOLE CARDS ***
Eklund_1891: raises $3 to $6
GRAILKO: raises $3 to $9
Eklund_1891: calls $3
*** FLOP *** [Kh Qc 8c]
GRAILKO: bets $3
Eklund_1891: raises $3 to $6
GRAILKO: folds
Uncalled bet ($3) returned to Eklund_1891
Eklund_1891 collected $23.52 from pot
Eklund_1891: doesn't show hand
*** SUMMARY ***
Total pot $24 | Rake $0.48
Board [Kh Qc 8c]
Seat 3: Eklund_1891 (button) (small blind) collected ($23.52)
Seat 5: GRAILKO (big blind) folded on the Flop


PokerStars Hand #168059507372:  Hold'em Limit ($3/$6 USD) - 2017/03/24 18:09:35 ET
Table 'Haedus II' 6-max Seat #5 is the button
Seat 3: Eklund_1891 ($174.92 in chips)
Seat 5: GRAILKO ($143 in chips)
GRAILKO: posts small blind $1
Eklund_1891: posts big blind $3
*** HOLE CARDS ***
GRAILKO: folds
Uncalled bet ($2) returned to Eklund_1891
Eklund_1891 collected $2 from pot
Eklund_1891: doesn't show hand
*** SUMMARY ***
Total pot $2 | Rake $0
Seat 3: Eklund_1891 (big blind) collected ($2)
Seat 5: GRAILKO (button) (small blind) folded before Flop


PokerStars Hand #168059491519:  Hold'em Limit ($3/$6 USD) - 2017/03/24 18:09:16 ET
Table 'Haedus II' 6-max Seat #3 is the button
Seat 3: Eklund_1891 ($166.28 in chips)
Seat 5: GRAILKO ($152 in chips)
Eklund_1891: posts small blind $1
GRAILKO: posts big blind $3
*** HOLE CARDS ***
Eklund_1891: raises $3 to $6
GRAILKO: calls $3
*** FLOP *** [2s Qs 8c]
GRAILKO: checks
Eklund_1891: bets $3
GRAILKO: calls $3
*** TURN *** [2s Qs 8c] [Kc]
GRAILKO: checks
Eklund_1891: checks
*** RIVER *** [2s Qs 8c Kc] [9c]
GRAILKO: checks
Eklund_1891: checks
*** SHOW DOWN ***
GRAILKO: shows [Th Ac] (high card Ace)
Eklund_1891: shows [Js 2d] (a pair of Deuces)
Eklund_1891 collected $17.64 from pot
*** SUMMARY ***
Total pot $18 | Rake $0.36
Board [2s Qs 8c Kc 9c]
Seat 3: Eklund_1891 (button) (small blind) showed [Js 2d] and won ($17.64) with a pair of Deuces
Seat 5: GRAILKO (big blind) showed [Th Ac] and lost with high card Ace


PokerStars Hand #168059487606:  Hold'em Limit ($3/$6 USD) - 2017/03/24 18:09:11 ET
Table 'Haedus II' 6-max Seat #5 is the button
Seat 3: Eklund_1891 ($165.28 in chips)
Seat 5: GRAILKO ($153 in chips)
GRAILKO: posts small blind $1
Eklund_1891: posts big blind $3
*** HOLE CARDS ***
GRAILKO: folds
Uncalled bet ($2) returned to Eklund_1891
Eklund_1891 collected $2 from pot
Eklund_1891: doesn't show hand
*** SUMMARY ***
Total pot $2 | Rake $0
Seat 3: Eklund_1891 (big blind) collected ($2)
Seat 5: GRAILKO (button) (small blind) folded before Flop


PokerStars Hand #168059483652:  Hold'em Limit ($3/$6 USD) - 2017/03/24 18:09:07 ET
Table 'Haedus II' 6-max Seat #3 is the button
Seat 3: Eklund_1891 ($166.28 in chips)
Seat 5: GRAILKO ($152 in chips)
Eklund_1891: posts small blind $1
GRAILKO: posts big blind $3
*** HOLE CARDS ***
Eklund_1891: folds
Uncalled bet ($2) returned to GRAILKO
GRAILKO collected $2 from pot
GRAILKO: doesn't show hand
*** SUMMARY ***
Total pot $2 | Rake $0
Seat 3: Eklund_1891 (button) (small blind) folded before Flop
Seat 5: GRAILKO (big blind) collected ($2)


PokerStars Hand #168059467640:  Hold'em Limit ($3/$6 USD) - 2017/03/24 18:08:47 ET
Table 'Haedus II' 6-max Seat #5 is the button
Seat 3: Eklund_1891 ($151.78 in chips)
Seat 5: GRAILKO ($167 in chips)
GRAILKO: posts small blind $1
Eklund_1891: posts big blind $3
*** HOLE CARDS ***
GRAILKO: raises $3 to $6
Eklund_1891: calls $3
*** FLOP *** [Ks Jh 7c]
Eklund_1891: checks
GRAILKO: bets $3
Eklund_1891: calls $3
*** TURN *** [Ks Jh 7c] [9h]
Eklund_1891: checks
GRAILKO: checks
*** RIVER *** [Ks Jh 7c 9h] [3c]
Eklund_1891: bets $6
GRAILKO: calls $6
*** SHOW DOWN ***
Eklund_1891: shows [Th Js] (a pair of Jacks)
GRAILKO: mucks hand
Eklund_1891 collected $29.50 from pot
*** SUMMARY ***
Total pot $30 | Rake $0.50
Board [Ks Jh 7c 9h 3c]
Seat 3: Eklund_1891 (big blind) showed [Th Js] and won ($29.50) with a pair of Jacks
Seat 5: GRAILKO (button) (small blind) mucked


PokerStars Hand #168059524587:  Hold'em Limit ($3/$6 USD) - 2017/03/24 18:09:56 ET
Table 'Haedus II' 6-max Seat #3 is the button
Seat 3: Eklund_1891 ($188.44 in chips)
Seat 5: GRAILKO ($129 in chips)
Eklund_1891: posts small blind $1
GRAILKO: posts big blind $3
*** HOLE CARDS ***
Eklund_1891: folds
Uncalled bet ($2) returned to GRAILKO
GRAILKO collected $2 from pot
GRAILKO: doesn't show hand
*** SUMMARY ***
Total pot $2 | Rake $0
Seat 3: Eklund_1891 (button) (small blind) folded before Flop
Seat 5: GRAILKO (big blind) collected ($2)


PokerStars Hand #168059520823:  Hold'em Limit ($3/$6 USD) - 2017/03/24 18:09:52 ET
Table 'Haedus II' 6-max Seat #5 is the button
Seat 3: Eklund_1891 ($187.44 in chips)
Seat 5: GRAILKO ($130 in chips)
GRAILKO: posts small blind $1
Eklund_1891: posts big blind $3
*** HOLE CARDS ***
GRAILKO: folds
Uncalled bet ($2) returned to Eklund_1891
Eklund_1891 collected $2 from pot
Eklund_1891: doesn't show hand
*** SUMMARY ***
Total pot $2 | Rake $0
Seat 3: Eklund_1891 (big blind) collected ($2)
Seat 5: GRAILKO (button) (small blind) folded before Flop


PokerStars Hand #168059532478:  Hold'em Limit ($3/$6 USD) - 2017/03/24 18:10:06 ET
Table 'Haedus II' 6-max Seat #3 is the button
Seat 3: Eklund_1891 ($188.44 in chips)
Seat 5: GRAILKO ($129 in chips)
Eklund_1891: posts small blind $1
GRAILKO: posts big blind $3
*** HOLE CARDS ***
Eklund_1891: folds
Uncalled bet ($2) returned to GRAILKO
GRAILKO collected $2 from pot
GRAILKO: doesn't show hand
*** SUMMARY ***
Total pot $2 | Rake $0
Seat 3: Eklund_1891 (button) (small blind) folded before Flop
Seat 5: GRAILKO (big blind) collected ($2)


PokerStars Hand #168059528349:  Hold'em Limit ($3/$6 USD) - 2017/03/24 18:10:01 ET
Table 'Haedus II' 6-max Seat #5 is the button
Seat 3: Eklund_1891 ($187.44 in chips)
Seat 5: GRAILKO ($130 in chips)
GRAILKO: posts small blind $1
Eklund_1891: posts big blind $3
*** HOLE CARDS ***
GRAILKO: folds
Uncalled bet ($2) returned to Eklund_1891
Eklund_1891 collected $2 from pot
Eklund_1891: doesn't show hand
*** SUMMARY ***
Total pot $2 | Rake $0
Seat 3: Eklund_1891 (big blind) collected ($2)
Seat 5: GRAILKO (button) (small blind) folded before Flop


PokerStars Hand #168059560404:  Hold'em Limit ($3/$6 USD) - 2017/03/24 18:10:40 ET
Table 'Haedus II' 6-max Seat #3 is the button
Seat 3: Eklund_1891 ($176.44 in chips)
Seat 5: GRAILKO ($140.50 in chips)
Eklund_1891: posts small blind $1
GRAILKO: posts big blind $3
*** HOLE CARDS ***
Eklund_1891: folds
Uncalled bet ($2) returned to GRAILKO
GRAILKO collected $2 from pot
GRAILKO: doesn't show hand
*** SUMMARY ***
Total pot $2 | Rake $0
Seat 3: Eklund_1891 (button) (small blind) folded before Flop
Seat 5: GRAILKO (big blind) collected ($2)


PokerStars Hand #168059556253:  Hold'em Limit ($3/$6 USD) - 2017/03/24 18:10:35 ET
Table 'Haedus II' 6-max Seat #5 is the button
Seat 3: Eklund_1891 ($175.44 in chips)
Seat 5: GRAILKO ($141.50 in chips)
GRAILKO: posts small blind $1
Eklund_1891: posts big blind $3
*** HOLE CARDS ***
GRAILKO: folds
Uncalled bet ($2) returned to Eklund_1891
Eklund_1891 collected $2 from pot
Eklund_1891: doesn't show hand
*** SUMMARY ***
Total pot $2 | Rake $0
Seat 3: Eklund_1891 (big blind) collected ($2)
Seat 5: GRAILKO (button) (small blind) folded before Flop


PokerStars Hand #168059550810:  Hold'em Limit ($3/$6 USD) - 2017/03/24 18:10:28 ET
Table 'Haedus II' 6-max Seat #3 is the button
Seat 3: Eklund_1891 ($172.44 in chips)
Seat 5: GRAILKO ($144.50 in chips)
Eklund_1891: posts small blind $1
GRAILKO: posts big blind $3
*** HOLE CARDS ***
Eklund_1891: raises $3 to $6
GRAILKO: folds
Uncalled bet ($3) returned to Eklund_1891
Eklund_1891 collected $6 from pot
Eklund_1891: doesn't show hand
*** SUMMARY ***
Total pot $6 | Rake $0
Seat 3: Eklund_1891 (button) (small blind) collected ($6)
Seat 5: GRAILKO (big blind) folded before Flop


PokerStars Hand #168059536131:  Hold'em Limit ($3/$6 USD) - 2017/03/24 18:10:10 ET
Table 'Haedus II' 6-max Seat #5 is the button
Seat 3: Eklund_1891 ($187.44 in chips)
Seat 5: GRAILKO ($130 in chips)
GRAILKO: posts small blind $1
Eklund_1891: posts big blind $3
*** HOLE CARDS ***
GRAILKO: raises $3 to $6
Eklund_1891: calls $3
*** FLOP *** [9h 4c 5d]
Eklund_1891: checks
GRAILKO: bets $3
Eklund_1891: calls $3
*** TURN *** [9h 4c 5d] [Ah]
Eklund_1891: checks
GRAILKO: checks
*** RIVER *** [9h 4c 5d Ah] [8s]
Eklund_1891: checks
GRAILKO: bets $6
Eklund_1891: calls $6
*** SHOW DOWN ***
GRAILKO: shows [5s 8d] (two pair, Eights and Fives)
Eklund_1891: mucks hand
GRAILKO collected $29.50 from pot
*** SUMMARY ***
Total pot $30 | Rake $0.50
Board [9h 4c 5d Ah 8s]
Seat 3: Eklund_1891 (big blind) mucked
Seat 5: GRAILKO (button) (small blind) showed [5s 8d] and won ($29.50) with two pair, Eights and Fives


PokerStars Hand #168059564103:  Hold'em Limit ($3/$6 USD) - 2017/03/24 18:10:44 ET
Table 'Haedus II' 6-max Seat #5 is the button
Seat 3: Eklund_1891 ($175.44 in chips)
Seat 5: GRAILKO ($141.50 in chips)
GRAILKO: posts small blind $1
Eklund_1891: posts big blind $3
*** HOLE CARDS ***
GRAILKO: raises $3 to $6
Eklund_1891: calls $3
*** FLOP *** [5c 5s 2h]
Eklund_1891: checks
GRAILKO: bets $3
Eklund_1891: folds
Uncalled bet ($3) returned to GRAILKO
GRAILKO collected $11.76 from pot
GRAILKO: doesn't show hand
*** SUMMARY ***
Total pot $12 | Rake $0.24
Board [5c 5s 2h]
Seat 3: Eklund_1891 (big blind) folded on the Flop
Seat 5: GRAILKO (button) (small blind) collected ($11.76)


PokerStars Hand #168059598990:  Hold'em Limit ($3/$6 USD) - 2017/03/24 18:11:26 ET
Table 'Haedus II' 6-max Seat #5 is the button
Seat 3: Eklund_1891 ($159.44 in chips)
Seat 5: GRAILKO ($157.02 in chips)
GRAILKO: posts small blind $1
Eklund_1891: posts big blind $3
*** HOLE CARDS ***
GRAILKO: raises $3 to $6
Eklund_1891: calls $3
*** FLOP *** [4d Kh Ah]
Eklund_1891: checks
GRAILKO: bets $3
Eklund_1891: folds
Uncalled bet ($3) returned to GRAILKO
GRAILKO collected $11.76 from pot
GRAILKO: doesn't show hand
*** SUMMARY ***
Total pot $12 | Rake $0.24
Board [4d Kh Ah]
Seat 3: Eklund_1891 (big blind) folded on the Flop
Seat 5: GRAILKO (button) (small blind) collected ($11.76)


PokerStars Hand #168059594870:  Hold'em Limit ($3/$6 USD) - 2017/03/24 18:11:21 ET
Table 'Haedus II' 6-max Seat #3 is the button
Seat 3: Eklund_1891 ($160.44 in chips)
Seat 5: GRAILKO ($156.02 in chips)
Eklund_1891: posts small blind $1
GRAILKO: posts big blind $3
*** HOLE CARDS ***
Eklund_1891: folds
Uncalled bet ($2) returned to GRAILKO
GRAILKO collected $2 from pot
GRAILKO: doesn't show hand
*** SUMMARY ***
Total pot $2 | Rake $0
Seat 3: Eklund_1891 (button) (small blind) folded before Flop
Seat 5: GRAILKO (big blind) collected ($2)


PokerStars Hand #168059590845:  Hold'em Limit ($3/$6 USD) - 2017/03/24 18:11:16 ET
Table 'Haedus II' 6-max Seat #5 is the button
Seat 3: Eklund_1891 ($163.44 in chips)
Seat 5: GRAILKO ($153.02 in chips)
GRAILKO: posts small blind $1
Eklund_1891: posts big blind $3
*** HOLE CARDS ***
GRAILKO: raises $3 to $6
Eklund_1891: folds
Uncalled bet ($3) returned to GRAILKO
GRAILKO collected $6 from pot
GRAILKO: doesn't show hand
*** SUMMARY ***
Total pot $6 | Rake $0
Seat 3: Eklund_1891 (big blind) folded before Flop
Seat 5: GRAILKO (button) (small blind) collected ($6)


PokerStars Hand #168059578896:  Hold'em Limit ($3/$6 USD) - 2017/03/24 18:11:02 ET
Table 'Haedus II' 6-max Seat #3 is the button
Seat 3: Eklund_1891 ($169.44 in chips)
Seat 5: GRAILKO ($147.26 in chips)
Eklund_1891: posts small blind $1
GRAILKO: posts big blind $3
*** HOLE CARDS ***
Eklund_1891: raises $3 to $6
GRAILKO: calls $3
*** FLOP *** [Ac Ts 3h]
GRAILKO: checks
Eklund_1891: checks
*** TURN *** [Ac Ts 3h] [5c]
GRAILKO: checks
Eklund_1891: checks
*** RIVER *** [Ac Ts 3h 5c] [8s]
GRAILKO: checks
Eklund_1891: checks
*** SHOW DOWN ***
GRAILKO: shows [8h 9c] (a pair of Eights)
Eklund_1891: mucks hand
GRAILKO collected $11.76 from pot
*** SUMMARY ***
Total pot $12 | Rake $0.24
Board [Ac Ts 3h 5c 8s]
Seat 3: Eklund_1891 (button) (small blind) mucked
Seat 5: GRAILKO (big blind) showed [8h 9c] and won ($11.76) with a pair of Eights


PokerStars Hand #168059654726:  Hold'em Limit ($3/$6 USD) - 2017/03/24 18:12:35 ET
Table 'Haedus II' 6-max Seat #3 is the button
Seat 3: Eklund_1891 ($179.33 in chips)
Seat 5: GRAILKO ($135.53 in chips)
Eklund_1891: posts small blind $1
GRAILKO: posts big blind $3
*** HOLE CARDS ***
Eklund_1891: raises $3 to $6
GRAILKO: folds
Uncalled bet ($3) returned to Eklund_1891
Eklund_1891 collected $6 from pot
*** SUMMARY ***
Total pot $6 | Rake $0
Seat 3: Eklund_1891 (button) (small blind) collected ($6)
Seat 5: GRAILKO (big blind) folded before Flop


PokerStars Hand #168059649023:  Hold'em Limit ($3/$6 USD) - 2017/03/24 18:12:28 ET
Table 'Haedus II' 6-max Seat #5 is the button
Seat 3: Eklund_1891 ($182.33 in chips)
Seat 5: GRAILKO ($132.53 in chips)
GRAILKO: posts small blind $1
Eklund_1891: posts big blind $3
*** HOLE CARDS ***
GRAILKO: raises $3 to $6
Eklund_1891: folds
Uncalled bet ($3) returned to GRAILKO
GRAILKO collected $6 from pot
GRAILKO: doesn't show hand
*** SUMMARY ***
Total pot $6 | Rake $0
Seat 3: Eklund_1891 (big blind) folded before Flop
Seat 5: GRAILKO (button) (small blind) collected ($6)


PokerStars Hand #168059636044:  Hold'em Limit ($3/$6 USD) - 2017/03/24 18:12:12 ET
Table 'Haedus II' 6-max Seat #3 is the button
Seat 3: Eklund_1891 ($182.58 in chips)
Seat 5: GRAILKO ($132.78 in chips)
Eklund_1891: posts small blind $1
GRAILKO: posts big blind $3
*** HOLE CARDS ***
Eklund_1891: raises $3 to $6
GRAILKO: raises $3 to $9
Eklund_1891: calls $3
*** FLOP *** [4d Kd Td]
GRAILKO: bets $3
Eklund_1891: raises $3 to $6
GRAILKO: calls $3
*** TURN *** [4d Kd Td] [6d]
GRAILKO: checks
Eklund_1891: checks
*** RIVER *** [4d Kd Td 6d] [8d]
GRAILKO: checks
Eklund_1891: checks
*** SHOW DOWN ***
GRAILKO: shows [Th Ac] (a flush, King high)
Eklund_1891: shows [9h Kc] (a flush, King high)
GRAILKO collected $14.75 from pot
Eklund_1891 collected $14.75 from pot
*** SUMMARY ***
Total pot $30 | Rake $0.50
Board [4d Kd Td 6d 8d]
Seat 3: Eklund_1891 (button) (small blind) showed [9h Kc] and won ($14.75) with a flush, King high
Seat 5: GRAILKO (big blind) showed [Th Ac] and won ($14.75) with a flush, King high


PokerStars Hand #168059606735:  Hold'em Limit ($3/$6 USD) - 2017/03/24 18:11:36 ET
Table 'Haedus II' 6-max Seat #3 is the button
Seat 3: Eklund_1891 ($153.44 in chips)
Seat 5: GRAILKO ($162.78 in chips)
Eklund_1891: posts small blind $1
GRAILKO: posts big blind $3
*** HOLE CARDS ***
Eklund_1891: raises $3 to $6
GRAILKO: calls $3
*** FLOP *** [Ks 5s 7d]
GRAILKO: checks
Eklund_1891: bets $3
GRAILKO: calls $3
*** TURN *** [Ks 5s 7d] [Ts]
GRAILKO: checks
Eklund_1891: bets $6
GRAILKO: calls $6
*** RIVER *** [Ks 5s 7d Ts] [9d]
GRAILKO: checks
Eklund_1891: bets $6
GRAILKO: calls $6
*** SHOW DOWN ***
Eklund_1891: shows [6d Kc] (a pair of Kings)
GRAILKO: mucks hand
Eklund_1891 collected $41.50 from pot
*** SUMMARY ***
Total pot $42 | Rake $0.50
Board [Ks 5s 7d Ts 9d]
Seat 3: Eklund_1891 (button) (small blind) showed [6d Kc] and won ($41.50) with a pair of Kings
Seat 5: GRAILKO (big blind) mucked


PokerStars Hand #168059622232:  Hold'em Limit ($3/$6 USD) - 2017/03/24 18:11:55 ET
Table 'Haedus II' 6-max Seat #5 is the button
Seat 3: Eklund_1891 ($173.94 in chips)
Seat 5: GRAILKO ($141.78 in chips)
GRAILKO: posts small blind $1
Eklund_1891: posts big blind $3
*** HOLE CARDS ***
GRAILKO: raises $3 to $6
Eklund_1891: calls $3
*** FLOP *** [Qh 3h 8c]
Eklund_1891: checks
GRAILKO: bets $3
Eklund_1891: raises $3 to $6
GRAILKO: folds
Uncalled bet ($3) returned to Eklund_1891
Eklund_1891 collected $17.64 from pot
Eklund_1891: doesn't show hand
*** SUMMARY ***
Total pot $18 | Rake $0.36
Board [Qh 3h 8c]
Seat 3: Eklund_1891 (big blind) collected ($17.64)
Seat 5: GRAILKO (button) (small blind) folded on the Flop


PokerStars Hand #168059684983:  Hold'em Limit ($3/$6 USD) - 2017/03/24 18:13:12 ET
Table 'Haedus II' 6-max Seat #3 is the button
Seat 3: Eklund_1891 ($190.97 in chips)
Seat 5: GRAILKO ($123.53 in chips)
Eklund_1891: posts small blind $1
GRAILKO: posts big blind $3
*** HOLE CARDS ***
Eklund_1891: folds
Uncalled bet ($2) returned to GRAILKO
GRAILKO collected $2 from pot
GRAILKO: doesn't show hand
*** SUMMARY ***
Total pot $2 | Rake $0
Seat 3: Eklund_1891 (button) (small blind) folded before Flop
Seat 5: GRAILKO (big blind) collected ($2)


PokerStars Hand #168059659662:  Hold'em Limit ($3/$6 USD) - 2017/03/24 18:12:41 ET
Table 'Haedus II' 6-max Seat #5 is the button
Seat 3: Eklund_1891 ($182.33 in chips)
Seat 5: GRAILKO ($132.53 in chips)
GRAILKO: posts small blind $1
Eklund_1891: posts big blind $3
*** HOLE CARDS ***
GRAILKO: raises $3 to $6
Eklund_1891: raises $3 to $9
GRAILKO: calls $3
*** FLOP *** [3c Kh 2h]
Boxer-Carlo joins the table at seat #2
Eklund_1891: bets $3
GRAILKO: folds
Uncalled bet ($3) returned to Eklund_1891
Eklund_1891 collected $17.64 from pot
Eklund_1891: doesn't show hand
*** SUMMARY ***
Total pot $18 | Rake $0.36
Board [3c Kh 2h]
Seat 3: Eklund_1891 (big blind) collected ($17.64)
Seat 5: GRAILKO (button) (small blind) folded on the Flop


PokerStars Hand #168060317793:  Hold'em Limit ($3/$6 USD) - 2017/03/24 18:26:00 ET
Table 'Haedus II' 6-max Seat #6 is the button
Seat 4: StellaSofia ($141.27 in chips)
Seat 6: Chessnok ($98.48 in chips)
Chessnok: posts small blind $1
StellaSofia: posts big blind $3
*** HOLE CARDS ***
Chessnok: raises $3 to $6
StellaSofia: folds
Uncalled bet ($3) returned to Chessnok
Chessnok collected $6 from pot
Chessnok: doesn't show hand
*** SUMMARY ***
Total pot $6 | Rake $0
Seat 4: StellaSofia (big blind) folded before Flop
Seat 6: Chessnok (button) (small blind) collected ($6)


PokerStars Hand #168060299684:  Hold'em Limit ($3/$6 USD) - 2017/03/24 18:25:37 ET
Table 'Haedus II' 6-max Seat #4 is the button
Seat 4: StellaSofia ($168.27 in chips)
Seat 6: Chessnok ($71.98 in chips)
StellaSofia: posts small blind $1
GRAILKO: is sitting out
Chessnok: posts big blind $3
*** HOLE CARDS ***
GRAILKO leaves the table
StellaSofia: raises $3 to $6
Chessnok: calls $3
*** FLOP *** [8h 2d Jc]
Chessnok: checks
StellaSofia: bets $3
Chessnok: calls $3
*** TURN *** [8h 2d Jc] [7s]
Chessnok: checks
StellaSofia: checks
*** RIVER *** [8h 2d Jc 7s] [Kh]
Chessnok: bets $6
StellaSofia: raises $6 to $12
Chessnok: raises $6 to $18
StellaSofia: calls $6
*** SHOW DOWN ***
Chessnok: shows [Ks 7c] (two pair, Kings and Sevens)
StellaSofia: mucks hand
Chessnok collected $53.50 from pot
*** SUMMARY ***
Total pot $54 | Rake $0.50
Board [8h 2d Jc 7s Kh]
Seat 4: StellaSofia (button) (small blind) mucked
Seat 6: Chessnok (big blind) showed [Ks 7c] and won ($53.50) with two pair, Kings and Sevens


PokerStars Hand #168060371677:  Hold'em Limit ($3/$6 USD) - 2017/03/24 18:27:07 ET
Table 'Haedus II' 6-max Seat #4 is the button
Seat 4: StellaSofia ($105.27 in chips)
Seat 6: Chessnok ($133.28 in chips)
StellaSofia: posts small blind $1
Chessnok: posts big blind $3
*** HOLE CARDS ***
StellaSofia: raises $3 to $6
Chessnok: calls $3
*** FLOP *** [3h 6h Qc]
Chessnok: checks
StellaSofia: bets $3
Chessnok: raises $3 to $6
StellaSofia: calls $3
*** TURN *** [3h 6h Qc] [7h]
Chessnok: bets $6
StellaSofia: calls $6
*** RIVER *** [3h 6h Qc 7h] [Ad]
Chessnok: bets $6
StellaSofia: raises $6 to $12
Chessnok: calls $6
*** SHOW DOWN ***
StellaSofia: shows [As Kd] (a pair of Aces)
Chessnok: mucks hand
StellaSofia collected $59.50 from pot
*** SUMMARY ***
Total pot $60 | Rake $0.50
Board [3h 6h Qc 7h Ad]
Seat 4: StellaSofia (button) (small blind) showed [As Kd] and won ($59.50) with a pair of Aces
Seat 6: Chessnok (big blind) mucked


PokerStars Hand #168060362914:  Hold'em Limit ($3/$6 USD) - 2017/03/24 18:26:56 ET
Table 'Haedus II' 6-max Seat #6 is the button
Seat 4: StellaSofia ($111.27 in chips)
Seat 6: Chessnok ($127.52 in chips)
Chessnok: posts small blind $1
StellaSofia: posts big blind $3
*** HOLE CARDS ***
Chessnok: raises $3 to $6
StellaSofia: calls $3
*** FLOP *** [5c Kd 6h]
StellaSofia: checks
Chessnok: bets $3
StellaSofia: folds
Uncalled bet ($3) returned to Chessnok
Chessnok collected $11.76 from pot
Chessnok: doesn't show hand
*** SUMMARY ***
Total pot $12 | Rake $0.24
Board [5c Kd 6h]
Seat 4: StellaSofia (big blind) folded on the Flop
Seat 6: Chessnok (button) (small blind) collected ($11.76)


PokerStars Hand #168060346831:  Hold'em Limit ($3/$6 USD) - 2017/03/24 18:26:36 ET
Table 'Haedus II' 6-max Seat #4 is the button
Seat 4: StellaSofia ($123.27 in chips)
Seat 6: Chessnok ($116 in chips)
StellaSofia: posts small blind $1
Chessnok: posts big blind $3
*** HOLE CARDS ***
StellaSofia: calls $2
Chessnok: raises $3 to $6
StellaSofia: calls $3
*** FLOP *** [4d 9h Ks]
Chessnok: bets $3
StellaSofia: raises $3 to $6
Chessnok: raises $3 to $9
StellaSofia: folds
Uncalled bet ($3) returned to Chessnok
Chessnok collected $23.52 from pot
Chessnok: doesn't show hand
*** SUMMARY ***
Total pot $24 | Rake $0.48
Board [4d 9h Ks]
Seat 4: StellaSofia (button) (small blind) folded on the Flop
Seat 6: Chessnok (big blind) collected ($23.52)


PokerStars Hand #168060341619:  Hold'em Limit ($3/$6 USD) - 2017/03/24 18:26:30 ET
Table 'Haedus II' 6-max Seat #6 is the button
Seat 4: StellaSofia ($126.27 in chips)
Seat 6: Chessnok ($113 in chips)
Chessnok: posts small blind $1
StellaSofia: posts big blind $3
*** HOLE CARDS ***
Chessnok: raises $3 to $6
StellaSofia: folds
Uncalled bet ($3) returned to Chessnok
Chessnok collected $6 from pot
Chessnok: doesn't show hand
*** SUMMARY ***
Total pot $6 | Rake $0
Seat 4: StellaSofia (big blind) folded before Flop
Seat 6: Chessnok (button) (small blind) collected ($6)


PokerStars Hand #168060325797:  Hold'em Limit ($3/$6 USD) - 2017/03/24 18:26:10 ET
Table 'Haedus II' 6-max Seat #4 is the button
Seat 4: StellaSofia ($138.27 in chips)
Seat 6: Chessnok ($101.48 in chips)
StellaSofia: posts small blind $1
Chessnok: posts big blind $3
*** HOLE CARDS ***
StellaSofia: raises $3 to $6
Chessnok: calls $3
*** FLOP *** [3d 4d 4s]
Chessnok: checks
StellaSofia: bets $3
Chessnok: raises $3 to $6
StellaSofia: calls $3
*** TURN *** [3d 4d 4s] [Qs]
Chessnok: bets $6
StellaSofia: folds
Uncalled bet ($6) returned to Chessnok
Chessnok collected $23.52 from pot
Chessnok: doesn't show hand
*** SUMMARY ***
Total pot $24 | Rake $0.48
Board [3d 4d 4s Qs]
Seat 4: StellaSofia (button) (small blind) folded on the Turn
Seat 6: Chessnok (big blind) collected ($23.52)


PokerStars Hand #168060420923:  Hold'em Limit ($3/$6 USD) - 2017/03/24 18:28:07 ET
Table 'Haedus II' 6-max Seat #6 is the button
Seat 4: StellaSofia ($140.27 in chips)
Seat 6: Chessnok ($96.78 in chips)
Chessnok: posts small blind $1
StellaSofia: posts big blind $3
*** HOLE CARDS ***
Chessnok: raises $3 to $6
StellaSofia: calls $3
*** FLOP *** [5s 4d 6s]
StellaSofia: checks
Chessnok: bets $3
StellaSofia: calls $3
*** TURN *** [5s 4d 6s] [8c]
StellaSofia: checks
Chessnok: checks
*** RIVER *** [5s 4d 6s 8c] [9h]
StellaSofia: bets $6
Chessnok: calls $6
*** SHOW DOWN ***
StellaSofia: shows [3c Kd] (high card King)
Chessnok: shows [Ac 5d] (a pair of Fives)
Chessnok collected $29.50 from pot
*** SUMMARY ***
Total pot $30 | Rake $0.50
Board [5s 4d 6s 8c 9h]
Seat 4: StellaSofia (big blind) showed [3c Kd] and lost with high card King
Seat 6: Chessnok (button) (small blind) showed [Ac 5d] and won ($29.50) with a pair of Fives


PokerStars Hand #168060402392:  Hold'em Limit ($3/$6 USD) - 2017/03/24 18:27:45 ET
Table 'Haedus II' 6-max Seat #4 is the button
Seat 4: StellaSofia ($119.77 in chips)
Seat 6: Chessnok ($117.78 in chips)
StellaSofia: posts small blind $1
Chessnok: posts big blind $3
*** HOLE CARDS ***
StellaSofia: calls $2
Chessnok: raises $3 to $6
StellaSofia: calls $3
*** FLOP *** [7d Js 7s]
Chessnok: bets $3
StellaSofia: calls $3
*** TURN *** [7d Js 7s] [Kh]
Chessnok: checks
StellaSofia: bets $6
Chessnok: calls $6
*** RIVER *** [7d Js 7s Kh] [Jc]
Chessnok: checks
StellaSofia: bets $6
Chessnok: calls $6
*** SHOW DOWN ***
StellaSofia: shows [4h Jh] (a full house, Jacks full of Sevens)
Chessnok: mucks hand
StellaSofia collected $41.50 from pot
*** SUMMARY ***
Total pot $42 | Rake $0.50
Board [7d Js 7s Kh Jc]
Seat 4: StellaSofia (button) (small blind) showed [4h Jh] and won ($41.50) with a full house, Jacks full of Sevens
Seat 6: Chessnok (big blind) mucked


PokerStars Hand #168060386803:  Hold'em Limit ($3/$6 USD) - 2017/03/24 18:27:25 ET
Table 'Haedus II' 6-max Seat #6 is the button
Seat 4: StellaSofia ($134.77 in chips)
Seat 6: Chessnok ($103.28 in chips)
Chessnok: posts small blind $1
StellaSofia: posts big blind $3
*** HOLE CARDS ***
Chessnok: raises $3 to $6
StellaSofia: calls $3
*** FLOP *** [5h Kc 5c]
StellaSofia: checks
Chessnok: bets $3
StellaSofia: calls $3
*** TURN *** [5h Kc 5c] [3d]
StellaSofia: checks
Chessnok: checks
*** RIVER *** [5h Kc 5c 3d] [8h]
StellaSofia: bets $6
Chessnok: calls $6
*** SHOW DOWN ***
StellaSofia: shows [7h 6h] (a pair of Fives)
Chessnok: shows [Jh As] (a pair of Fives - Ace kicker)
Chessnok collected $29.50 from pot
*** SUMMARY ***
Total pot $30 | Rake $0.50
Board [5h Kc 5c 3d 8h]
Seat 4: StellaSofia (big blind) showed [7h 6h] and lost with a pair of Fives
Seat 6: Chessnok (button) (small blind) showed [Jh As] and won ($29.50) with a pair of Fives


PokerStars Hand #168060437249:  Hold'em Limit ($3/$6 USD) - 2017/03/24 18:28:28 ET
Table 'Haedus II' 6-max Seat #4 is the button
Seat 4: StellaSofia ($125.27 in chips)
Seat 6: Chessnok ($111.28 in chips)
StellaSofia: posts small blind $1
Chessnok: posts big blind $3
*** HOLE CARDS ***
StellaSofia: raises $3 to $6
Chessnok: calls $3
*** FLOP *** [6s Qc 8s]
Chessnok: checks
StellaSofia: bets $3
Chessnok: calls $3
*** TURN *** [6s Qc 8s] [6c]
Chessnok: checks
StellaSofia: bets $6
Chessnok: calls $6
*** RIVER *** [6s Qc 8s 6c] [Jd]
Chessnok: checks
StellaSofia: bets $6
Chessnok: calls $6
*** SHOW DOWN ***
StellaSofia: shows [7c 7d] (two pair, Sevens and Sixes)
Chessnok: mucks hand
StellaSofia collected $41.50 from pot
*** SUMMARY ***
Total pot $42 | Rake $0.50
Board [6s Qc 8s 6c Jd]
Seat 4: StellaSofia (button) (small blind) showed [7c 7d] and won ($41.50) with two pair, Sevens and Sixes
Seat 6: Chessnok (big blind) mucked


PokerStars Hand #168060464098:  Hold'em Limit ($3/$6 USD) - 2017/03/24 18:29:01 ET
Table 'Haedus II' 6-max Seat #4 is the button
Seat 4: StellaSofia ($145.52 in chips)
Seat 6: Chessnok ($90.03 in chips)
StellaSofia: posts small blind $1
Chessnok: posts big blind $3
*** HOLE CARDS ***
StellaSofia: raises $3 to $6
Chessnok: raises $3 to $9
StellaSofia: calls $3
*** FLOP *** [6d 3s 8c]
Chessnok: bets $3
StellaSofia: raises $3 to $6
Chessnok: raises $3 to $9
StellaSofia: calls $3
*** TURN *** [6d 3s 8c] [4h]
Chessnok: bets $6
StellaSofia: raises $6 to $12
Chessnok: raises $6 to $18
StellaSofia: raises $6 to $24
Betting is capped
Chessnok: calls $6
*** RIVER *** [6d 3s 8c 4h] [4c]
Chessnok: bets $6
StellaSofia: raises $6 to $12
Chessnok: calls $6
*** SHOW DOWN ***
StellaSofia: shows [8h 4d] (a full house, Fours full of Eights)
Chessnok: mucks hand
StellaSofia collected $107.50 from pot
*** SUMMARY ***
Total pot $108 | Rake $0.50
Board [6d 3s 8c 4h 4c]
Seat 4: StellaSofia (button) (small blind) showed [8h 4d] and won ($107.50) with a full house, Fours full of Eights
Seat 6: Chessnok (big blind) mucked


PokerStars Hand #168060451878:  Hold'em Limit ($3/$6 USD) - 2017/03/24 18:28:46 ET
Table 'Haedus II' 6-max Seat #6 is the button
Seat 4: StellaSofia ($145.77 in chips)
Seat 6: Chessnok ($90.28 in chips)
Chessnok: posts small blind $1
StellaSofia: posts big blind $3
*** HOLE CARDS ***
Chessnok: raises $3 to $6
StellaSofia: raises $3 to $9
Chessnok: calls $3
*** FLOP *** [Qd 5d 5c]
StellaSofia: bets $3
Chessnok: calls $3
*** TURN *** [Qd 5d 5c] [Qh]
StellaSofia: bets $6
Chessnok: calls $6
*** RIVER *** [Qd 5d 5c Qh] [8d]
StellaSofia: bets $6
Chessnok: calls $6
*** SHOW DOWN ***
StellaSofia: shows [4h As] (two pair, Queens and Fives)
Chessnok: shows [7c Ad] (two pair, Queens and Fives)
StellaSofia collected $23.75 from pot
Chessnok collected $23.75 from pot
*** SUMMARY ***
Total pot $48 | Rake $0.50
Board [Qd 5d 5c Qh 8d]
Seat 4: StellaSofia (big blind) showed [4h As] and won ($23.75) with two pair, Queens and Fives
Seat 6: Chessnok (button) (small blind) showed [7c Ad] and won ($23.75) with two pair, Queens and Fives


PokerStars Hand #168060518732:  Hold'em Limit ($3/$6 USD) - 2017/03/24 18:30:09 ET
Table 'Haedus II' 6-max Seat #4 is the button
Seat 4: StellaSofia ($167.02 in chips)
Seat 6: Chessnok ($92.26 in chips)
StellaSofia: posts small blind $1
Chessnok: posts big blind $3
*** HOLE CARDS ***
StellaSofia: raises $3 to $6
Chessnok: calls $3
*** FLOP *** [8d Jh 8c]
Chessnok: checks
StellaSofia: bets $3
Chessnok: folds
Uncalled bet ($3) returned to StellaSofia
StellaSofia collected $11.76 from pot
StellaSofia: doesn't show hand
*** SUMMARY ***
Total pot $12 | Rake $0.24
Board [8d Jh 8c]
Seat 4: StellaSofia (button) (small blind) collected ($11.76)
Seat 6: Chessnok (big blind) folded on the Flop


PokerStars Hand #168060508164:  Hold'em Limit ($3/$6 USD) - 2017/03/24 18:29:56 ET
Table 'Haedus II' 6-max Seat #6 is the button
Seat 4: StellaSofia ($173.02 in chips)
Seat 6: Chessnok ($86.50 in chips)
Chessnok: posts small blind $1
StellaSofia: posts big blind $3
*** HOLE CARDS ***
Chessnok: raises $3 to $6
StellaSofia: calls $3
*** FLOP *** [Kd 7s 3c]
StellaSofia: checks
Chessnok: bets $3
StellaSofia: folds
Uncalled bet ($3) returned to Chessnok
Chessnok collected $11.76 from pot
Chessnok: doesn't show hand
*** SUMMARY ***
Total pot $12 | Rake $0.24
Board [Kd 7s 3c]
Seat 4: StellaSofia (big blind) folded on the Flop
Seat 6: Chessnok (button) (small blind) collected ($11.76)


PokerStars Hand #168060488699:  Hold'em Limit ($3/$6 USD) - 2017/03/24 18:29:32 ET
Table 'Haedus II' 6-max Seat #4 is the button
Seat 4: StellaSofia ($200.02 in chips)
Seat 6: Chessnok ($60 in chips)
StellaSofia: posts small blind $1
Chessnok: posts big blind $3
*** HOLE CARDS ***
StellaSofia: raises $3 to $6
Chessnok: raises $3 to $9
StellaSofia: raises $3 to $12
Betting is capped
Chessnok: calls $3
*** FLOP *** [6c Ts 2h]
Chessnok: checks
StellaSofia: bets $3
Chessnok: calls $3
*** TURN *** [6c Ts 2h] [2d]
Chessnok: checks
StellaSofia: bets $6
Chessnok: calls $6
*** RIVER *** [6c Ts 2h 2d] [2s]
Chessnok: checks
StellaSofia: bets $6
Chessnok: calls $6
*** SHOW DOWN ***
StellaSofia: shows [Kc 9d] (three of a kind, Deuces)
Chessnok: shows [Qc Ad] (three of a kind, Deuces - Ace kicker)
Chessnok collected $53.50 from pot
*** SUMMARY ***
Total pot $54 | Rake $0.50
Board [6c Ts 2h 2d 2s]
Seat 4: StellaSofia (button) (small blind) showed [Kc 9d] and lost with three of a kind, Deuces
Seat 6: Chessnok (big blind) showed [Qc Ad] and won ($53.50) with three of a kind, Deuces


PokerStars Hand #168060485335:  Hold'em Limit ($3/$6 USD) - 2017/03/24 18:29:28 ET
Table 'Haedus II' 6-max Seat #6 is the button
Seat 4: StellaSofia ($199.02 in chips)
Seat 6: Chessnok ($60 in chips)
Chessnok: posts small blind $1
StellaSofia: posts big blind $3
*** HOLE CARDS ***
Chessnok: folds
Uncalled bet ($2) returned to StellaSofia
StellaSofia collected $2 from pot
StellaSofia: doesn't show hand
*** SUMMARY ***
Total pot $2 | Rake $0
Seat 4: StellaSofia (big blind) collected ($2)
Seat 6: Chessnok (button) (small blind) folded before Flop


PokerStars Hand #168060561015:  Hold'em Limit ($3/$6 USD) - 2017/03/24 18:31:02 ET
Table 'Haedus II' 6-max Seat #6 is the button
Seat 4: StellaSofia ($210.80 in chips)
Seat 6: Chessnok ($60 in chips)
Chessnok: posts small blind $1
StellaSofia: posts big blind $3
*** HOLE CARDS ***
Chessnok: raises $3 to $6
StellaSofia: calls $3
*** FLOP *** [Ac As 3h]
StellaSofia: checks
Chessnok: bets $3
StellaSofia: folds
Uncalled bet ($3) returned to Chessnok
Chessnok collected $11.76 from pot
Chessnok: doesn't show hand
*** SUMMARY ***
Total pot $12 | Rake $0.24
Board [Ac As 3h]
Seat 4: StellaSofia (big blind) folded on the Flop
Seat 6: Chessnok (button) (small blind) collected ($11.76)


PokerStars Hand #168060546342:  Hold'em Limit ($3/$6 USD) - 2017/03/24 18:30:44 ET
Table 'Haedus II' 6-max Seat #4 is the button
Seat 4: StellaSofia ($199.28 in chips)
Seat 6: Chessnok ($60 in chips)
StellaSofia: posts small blind $1
Chessnok: posts big blind $3
*** HOLE CARDS ***
StellaSofia: raises $3 to $6
Chessnok: calls $3
*** FLOP *** [Jd 8s 8c]
Chessnok: checks
StellaSofia: checks
*** TURN *** [Jd 8s 8c] [As]
Chessnok: bets $6
StellaSofia: raises $6 to $12
Chessnok: folds
Uncalled bet ($6) returned to StellaSofia
StellaSofia collected $23.52 from pot
StellaSofia: doesn't show hand
*** SUMMARY ***
Total pot $24 | Rake $0.48
Board [Jd 8s 8c As]
Seat 4: StellaSofia (button) (small blind) collected ($23.52)
Seat 6: Chessnok (big blind) folded on the Turn


PokerStars Hand #168060527045:  Hold'em Limit ($3/$6 USD) - 2017/03/24 18:30:19 ET
Table 'Haedus II' 6-max Seat #6 is the button
Seat 4: StellaSofia ($172.78 in chips)
Seat 6: Chessnok ($86.26 in chips)
Chessnok: posts small blind $1
StellaSofia: posts big blind $3
*** HOLE CARDS ***
Chessnok: raises $3 to $6
StellaSofia: calls $3
*** FLOP *** [7s 2c 4h]
StellaSofia: checks
Chessnok: bets $3
StellaSofia: calls $3
*** TURN *** [7s 2c 4h] [9h]
StellaSofia: checks
Chessnok: bets $6
StellaSofia: raises $6 to $12
Chessnok: calls $6
*** RIVER *** [7s 2c 4h 9h] [3d]
StellaSofia: bets $6
Chessnok: calls $6
*** SHOW DOWN ***
StellaSofia: shows [8h 9s] (a pair of Nines)
Chessnok: mucks hand
StellaSofia collected $53.50 from pot
*** SUMMARY ***
Total pot $54 | Rake $0.50
Board [7s 2c 4h 9h 3d]
Seat 4: StellaSofia (big blind) showed [8h 9s] and won ($53.50) with a pair of Nines
Seat 6: Chessnok (button) (small blind) mucked


PokerStars Hand #168060614370:  Hold'em Limit ($3/$6 USD) - 2017/03/24 18:32:08 ET
Table 'Haedus II' 6-max Seat #4 is the button
Seat 4: StellaSofia ($180.44 in chips)
Seat 6: Chessnok ($88.90 in chips)
StellaSofia: posts small blind $1
Chessnok: posts big blind $3
*** HOLE CARDS ***
StellaSofia: raises $3 to $6
Chessnok: calls $3
*** FLOP *** [6d Td 2h]
Chessnok: checks
StellaSofia: checks
*** TURN *** [6d Td 2h] [Jh]
Chessnok: bets $6
StellaSofia: raises $6 to $12
Chessnok: calls $6
*** RIVER *** [6d Td 2h Jh] [Kc]
Chessnok: checks
StellaSofia: bets $6
Chessnok: calls $6
*** SHOW DOWN ***
StellaSofia: shows [Js 4s] (a pair of Jacks)
Chessnok: mucks hand
StellaSofia collected $47.50 from pot
*** SUMMARY ***
Total pot $48 | Rake $0.50
Board [6d Td 2h Jh Kc]
Seat 4: StellaSofia (button) (small blind) showed [Js 4s] and won ($47.50) with a pair of Jacks
Seat 6: Chessnok (big blind) mucked


PokerStars Hand #168060605442:  Hold'em Limit ($3/$6 USD) - 2017/03/24 18:31:57 ET
Table 'Haedus II' 6-max Seat #6 is the button
Seat 4: StellaSofia ($171.80 in chips)
Seat 6: Chessnok ($97.90 in chips)
Chessnok: posts small blind $1
StellaSofia: posts big blind $3
*** HOLE CARDS ***
Chessnok: raises $3 to $6
StellaSofia: raises $3 to $9
Chessnok: calls $3
*** FLOP *** [Ac 5h Qc]
StellaSofia: bets $3
Chessnok: folds
Uncalled bet ($3) returned to StellaSofia
StellaSofia collected $17.64 from pot
StellaSofia: doesn't show hand
*** SUMMARY ***
Total pot $18 | Rake $0.36
Board [Ac 5h Qc]
Seat 4: StellaSofia (big blind) collected ($17.64)
Seat 6: Chessnok (button) (small blind) folded on the Flop


PokerStars Hand #168060600296:  Hold'em Limit ($3/$6 USD) - 2017/03/24 18:31:51 ET
Table 'Haedus II' 6-max Seat #4 is the button
Seat 4: StellaSofia ($168.80 in chips)
Seat 6: Chessnok ($100.90 in chips)
StellaSofia: posts small blind $1
Chessnok: posts big blind $3
*** HOLE CARDS ***
StellaSofia: raises $3 to $6
Chessnok: folds
Uncalled bet ($3) returned to StellaSofia
StellaSofia collected $6 from pot
StellaSofia: doesn't show hand
*** SUMMARY ***
Total pot $6 | Rake $0
Seat 4: StellaSofia (button) (small blind) collected ($6)
Seat 6: Chessnok (big blind) folded before Flop


PokerStars Hand #168060588315:  Hold'em Limit ($3/$6 USD) - 2017/03/24 18:31:36 ET
Table 'Haedus II' 6-max Seat #6 is the button
Seat 4: StellaSofia ($177.80 in chips)
Seat 6: Chessnok ($92.26 in chips)
Chessnok: posts small blind $1
StellaSofia: posts big blind $3
*** HOLE CARDS ***
Chessnok: raises $3 to $6
StellaSofia: calls $3
*** FLOP *** [6h Qd 2h]
StellaSofia: checks
Chessnok: bets $3
StellaSofia: calls $3
*** TURN *** [6h Qd 2h] [Td]
StellaSofia: checks
Chessnok: bets $6
StellaSofia: folds
Uncalled bet ($6) returned to Chessnok
Chessnok collected $17.64 from pot
Chessnok: doesn't show hand
*** SUMMARY ***
Total pot $18 | Rake $0.36
Board [6h Qd 2h Td]
Seat 4: StellaSofia (big blind) folded on the Turn
Seat 6: Chessnok (button) (small blind) collected ($17.64)


PokerStars Hand #168060569755:  Hold'em Limit ($3/$6 USD) - 2017/03/24 18:31:13 ET
Table 'Haedus II' 6-max Seat #4 is the button
Seat 4: StellaSofia ($204.80 in chips)
Seat 6: Chessnok ($65.76 in chips)
StellaSofia: posts small blind $1
Chessnok: posts big blind $3
*** HOLE CARDS ***
StellaSofia: raises $3 to $6
Chessnok: raises $3 to $9
StellaSofia: raises $3 to $12
Betting is capped
Chessnok: calls $3
*** FLOP *** [2h 7h 4s]
Chessnok: checks
StellaSofia: bets $3
Chessnok: calls $3
*** TURN *** [2h 7h 4s] [Js]
Chessnok: checks
StellaSofia: bets $6
Chessnok: calls $6
*** RIVER *** [2h 7h 4s Js] [5s]
Chessnok: checks
StellaSofia: bets $6
Chessnok: calls $6
*** SHOW DOWN ***
StellaSofia: shows [Th Qc] (high card Queen)
Chessnok: shows [5h Ad] (a pair of Fives)
Chessnok collected $53.50 from pot
*** SUMMARY ***
Total pot $54 | Rake $0.50
Board [2h 7h 4s Js 5s]
Seat 4: StellaSofia (button) (small blind) showed [Th Qc] and lost with high card Queen
Seat 6: Chessnok (big blind) showed [5h Ad] and won ($53.50) with a pair of Fives


PokerStars Hand #168060637704:  Hold'em Limit ($3/$6 USD) - 2017/03/24 18:32:38 ET
Table 'Haedus II' 6-max Seat #4 is the button
Seat 4: StellaSofia ($197.94 in chips)
Seat 6: Chessnok ($70.66 in chips)
StellaSofia: posts small blind $1
Chessnok: posts big blind $3
*** HOLE CARDS ***
StellaSofia: raises $3 to $6
Chessnok: calls $3
*** FLOP *** [5d Kc 3h]
Chessnok: checks
StellaSofia: bets $3
Chessnok: folds
Uncalled bet ($3) returned to StellaSofia
StellaSofia collected $11.76 from pot
StellaSofia: doesn't show hand
*** SUMMARY ***
Total pot $12 | Rake $0.24
Board [5d Kc 3h]
Seat 4: StellaSofia (button) (small blind) collected ($11.76)
Seat 6: Chessnok (big blind) folded on the Flop


PokerStars Hand #168060629001:  Hold'em Limit ($3/$6 USD) - 2017/03/24 18:32:27 ET
Table 'Haedus II' 6-max Seat #6 is the button
Seat 4: StellaSofia ($203.94 in chips)
Seat 6: Chessnok ($64.90 in chips)
Chessnok: posts small blind $1
StellaSofia: posts big blind $3
*** HOLE CARDS ***
Chessnok: raises $3 to $6
StellaSofia: calls $3
*** FLOP *** [Jd 2s 7c]
StellaSofia: checks
Chessnok: bets $3
StellaSofia: folds
Uncalled bet ($3) returned to Chessnok
Chessnok collected $11.76 from pot
Chessnok: doesn't show hand
*** SUMMARY ***
Total pot $12 | Rake $0.24
Board [Jd 2s 7c]
Seat 4: StellaSofia (big blind) folded on the Flop
Seat 6: Chessnok (button) (small blind) collected ($11.76)


PokerStars Hand #168060655503:  Hold'em Limit ($3/$6 USD) - 2017/03/24 18:33:00 ET
Table 'Haedus II' 6-max Seat #6 is the button
Seat 4: StellaSofia ($203.70 in chips)
Seat 6: Chessnok ($64.66 in chips)
Chessnok: posts small blind $1
StellaSofia: posts big blind $3
*** HOLE CARDS ***
Chessnok: raises $3 to $6
StellaSofia: calls $3
*** FLOP *** [2h 7s 4c]
StellaSofia: checks
Chessnok: bets $3
StellaSofia: calls $3
*** TURN *** [2h 7s 4c] [7d]
StellaSofia: checks
Chessnok: bets $6
StellaSofia: calls $6
*** RIVER *** [2h 7s 4c 7d] [5d]
StellaSofia: checks
Chessnok: bets $6
StellaSofia: calls $6
*** SHOW DOWN ***
Chessnok: shows [2d Jh] (two pair, Sevens and Deuces)
StellaSofia: shows [Qs 2c] (two pair, Sevens and Deuces - Queen kicker)
StellaSofia collected $41.50 from pot
*** SUMMARY ***
Total pot $42 | Rake $0.50
Board [2h 7s 4c 7d 5d]
Seat 4: StellaSofia (big blind) showed [Qs 2c] and won ($41.50) with two pair, Sevens and Deuces
Seat 6: Chessnok (button) (small blind) showed [2d Jh] and lost with two pair, Sevens and Deuces


PokerStars Hand #168060651185:  Hold'em Limit ($3/$6 USD) - 2017/03/24 18:32:55 ET
Table 'Haedus II' 6-max Seat #4 is the button
Seat 4: StellaSofia ($204.70 in chips)
Seat 6: Chessnok ($63.66 in chips)
StellaSofia: posts small blind $1
Chessnok: posts big blind $3
*** HOLE CARDS ***
StellaSofia: folds
Uncalled bet ($2) returned to Chessnok
Chessnok collected $2 from pot
Chessnok: doesn't show hand
*** SUMMARY ***
Total pot $2 | Rake $0
Seat 4: StellaSofia (button) (small blind) folded before Flop
Seat 6: Chessnok (big blind) collected ($2)


PokerStars Hand #168060646635:  Hold'em Limit ($3/$6 USD) - 2017/03/24 18:32:49 ET
Table 'Haedus II' 6-max Seat #6 is the button
Seat 4: StellaSofia ($203.70 in chips)
Seat 6: Chessnok ($64.66 in chips)
Chessnok: posts small blind $1
StellaSofia: posts big blind $3
*** HOLE CARDS ***
Chessnok: folds
Uncalled bet ($2) returned to StellaSofia
StellaSofia collected $2 from pot
StellaSofia: doesn't show hand
*** SUMMARY ***
Total pot $2 | Rake $0
Seat 4: StellaSofia (big blind) collected ($2)
Seat 6: Chessnok (button) (small blind) folded before Flop


PokerStars Hand #168060705047:  Hold'em Limit ($3/$6 USD) - 2017/03/24 18:34:02 ET
Table 'Haedus II' 6-max Seat #4 is the button
Seat 4: StellaSofia ($194.20 in chips)
Seat 6: Chessnok ($89.14 in chips)
StellaSofia: posts small blind $1
Chessnok: posts big blind $3
*** HOLE CARDS ***
StellaSofia: calls $2
Chessnok: raises $3 to $6
StellaSofia: calls $3
*** FLOP *** [Th 7h Qh]
Chessnok: bets $3
StellaSofia: calls $3
*** TURN *** [Th 7h Qh] [Kc]
Chessnok: bets $6
StellaSofia: raises $6 to $12
Chessnok: calls $6
*** RIVER *** [Th 7h Qh Kc] [Ah]
Chessnok: checks
StellaSofia: bets $6
Chessnok: folds
Uncalled bet ($6) returned to StellaSofia
StellaSofia collected $41.50 from pot
StellaSofia: doesn't show hand
*** SUMMARY ***
Total pot $42 | Rake $0.50
Board [Th 7h Qh Kc Ah]
Seat 4: StellaSofia (button) (small blind) collected ($41.50)
Seat 6: Chessnok (big blind) folded on the River


PokerStars Hand #168060690093:  Hold'em Limit ($3/$6 USD) - 2017/03/24 18:33:44 ET
Table 'Haedus II' 6-max Seat #6 is the button
Seat 4: StellaSofia ($215.20 in chips)
Seat 6: Chessnok ($68.64 in chips)
Chessnok: posts small blind $1
StellaSofia: posts big blind $3
*** HOLE CARDS ***
Chessnok: raises $3 to $6
StellaSofia: calls $3
*** FLOP *** [4c 5h Kh]
StellaSofia: checks
Chessnok: bets $3
StellaSofia: calls $3
*** TURN *** [4c 5h Kh] [6c]
StellaSofia: checks
Chessnok: checks
*** RIVER *** [4c 5h Kh 6c] [4d]
StellaSofia: bets $6
Chessnok: raises $6 to $12
StellaSofia: calls $6
*** SHOW DOWN ***
Chessnok: shows [3c 4s] (three of a kind, Fours)
StellaSofia: mucks hand
Chessnok collected $41.50 from pot
*** SUMMARY ***
Total pot $42 | Rake $0.50
Board [4c 5h Kh 6c 4d]
Seat 4: StellaSofia (big blind) mucked
Seat 6: Chessnok (button) (small blind) showed [3c 4s] and won ($41.50) with three of a kind, Fours


PokerStars Hand #168060669490:  Hold'em Limit ($3/$6 USD) - 2017/03/24 18:33:18 ET
Table 'Haedus II' 6-max Seat #4 is the button
Seat 4: StellaSofia ($224.20 in chips)
Seat 6: Chessnok ($60 in chips)
StellaSofia: posts small blind $1
Chessnok: posts big blind $3
*** HOLE CARDS ***
StellaSofia: raises $3 to $6
Chessnok: calls $3
*** FLOP *** [Qh 7c 9d]
Chessnok: checks
StellaSofia: bets $3
Chessnok: calls $3
*** TURN *** [Qh 7c 9d] [2h]
Chessnok: checks
StellaSofia: checks
*** RIVER *** [Qh 7c 9d 2h] [Qc]
Chessnok: bets $6
StellaSofia: folds
Uncalled bet ($6) returned to Chessnok
Chessnok collected $17.64 from pot
Chessnok: doesn't show hand
*** SUMMARY ***
Total pot $18 | Rake $0.36
Board [Qh 7c 9d 2h Qc]
Seat 4: StellaSofia (button) (small blind) folded on the River
Seat 6: Chessnok (big blind) collected ($17.64)


PokerStars Hand #168060751212:  Hold'em Limit ($3/$6 USD) - 2017/03/24 18:35:00 ET
Table 'Haedus II' 6-max Seat #6 is the button
Seat 4: StellaSofia ($232.20 in chips)
Seat 6: Chessnok ($60 in chips)
Chessnok: posts small blind $1
StellaSofia: posts big blind $3
*** HOLE CARDS ***
Chessnok: raises $3 to $6
StellaSofia: raises $3 to $9
Chessnok: calls $3
*** FLOP *** [Tc Ac 3d]
StellaSofia: bets $3
Chessnok: folds
Uncalled bet ($3) returned to StellaSofia
StellaSofia collected $17.64 from pot
StellaSofia: doesn't show hand
*** SUMMARY ***
Total pot $18 | Rake $0.36
Board [Tc Ac 3d]
Seat 4: StellaSofia (big blind) collected ($17.64)
Seat 6: Chessnok (button) (small blind) folded on the Flop


PokerStars Hand #168060731163:  Hold'em Limit ($3/$6 USD) - 2017/03/24 18:34:35 ET
Table 'Haedus II' 6-max Seat #4 is the button
Seat 4: StellaSofia ($211.70 in chips)
Seat 6: Chessnok ($71.14 in chips)
StellaSofia: posts small blind $1
Chessnok: posts big blind $3
*** HOLE CARDS ***
StellaSofia: raises $3 to $6
Chessnok: calls $3
*** FLOP *** [2s 6c 3d]
Chessnok: checks
StellaSofia: bets $3
Chessnok: calls $3
*** TURN *** [2s 6c 3d] [Qc]
Chessnok: checks
StellaSofia: bets $6
Chessnok: calls $6
*** RIVER *** [2s 6c 3d Qc] [Kh]
Chessnok: bets $6
StellaSofia: raises $6 to $12
Chessnok: folds
Uncalled bet ($6) returned to StellaSofia
StellaSofia collected $41.50 from pot
StellaSofia: doesn't show hand
*** SUMMARY ***
Total pot $42 | Rake $0.50
Board [2s 6c 3d Qc Kh]
Seat 4: StellaSofia (button) (small blind) collected ($41.50)
Seat 6: Chessnok (big blind) folded on the River


PokerStars Hand #168060722887:  Hold'em Limit ($3/$6 USD) - 2017/03/24 18:34:25 ET
Table 'Haedus II' 6-max Seat #6 is the button
Seat 4: StellaSofia ($214.70 in chips)
Seat 6: Chessnok ($68.14 in chips)
Chessnok: posts small blind $1
StellaSofia: posts big blind $3
*** HOLE CARDS ***
Chessnok: raises $3 to $6
StellaSofia: folds
Uncalled bet ($3) returned to Chessnok
Chessnok collected $6 from pot
Chessnok: doesn't show hand
*** SUMMARY ***
Total pot $6 | Rake $0
Seat 4: StellaSofia (big blind) folded before Flop
Seat 6: Chessnok (button) (small blind) collected ($6)


PokerStars Hand #168060775684:  Hold'em Limit ($3/$6 USD) - 2017/03/24 18:35:31 ET
Table 'Haedus II' 6-max Seat #6 is the button
Seat 4: StellaSofia ($207.84 in chips)
Seat 6: Chessnok ($92.50 in chips)
Chessnok: posts small blind $1
StellaSofia: posts big blind $3
*** HOLE CARDS ***
Chessnok: raises $3 to $6
StellaSofia: raises $3 to $9
Chessnok: calls $3
*** FLOP *** [Tc 7d Kh]
StellaSofia: bets $3
Chessnok: folds
Uncalled bet ($3) returned to StellaSofia
StellaSofia collected $17.64 from pot
StellaSofia: doesn't show hand
*** SUMMARY ***
Total pot $18 | Rake $0.36
Board [Tc 7d Kh]
Seat 4: StellaSofia (big blind) collected ($17.64)
Seat 6: Chessnok (button) (small blind) folded on the Flop


PokerStars Hand #168060789835:  Hold'em Limit ($3/$6 USD) - 2017/03/24 18:35:49 ET
Table 'Haedus II' 6-max Seat #4 is the button
Seat 4: StellaSofia ($216.48 in chips)
Seat 6: Chessnok ($83.50 in chips)
StellaSofia: posts small blind $1
Chessnok: posts big blind $3
*** HOLE CARDS ***
StellaSofia: folds
Uncalled bet ($2) returned to Chessnok
Chessnok collected $2 from pot
Chessnok: doesn't show hand
*** SUMMARY ***
Total pot $2 | Rake $0
Seat 4: StellaSofia (button) (small blind) folded before Flop
Seat 6: Chessnok (big blind) collected ($2)


PokerStars Hand #168060795850:  Hold'em Limit ($3/$6 USD) - 2017/03/24 18:35:57 ET
Table 'Haedus II' 6-max Seat #6 is the button
Seat 4: StellaSofia ($215.48 in chips)
Seat 6: Chessnok ($84.50 in chips)
Chessnok: posts small blind $1
StellaSofia: posts big blind $3
*** HOLE CARDS ***
Chessnok: raises $3 to $6
StellaSofia: calls $3
*** FLOP *** [Ks As Kc]
StellaSofia: checks
Chessnok: bets $3
StellaSofia: calls $3
*** TURN *** [Ks As Kc] [4d]
StellaSofia: checks
Chessnok: bets $6
StellaSofia: raises $6 to $12
Chessnok: folds
Uncalled bet ($6) returned to StellaSofia
StellaSofia collected $29.50 from pot
StellaSofia: doesn't show hand
*** SUMMARY ***
Total pot $30 | Rake $0.50
Board [Ks As Kc 4d]
Seat 4: StellaSofia (big blind) collected ($29.50)
Seat 6: Chessnok (button) (small blind) folded on the Turn


PokerStars Hand #168060758699:  Hold'em Limit ($3/$6 USD) - 2017/03/24 18:35:10 ET
Table 'Haedus II' 6-max Seat #4 is the button
Seat 4: StellaSofia ($240.84 in chips)
Seat 6: Chessnok ($60 in chips)
StellaSofia: posts small blind $1
Chessnok: posts big blind $3
*** HOLE CARDS ***
StellaSofia: raises $3 to $6
Chessnok: raises $3 to $9
StellaSofia: raises $3 to $12
Betting is capped
Chessnok: calls $3
*** FLOP *** [2s 4s 5s]
Chessnok: checks
StellaSofia: bets $3
Chessnok: calls $3
*** TURN *** [2s 4s 5s] [9d]
Chessnok: checks
StellaSofia: bets $6
Chessnok: raises $6 to $12
StellaSofia: raises $6 to $18
Chessnok: raises $6 to $24
Betting is capped
StellaSofia: folds
Uncalled bet ($6) returned to Chessnok
Chessnok collected $65.50 from pot
Chessnok: doesn't show hand
*** SUMMARY ***
Total pot $66 | Rake $0.50
Board [2s 4s 5s 9d]
Seat 4: StellaSofia (button) (small blind) folded on the Turn
Seat 6: Chessnok (big blind) collected ($65.50)


PokerStars Hand #168060831665:  Hold'em Limit ($3/$6 USD) - 2017/03/24 18:36:42 ET
Table 'Haedus II' 6-max Seat #6 is the button
Seat 4: StellaSofia ($196.98 in chips)
Seat 6: Chessnok ($102 in chips)
Chessnok: posts small blind $1
StellaSofia: posts big blind $3
*** HOLE CARDS ***
Chessnok: raises $3 to $6
StellaSofia: folds
Uncalled bet ($3) returned to Chessnok
Chessnok collected $6 from pot
Chessnok: doesn't show hand
*** SUMMARY ***
Total pot $6 | Rake $0
Seat 4: StellaSofia (big blind) folded before Flop
Seat 6: Chessnok (button) (small blind) collected ($6)


PokerStars Hand #168060812876:  Hold'em Limit ($3/$6 USD) - 2017/03/24 18:36:18 ET
Table 'Haedus II' 6-max Seat #4 is the button
Seat 4: StellaSofia ($229.98 in chips)
Seat 6: Chessnok ($69.50 in chips)
StellaSofia: posts small blind $1
Chessnok: posts big blind $3
*** HOLE CARDS ***
StellaSofia: raises $3 to $6
Chessnok: raises $3 to $9
StellaSofia: raises $3 to $12
Betting is capped
Chessnok: calls $3
*** FLOP *** [4c Th 2c]
Chessnok: checks
StellaSofia: bets $3
Chessnok: calls $3
*** TURN *** [4c Th 2c] [6h]
Chessnok: checks
StellaSofia: bets $6
Chessnok: raises $6 to $12
StellaSofia: calls $6
*** RIVER *** [4c Th 2c 6h] [2h]
Chessnok: bets $6
StellaSofia: calls $6
*** SHOW DOWN ***
Chessnok: shows [Td Kc] (two pair, Tens and Deuces)
StellaSofia: mucks hand
Chessnok collected $65.50 from pot
*** SUMMARY ***
Total pot $66 | Rake $0.50
Board [4c Th 2c 6h 2h]
Seat 4: StellaSofia (button) (small blind) mucked
Seat 6: Chessnok (big blind) showed [Td Kc] and won ($65.50) with two pair, Tens and Deuces


PokerStars Hand #168060836762:  Hold'em Limit ($3/$6 USD) - 2017/03/24 18:36:48 ET
Table 'Haedus II' 6-max Seat #4 is the button
Seat 4: StellaSofia ($193.98 in chips)
Seat 6: Chessnok ($105 in chips)
StellaSofia: posts small blind $1
Chessnok: posts big blind $3
*** HOLE CARDS ***
StellaSofia: raises $3 to $6
Chessnok: calls $3
*** FLOP *** [8c Jh 7h]
Chessnok: checks
StellaSofia: bets $3
Chessnok: calls $3
*** TURN *** [8c Jh 7h] [Ts]
Chessnok: checks
StellaSofia: bets $6
Chessnok: folds
Uncalled bet ($6) returned to StellaSofia
StellaSofia collected $17.64 from pot
StellaSofia: doesn't show hand
*** SUMMARY ***
Total pot $18 | Rake $0.36
Board [8c Jh 7h Ts]
Seat 4: StellaSofia (button) (small blind) collected ($17.64)
Seat 6: Chessnok (big blind) folded on the Turn


PokerStars Hand #168060848781:  Hold'em Limit ($3/$6 USD) - 2017/03/24 18:37:03 ET
Table 'Haedus II' 6-max Seat #6 is the button
Seat 4: StellaSofia ($202.62 in chips)
Seat 6: Chessnok ($96 in chips)
Chessnok: posts small blind $1
StellaSofia: posts big blind $3
*** HOLE CARDS ***
Chessnok: raises $3 to $6
StellaSofia: folds
Uncalled bet ($3) returned to Chessnok
Chessnok collected $6 from pot
Chessnok: doesn't show hand
*** SUMMARY ***
Total pot $6 | Rake $0
Seat 4: StellaSofia (big blind) folded before Flop
Seat 6: Chessnok (button) (small blind) collected ($6)


PokerStars Hand #168060878564:  Hold'em Limit ($3/$6 USD) - 2017/03/24 18:37:41 ET
Table 'Haedus II' 6-max Seat #4 is the button
Seat 4: StellaSofia ($181.62 in chips)
Seat 6: Chessnok ($116.50 in chips)
StellaSofia: posts small blind $1
Chessnok: posts big blind $3
*** HOLE CARDS ***
StellaSofia: raises $3 to $6
Chessnok: calls $3
*** FLOP *** [7c 4s Kh]
Chessnok: checks
StellaSofia: checks
*** TURN *** [7c 4s Kh] [Jd]
Chessnok: bets $6
StellaSofia: raises $6 to $12
Chessnok: calls $6
*** RIVER *** [7c 4s Kh Jd] [Ac]
Chessnok: checks
StellaSofia: bets $6
Chessnok: calls $6
*** SHOW DOWN ***
StellaSofia: shows [5c Qd] (high card Ace)
Chessnok: shows [9d 4d] (a pair of Fours)
Chessnok collected $47.50 from pot
*** SUMMARY ***
Total pot $48 | Rake $0.50
Board [7c 4s Kh Jd Ac]
Seat 4: StellaSofia (button) (small blind) showed [5c Qd] and lost with high card Ace
Seat 6: Chessnok (big blind) showed [9d 4d] and won ($47.50) with a pair of Fours


PokerStars Hand #168060891281:  Hold'em Limit ($3/$6 USD) - 2017/03/24 18:37:57 ET
Table 'Haedus II' 6-max Seat #6 is the button
Seat 4: StellaSofia ($157.62 in chips)
Seat 6: Chessnok ($140 in chips)
Chessnok: posts small blind $1
StellaSofia: posts big blind $3
*** HOLE CARDS ***
Chessnok: raises $3 to $6
StellaSofia: calls $3
*** FLOP *** [Jh 8s Js]
StellaSofia: checks
Chessnok: bets $3
StellaSofia: calls $3
*** TURN *** [Jh 8s Js] [5d]
StellaSofia: checks
Chessnok: bets $6
StellaSofia: calls $6
*** RIVER *** [Jh 8s Js 5d] [Jd]
StellaSofia: bets $6
Chessnok: raises $6 to $12
StellaSofia: folds
Uncalled bet ($6) returned to Chessnok
StellaSofia leaves the table
Chessnok collected $41.50 from pot
Chessnok: doesn't show hand
*** SUMMARY ***
Total pot $42 | Rake $0.50
Board [Jh 8s Js 5d Jd]
Seat 4: StellaSofia (big blind) folded on the River
Seat 6: Chessnok (button) (small blind) collected ($41.50)


PokerStars Hand #168060855889:  Hold'em Limit ($3/$6 USD) - 2017/03/24 18:37:12 ET
Table 'Haedus II' 6-max Seat #4 is the button
Seat 4: StellaSofia ($199.62 in chips)
Seat 6: Chessnok ($99 in chips)
StellaSofia: posts small blind $1
Chessnok: posts big blind $3
*** HOLE CARDS ***
StellaSofia: raises $3 to $6
Chessnok: calls $3
*** FLOP *** [9h 3c 4h]
Chessnok: checks
StellaSofia: bets $3
Chessnok: calls $3
*** TURN *** [9h 3c 4h] [9d]
Chessnok: checks
StellaSofia: bets $6
Chessnok: calls $6
*** RIVER *** [9h 3c 4h 9d] [2h]
Chessnok: bets $6
StellaSofia: folds
Uncalled bet ($6) returned to Chessnok
Chessnok collected $29.50 from pot
Chessnok: doesn't show hand
*** SUMMARY ***
Total pot $30 | Rake $0.50
Board [9h 3c 4h 9d 2h]
Seat 4: StellaSofia (button) (small blind) folded on the River
Seat 6: Chessnok (big blind) collected ($29.50)


