PokerStars Hand #162330559746:  Hold'em Limit ($3/$6 USD) - 2016/12/03 3:42:38 ET
Table 'Haffner' 6-max Seat #6 is the button
Seat 1: Icecold ($902.53 in chips)
Seat 6: ToDaFelt ($176.12 in chips)
ToDaFelt: posts small blind $1
Icecold: posts big blind $3
*** HOLE CARDS ***
ToDaFelt: raises $3 to $6
Icecold: calls $3
*** FLOP *** [As Ts 8c]
Icecold: checks
ToDaFelt: bets $3
Icecold: folds [2s 2h]
Uncalled bet ($3) returned to ToDaFelt
ToDaFelt collected $11.76 from pot
ToDaFelt: doesn't show hand
*** SUMMARY ***
Total pot $12 | Rake $0.24
Board [As Ts 8c]
Seat 1: Icecold (big blind) folded on the Flop
Seat 6: ToDaFelt (button) (small blind) collected ($11.76)


PokerStars Hand #162330584668:  Hold'em Limit ($3/$6 USD) - 2016/12/03 3:43:47 ET
Table 'Haffner' 6-max Seat #2 is the button
Seat 2: gorcea_vs ($38.18 in chips)
Seat 6: ToDaFelt ($181.88 in chips)
gorcea_vs: posts small blind $1
ToDaFelt: posts big blind $3
*** HOLE CARDS ***
gorcea_vs: calls $2
ToDaFelt: checks
*** FLOP *** [Qh 5s Kd]
csicsi83 joins the table at seat #4
ToDaFelt: checks
gorcea_vs: bets $3
ToDaFelt: folds
Uncalled bet ($3) returned to gorcea_vs
gorcea_vs collected $5.88 from pot
gorcea_vs: doesn't show hand
*** SUMMARY ***
Total pot $6 | Rake $0.12
Board [Qh 5s Kd]
Seat 2: gorcea_vs (button) (small blind) collected ($5.88)
Seat 6: ToDaFelt (big blind) folded on the Flop


PokerStars Hand #162330969077:  Hold'em Limit ($3/$6 USD) - 2016/12/03 4:01:19 ET
Table 'Haffner' 6-max Seat #6 is the button
Seat 5: oregordog ($182.33 in chips)
Seat 6: ToDaFelt ($121.04 in chips)
ToDaFelt: posts small blind $1
oregordog: posts big blind $3
*** HOLE CARDS ***
ToDaFelt: raises $3 to $6
oregordog: raises $3 to $9
ToDaFelt: calls $3
*** FLOP *** [6d 9h Ad]
oregordog: bets $3
ToDaFelt: calls $3
*** TURN *** [6d 9h Ad] [5h]
oregordog: checks
ToDaFelt: bets $6
oregordog: calls $6
*** RIVER *** [6d 9h Ad 5h] [8s]
oregordog: checks
ToDaFelt: checks
*** SHOW DOWN ***
oregordog: shows [4d 4s] (a pair of Fours)
ToDaFelt: shows [9d Tc] (a pair of Nines)
ToDaFelt collected $35.50 from pot
*** SUMMARY ***
Total pot $36 | Rake $0.50
Board [6d 9h Ad 5h 8s]
Seat 5: oregordog (big blind) showed [4d 4s] and lost with a pair of Fours
Seat 6: ToDaFelt (button) (small blind) showed [9d Tc] and won ($35.50) with a pair of Nines


PokerStars Hand #162330984795:  Hold'em Limit ($3/$6 USD) - 2016/12/03 4:02:01 ET
Table 'Haffner' 6-max Seat #5 is the button
Seat 5: oregordog ($164.33 in chips)
Seat 6: ToDaFelt ($138.54 in chips)
oregordog: posts small blind $1
ToDaFelt: posts big blind $3
*** HOLE CARDS ***
oregordog: folds
Uncalled bet ($2) returned to ToDaFelt
ToDaFelt collected $2 from pot
ToDaFelt: doesn't show hand
*** SUMMARY ***
Total pot $2 | Rake $0
Seat 5: oregordog (button) (small blind) folded before Flop
Seat 6: ToDaFelt (big blind) collected ($2)


