PokerStars Hand #164464155069:  Hold'em Limit ($3/$6 USD) - 2017/01/12 14:17:45 ET
Table 'Hagar' 6-max Seat #1 is the button
Seat 1: Chessnok ($108 in chips)
Seat 2: denn69 ($95.30 in chips)
Chessnok: posts small blind $1
denn69: posts big blind $3
*** HOLE CARDS ***
Chessnok: raises $3 to $6
denn69: calls $3
*** FLOP *** [9d 6d 5s]
denn69: checks
Chessnok: bets $3
denn69: folds
Uncalled bet ($3) returned to Chessnok
Chessnok collected $11.76 from pot
Chessnok: doesn't show hand
*** SUMMARY ***
Total pot $12 | Rake $0.24
Board [9d 6d 5s]
Seat 1: Chessnok (button) (small blind) collected ($11.76)
Seat 2: denn69 (big blind) folded on the Flop


PokerStars Hand #164464206951:  Hold'em Limit ($3/$6 USD) - 2017/01/12 14:18:38 ET
Table 'Hagar' 6-max Seat #1 is the button
Seat 1: Chessnok ($105.52 in chips)
Seat 2: denn69 ($96.80 in chips)
Chessnok: posts small blind $1
denn69: posts big blind $3
*** HOLE CARDS ***
Chessnok: raises $3 to $6
denn69: raises $3 to $9
Chessnok: calls $3
*** FLOP *** [Jh 5h 9s]
denn69: bets $3
Chessnok: calls $3
*** TURN *** [Jh 5h 9s] [7c]
denn69: bets $6
Chessnok: folds
Uncalled bet ($6) returned to denn69
denn69 collected $23.52 from pot
denn69: doesn't show hand
*** SUMMARY ***
Total pot $24 | Rake $0.48
Board [Jh 5h 9s 7c]
Seat 1: Chessnok (button) (small blind) folded on the Turn
Seat 2: denn69 (big blind) collected ($23.52)


PokerStars Hand #164464166928:  Hold'em Limit ($3/$6 USD) - 2017/01/12 14:17:57 ET
Table 'Hagar' 6-max Seat #2 is the button
Seat 1: Chessnok ($113.76 in chips)
Seat 2: denn69 ($89.30 in chips)
denn69: posts small blind $1
Chessnok: posts big blind $3
*** HOLE CARDS ***
denn69: folds
Uncalled bet ($2) returned to Chessnok
Chessnok collected $2 from pot
*** SUMMARY ***
Total pot $2 | Rake $0
Seat 1: Chessnok (big blind) collected ($2)
Seat 2: denn69 (button) (small blind) folded before Flop


PokerStars Hand #164464190581:  Hold'em Limit ($3/$6 USD) - 2017/01/12 14:18:21 ET
Table 'Hagar' 6-max Seat #2 is the button
Seat 1: Chessnok ($120.52 in chips)
Seat 2: denn69 ($82.30 in chips)
denn69: posts small blind $1
Chessnok: posts big blind $3
*** HOLE CARDS ***
denn69: raises $3 to $6
Chessnok: calls $3
*** FLOP *** [3s 5h Kc]
Chessnok: checks
denn69: bets $3
Chessnok: calls $3
*** TURN *** [3s 5h Kc] [6s]
Chessnok: checks
denn69: checks
*** RIVER *** [3s 5h Kc 6s] [8h]
Chessnok: bets $6
denn69: calls $6
*** SHOW DOWN ***
Chessnok: shows [Qs 3h] (a pair of Threes)
denn69: shows [Jc 5c] (a pair of Fives)
denn69 collected $29.50 from pot
*** SUMMARY ***
Total pot $30 | Rake $0.50
Board [3s 5h Kc 6s 8h]
Seat 1: Chessnok (big blind) showed [Qs 3h] and lost with a pair of Threes
Seat 2: denn69 (button) (small blind) showed [Jc 5c] and won ($29.50) with a pair of Fives


PokerStars Hand #164464179148:  Hold'em Limit ($3/$6 USD) - 2017/01/12 14:18:10 ET
Table 'Hagar' 6-max Seat #1 is the button
Seat 1: Chessnok ($114.76 in chips)
Seat 2: denn69 ($88.30 in chips)
Chessnok: posts small blind $1
denn69: posts big blind $3
*** HOLE CARDS ***
Chessnok: raises $3 to $6
denn69: calls $3
*** FLOP *** [7h Jd Ah]
denn69: checks
Chessnok: bets $3
denn69: folds
Uncalled bet ($3) returned to Chessnok
Chessnok collected $11.76 from pot
Chessnok: doesn't show hand
*** SUMMARY ***
Total pot $12 | Rake $0.24
Board [7h Jd Ah]
Seat 1: Chessnok (button) (small blind) collected ($11.76)
Seat 2: denn69 (big blind) folded on the Flop


PokerStars Hand #164464221178:  Hold'em Limit ($3/$6 USD) - 2017/01/12 14:18:52 ET
Table 'Hagar' 6-max Seat #2 is the button
Seat 1: Chessnok ($93.52 in chips)
Seat 2: denn69 ($108.32 in chips)
denn69: posts small blind $1
Chessnok: posts big blind $3
*** HOLE CARDS ***
denn69: calls $2
Chessnok: raises $3 to $6
denn69: calls $3
*** FLOP *** [Ts 4s 9d]
Chessnok: bets $3
karambakilla joins the table at seat #3
denn69: calls $3
*** TURN *** [Ts 4s 9d] [Kc]
Chessnok: bets $6
Krazy90 joins the table at seat #4
denn69: calls $6
*** RIVER *** [Ts 4s 9d Kc] [7c]
Chessnok: bets $6
denn69: folds
Uncalled bet ($6) returned to Chessnok
Chessnok collected $29.50 from pot
Chessnok: doesn't show hand
*** SUMMARY ***
Total pot $30 | Rake $0.50
Board [Ts 4s 9d Kc 7c]
Seat 1: Chessnok (big blind) collected ($29.50)
Seat 2: denn69 (button) (small blind) folded on the River


PokerStars Hand #164464248007:  Hold'em Limit ($3/$6 USD) - 2017/01/12 14:19:19 ET
Table 'Hagar' 6-max Seat #1 is the button
Seat 1: Chessnok ($108.02 in chips)
Seat 2: denn69 ($93.32 in chips)
Chessnok: posts small blind $1
denn69: posts big blind $3
*** HOLE CARDS ***
Chessnok: raises $3 to $6
denn69: raises $3 to $9
Chessnok: calls $3
*** FLOP *** [Js 9c 8c]
denn69: checks
Chessnok: checks
*** TURN *** [Js 9c 8c] [9h]
denn69: bets $6
Chessnok: folds
Uncalled bet ($6) returned to denn69
denn69 collected $17.64 from pot
denn69: doesn't show hand
*** SUMMARY ***
Total pot $18 | Rake $0.36
Board [Js 9c 8c 9h]
Seat 1: Chessnok (button) (small blind) folded on the Turn
Seat 2: denn69 (big blind) collected ($17.64)


PokerStars Hand #164466560612:  Hold'em Limit ($3/$6 USD) - 2017/01/12 14:58:21 ET
Table 'Hagar' 6-max Seat #1 is the button
Seat 1: Chessnok ($78.31 in chips)
Seat 4: Krazy90 ($269.98 in chips)
Chessnok: posts small blind $1
Krazy90: posts big blind $3
*** HOLE CARDS ***
Chessnok: folds
Uncalled bet ($2) returned to Krazy90
Krazy90 collected $2 from pot
Krazy90: doesn't show hand
*** SUMMARY ***
Total pot $2 | Rake $0
Seat 1: Chessnok (button) (small blind) folded before Flop
Seat 4: Krazy90 (big blind) collected ($2)


