PokerStars Hand #162971499896:  Hold'em Limit ($3/$6 USD) - 2016/12/15 4:58:12 ET
Table 'Hagar' 6-max Seat #3 is the button
Seat 3: gnatakurchpz ($33.92 in chips)
Seat 4: Agrotait ($72 in chips)
gnatakurchpz: posts small blind $1
Agrotait: posts big blind $3
*** HOLE CARDS ***
gnatakurchpz: calls $2
Agrotait: checks
*** FLOP *** [2s 9h Qs]
Agrotait: checks
gnatakurchpz: bets $3
ToDaFelt joins the table at seat #5
Agrotait: calls $3
*** TURN *** [2s 9h Qs] [Ah]
Agrotait: checks
gnatakurchpz: bets $6
Agrotait: folds
Uncalled bet ($6) returned to gnatakurchpz
gnatakurchpz collected $11.76 from pot
gnatakurchpz: doesn't show hand
*** SUMMARY ***
Total pot $12 | Rake $0.24
Board [2s 9h Qs Ah]
Seat 3: gnatakurchpz (button) (small blind) collected ($11.76)
Seat 4: Agrotait (big blind) folded on the Turn


PokerStars Hand #162972958904:  Hold'em Limit ($3/$6 USD) - 2016/12/15 5:57:18 ET
Table 'Hagar' 6-max Seat #5 is the button
Seat 2: B_loJkl ($150 in chips)
Seat 5: ToDaFelt ($264.10 in chips)
ToDaFelt: posts small blind $1
B_loJkl: posts big blind $3
*** HOLE CARDS ***
swics1202 said, "i told ya no lie against u"
ToDaFelt: raises $3 to $6
swics1202 said, "stupid fuking liar"
B_loJkl: calls $3
*** FLOP *** [Qd 5s Ac]
B_loJkl: checks
ToDaFelt said, "lie on flop"
ToDaFelt: bets $3
B_loJkl: folds
Uncalled bet ($3) returned to ToDaFelt
ToDaFelt collected $11.76 from pot
ToDaFelt: doesn't show hand
*** SUMMARY ***
Total pot $12 | Rake $0.24
Board [Qd 5s Ac]
Seat 2: B_loJkl (big blind) folded on the Flop
Seat 5: ToDaFelt (button) (small blind) collected ($11.76)


