PokerStars Hand #170664526399:  Hold'em Limit ($3/$6 USD) - 2017/05/20 6:30:46 ET
Table 'Hagar II' 6-max Seat #1 is the button
Seat 1: nedo1414 ($120 in chips)
Seat 4: Agrotait ($72 in chips)
nedo1414: posts small blind $1
Agrotait: posts big blind $3
*** HOLE CARDS ***
nedo1414: folds
Uncalled bet ($2) returned to Agrotait
Agrotait collected $2 from pot
Agrotait: doesn't show hand
*** SUMMARY ***
Total pot $2 | Rake $0
Seat 1: nedo1414 (button) (small blind) folded before Flop
Seat 4: Agrotait (big blind) collected ($2)


PokerStars Hand #170664545623:  Hold'em Limit ($3/$6 USD) - 2017/05/20 6:31:30 ET
Table 'Hagar II' 6-max Seat #1 is the button
Seat 1: nedo1414 ($104 in chips)
Seat 4: Agrotait ($87.50 in chips)
nedo1414: posts small blind $1
Agrotait: posts big blind $3
*** HOLE CARDS ***
nedo1414: raises $3 to $6
Agrotait: calls $3
*** FLOP *** [8h Kh Qc]
Agrotait: checks
nedo1414: bets $3
Agrotait: raises $3 to $6
nedo1414: folds
Uncalled bet ($3) returned to Agrotait
Agrotait collected $17.64 from pot
Agrotait: doesn't show hand
*** SUMMARY ***
Total pot $18 | Rake $0.36
Board [8h Kh Qc]
Seat 1: nedo1414 (button) (small blind) folded on the Flop
Seat 4: Agrotait (big blind) collected ($17.64)


PokerStars Hand #170664537146:  Hold'em Limit ($3/$6 USD) - 2017/05/20 6:31:11 ET
Table 'Hagar II' 6-max Seat #1 is the button
Seat 1: nedo1414 ($120 in chips)
Seat 4: Agrotait ($72 in chips)
nedo1414: posts small blind $1
Agrotait: posts big blind $3
*** HOLE CARDS ***
nedo1414: folds
Uncalled bet ($2) returned to Agrotait
Agrotait collected $2 from pot
Agrotait: doesn't show hand
*** SUMMARY ***
Total pot $2 | Rake $0
Seat 1: nedo1414 (button) (small blind) folded before Flop
Seat 4: Agrotait (big blind) collected ($2)


PokerStars Hand #170664530644:  Hold'em Limit ($3/$6 USD) - 2017/05/20 6:30:56 ET
Table 'Hagar II' 6-max Seat #4 is the button
Seat 1: nedo1414 ($119 in chips)
Seat 4: Agrotait ($73 in chips)
Agrotait: posts small blind $1
nedo1414: posts big blind $3
*** HOLE CARDS ***
Agrotait: folds
Uncalled bet ($2) returned to nedo1414
nedo1414 collected $2 from pot
nedo1414: doesn't show hand
*** SUMMARY ***
Total pot $2 | Rake $0
Seat 1: nedo1414 (big blind) collected ($2)
Seat 4: Agrotait (button) (small blind) folded before Flop


PokerStars Hand #170664539163:  Hold'em Limit ($3/$6 USD) - 2017/05/20 6:31:15 ET
Table 'Hagar II' 6-max Seat #4 is the button
Seat 1: nedo1414 ($119 in chips)
Seat 4: Agrotait ($73 in chips)
Agrotait: posts small blind $1
nedo1414: posts big blind $3
*** HOLE CARDS ***
Agrotait: raises $3 to $6
nedo1414: calls $3
*** FLOP *** [7c 6c 9c]
nedo1414: checks
Agrotait: bets $3
nedo1414: calls $3
*** TURN *** [7c 6c 9c] [5h]
nedo1414: checks
Agrotait: checks
*** RIVER *** [7c 6c 9c 5h] [9h]
nedo1414: bets $6
Agrotait: calls $6
*** SHOW DOWN ***
nedo1414: shows [Kd 5d] (two pair, Nines and Fives)
Agrotait: shows [5c Ad] (two pair, Nines and Fives - Ace kicker)
Agrotait collected $29.50 from pot
*** SUMMARY ***
Total pot $30 | Rake $0.50
Board [7c 6c 9c 5h 9h]
Seat 1: nedo1414 (big blind) showed [Kd 5d] and lost with two pair, Nines and Fives
Seat 4: Agrotait (button) (small blind) showed [5c Ad] and won ($29.50) with two pair, Nines and Fives


PokerStars Hand #170664552220:  Hold'em Limit ($3/$6 USD) - 2017/05/20 6:31:46 ET
Table 'Hagar II' 6-max Seat #4 is the button
Seat 1: nedo1414 ($95 in chips)
Seat 4: Agrotait ($96.14 in chips)
Agrotait: posts small blind $1
nedo1414: posts big blind $3
*** HOLE CARDS ***
Agrotait: raises $3 to $6
nedo1414: raises $3 to $9
Agrotait: calls $3
*** FLOP *** [7h 2d 8c]
nedo1414: bets $3
Agrotait: raises $3 to $6
nedo1414: raises $3 to $9
Agrotait: calls $3
*** TURN *** [7h 2d 8c] [9s]
nedo1414: bets $6
Agrotait: calls $6
*** RIVER *** [7h 2d 8c 9s] [Ah]
nedo1414: checks
Agrotait: checks
*** SHOW DOWN ***
nedo1414: shows [Kd 8s] (a pair of Eights)
Agrotait: mucks hand
nedo1414 collected $47.50 from pot
*** SUMMARY ***
Total pot $48 | Rake $0.50
Board [7h 2d 8c 9s Ah]
Seat 1: nedo1414 (big blind) showed [Kd 8s] and won ($47.50) with a pair of Eights
Seat 4: Agrotait (button) (small blind) mucked


PokerStars Hand #170664577290:  Hold'em Limit ($3/$6 USD) - 2017/05/20 6:32:44 ET
Table 'Hagar II' 6-max Seat #4 is the button
Seat 1: nedo1414 ($123.90 in chips)
Seat 4: Agrotait ($80.64 in chips)
Agrotait: posts small blind $1
nedo1414: posts big blind $3
*** HOLE CARDS ***
Agrotait: folds
Uncalled bet ($2) returned to nedo1414
nedo1414 collected $2 from pot
nedo1414: doesn't show hand
*** SUMMARY ***
Total pot $2 | Rake $0
Seat 1: nedo1414 (big blind) collected ($2)
Seat 4: Agrotait (button) (small blind) folded before Flop


PokerStars Hand #170664573289:  Hold'em Limit ($3/$6 USD) - 2017/05/20 6:32:34 ET
Table 'Hagar II' 6-max Seat #1 is the button
Seat 1: nedo1414 ($132.90 in chips)
Seat 4: Agrotait ($72 in chips)
nedo1414: posts small blind $1
Agrotait: posts big blind $3
*** HOLE CARDS ***
nedo1414: raises $3 to $6
Agrotait: raises $3 to $9
nedo1414: calls $3
*** FLOP *** [4s Ad 3h]
Agrotait: bets $3
nedo1414: folds
Uncalled bet ($3) returned to Agrotait
Agrotait collected $17.64 from pot
Agrotait: doesn't show hand
*** SUMMARY ***
Total pot $18 | Rake $0.36
Board [4s Ad 3h]
Seat 1: nedo1414 (button) (small blind) folded on the Flop
Seat 4: Agrotait (big blind) collected ($17.64)


PokerStars Hand #170664566547:  Hold'em Limit ($3/$6 USD) - 2017/05/20 6:32:19 ET
Table 'Hagar II' 6-max Seat #4 is the button
Seat 1: nedo1414 ($124.26 in chips)
Seat 4: Agrotait ($66.14 in chips)
Agrotait: posts small blind $1
nedo1414: posts big blind $3
*** HOLE CARDS ***
Agrotait: raises $3 to $6
nedo1414: calls $3
*** FLOP *** [7s 9h As]
nedo1414: checks
Agrotait: bets $3
nedo1414: raises $3 to $6
Agrotait: folds
Uncalled bet ($3) returned to nedo1414
nedo1414 collected $17.64 from pot
nedo1414: doesn't show hand
*** SUMMARY ***
Total pot $18 | Rake $0.36
Board [7s 9h As]
Seat 1: nedo1414 (big blind) collected ($17.64)
Seat 4: Agrotait (button) (small blind) folded on the Flop


PokerStars Hand #170664562003:  Hold'em Limit ($3/$6 USD) - 2017/05/20 6:32:08 ET
Table 'Hagar II' 6-max Seat #1 is the button
Seat 1: nedo1414 ($118.50 in chips)
Seat 4: Agrotait ($72.14 in chips)
nedo1414: posts small blind $1
Agrotait: posts big blind $3
*** HOLE CARDS ***
nedo1414: raises $3 to $6
Agrotait: calls $3
*** FLOP *** [3d 9h Td]
Agrotait: checks
nedo1414: bets $3
Agrotait: folds
Uncalled bet ($3) returned to nedo1414
nedo1414 collected $11.76 from pot
nedo1414: doesn't show hand
*** SUMMARY ***
Total pot $12 | Rake $0.24
Board [3d 9h Td]
Seat 1: nedo1414 (button) (small blind) collected ($11.76)
Seat 4: Agrotait (big blind) folded on the Flop


PokerStars Hand #170664581952:  Hold'em Limit ($3/$6 USD) - 2017/05/20 6:32:55 ET
Table 'Hagar II' 6-max Seat #1 is the button
Seat 1: nedo1414 ($124.90 in chips)
Seat 4: Agrotait ($79.64 in chips)
nedo1414: posts small blind $1
Agrotait: posts big blind $3
*** HOLE CARDS ***
nedo1414: raises $3 to $6
Agrotait: raises $3 to $9
nedo1414: calls $3
*** FLOP *** [6c 5c Ac]
Agrotait: bets $3
nedo1414: raises $3 to $6
Agrotait: calls $3
*** TURN *** [6c 5c Ac] [2s]
Agrotait: checks
nedo1414: bets $6
Agrotait: calls $6
*** RIVER *** [6c 5c Ac 2s] [7h]
Agrotait: checks
nedo1414: checks
*** SHOW DOWN ***
Agrotait: shows [5d 6d] (two pair, Sixes and Fives)
nedo1414: mucks hand
Agrotait collected $41.50 from pot
*** SUMMARY ***
Total pot $42 | Rake $0.50
Board [6c 5c Ac 2s 7h]
Seat 1: nedo1414 (button) (small blind) mucked
Seat 4: Agrotait (big blind) showed [5d 6d] and won ($41.50) with two pair, Sixes and Fives


PokerStars Hand #170664594484:  Hold'em Limit ($3/$6 USD) - 2017/05/20 6:33:24 ET
Table 'Hagar II' 6-max Seat #1 is the button
Seat 1: nedo1414 ($104.90 in chips)
Seat 4: Agrotait ($99.14 in chips)
nedo1414: posts small blind $1
Agrotait: posts big blind $3
*** HOLE CARDS ***
nedo1414: raises $3 to $6
Agrotait: calls $3
*** FLOP *** [Jh 5h Ac]
Agrotait: checks
nedo1414: bets $3
Agrotait: calls $3
*** TURN *** [Jh 5h Ac] [5c]
Agrotait: checks
nedo1414: bets $6
Agrotait: calls $6
*** RIVER *** [Jh 5h Ac 5c] [9h]
Agrotait: checks
nedo1414: bets $6
Agrotait: folds
Uncalled bet ($6) returned to nedo1414
nedo1414 collected $29.50 from pot
nedo1414: doesn't show hand
*** SUMMARY ***
Total pot $30 | Rake $0.50
Board [Jh 5h Ac 5c 9h]
Seat 1: nedo1414 (button) (small blind) collected ($29.50)
Seat 4: Agrotait (big blind) folded on the River


PokerStars Hand #170664589843:  Hold'em Limit ($3/$6 USD) - 2017/05/20 6:33:13 ET
Table 'Hagar II' 6-max Seat #4 is the button
Seat 1: nedo1414 ($103.90 in chips)
Seat 4: Agrotait ($100.14 in chips)
Agrotait: posts small blind $1
nedo1414: posts big blind $3
*** HOLE CARDS ***
Agrotait: folds
Uncalled bet ($2) returned to nedo1414
nedo1414 collected $2 from pot
nedo1414: doesn't show hand
*** SUMMARY ***
Total pot $2 | Rake $0
Seat 1: nedo1414 (big blind) collected ($2)
Seat 4: Agrotait (button) (small blind) folded before Flop


PokerStars Hand #170664605987:  Hold'em Limit ($3/$6 USD) - 2017/05/20 6:33:50 ET
Table 'Hagar II' 6-max Seat #4 is the button
Seat 1: nedo1414 ($119.40 in chips)
Seat 4: Agrotait ($84.14 in chips)
Agrotait: posts small blind $1
nedo1414: posts big blind $3
*** HOLE CARDS ***
Agrotait: raises $3 to $6
nedo1414: calls $3
*** FLOP *** [2d 6h Qd]
nedo1414: checks
Agrotait: bets $3
nedo1414: folds
Uncalled bet ($3) returned to Agrotait
Agrotait collected $11.76 from pot
Agrotait: doesn't show hand
*** SUMMARY ***
Total pot $12 | Rake $0.24
Board [2d 6h Qd]
Seat 1: nedo1414 (big blind) folded on the Flop
Seat 4: Agrotait (button) (small blind) collected ($11.76)


