PokerStars Hand #146675752735:  Hold'em Limit ($3/$6 USD) - 2016/01/08 8:30:24 ET
Table 'Hagihara' 10-max Seat #1 is the button
Seat 1: zeelogic666 ($40.25 in chips)
Seat 2: SirRomanov ($75.25 in chips)
zeelogic666: posts small blind $1
SirRomanov: posts big blind $3
*** HOLE CARDS ***
zeelogic666: folds
Uncalled bet ($2) returned to SirRomanov
SirRomanov collected $2 from pot
SirRomanov: doesn't show hand
*** SUMMARY ***
Total pot $2 | Rake $0
Seat 1: zeelogic666 (button) (small blind) folded before Flop
Seat 2: SirRomanov (big blind) collected ($2)


PokerStars Hand #146675739528:  Hold'em Limit ($3/$6 USD) - 2016/01/08 8:30:05 ET
Table 'Hagihara' 10-max Seat #2 is the button
Seat 1: zeelogic666 ($31.61 in chips)
Seat 2: SirRomanov ($84.25 in chips)
SirRomanov: posts small blind $1
zeelogic666: posts big blind $3
*** HOLE CARDS ***
SirRomanov: raises $3 to $6
zeelogic666: calls $3
*** FLOP *** [9s 4h 5s]
zeelogic666: checks
SirRomanov: bets $3
zeelogic666: raises $3 to $6
SirRomanov: folds
Uncalled bet ($3) returned to zeelogic666
zeelogic666 collected $17.64 from pot
zeelogic666: doesn't show hand
*** SUMMARY ***
Total pot $18 | Rake $0.36
Board [9s 4h 5s]
Seat 1: zeelogic666 (big blind) collected ($17.64)
Seat 2: SirRomanov (button) (small blind) folded on the Flop


PokerStars Hand #146675756881:  Hold'em Limit ($3/$6 USD) - 2016/01/08 8:30:30 ET
Table 'Hagihara' 10-max Seat #2 is the button
Seat 1: zeelogic666 ($39.25 in chips)
Seat 2: SirRomanov ($76.25 in chips)
SirRomanov: posts small blind $1
zeelogic666: posts big blind $3
*** HOLE CARDS ***
SirRomanov: raises $3 to $6
zeelogic666: calls $3
*** FLOP *** [5d 5s 4s]
zeelogic666: checks
SirRomanov: bets $3
zeelogic666: calls $3
*** TURN *** [5d 5s 4s] [Qc]
zeelogic666: checks
SirRomanov: bets $6
zeelogic666: raises $6 to $12
SirRomanov: folds
Uncalled bet ($6) returned to zeelogic666
zeelogic666 collected $29.50 from pot
zeelogic666: doesn't show hand
*** SUMMARY ***
Total pot $30 | Rake $0.50
Board [5d 5s 4s Qc]
Seat 1: zeelogic666 (big blind) collected ($29.50)
Seat 2: SirRomanov (button) (small blind) folded on the Turn


PokerStars Hand #146675771137:  Hold'em Limit ($3/$6 USD) - 2016/01/08 8:30:50 ET
Table 'Hagihara' 10-max Seat #1 is the button
Seat 1: zeelogic666 ($53.75 in chips)
Seat 2: SirRomanov ($72 in chips)
zeelogic666: posts small blind $1
SirRomanov: posts big blind $3
*** HOLE CARDS ***
zeelogic666: raises $3 to $6
SirRomanov: calls $3
*** FLOP *** [4h 3s 3d]
SirRomanov: checks
zeelogic666: bets $3
SirRomanov: calls $3
*** TURN *** [4h 3s 3d] [Qs]
SirRomanov: checks
zeelogic666: checks
*** RIVER *** [4h 3s 3d Qs] [8d]
SirRomanov: checks
zeelogic666: checks
*** SHOW DOWN ***
SirRomanov: shows [9s 5s] (a pair of Threes)
zeelogic666: shows [Td Ah] (a pair of Threes - Ace kicker)
zeelogic666 collected $17.64 from pot
*** SUMMARY ***
Total pot $18 | Rake $0.36
Board [4h 3s 3d Qs 8d]
Seat 1: zeelogic666 (button) (small blind) showed [Td Ah] and won ($17.64) with a pair of Threes
Seat 2: SirRomanov (big blind) showed [9s 5s] and lost with a pair of Threes


PokerStars Hand #146675781917:  Hold'em Limit ($3/$6 USD) - 2016/01/08 8:31:05 ET
Table 'Hagihara' 10-max Seat #2 is the button
Seat 1: zeelogic666 ($62.39 in chips)
Seat 2: SirRomanov ($72 in chips)
SirRomanov: posts small blind $1
zeelogic666: posts big blind $3
*** HOLE CARDS ***
SirRomanov: raises $3 to $6
zeelogic666: raises $3 to $9
SirRomanov: calls $3
*** FLOP *** [3c Qd Kd]
zeelogic666: bets $3
SirRomanov: folds
Uncalled bet ($3) returned to zeelogic666
zeelogic666 collected $17.64 from pot
zeelogic666: doesn't show hand
*** SUMMARY ***
Total pot $18 | Rake $0.36
Board [3c Qd Kd]
Seat 1: zeelogic666 (big blind) collected ($17.64)
Seat 2: SirRomanov (button) (small blind) folded on the Flop


PokerStars Hand #146675789982:  Hold'em Limit ($3/$6 USD) - 2016/01/08 8:31:16 ET
Table 'Hagihara' 10-max Seat #1 is the button
Seat 1: zeelogic666 ($71.03 in chips)
Seat 2: SirRomanov ($72 in chips)
zeelogic666: posts small blind $1
SirRomanov: posts big blind $3
*** HOLE CARDS ***
zeelogic666: raises $3 to $6
SirRomanov: calls $3
*** FLOP *** [Ah 2d 9d]
SirRomanov: checks
zeelogic666: checks
*** TURN *** [Ah 2d 9d] [7s]
SirRomanov: checks
zeelogic666: bets $6
SirRomanov: folds
Uncalled bet ($6) returned to zeelogic666
zeelogic666 collected $11.76 from pot
zeelogic666: doesn't show hand
*** SUMMARY ***
Total pot $12 | Rake $0.24
Board [Ah 2d 9d 7s]
Seat 1: zeelogic666 (button) (small blind) collected ($11.76)
Seat 2: SirRomanov (big blind) folded on the Turn


PokerStars Hand #146675799111:  Hold'em Limit ($3/$6 USD) - 2016/01/08 8:31:29 ET
Table 'Hagihara' 10-max Seat #2 is the button
Seat 1: zeelogic666 ($76.79 in chips)
Seat 2: SirRomanov ($72 in chips)
SirRomanov: posts small blind $1
zeelogic666: posts big blind $3
*** HOLE CARDS ***
SirRomanov: raises $3 to $6
zeelogic666: calls $3
*** FLOP *** [Kh Ad 3c]
zeelogic666: checks
SirRomanov: bets $3
zeelogic666: folds
Uncalled bet ($3) returned to SirRomanov
SirRomanov collected $11.76 from pot
SirRomanov: doesn't show hand
*** SUMMARY ***
Total pot $12 | Rake $0.24
Board [Kh Ad 3c]
Seat 1: zeelogic666 (big blind) folded on the Flop
Seat 2: SirRomanov (button) (small blind) collected ($11.76)


PokerStars Hand #146675807465:  Hold'em Limit ($3/$6 USD) - 2016/01/08 8:31:41 ET
Table 'Hagihara' 10-max Seat #1 is the button
Seat 1: zeelogic666 ($70.79 in chips)
Seat 2: SirRomanov ($77.76 in chips)
zeelogic666: posts small blind $1
SirRomanov: posts big blind $3
*** HOLE CARDS ***
zeelogic666: folds
Uncalled bet ($2) returned to SirRomanov
SirRomanov collected $2 from pot
SirRomanov: doesn't show hand
*** SUMMARY ***
Total pot $2 | Rake $0
Seat 1: zeelogic666 (button) (small blind) folded before Flop
Seat 2: SirRomanov (big blind) collected ($2)


PokerStars Hand #146676190069:  Hold'em Limit ($3/$6 USD) - 2016/01/08 8:40:37 ET
Table 'Hagihara' 2-max Seat #2 is the button
Seat 1: ct-650 ($155.50 in chips)
Seat 2: Ultrafranke ($113.64 in chips)
Ultrafranke: posts small blind $1
ct-650: posts big blind $3
*** HOLE CARDS ***
Ultrafranke: folds
Uncalled bet ($2) returned to ct-650
ct-650 collected $2 from pot
*** SUMMARY ***
Total pot $2 | Rake $0
Seat 1: ct-650 (big blind) collected ($2)
Seat 2: Ultrafranke (button) (small blind) folded before Flop


PokerStars Hand #146676184135:  Hold'em Limit ($3/$6 USD) - 2016/01/08 8:40:28 ET
Table 'Hagihara' 2-max Seat #1 is the button
Seat 1: ct-650 ($164.50 in chips)
Seat 2: Ultrafranke ($105 in chips)
ct-650: posts small blind $1
Ultrafranke: posts big blind $3
*** HOLE CARDS ***
ct-650: raises $3 to $6
Ultrafranke: raises $3 to $9
ct-650: calls $3
*** FLOP *** [2d Jd Kd]
Ultrafranke: bets $3
ct-650: folds
Uncalled bet ($3) returned to Ultrafranke
Ultrafranke collected $17.64 from pot
*** SUMMARY ***
Total pot $18 | Rake $0.36
Board [2d Jd Kd]
Seat 1: ct-650 (button) (small blind) folded on the Flop
Seat 2: Ultrafranke (big blind) collected ($17.64)


PokerStars Hand #146676199329:  Hold'em Limit ($3/$6 USD) - 2016/01/08 8:40:50 ET
Table 'Hagihara' 2-max Seat #2 is the button
Seat 1: ct-650 ($147.50 in chips)
Seat 2: Ultrafranke ($121.28 in chips)
Ultrafranke: posts small blind $1
ct-650: posts big blind $3
*** HOLE CARDS ***
Ultrafranke: folds
Uncalled bet ($2) returned to ct-650
ct-650 collected $2 from pot
*** SUMMARY ***
Total pot $2 | Rake $0
Seat 1: ct-650 (big blind) collected ($2)
Seat 2: Ultrafranke (button) (small blind) folded before Flop


PokerStars Hand #146676193425:  Hold'em Limit ($3/$6 USD) - 2016/01/08 8:40:41 ET
Table 'Hagihara' 2-max Seat #1 is the button
Seat 1: ct-650 ($156.50 in chips)
Seat 2: Ultrafranke ($112.64 in chips)
ct-650: posts small blind $1
Ultrafranke: posts big blind $3
*** HOLE CARDS ***
ct-650: raises $3 to $6
Ultrafranke: raises $3 to $9
ct-650: calls $3
*** FLOP *** [8s 2s 5d]
Ultrafranke: bets $3
ct-650: folds
Uncalled bet ($3) returned to Ultrafranke
Ultrafranke collected $17.64 from pot
Ultrafranke: doesn't show hand
*** SUMMARY ***
Total pot $18 | Rake $0.36
Board [8s 2s 5d]
Seat 1: ct-650 (button) (small blind) folded on the Flop
Seat 2: Ultrafranke (big blind) collected ($17.64)


PokerStars Hand #146676237488:  Hold'em Limit ($3/$6 USD) - 2016/01/08 8:41:43 ET
Table 'Hagihara' 2-max Seat #1 is the button
Seat 1: ct-650 ($126.26 in chips)
Seat 2: Ultrafranke ($141.44 in chips)
ct-650: posts small blind $1
Ultrafranke: posts big blind $3
*** HOLE CARDS ***
ct-650: raises $3 to $6
Ultrafranke: calls $3
*** FLOP *** [5h 5c 3d]
Ultrafranke: checks
ct-650: checks
*** TURN *** [5h 5c 3d] [Js]
Ultrafranke: checks
ct-650: bets $6
Ultrafranke: folds
Uncalled bet ($6) returned to ct-650
ct-650 collected $11.76 from pot
*** SUMMARY ***
Total pot $12 | Rake $0.24
Board [5h 5c 3d Js]
Seat 1: ct-650 (button) (small blind) collected ($11.76)
Seat 2: Ultrafranke (big blind) folded on the Turn


PokerStars Hand #146676228350:  Hold'em Limit ($3/$6 USD) - 2016/01/08 8:41:30 ET
Table 'Hagihara' 2-max Seat #2 is the button
Seat 1: ct-650 ($138.26 in chips)
Seat 2: Ultrafranke ($129.92 in chips)
Ultrafranke: posts small blind $1
ct-650: posts big blind $3
*** HOLE CARDS ***
Ultrafranke: raises $3 to $6
ct-650: calls $3
*** FLOP *** [5h 8c Kd]
ct-650: checks
Ultrafranke: checks
*** TURN *** [5h 8c Kd] [5d]
ct-650: checks
Ultrafranke: bets $6
ct-650: calls $6
*** RIVER *** [5h 8c Kd 5d] [Qd]
ct-650: checks
Ultrafranke: checks
*** SHOW DOWN ***
ct-650: shows [2h Ah] (a pair of Fives)
Ultrafranke: shows [7d 7h] (two pair, Sevens and Fives)
Ultrafranke collected $23.52 from pot
*** SUMMARY ***
Total pot $24 | Rake $0.48
Board [5h 8c Kd 5d Qd]
Seat 1: ct-650 (big blind) showed [2h Ah] and lost with a pair of Fives
Seat 2: Ultrafranke (button) (small blind) showed [7d 7h] and won ($23.52) with two pair, Sevens and Fives


PokerStars Hand #146676207976:  Hold'em Limit ($3/$6 USD) - 2016/01/08 8:41:02 ET
Table 'Hagihara' 2-max Seat #2 is the button
Seat 1: ct-650 ($154.26 in chips)
Seat 2: Ultrafranke ($114.28 in chips)
Ultrafranke: posts small blind $1
ct-650: posts big blind $3
*** HOLE CARDS ***
Ultrafranke: raises $3 to $6
ct-650: folds
Uncalled bet ($3) returned to Ultrafranke
Ultrafranke collected $6 from pot
Ultrafranke: doesn't show hand
*** SUMMARY ***
Total pot $6 | Rake $0
Seat 1: ct-650 (big blind) folded before Flop
Seat 2: Ultrafranke (button) (small blind) collected ($6)


PokerStars Hand #146676212101:  Hold'em Limit ($3/$6 USD) - 2016/01/08 8:41:08 ET
Table 'Hagihara' 2-max Seat #1 is the button
Seat 1: ct-650 ($151.26 in chips)
Seat 2: Ultrafranke ($117.28 in chips)
ct-650: posts small blind $1
Ultrafranke: posts big blind $3
*** HOLE CARDS ***
ct-650: raises $3 to $6
Ultrafranke: calls $3
*** FLOP *** [Kd 6d 9c]
Ultrafranke: checks
ct-650: bets $3
Ultrafranke: calls $3
*** TURN *** [Kd 6d 9c] [4s]
Ultrafranke: checks
ct-650: checks
*** RIVER *** [Kd 6d 9c 4s] [6c]
Ultrafranke: bets $6
ct-650: folds
Uncalled bet ($6) returned to Ultrafranke
Ultrafranke collected $17.64 from pot
Ultrafranke: doesn't show hand
*** SUMMARY ***
Total pot $18 | Rake $0.36
Board [Kd 6d 9c 4s 6c]
Seat 1: ct-650 (button) (small blind) folded on the River
Seat 2: Ultrafranke (big blind) collected ($17.64)


PokerStars Hand #146676202575:  Hold'em Limit ($3/$6 USD) - 2016/01/08 8:40:54 ET
Table 'Hagihara' 2-max Seat #1 is the button
Seat 1: ct-650 ($148.50 in chips)
Seat 2: Ultrafranke ($120.28 in chips)
ct-650: posts small blind $1
Ultrafranke: posts big blind $3
*** HOLE CARDS ***
ct-650: raises $3 to $6
Ultrafranke: calls $3
*** FLOP *** [As Td 3s]
Ultrafranke: checks
ct-650: bets $3
Ultrafranke: folds
Uncalled bet ($3) returned to ct-650
ct-650 collected $11.76 from pot
*** SUMMARY ***
Total pot $12 | Rake $0.24
Board [As Td 3s]
Seat 1: ct-650 (button) (small blind) collected ($11.76)
Seat 2: Ultrafranke (big blind) folded on the Flop


PokerStars Hand #146676225314:  Hold'em Limit ($3/$6 USD) - 2016/01/08 8:41:26 ET
Table 'Hagihara' 2-max Seat #1 is the button
Seat 1: ct-650 ($139.26 in chips)
Seat 2: Ultrafranke ($128.92 in chips)
ct-650: posts small blind $1
Ultrafranke: posts big blind $3
*** HOLE CARDS ***
ct-650: folds
Uncalled bet ($2) returned to Ultrafranke
Ultrafranke collected $2 from pot
Ultrafranke: doesn't show hand
*** SUMMARY ***
Total pot $2 | Rake $0
Seat 1: ct-650 (button) (small blind) folded before Flop
Seat 2: Ultrafranke (big blind) collected ($2)


PokerStars Hand #146676220273:  Hold'em Limit ($3/$6 USD) - 2016/01/08 8:41:19 ET
Table 'Hagihara' 2-max Seat #2 is the button
Seat 1: ct-650 ($142.26 in chips)
Seat 2: Ultrafranke ($125.92 in chips)
Ultrafranke: posts small blind $1
ct-650: posts big blind $3
*** HOLE CARDS ***
Ultrafranke: raises $3 to $6
ct-650: folds
Uncalled bet ($3) returned to Ultrafranke
Ultrafranke collected $6 from pot
Ultrafranke: doesn't show hand
*** SUMMARY ***
Total pot $6 | Rake $0
Seat 1: ct-650 (big blind) folded before Flop
Seat 2: Ultrafranke (button) (small blind) collected ($6)


PokerStars Hand #146676276360:  Hold'em Limit ($3/$6 USD) - 2016/01/08 8:42:35 ET
Table 'Hagihara' 2-max Seat #2 is the button
Seat 1: ct-650 ($123.52 in chips)
Seat 2: Ultrafranke ($142.48 in chips)
Ultrafranke: posts small blind $1
ct-650: posts big blind $3
*** HOLE CARDS ***
Ultrafranke: raises $3 to $6
ct-650: calls $3
*** FLOP *** [5h 7d 2s]
ct-650: checks
Ultrafranke: checks
*** TURN *** [5h 7d 2s] [Kc]
ct-650: checks
Ultrafranke: bets $6
ct-650: calls $6
*** RIVER *** [5h 7d 2s Kc] [5d]
ct-650: checks
Ultrafranke: bets $6
ct-650: calls $6
*** SHOW DOWN ***
Ultrafranke: shows [Kh 6d] (two pair, Kings and Fives)
ct-650: mucks hand
Ultrafranke collected $35.50 from pot
*** SUMMARY ***
Total pot $36 | Rake $0.50
Board [5h 7d 2s Kc 5d]
Seat 1: ct-650 (big blind) mucked
Seat 2: Ultrafranke (button) (small blind) showed [Kh 6d] and won ($35.50) with two pair, Kings and Fives


PokerStars Hand #146676258968:  Hold'em Limit ($3/$6 USD) - 2016/01/08 8:42:11 ET
Table 'Hagihara' 2-max Seat #2 is the button
Seat 1: ct-650 ($121.02 in chips)
Seat 2: Ultrafranke ($145.96 in chips)
Ultrafranke: posts small blind $1
ct-650: posts big blind $3
*** HOLE CARDS ***
Ultrafranke: raises $3 to $6
ct-650: calls $3
*** FLOP *** [Js 5h 6d]
ct-650: checks
Ultrafranke: checks
*** TURN *** [Js 5h 6d] [Ah]
ct-650: checks
Ultrafranke: bets $6
ct-650: calls $6
*** RIVER *** [Js 5h 6d Ah] [8s]
ct-650: checks
Ultrafranke: bets $6
ct-650: folds
Uncalled bet ($6) returned to Ultrafranke
Ultrafranke collected $23.52 from pot
Ultrafranke: doesn't show hand
*** SUMMARY ***
Total pot $24 | Rake $0.48
Board [Js 5h 6d Ah 8s]
Seat 1: ct-650 (big blind) folded on the River
Seat 2: Ultrafranke (button) (small blind) collected ($23.52)


PokerStars Hand #146676247497:  Hold'em Limit ($3/$6 USD) - 2016/01/08 8:41:58 ET
Table 'Hagihara' 2-max Seat #1 is the button
Seat 1: ct-650 ($133.02 in chips)
Seat 2: Ultrafranke ($134.44 in chips)
ct-650: posts small blind $1
Ultrafranke: posts big blind $3
*** HOLE CARDS ***
ct-650: raises $3 to $6
Ultrafranke: calls $3
*** FLOP *** [6s 7d 2d]
Ultrafranke: checks
ct-650: checks
*** TURN *** [6s 7d 2d] [Kd]
Ultrafranke: checks
ct-650: bets $6
Ultrafranke: calls $6
*** RIVER *** [6s 7d 2d Kd] [7c]
Ultrafranke: checks
ct-650: checks
*** SHOW DOWN ***
Ultrafranke: shows [4h 4c] (two pair, Sevens and Fours)
ct-650: mucks hand
Ultrafranke collected $23.52 from pot
*** SUMMARY ***
Total pot $24 | Rake $0.48
Board [6s 7d 2d Kd 7c]
Seat 1: ct-650 (button) (small blind) mucked
Seat 2: Ultrafranke (big blind) showed [4h 4c] and won ($23.52) with two pair, Sevens and Fours


PokerStars Hand #146676243928:  Hold'em Limit ($3/$6 USD) - 2016/01/08 8:41:53 ET
Table 'Hagihara' 2-max Seat #2 is the button
Seat 1: ct-650 ($132.02 in chips)
Seat 2: Ultrafranke ($135.44 in chips)
Ultrafranke: posts small blind $1
ct-650: posts big blind $3
*** HOLE CARDS ***
Ultrafranke: folds
Uncalled bet ($2) returned to ct-650
ct-650 collected $2 from pot
*** SUMMARY ***
Total pot $2 | Rake $0
Seat 1: ct-650 (big blind) collected ($2)
Seat 2: Ultrafranke (button) (small blind) folded before Flop


PokerStars Hand #146676268332:  Hold'em Limit ($3/$6 USD) - 2016/01/08 8:42:24 ET
Table 'Hagihara' 2-max Seat #1 is the button
Seat 1: ct-650 ($109.02 in chips)
Seat 2: Ultrafranke ($157.48 in chips)
ct-650: posts small blind $1
Ultrafranke: posts big blind $3
*** HOLE CARDS ***
ct-650: raises $3 to $6
Ultrafranke: calls $3
*** FLOP *** [Ad Jh 5c]
Ultrafranke: checks
ct-650: bets $3
Ultrafranke: calls $3
*** TURN *** [Ad Jh 5c] [2h]
Ultrafranke: checks
ct-650: bets $6
Ultrafranke: calls $6
*** RIVER *** [Ad Jh 5c 2h] [8h]
Ultrafranke: checks
ct-650: checks
*** SHOW DOWN ***
Ultrafranke: shows [Js Tc] (a pair of Jacks)
ct-650: shows [8s 8d] (three of a kind, Eights)
ct-650 collected $29.50 from pot
*** SUMMARY ***
Total pot $30 | Rake $0.50
Board [Ad Jh 5c 2h 8h]
Seat 1: ct-650 (button) (small blind) showed [8s 8d] and won ($29.50) with three of a kind, Eights
Seat 2: Ultrafranke (big blind) showed [Js Tc] and lost with a pair of Jacks


PokerStars Hand #146676309347:  Hold'em Limit ($3/$6 USD) - 2016/01/08 8:43:21 ET
Table 'Hagihara' 2-max Seat #1 is the button
Seat 1: ct-650 ($129.78 in chips)
Seat 2: Ultrafranke ($134.98 in chips)
ct-650: posts small blind $1
Ultrafranke: posts big blind $3
*** HOLE CARDS ***
ct-650: folds
Uncalled bet ($2) returned to Ultrafranke
Ultrafranke collected $2 from pot
Ultrafranke: doesn't show hand
*** SUMMARY ***
Total pot $2 | Rake $0
Seat 1: ct-650 (button) (small blind) folded before Flop
Seat 2: Ultrafranke (big blind) collected ($2)


PokerStars Hand #146676305904:  Hold'em Limit ($3/$6 USD) - 2016/01/08 8:43:15 ET
Table 'Hagihara' 2-max Seat #2 is the button
Seat 1: ct-650 ($132.78 in chips)
Seat 2: Ultrafranke ($131.98 in chips)
Ultrafranke: posts small blind $1
ct-650: posts big blind $3
*** HOLE CARDS ***
Ultrafranke: raises $3 to $6
ct-650: folds
Uncalled bet ($3) returned to Ultrafranke
Ultrafranke collected $6 from pot
Ultrafranke: doesn't show hand
*** SUMMARY ***
Total pot $6 | Rake $0
Seat 1: ct-650 (big blind) folded before Flop
Seat 2: Ultrafranke (button) (small blind) collected ($6)


PokerStars Hand #146676330617:  Hold'em Limit ($3/$6 USD) - 2016/01/08 8:43:49 ET
Table 'Hagihara' 2-max Seat #2 is the button
Seat 1: ct-650 ($113.78 in chips)
Seat 2: Ultrafranke ($150.38 in chips)
Ultrafranke: posts small blind $1
ct-650: posts big blind $3
*** HOLE CARDS ***
Ultrafranke: folds
Uncalled bet ($2) returned to ct-650
ct-650 collected $2 from pot
*** SUMMARY ***
Total pot $2 | Rake $0
Seat 1: ct-650 (big blind) collected ($2)
Seat 2: Ultrafranke (button) (small blind) folded before Flop


PokerStars Hand #146676322904:  Hold'em Limit ($3/$6 USD) - 2016/01/08 8:43:38 ET
Table 'Hagihara' 2-max Seat #1 is the button
Seat 1: ct-650 ($119.78 in chips)
Seat 2: Ultrafranke ($144.62 in chips)
ct-650: posts small blind $1
Ultrafranke: posts big blind $3
*** HOLE CARDS ***
ct-650: raises $3 to $6
Ultrafranke: calls $3
*** FLOP *** [8c 4s 7c]
Ultrafranke: checks
ct-650: checks
*** TURN *** [8c 4s 7c] [8d]
Ultrafranke: checks
ct-650: checks
*** RIVER *** [8c 4s 7c 8d] [9d]
Ultrafranke: bets $6
ct-650: folds
Uncalled bet ($6) returned to Ultrafranke
Ultrafranke collected $11.76 from pot
Ultrafranke: doesn't show hand
*** SUMMARY ***
Total pot $12 | Rake $0.24
Board [8c 4s 7c 8d 9d]
Seat 1: ct-650 (button) (small blind) folded on the River
Seat 2: Ultrafranke (big blind) collected ($11.76)


PokerStars Hand #146676313447:  Hold'em Limit ($3/$6 USD) - 2016/01/08 8:43:25 ET
Table 'Hagihara' 2-max Seat #2 is the button
Seat 1: ct-650 ($128.78 in chips)
Seat 2: Ultrafranke ($135.98 in chips)
Ultrafranke: posts small blind $1
ct-650: posts big blind $3
*** HOLE CARDS ***
Ultrafranke: raises $3 to $6
ct-650: calls $3
*** FLOP *** [3d Ts 2c]
ct-650: checks
Ultrafranke: bets $3
ct-650: calls $3
*** TURN *** [3d Ts 2c] [7s]
ct-650: checks
Ultrafranke: checks
*** RIVER *** [3d Ts 2c 7s] [6d]
ct-650: checks
Ultrafranke: checks
*** SHOW DOWN ***
ct-650: shows [Ks 4h] (high card King)
Ultrafranke: shows [Kh Qc] (high card King - Queen kicker)
Ultrafranke collected $17.64 from pot
*** SUMMARY ***
Total pot $18 | Rake $0.36
Board [3d Ts 2c 7s 6d]
Seat 1: ct-650 (big blind) showed [Ks 4h] and lost with high card King
Seat 2: Ultrafranke (button) (small blind) showed [Kh Qc] and won ($17.64) with high card King


PokerStars Hand #146676293319:  Hold'em Limit ($3/$6 USD) - 2016/01/08 8:42:58 ET
Table 'Hagihara' 2-max Seat #2 is the button
Seat 1: ct-650 ($111.28 in chips)
Seat 2: Ultrafranke ($153.98 in chips)
Ultrafranke: posts small blind $1
ct-650: posts big blind $3
*** HOLE CARDS ***
Ultrafranke: folds
Uncalled bet ($2) returned to ct-650
ct-650 collected $2 from pot
*** SUMMARY ***
Total pot $2 | Rake $0
Seat 1: ct-650 (big blind) collected ($2)
Seat 2: Ultrafranke (button) (small blind) folded before Flop


PokerStars Hand #146676288093:  Hold'em Limit ($3/$6 USD) - 2016/01/08 8:42:51 ET
Table 'Hagihara' 2-max Seat #1 is the button
Seat 1: ct-650 ($105.52 in chips)
Seat 2: Ultrafranke ($159.98 in chips)
ct-650: posts small blind $1
Ultrafranke: posts big blind $3
*** HOLE CARDS ***
ct-650: raises $3 to $6
Ultrafranke: calls $3
*** FLOP *** [6c 5c Kd]
Ultrafranke: checks
ct-650: bets $3
Ultrafranke: folds
Uncalled bet ($3) returned to ct-650
ct-650 collected $11.76 from pot
*** SUMMARY ***
Total pot $12 | Rake $0.24
Board [6c 5c Kd]
Seat 1: ct-650 (button) (small blind) collected ($11.76)
Seat 2: Ultrafranke (big blind) folded on the Flop


PokerStars Hand #146676296771:  Hold'em Limit ($3/$6 USD) - 2016/01/08 8:43:03 ET
Table 'Hagihara' 2-max Seat #1 is the button
Seat 1: ct-650 ($112.28 in chips)
Seat 2: Ultrafranke ($152.98 in chips)
ct-650: posts small blind $1
Ultrafranke: posts big blind $3
*** HOLE CARDS ***
ct-650: raises $3 to $6
Ultrafranke: calls $3
*** FLOP *** [8c Jc 4s]
Ultrafranke: checks
ct-650: bets $3
Ultrafranke: calls $3
*** TURN *** [8c Jc 4s] [6h]
Ultrafranke: checks
ct-650: bets $6
Ultrafranke: calls $6
*** RIVER *** [8c Jc 4s 6h] [7c]
Ultrafranke: checks
ct-650: bets $6
Ultrafranke: calls $6
*** SHOW DOWN ***
ct-650: shows [Ts 9s] (a straight, Seven to Jack)
Ultrafranke: mucks hand
ct-650 collected $41.50 from pot
*** SUMMARY ***
Total pot $42 | Rake $0.50
Board [8c Jc 4s 6h 7c]
Seat 1: ct-650 (button) (small blind) showed [Ts 9s] and won ($41.50) with a straight, Seven to Jack
Seat 2: Ultrafranke (big blind) mucked


PokerStars Hand #146676334347:  Hold'em Limit ($3/$6 USD) - 2016/01/08 8:43:53 ET
Table 'Hagihara' 2-max Seat #1 is the button
Seat 1: ct-650 ($114.78 in chips)
Seat 2: Ultrafranke ($149.38 in chips)
ct-650: posts small blind $1
Ultrafranke: posts big blind $3
*** HOLE CARDS ***
ct-650: folds
Uncalled bet ($2) returned to Ultrafranke
Ultrafranke collected $2 from pot
Ultrafranke: doesn't show hand
*** SUMMARY ***
Total pot $2 | Rake $0
Seat 1: ct-650 (button) (small blind) folded before Flop
Seat 2: Ultrafranke (big blind) collected ($2)


