PokerStars Hand #167596970446:  Hold'em Limit ($3/$6 USD) - 2017/03/14 20:19:49 ET
Table 'Hagihara' 6-max Seat #4 is the button
Seat 3: ARARAT ANAPA ($57.50 in chips)
Seat 4: **Geka**555 ($18 in chips)
**Geka**555: posts small blind $1
ARARAT ANAPA: posts big blind $3
*** HOLE CARDS ***
**Geka**555: folds
Uncalled bet ($2) returned to ARARAT ANAPA
ARARAT ANAPA collected $2 from pot
*** SUMMARY ***
Total pot $2 | Rake $0
Seat 3: ARARAT ANAPA (big blind) collected ($2)
Seat 4: **Geka**555 (button) (small blind) folded before Flop


PokerStars Hand #167596967988:  Hold'em Limit ($3/$6 USD) - 2017/03/14 20:19:35 ET
Table 'Hagihara' 6-max Seat #3 is the button
Seat 3: ARARAT ANAPA ($40 in chips)
Seat 4: **Geka**555 ($36 in chips)
ARARAT ANAPA: posts small blind $1
**Geka**555: posts big blind $3
*** HOLE CARDS ***
ARARAT ANAPA: raises $3 to $6
**Geka**555: calls $3
*** FLOP *** [2s Kc Td]
**Geka**555: checks
ARARAT ANAPA: checks
*** TURN *** [2s Kc Td] [8d]
**Geka**555: bets $6
ARARAT ANAPA: calls $6
*** RIVER *** [2s Kc Td 8d] [6s]
**Geka**555: bets $6
ARARAT ANAPA: calls $6
*** SHOW DOWN ***
**Geka**555: shows [Jh 4c] (high card King)
ARARAT ANAPA: shows [As 8c] (a pair of Eights)
ARARAT ANAPA collected $35.50 from pot
*** SUMMARY ***
Total pot $36 | Rake $0.50
Board [2s Kc Td 8d 6s]
Seat 3: ARARAT ANAPA (button) (small blind) showed [As 8c] and won ($35.50) with a pair of Eights
Seat 4: **Geka**555 (big blind) showed [Jh 4c] and lost with high card King


PokerStars Hand #167596971233:  Hold'em Limit ($3/$6 USD) - 2017/03/14 20:19:54 ET
Table 'Hagihara' 6-max Seat #3 is the button
Seat 3: ARARAT ANAPA ($58.50 in chips)
Seat 4: **Geka**555 ($17 in chips)
ARARAT ANAPA: posts small blind $1
**Geka**555: posts big blind $3
*** HOLE CARDS ***
ARARAT ANAPA: raises $3 to $6
**Geka**555: raises $3 to $9
ARARAT ANAPA: calls $3
*** FLOP *** [3h 2h Js]
**Geka**555: bets $3
ARARAT ANAPA: calls $3
*** TURN *** [3h 2h Js] [2d]
**Geka**555: bets $5 and is all-in
ARARAT ANAPA: calls $5
*** RIVER *** [3h 2h Js 2d] [6s]
*** SHOW DOWN ***
**Geka**555: shows [Qc Ac] (a pair of Deuces)
ARARAT ANAPA: shows [5s Qs] (a pair of Deuces - lower kicker)
**Geka**555 collected $33.50 from pot
*** SUMMARY ***
Total pot $34 | Rake $0.50
Board [3h 2h Js 2d 6s]
Seat 3: ARARAT ANAPA (button) (small blind) showed [5s Qs] and lost with a pair of Deuces
Seat 4: **Geka**555 (big blind) showed [Qc Ac] and won ($33.50) with a pair of Deuces


PokerStars Hand #167596974248:  Hold'em Limit ($3/$6 USD) - 2017/03/14 20:20:11 ET
Table 'Hagihara' 6-max Seat #4 is the button
Seat 3: ARARAT ANAPA ($41.50 in chips)
Seat 4: **Geka**555 ($33.50 in chips)
**Geka**555: posts small blind $1
ARARAT ANAPA: posts big blind $3
*** HOLE CARDS ***
**Geka**555: raises $3 to $6
ARARAT ANAPA: calls $3
*** FLOP *** [Qd Qs Qh]
ARARAT ANAPA: bets $3
**Geka**555: calls $3
*** TURN *** [Qd Qs Qh] [6h]
ARARAT ANAPA: checks
**Geka**555: bets $6
ARARAT ANAPA: calls $6
*** RIVER *** [Qd Qs Qh 6h] [Tc]
ARARAT ANAPA: checks
**Geka**555: bets $6
ARARAT ANAPA: calls $6
*** SHOW DOWN ***
**Geka**555: shows [Ad As] (a full house, Queens full of Aces)
ARARAT ANAPA: mucks hand
**Geka**555 collected $41.50 from pot
*** SUMMARY ***
Total pot $42 | Rake $0.50
Board [Qd Qs Qh 6h Tc]
Seat 3: ARARAT ANAPA (big blind) mucked
Seat 4: **Geka**555 (button) (small blind) showed [Ad As] and won ($41.50) with a full house, Queens full of Aces


PokerStars Hand #167596978220:  Hold'em Limit ($3/$6 USD) - 2017/03/14 20:20:31 ET
Table 'Hagihara' 6-max Seat #3 is the button
Seat 3: ARARAT ANAPA ($20.50 in chips)
Seat 4: **Geka**555 ($54 in chips)
ARARAT ANAPA: posts small blind $1
**Geka**555: posts big blind $3
*** HOLE CARDS ***
ARARAT ANAPA: raises $3 to $6
**Geka**555: calls $3
*** FLOP *** [9d Ad 8c]
**Geka**555: checks
ARARAT ANAPA: checks
*** TURN *** [9d Ad 8c] [As]
**Geka**555: checks
ARARAT ANAPA: bets $6
**Geka**555: calls $6
*** RIVER *** [9d Ad 8c As] [7h]
**Geka**555: checks
ARARAT ANAPA: bets $6
**Geka**555: calls $6
*** SHOW DOWN ***
ARARAT ANAPA: shows [Qh Ac] (three of a kind, Aces)
**Geka**555: mucks hand
ARARAT ANAPA collected $35.50 from pot
*** SUMMARY ***
Total pot $36 | Rake $0.50
Board [9d Ad 8c As 7h]
Seat 3: ARARAT ANAPA (button) (small blind) showed [Qh Ac] and won ($35.50) with three of a kind, Aces
Seat 4: **Geka**555 (big blind) mucked


PokerStars Hand #167596983069:  Hold'em Limit ($3/$6 USD) - 2017/03/14 20:20:55 ET
Table 'Hagihara' 6-max Seat #4 is the button
Seat 3: ARARAT ANAPA ($38 in chips)
Seat 4: **Geka**555 ($36 in chips)
**Geka**555: posts small blind $1
ARARAT ANAPA: posts big blind $3
*** HOLE CARDS ***
**Geka**555: raises $3 to $6
ARARAT ANAPA: calls $3
*** FLOP *** [Ah Qc 2s]
ARARAT ANAPA: checks
**Geka**555: bets $3
ARARAT ANAPA: folds
Uncalled bet ($3) returned to **Geka**555
**Geka**555 collected $11.76 from pot
*** SUMMARY ***
Total pot $12 | Rake $0.24
Board [Ah Qc 2s]
Seat 3: ARARAT ANAPA (big blind) folded on the Flop
Seat 4: **Geka**555 (button) (small blind) collected ($11.76)


PokerStars Hand #167596985242:  Hold'em Limit ($3/$6 USD) - 2017/03/14 20:21:05 ET
Table 'Hagihara' 6-max Seat #3 is the button
Seat 3: ARARAT ANAPA ($32 in chips)
Seat 4: **Geka**555 ($41.76 in chips)
ARARAT ANAPA: posts small blind $1
**Geka**555: posts big blind $3
*** HOLE CARDS ***
ARARAT ANAPA: raises $3 to $6
**Geka**555: calls $3
*** FLOP *** [Qs 5d 7s]
**Geka**555: checks
ARARAT ANAPA: bets $3
**Geka**555: calls $3
*** TURN *** [Qs 5d 7s] [Ah]
**Geka**555: checks
ARARAT ANAPA: checks
*** RIVER *** [Qs 5d 7s Ah] [Ad]
**Geka**555: bets $6
ARARAT ANAPA: calls $6
*** SHOW DOWN ***
**Geka**555: shows [Jc Qd] (two pair, Aces and Queens)
ARARAT ANAPA: mucks hand
**Geka**555 collected $29.50 from pot
*** SUMMARY ***
Total pot $30 | Rake $0.50
Board [Qs 5d 7s Ah Ad]
Seat 3: ARARAT ANAPA (button) (small blind) mucked
Seat 4: **Geka**555 (big blind) showed [Jc Qd] and won ($29.50) with two pair, Aces and Queens


PokerStars Hand #167596989703:  Hold'em Limit ($3/$6 USD) - 2017/03/14 20:21:26 ET
Table 'Hagihara' 6-max Seat #4 is the button
Seat 3: ARARAT ANAPA ($17 in chips)
Seat 4: **Geka**555 ($56.26 in chips)
**Geka**555: posts small blind $1
ARARAT ANAPA: posts big blind $3
*** HOLE CARDS ***
**Geka**555: folds
Uncalled bet ($2) returned to ARARAT ANAPA
ARARAT ANAPA collected $2 from pot
*** SUMMARY ***
Total pot $2 | Rake $0
Seat 3: ARARAT ANAPA (big blind) collected ($2)
Seat 4: **Geka**555 (button) (small blind) folded before Flop


PokerStars Hand #167596990883:  Hold'em Limit ($3/$6 USD) - 2017/03/14 20:21:31 ET
Table 'Hagihara' 6-max Seat #3 is the button
Seat 3: ARARAT ANAPA ($18 in chips)
Seat 4: **Geka**555 ($55.26 in chips)
ARARAT ANAPA: posts small blind $1
**Geka**555: posts big blind $3
*** HOLE CARDS ***
ARARAT ANAPA: raises $3 to $6
**Geka**555: calls $3
*** FLOP *** [6h 9s 2c]
**Geka**555: checks
ARARAT ANAPA: checks
*** TURN *** [6h 9s 2c] [5h]
**Geka**555: bets $6
ARARAT ANAPA: calls $6
*** RIVER *** [6h 9s 2c 5h] [Qs]
**Geka**555: bets $6
ARARAT ANAPA: folds
Uncalled bet ($6) returned to **Geka**555
**Geka**555 collected $23.52 from pot
*** SUMMARY ***
Total pot $24 | Rake $0.48
Board [6h 9s 2c 5h Qs]
Seat 3: ARARAT ANAPA (button) (small blind) folded on the River
Seat 4: **Geka**555 (big blind) collected ($23.52)


PokerStars Hand #167598039145:  Hold'em Limit ($3/$6 USD) - 2017/03/14 20:58:56 ET
Table 'Hagihara' 6-max Seat #4 is the button
Seat 1: belik555 ($90 in chips)
Seat 4: petethepipe ($85.52 in chips)
petethepipe: posts small blind $1
belik555: posts big blind $3
*** HOLE CARDS ***
petethepipe: raises $3 to $6
belik555: folds
Uncalled bet ($3) returned to petethepipe
petethepipe collected $6 from pot
petethepipe: doesn't show hand
*** SUMMARY ***
Total pot $6 | Rake $0
Seat 1: belik555 (big blind) folded before Flop
Seat 4: petethepipe (button) (small blind) collected ($6)


PokerStars Hand #167598028738:  Hold'em Limit ($3/$6 USD) - 2017/03/14 20:58:34 ET
Table 'Hagihara' 6-max Seat #1 is the button
Seat 1: belik555 ($95.76 in chips)
Seat 4: petethepipe ($74 in chips)
belik555: posts small blind $1
petethepipe: posts big blind $3
*** HOLE CARDS ***
belik555: raises $3 to $6
petethepipe: calls $3
*** FLOP *** [7c 8s Jd]
petethepipe: checks
belik555: bets $3
petethepipe: raises $3 to $6
belik555: calls $3
*** TURN *** [7c 8s Jd] [Kh]
petethepipe: bets $6
belik555: folds
Uncalled bet ($6) returned to petethepipe
petethepipe collected $23.52 from pot
petethepipe: doesn't show hand
*** SUMMARY ***
Total pot $24 | Rake $0.48
Board [7c 8s Jd Kh]
Seat 1: belik555 (button) (small blind) folded on the Turn
Seat 4: petethepipe (big blind) collected ($23.52)


PokerStars Hand #167598015028:  Hold'em Limit ($3/$6 USD) - 2017/03/14 20:58:07 ET
Table 'Hagihara' 6-max Seat #4 is the button
Seat 1: belik555 ($90 in chips)
Seat 4: petethepipe ($80 in chips)
petethepipe: posts small blind $1
belik555: posts big blind $3
*** HOLE CARDS ***
petethepipe: calls $2
belik555: raises $3 to $6
petethepipe: calls $3
*** FLOP *** [Kc 8c 9h]
belik555: bets $3
petethepipe: folds
Uncalled bet ($3) returned to belik555
belik555 collected $11.76 from pot
belik555: doesn't show hand
*** SUMMARY ***
Total pot $12 | Rake $0.24
Board [Kc 8c 9h]
Seat 1: belik555 (big blind) collected ($11.76)
Seat 4: petethepipe (button) (small blind) folded on the Flop


PokerStars Hand #167598042890:  Hold'em Limit ($3/$6 USD) - 2017/03/14 20:59:03 ET
Table 'Hagihara' 6-max Seat #1 is the button
Seat 1: belik555 ($90 in chips)
Seat 4: petethepipe ($88.52 in chips)
belik555: posts small blind $1
petethepipe: posts big blind $3
*** HOLE CARDS ***
belik555: raises $3 to $6
petethepipe: calls $3
*** FLOP *** [Jh 2d Th]
petethepipe: checks
belik555: bets $3
petethepipe: calls $3
*** TURN *** [Jh 2d Th] [8h]
petethepipe: checks
huracan mdp joins the table at seat #6
belik555: checks
*** RIVER *** [Jh 2d Th 8h] [Kh]
petethepipe: bets $6
belik555: folds
Uncalled bet ($6) returned to petethepipe
petethepipe collected $17.64 from pot
petethepipe: doesn't show hand
*** SUMMARY ***
Total pot $18 | Rake $0.36
Board [Jh 2d Th 8h Kh]
Seat 1: belik555 (button) (small blind) folded on the River
Seat 4: petethepipe (big blind) collected ($17.64)


PokerStars Hand #167598487283:  Hold'em Limit ($3/$6 USD) - 2017/03/14 21:12:59 ET
Table 'Hagihara' 6-max Seat #1 is the button
Seat 1: belik555 ($160 in chips)
Seat 6: huracan mdp ($86.25 in chips)
belik555: posts small blind $1
huracan mdp: posts big blind $3
*** HOLE CARDS ***
belik555: raises $3 to $6
huracan mdp: raises $3 to $9
belik555: calls $3
*** FLOP *** [5s 4s 5c]
huracan mdp: bets $3
belik555: calls $3
*** TURN *** [5s 4s 5c] [9h]
huracan mdp: bets $6
belik555: folds
Uncalled bet ($6) returned to huracan mdp
jimothy1984 joins the table at seat #5
huracan mdp collected $23.52 from pot
*** SUMMARY ***
Total pot $24 | Rake $0.48
Board [5s 4s 5c 9h]
Seat 1: belik555 (button) (small blind) folded on the Turn
Seat 6: huracan mdp (big blind) collected ($23.52)


PokerStars Hand #167598483730:  Hold'em Limit ($3/$6 USD) - 2017/03/14 21:12:53 ET
Table 'Hagihara' 6-max Seat #6 is the button
Seat 1: belik555 ($159 in chips)
Seat 6: huracan mdp ($87.25 in chips)
huracan mdp: posts small blind $1
belik555: posts big blind $3
*** HOLE CARDS ***
huracan mdp: folds
Uncalled bet ($2) returned to belik555
belik555 collected $2 from pot
belik555: doesn't show hand
*** SUMMARY ***
Total pot $2 | Rake $0
Seat 1: belik555 (big blind) collected ($2)
Seat 6: huracan mdp (button) (small blind) folded before Flop


PokerStars Hand #167598471100:  Hold'em Limit ($3/$6 USD) - 2017/03/14 21:12:29 ET
Table 'Hagihara' 6-max Seat #1 is the button
Seat 1: belik555 ($165 in chips)
Seat 6: huracan mdp ($81.49 in chips)
belik555: posts small blind $1
huracan mdp: posts big blind $3
*** HOLE CARDS ***
belik555: raises $3 to $6
huracan mdp: calls $3
*** FLOP *** [6s 5s Jd]
huracan mdp: checks
belik555: checks
*** TURN *** [6s 5s Jd] [Qs]
huracan mdp: bets $6
belik555: folds
Uncalled bet ($6) returned to huracan mdp
huracan mdp collected $11.76 from pot
*** SUMMARY ***
Total pot $12 | Rake $0.24
Board [6s 5s Jd Qs]
Seat 1: belik555 (button) (small blind) folded on the Turn
Seat 6: huracan mdp (big blind) collected ($11.76)


PokerStars Hand #167598499198:  Hold'em Limit ($3/$6 USD) - 2017/03/14 21:13:22 ET
Table 'Hagihara' 6-max Seat #6 is the button
Seat 1: belik555 ($148 in chips)
Seat 6: huracan mdp ($97.77 in chips)
huracan mdp: posts small blind $1
belik555: posts big blind $3
*** HOLE CARDS ***
huracan mdp: folds
Uncalled bet ($2) returned to belik555
belik555 collected $2 from pot
belik555: doesn't show hand
*** SUMMARY ***
Total pot $2 | Rake $0
Seat 1: belik555 (big blind) collected ($2)
Seat 6: huracan mdp (button) (small blind) folded before Flop


PokerStars Hand #167598593221:  Hold'em Limit ($3/$6 USD) - 2017/03/14 21:16:18 ET
Table 'Hagihara' 6-max Seat #6 is the button
Seat 1: belik555 ($171.66 in chips)
Seat 6: huracan mdp ($117.07 in chips)
huracan mdp: posts small blind $1
belik555: posts big blind $3
*** HOLE CARDS ***
huracan mdp: folds
Uncalled bet ($2) returned to belik555
belik555 collected $2 from pot
belik555: doesn't show hand
jimothy1984 leaves the table
*** SUMMARY ***
Total pot $2 | Rake $0
Seat 1: belik555 (big blind) collected ($2)
Seat 6: huracan mdp (button) (small blind) folded before Flop


PokerStars Hand #167598596285:  Hold'em Limit ($3/$6 USD) - 2017/03/14 21:16:23 ET
Table 'Hagihara' 6-max Seat #1 is the button
Seat 1: belik555 ($172.66 in chips)
Seat 6: huracan mdp ($116.07 in chips)
belik555: posts small blind $1
huracan mdp: posts big blind $3
*** HOLE CARDS ***
belik555: raises $3 to $6
huracan mdp: calls $3
*** FLOP *** [6h Ts 7h]
huracan mdp: checks
belik555: checks
*** TURN *** [6h Ts 7h] [Th]
huracan mdp: checks
belik555: checks
*** RIVER *** [6h Ts 7h Th] [Jh]
huracan mdp: bets $6
belik555: calls $6
*** SHOW DOWN ***
huracan mdp: shows [Ks 2d] (a pair of Tens)
belik555: shows [Qs 3h] (a flush, Jack high)
belik555 collected $23.52 from pot
*** SUMMARY ***
Total pot $24 | Rake $0.48
Board [6h Ts 7h Th Jh]
Seat 1: belik555 (button) (small blind) showed [Qs 3h] and won ($23.52) with a flush, Jack high
Seat 6: huracan mdp (big blind) showed [Ks 2d] and lost with a pair of Tens


PokerStars Hand #167598608145:  Hold'em Limit ($3/$6 USD) - 2017/03/14 21:16:46 ET
Table 'Hagihara' 6-max Seat #6 is the button
Seat 1: belik555 ($184.18 in chips)
Seat 6: huracan mdp ($104.07 in chips)
huracan mdp: posts small blind $1
belik555: posts big blind $3
*** HOLE CARDS ***
huracan mdp: raises $3 to $6
belik555: calls $3
*** FLOP *** [6h Js 8s]
belik555: checks
huracan mdp: checks
*** TURN *** [6h Js 8s] [9h]
belik555: checks
huracan mdp: checks
*** RIVER *** [6h Js 8s 9h] [2c]
belik555: checks
huracan mdp: checks
*** SHOW DOWN ***
belik555: shows [7d 3s] (high card Jack)
huracan mdp: shows [Ac 5h] (high card Ace)
huracan mdp collected $11.76 from pot
*** SUMMARY ***
Total pot $12 | Rake $0.24
Board [6h Js 8s 9h 2c]
Seat 1: belik555 (big blind) showed [7d 3s] and lost with high card Jack
Seat 6: huracan mdp (button) (small blind) showed [Ac 5h] and won ($11.76) with high card Ace


PokerStars Hand #167598620458:  Hold'em Limit ($3/$6 USD) - 2017/03/14 21:17:09 ET
Table 'Hagihara' 6-max Seat #1 is the button
Seat 1: belik555 ($178.18 in chips)
Seat 6: huracan mdp ($109.83 in chips)
belik555: posts small blind $1
huracan mdp: posts big blind $3
*** HOLE CARDS ***
belik555: folds
Uncalled bet ($2) returned to huracan mdp
huracan mdp collected $2 from pot
*** SUMMARY ***
Total pot $2 | Rake $0
Seat 1: belik555 (button) (small blind) folded before Flop
Seat 6: huracan mdp (big blind) collected ($2)


PokerStars Hand #167598628549:  Hold'em Limit ($3/$6 USD) - 2017/03/14 21:17:24 ET
Table 'Hagihara' 6-max Seat #6 is the button
Seat 1: belik555 ($177.18 in chips)
Seat 6: huracan mdp ($110.83 in chips)
huracan mdp: posts small blind $1
belik555: posts big blind $3
*** HOLE CARDS ***
huracan mdp: folds
Uncalled bet ($2) returned to belik555
belik555 collected $2 from pot
belik555: doesn't show hand
*** SUMMARY ***
Total pot $2 | Rake $0
Seat 1: belik555 (big blind) collected ($2)
Seat 6: huracan mdp (button) (small blind) folded before Flop


PokerStars Hand #167598631558:  Hold'em Limit ($3/$6 USD) - 2017/03/14 21:17:29 ET
Table 'Hagihara' 6-max Seat #1 is the button
Seat 1: belik555 ($178.18 in chips)
Seat 6: huracan mdp ($109.83 in chips)
belik555: posts small blind $1
huracan mdp: posts big blind $3
*** HOLE CARDS ***
belik555: raises $3 to $6
huracan mdp: calls $3
*** FLOP *** [Ad 9s Ks]
huracan mdp: checks
belik555: checks
*** TURN *** [Ad 9s Ks] [Jh]
huracan mdp: checks
belik555: bets $6
huracan mdp: calls $6
*** RIVER *** [Ad 9s Ks Jh] [8s]
huracan mdp: checks
belik555: bets $6
huracan mdp: calls $6
*** SHOW DOWN ***
belik555: shows [Kh 4s] (a pair of Kings)
huracan mdp: shows [Jd 8h] (two pair, Jacks and Eights)
huracan mdp collected $35.50 from pot
*** SUMMARY ***
Total pot $36 | Rake $0.50
Board [Ad 9s Ks Jh 8s]
Seat 1: belik555 (button) (small blind) showed [Kh 4s] and lost with a pair of Kings
Seat 6: huracan mdp (big blind) showed [Jd 8h] and won ($35.50) with two pair, Jacks and Eights


PokerStars Hand #167598645444:  Hold'em Limit ($3/$6 USD) - 2017/03/14 21:17:55 ET
Table 'Hagihara' 6-max Seat #6 is the button
Seat 1: belik555 ($160.18 in chips)
Seat 6: huracan mdp ($127.33 in chips)
huracan mdp: posts small blind $1
belik555: posts big blind $3
*** HOLE CARDS ***
huracan mdp: raises $3 to $6
belik555: calls $3
*** FLOP *** [Jd Kh Qd]
belik555: checks
huracan mdp: bets $3
belik555: raises $3 to $6
huracan mdp: calls $3
*** TURN *** [Jd Kh Qd] [3c]
belik555: bets $6
huracan mdp: calls $6
*** RIVER *** [Jd Kh Qd 3c] [6s]
belik555: bets $6
huracan mdp: calls $6
*** SHOW DOWN ***
belik555: shows [Kc 6d] (two pair, Kings and Sixes)
huracan mdp: mucks hand
belik555 collected $47.50 from pot
*** SUMMARY ***
Total pot $48 | Rake $0.50
Board [Jd Kh Qd 3c 6s]
Seat 1: belik555 (big blind) showed [Kc 6d] and won ($47.50) with two pair, Kings and Sixes
Seat 6: huracan mdp (button) (small blind) mucked


PokerStars Hand #167598668511:  Hold'em Limit ($3/$6 USD) - 2017/03/14 21:18:39 ET
Table 'Hagihara' 6-max Seat #1 is the button
Seat 1: belik555 ($183.68 in chips)
Seat 6: huracan mdp ($103.33 in chips)
belik555: posts small blind $1
huracan mdp: posts big blind $3
*** HOLE CARDS ***
belik555: raises $3 to $6
huracan mdp: calls $3
*** FLOP *** [2d Ad 3s]
huracan mdp: checks
belik555: bets $3
huracan mdp: raises $3 to $6
belik555: calls $3
*** TURN *** [2d Ad 3s] [Qh]
huracan mdp: bets $6
belik555: calls $6
*** RIVER *** [2d Ad 3s Qh] [9s]
huracan mdp: bets $6
belik555: calls $6
*** SHOW DOWN ***
huracan mdp: shows [7h Ac] (a pair of Aces)
belik555: mucks hand
huracan mdp collected $47.50 from pot
*** SUMMARY ***
Total pot $48 | Rake $0.50
Board [2d Ad 3s Qh 9s]
Seat 1: belik555 (button) (small blind) mucked
Seat 6: huracan mdp (big blind) showed [7h Ac] and won ($47.50) with a pair of Aces


PokerStars Hand #167598683907:  Hold'em Limit ($3/$6 USD) - 2017/03/14 21:19:07 ET
Table 'Hagihara' 6-max Seat #6 is the button
Seat 1: belik555 ($159.68 in chips)
Seat 6: huracan mdp ($126.83 in chips)
huracan mdp: posts small blind $1
belik555: posts big blind $3
*** HOLE CARDS ***
huracan mdp: raises $3 to $6
belik555: calls $3
*** FLOP *** [2h 5c 4d]
belik555: checks
huracan mdp: bets $3
belik555: raises $3 to $6
huracan mdp: raises $3 to $9
belik555: calls $3
*** TURN *** [2h 5c 4d] [Td]
belik555: checks
huracan mdp: bets $6
belik555: calls $6
*** RIVER *** [2h 5c 4d Td] [9c]
belik555: checks
huracan mdp: checks
*** SHOW DOWN ***
belik555: shows [2s Ah] (a pair of Deuces)
huracan mdp: shows [5s 8s] (a pair of Fives)
huracan mdp collected $41.50 from pot
*** SUMMARY ***
Total pot $42 | Rake $0.50
Board [2h 5c 4d Td 9c]
Seat 1: belik555 (big blind) showed [2s Ah] and lost with a pair of Deuces
Seat 6: huracan mdp (button) (small blind) showed [5s 8s] and won ($41.50) with a pair of Fives


PokerStars Hand #167598703244:  Hold'em Limit ($3/$6 USD) - 2017/03/14 21:19:44 ET
Table 'Hagihara' 6-max Seat #1 is the button
Seat 1: belik555 ($138.68 in chips)
Seat 6: huracan mdp ($147.33 in chips)
belik555: posts small blind $1
huracan mdp: posts big blind $3
*** HOLE CARDS ***
belik555: raises $3 to $6
huracan mdp: folds
Uncalled bet ($3) returned to belik555
belik555 collected $6 from pot
belik555: doesn't show hand
*** SUMMARY ***
Total pot $6 | Rake $0
Seat 1: belik555 (button) (small blind) collected ($6)
Seat 6: huracan mdp (big blind) folded before Flop


PokerStars Hand #167598709530:  Hold'em Limit ($3/$6 USD) - 2017/03/14 21:19:56 ET
Table 'Hagihara' 6-max Seat #6 is the button
Seat 1: belik555 ($141.68 in chips)
Seat 6: huracan mdp ($144.33 in chips)
huracan mdp: posts small blind $1
belik555: posts big blind $3
*** HOLE CARDS ***
huracan mdp: folds
Uncalled bet ($2) returned to belik555
belik555 collected $2 from pot
belik555: doesn't show hand
*** SUMMARY ***
Total pot $2 | Rake $0
Seat 1: belik555 (big blind) collected ($2)
Seat 6: huracan mdp (button) (small blind) folded before Flop


PokerStars Hand #167598712483:  Hold'em Limit ($3/$6 USD) - 2017/03/14 21:20:01 ET
Table 'Hagihara' 6-max Seat #1 is the button
Seat 1: belik555 ($142.68 in chips)
Seat 6: huracan mdp ($143.33 in chips)
belik555: posts small blind $1
huracan mdp: posts big blind $3
*** HOLE CARDS ***
belik555: raises $3 to $6
huracan mdp: calls $3
*** FLOP *** [9h 4c Ac]
huracan mdp: checks
belik555: bets $3
huracan mdp: folds
Uncalled bet ($3) returned to belik555
belik555 collected $11.76 from pot
belik555: doesn't show hand
*** SUMMARY ***
Total pot $12 | Rake $0.24
Board [9h 4c Ac]
Seat 1: belik555 (button) (small blind) collected ($11.76)
Seat 6: huracan mdp (big blind) folded on the Flop


PokerStars Hand #167598719891:  Hold'em Limit ($3/$6 USD) - 2017/03/14 21:20:15 ET
Table 'Hagihara' 6-max Seat #6 is the button
Seat 1: belik555 ($148.44 in chips)
Seat 6: huracan mdp ($137.33 in chips)
huracan mdp: posts small blind $1
belik555: posts big blind $3
*** HOLE CARDS ***
huracan mdp: raises $3 to $6
belik555: folds
Uncalled bet ($3) returned to huracan mdp
huracan mdp collected $6 from pot
*** SUMMARY ***
Total pot $6 | Rake $0
Seat 1: belik555 (big blind) folded before Flop
Seat 6: huracan mdp (button) (small blind) collected ($6)


PokerStars Hand #167598729759:  Hold'em Limit ($3/$6 USD) - 2017/03/14 21:20:34 ET
Table 'Hagihara' 6-max Seat #1 is the button
Seat 1: belik555 ($145.44 in chips)
Seat 6: huracan mdp ($140.33 in chips)
belik555: posts small blind $1
huracan mdp: posts big blind $3
*** HOLE CARDS ***
belik555: raises $3 to $6
huracan mdp: calls $3
*** FLOP *** [5h Ac 8c]
huracan mdp: checks
belik555: bets $3
huracan mdp: calls $3
*** TURN *** [5h Ac 8c] [6c]
huracan mdp: checks
belik555: checks
*** RIVER *** [5h Ac 8c 6c] [4d]
huracan mdp: bets $6
belik555: calls $6
*** SHOW DOWN ***
huracan mdp: shows [7s Qc] (a straight, Four to Eight)
belik555: mucks hand
huracan mdp collected $29.50 from pot
*** SUMMARY ***
Total pot $30 | Rake $0.50
Board [5h Ac 8c 6c 4d]
Seat 1: belik555 (button) (small blind) mucked
Seat 6: huracan mdp (big blind) showed [7s Qc] and won ($29.50) with a straight, Four to Eight


PokerStars Hand #167598746194:  Hold'em Limit ($3/$6 USD) - 2017/03/14 21:21:05 ET
Table 'Hagihara' 6-max Seat #6 is the button
Seat 1: belik555 ($130.44 in chips)
Seat 6: huracan mdp ($154.83 in chips)
huracan mdp: posts small blind $1
belik555: posts big blind $3
*** HOLE CARDS ***
huracan mdp: folds
Uncalled bet ($2) returned to belik555
belik555 collected $2 from pot
belik555: doesn't show hand
*** SUMMARY ***
Total pot $2 | Rake $0
Seat 1: belik555 (big blind) collected ($2)
Seat 6: huracan mdp (button) (small blind) folded before Flop


PokerStars Hand #167598748916:  Hold'em Limit ($3/$6 USD) - 2017/03/14 21:21:10 ET
Table 'Hagihara' 6-max Seat #1 is the button
Seat 1: belik555 ($131.44 in chips)
Seat 6: huracan mdp ($153.83 in chips)
belik555: posts small blind $1
huracan mdp: posts big blind $3
*** HOLE CARDS ***
belik555: raises $3 to $6
huracan mdp: folds
Uncalled bet ($3) returned to belik555
belik555 collected $6 from pot
belik555: doesn't show hand
*** SUMMARY ***
Total pot $6 | Rake $0
Seat 1: belik555 (button) (small blind) collected ($6)
Seat 6: huracan mdp (big blind) folded before Flop


PokerStars Hand #167598756680:  Hold'em Limit ($3/$6 USD) - 2017/03/14 21:21:25 ET
Table 'Hagihara' 6-max Seat #6 is the button
Seat 1: belik555 ($134.44 in chips)
Seat 6: huracan mdp ($150.83 in chips)
huracan mdp: posts small blind $1
belik555: posts big blind $3
*** HOLE CARDS ***
huracan mdp: raises $3 to $6
belik555: calls $3
*** FLOP *** [Th 6d 6h]
belik555: checks
huracan mdp: bets $3
belik555: calls $3
*** TURN *** [Th 6d 6h] [5c]
belik555: checks
huracan mdp: bets $6
belik555: calls $6
*** RIVER *** [Th 6d 6h 5c] [As]
belik555: checks
huracan mdp: bets $6
belik555: folds
Uncalled bet ($6) returned to huracan mdp
huracan mdp collected $29.50 from pot
*** SUMMARY ***
Total pot $30 | Rake $0.50
Board [Th 6d 6h 5c As]
Seat 1: belik555 (big blind) folded on the River
Seat 6: huracan mdp (button) (small blind) collected ($29.50)


PokerStars Hand #167598768644:  Hold'em Limit ($3/$6 USD) - 2017/03/14 21:21:48 ET
Table 'Hagihara' 6-max Seat #1 is the button
Seat 1: belik555 ($119.44 in chips)
Seat 6: huracan mdp ($165.33 in chips)
belik555: posts small blind $1
huracan mdp: posts big blind $3
*** HOLE CARDS ***
belik555: raises $3 to $6
huracan mdp: calls $3
*** FLOP *** [2s 8s 3h]
huracan mdp: checks
belik555: bets $3
huracan mdp: raises $3 to $6
belik555: calls $3
*** TURN *** [2s 8s 3h] [5h]
huracan mdp: bets $6
belik555: calls $6
*** RIVER *** [2s 8s 3h 5h] [Js]
huracan mdp: bets $6
belik555: calls $6
*** SHOW DOWN ***
huracan mdp: shows [2d 8d] (two pair, Eights and Deuces)
belik555: mucks hand
huracan mdp collected $47.50 from pot
*** SUMMARY ***
Total pot $48 | Rake $0.50
Board [2s 8s 3h 5h Js]
Seat 1: belik555 (button) (small blind) mucked
Seat 6: huracan mdp (big blind) showed [2d 8d] and won ($47.50) with two pair, Eights and Deuces


PokerStars Hand #167598785280:  Hold'em Limit ($3/$6 USD) - 2017/03/14 21:22:19 ET
Table 'Hagihara' 6-max Seat #1 is the button
Seat 1: belik555 ($96.44 in chips)
Seat 6: huracan mdp ($187.83 in chips)
belik555: posts small blind $1
huracan mdp: posts big blind $3
*** HOLE CARDS ***
belik555: folds
Uncalled bet ($2) returned to huracan mdp
huracan mdp collected $2 from pot
*** SUMMARY ***
Total pot $2 | Rake $0
Seat 1: belik555 (button) (small blind) folded before Flop
Seat 6: huracan mdp (big blind) collected ($2)


PokerStars Hand #167598782272:  Hold'em Limit ($3/$6 USD) - 2017/03/14 21:22:14 ET
Table 'Hagihara' 6-max Seat #6 is the button
Seat 1: belik555 ($95.44 in chips)
Seat 6: huracan mdp ($188.83 in chips)
huracan mdp: posts small blind $1
belik555: posts big blind $3
*** HOLE CARDS ***
huracan mdp: folds
Uncalled bet ($2) returned to belik555
belik555 collected $2 from pot
belik555: doesn't show hand
*** SUMMARY ***
Total pot $2 | Rake $0
Seat 1: belik555 (big blind) collected ($2)
Seat 6: huracan mdp (button) (small blind) folded before Flop


PokerStars Hand #167598788219:  Hold'em Limit ($3/$6 USD) - 2017/03/14 21:22:25 ET
Table 'Hagihara' 6-max Seat #6 is the button
Seat 1: belik555 ($95.44 in chips)
Seat 6: huracan mdp ($188.83 in chips)
huracan mdp: posts small blind $1
belik555: posts big blind $3
*** HOLE CARDS ***
huracan mdp: folds
Uncalled bet ($2) returned to belik555
belik555 collected $2 from pot
belik555: doesn't show hand
*** SUMMARY ***
Total pot $2 | Rake $0
Seat 1: belik555 (big blind) collected ($2)
Seat 6: huracan mdp (button) (small blind) folded before Flop


PokerStars Hand #167598791056:  Hold'em Limit ($3/$6 USD) - 2017/03/14 21:22:30 ET
Table 'Hagihara' 6-max Seat #1 is the button
Seat 1: belik555 ($96.44 in chips)
Seat 6: huracan mdp ($187.83 in chips)
belik555: posts small blind $1
huracan mdp: posts big blind $3
*** HOLE CARDS ***
belik555: raises $3 to $6
huracan mdp: calls $3
*** FLOP *** [8h Jc 5s]
huracan mdp: checks
belik555: checks
*** TURN *** [8h Jc 5s] [As]
huracan mdp: checks
belik555: checks
*** RIVER *** [8h Jc 5s As] [8d]
huracan mdp: checks
belik555: checks
*** SHOW DOWN ***
huracan mdp: shows [6d 2c] (a pair of Eights)
belik555: shows [2h Td] (a pair of Eights - Ace+Jack+Ten kicker)
belik555 collected $11.76 from pot
*** SUMMARY ***
Total pot $12 | Rake $0.24
Board [8h Jc 5s As 8d]
Seat 1: belik555 (button) (small blind) showed [2h Td] and won ($11.76) with a pair of Eights
Seat 6: huracan mdp (big blind) showed [6d 2c] and lost with a pair of Eights


PokerStars Hand #167598803445:  Hold'em Limit ($3/$6 USD) - 2017/03/14 21:22:54 ET
Table 'Hagihara' 6-max Seat #6 is the button
Seat 1: belik555 ($102.20 in chips)
Seat 6: huracan mdp ($181.83 in chips)
huracan mdp: posts small blind $1
belik555: posts big blind $3
*** HOLE CARDS ***
huracan mdp: folds
Uncalled bet ($2) returned to belik555
belik555 collected $2 from pot
belik555: doesn't show hand
*** SUMMARY ***
Total pot $2 | Rake $0
Seat 1: belik555 (big blind) collected ($2)
Seat 6: huracan mdp (button) (small blind) folded before Flop


PokerStars Hand #167598817811:  Hold'em Limit ($3/$6 USD) - 2017/03/14 21:23:21 ET
Table 'Hagihara' 6-max Seat #6 is the button
Seat 1: belik555 ($108.96 in chips)
Seat 6: huracan mdp ($174.83 in chips)
huracan mdp: posts small blind $1
belik555: posts big blind $3
*** HOLE CARDS ***
huracan mdp: folds
Uncalled bet ($2) returned to belik555
belik555 collected $2 from pot
belik555: doesn't show hand
*** SUMMARY ***
Total pot $2 | Rake $0
Seat 1: belik555 (big blind) collected ($2)
Seat 6: huracan mdp (button) (small blind) folded before Flop


PokerStars Hand #167598806641:  Hold'em Limit ($3/$6 USD) - 2017/03/14 21:23:00 ET
Table 'Hagihara' 6-max Seat #1 is the button
Seat 1: belik555 ($103.20 in chips)
Seat 6: huracan mdp ($180.83 in chips)
belik555: posts small blind $1
huracan mdp: posts big blind $3
*** HOLE CARDS ***
belik555: raises $3 to $6
huracan mdp: calls $3
*** FLOP *** [8d 5d 8h]
huracan mdp: checks
belik555: checks
*** TURN *** [8d 5d 8h] [Qs]
huracan mdp: checks
belik555: bets $6
huracan mdp: folds
Uncalled bet ($6) returned to belik555
belik555 collected $11.76 from pot
belik555: doesn't show hand
*** SUMMARY ***
Total pot $12 | Rake $0.24
Board [8d 5d 8h Qs]
Seat 1: belik555 (button) (small blind) collected ($11.76)
Seat 6: huracan mdp (big blind) folded on the Turn


PokerStars Hand #167598821394:  Hold'em Limit ($3/$6 USD) - 2017/03/14 21:23:28 ET
Table 'Hagihara' 6-max Seat #1 is the button
Seat 1: belik555 ($109.96 in chips)
Seat 6: huracan mdp ($173.83 in chips)
belik555: posts small blind $1
huracan mdp: posts big blind $3
*** HOLE CARDS ***
belik555: folds
Uncalled bet ($2) returned to huracan mdp
huracan mdp collected $2 from pot
*** SUMMARY ***
Total pot $2 | Rake $0
Seat 1: belik555 (button) (small blind) folded before Flop
Seat 6: huracan mdp (big blind) collected ($2)


PokerStars Hand #167598826021:  Hold'em Limit ($3/$6 USD) - 2017/03/14 21:23:36 ET
Table 'Hagihara' 6-max Seat #6 is the button
Seat 1: belik555 ($108.96 in chips)
Seat 6: huracan mdp ($174.83 in chips)
huracan mdp: posts small blind $1
belik555: posts big blind $3
*** HOLE CARDS ***
huracan mdp: folds
Uncalled bet ($2) returned to belik555
belik555 collected $2 from pot
belik555: doesn't show hand
*** SUMMARY ***
Total pot $2 | Rake $0
Seat 1: belik555 (big blind) collected ($2)
Seat 6: huracan mdp (button) (small blind) folded before Flop


PokerStars Hand #167598829577:  Hold'em Limit ($3/$6 USD) - 2017/03/14 21:23:43 ET
Table 'Hagihara' 6-max Seat #1 is the button
Seat 1: belik555 ($109.96 in chips)
Seat 6: huracan mdp ($173.83 in chips)
belik555: posts small blind $1
huracan mdp: posts big blind $3
*** HOLE CARDS ***
belik555: raises $3 to $6
huracan mdp: calls $3
*** FLOP *** [Ad Qh 6c]
huracan mdp: checks
belik555: bets $3
huracan mdp: raises $3 to $6
belik555: calls $3
*** TURN *** [Ad Qh 6c] [9s]
huracan mdp: checks
belik555: checks
*** RIVER *** [Ad Qh 6c 9s] [5c]
huracan mdp: bets $6
belik555: calls $6
*** SHOW DOWN ***
huracan mdp: shows [8d Js] (high card Ace)
belik555: shows [7c 7s] (a pair of Sevens)
belik555 collected $35.50 from pot
*** SUMMARY ***
Total pot $36 | Rake $0.50
Board [Ad Qh 6c 9s 5c]
Seat 1: belik555 (button) (small blind) showed [7c 7s] and won ($35.50) with a pair of Sevens
Seat 6: huracan mdp (big blind) showed [8d Js] and lost with high card Ace


PokerStars Hand #167598846398:  Hold'em Limit ($3/$6 USD) - 2017/03/14 21:24:14 ET
Table 'Hagihara' 6-max Seat #6 is the button
Seat 1: belik555 ($127.46 in chips)
Seat 6: huracan mdp ($155.83 in chips)
huracan mdp: posts small blind $1
belik555: posts big blind $3
*** HOLE CARDS ***
huracan mdp: folds
Uncalled bet ($2) returned to belik555
belik555 collected $2 from pot
belik555: doesn't show hand
huracan mdp leaves the table
*** SUMMARY ***
Total pot $2 | Rake $0
Seat 1: belik555 (big blind) collected ($2)
Seat 6: huracan mdp (button) (small blind) folded before Flop


PokerStars Hand #167599248413:  Hold'em Limit ($3/$6 USD) - 2017/03/14 21:37:04 ET
Table 'Hagihara' 6-max Seat #1 is the button
Seat 1: belik555 ($128.46 in chips)
Seat 4: ELCapitano26 ($132 in chips)
belik555: posts small blind $1
ELCapitano26: posts big blind $3
*** HOLE CARDS ***
belik555: raises $3 to $6
ELCapitano26: calls $3
*** FLOP *** [5d Ah 4h]
ELCapitano26: checks
belik555: bets $3
ELCapitano26: calls $3
*** TURN *** [5d Ah 4h] [Jh]
ELCapitano26: checks
belik555: bets $6
ELCapitano26: calls $6
*** RIVER *** [5d Ah 4h Jh] [8c]
ELCapitano26: checks
belik555: bets $6
ELCapitano26: folds
Uncalled bet ($6) returned to belik555
belik555 collected $29.50 from pot
belik555: doesn't show hand
*** SUMMARY ***
Total pot $30 | Rake $0.50
Board [5d Ah 4h Jh 8c]
Seat 1: belik555 (button) (small blind) collected ($29.50)
Seat 4: ELCapitano26 (big blind) folded on the River


PokerStars Hand #167599275763:  Hold'em Limit ($3/$6 USD) - 2017/03/14 21:37:59 ET
Table 'Hagihara' 6-max Seat #4 is the button
Seat 1: belik555 ($142.96 in chips)
Seat 4: ELCapitano26 ($124 in chips)
ELCapitano26: posts small blind $1
belik555: posts big blind $3
*** HOLE CARDS ***
ELCapitano26: raises $3 to $6
belik555: calls $3
*** FLOP *** [Qd Ah 7d]
belik555: checks
ELCapitano26: bets $3
belik555: calls $3
*** TURN *** [Qd Ah 7d] [Tc]
belik555: checks
ELCapitano26: bets $6
belik555: calls $6
*** RIVER *** [Qd Ah 7d Tc] [5s]
belik555: checks
ELCapitano26: checks
*** SHOW DOWN ***
belik555: shows [5c Qh] (two pair, Queens and Fives)
ELCapitano26: mucks hand
belik555 collected $29.50 from pot
*** SUMMARY ***
Total pot $30 | Rake $0.50
Board [Qd Ah 7d Tc 5s]
Seat 1: belik555 (big blind) showed [5c Qh] and won ($29.50) with two pair, Queens and Fives
Seat 4: ELCapitano26 (button) (small blind) mucked


PokerStars Hand #167599291934:  Hold'em Limit ($3/$6 USD) - 2017/03/14 21:38:31 ET
Table 'Hagihara' 6-max Seat #1 is the button
Seat 1: belik555 ($157.46 in chips)
Seat 4: ELCapitano26 ($109 in chips)
belik555: posts small blind $1
ELCapitano26: posts big blind $3
*** HOLE CARDS ***
belik555: raises $3 to $6
ELCapitano26: calls $3
*** FLOP *** [Ts 5d 4c]
ELCapitano26: checks
belik555: bets $3
ELCapitano26: calls $3
*** TURN *** [Ts 5d 4c] [7s]
ELCapitano26: checks
belik555: bets $6
ELCapitano26: raises $6 to $12
belik555: raises $6 to $18
ELCapitano26: calls $6
*** RIVER *** [Ts 5d 4c 7s] [3h]
ELCapitano26: bets $6
belik555: calls $6
*** SHOW DOWN ***
ELCapitano26: shows [7h 5s] (two pair, Sevens and Fives)
belik555: shows [Th Td] (three of a kind, Tens)
belik555 collected $65.50 from pot
*** SUMMARY ***
Total pot $66 | Rake $0.50
Board [Ts 5d 4c 7s 3h]
Seat 1: belik555 (button) (small blind) showed [Th Td] and won ($65.50) with three of a kind, Tens
Seat 4: ELCapitano26 (big blind) showed [7h 5s] and lost with two pair, Sevens and Fives


PokerStars Hand #167599315810:  Hold'em Limit ($3/$6 USD) - 2017/03/14 21:39:20 ET
Table 'Hagihara' 6-max Seat #4 is the button
Seat 1: belik555 ($189.96 in chips)
Seat 4: ELCapitano26 ($76 in chips)
ELCapitano26: posts small blind $1
belik555: posts big blind $3
*** HOLE CARDS ***
ELCapitano26: raises $3 to $6
belik555: calls $3
*** FLOP *** [Js Ah 2c]
belik555: checks
ELCapitano26: bets $3
belik555: calls $3
*** TURN *** [Js Ah 2c] [9s]
belik555: checks
ELCapitano26: bets $6
breeznblack joins the table at seat #3
belik555: calls $6
*** RIVER *** [Js Ah 2c 9s] [Qh]
belik555: checks
ELCapitano26: bets $6
belik555: calls $6
*** SHOW DOWN ***
ELCapitano26: shows [Ks 6d] (high card Ace)
belik555: shows [2s Kd] (a pair of Deuces)
belik555 collected $41.50 from pot
*** SUMMARY ***
Total pot $42 | Rake $0.50
Board [Js Ah 2c 9s Qh]
Seat 1: belik555 (big blind) showed [2s Kd] and won ($41.50) with a pair of Deuces
Seat 4: ELCapitano26 (button) (small blind) showed [Ks 6d] and lost with high card Ace


PokerStars Hand #167599352630:  Hold'em Limit ($3/$6 USD) - 2017/03/14 21:40:34 ET
Table 'Hagihara' 6-max Seat #3 is the button
Seat 1: belik555 ($219.10 in chips)
Seat 3: breeznblack ($31.17 in chips)
breeznblack: posts small blind $1
belik555: posts big blind $3
*** HOLE CARDS ***
breeznblack: calls $2
belik555: raises $3 to $6
breeznblack: calls $3
*** FLOP *** [3h Qs 3d]
belik555: bets $3
breeznblack: folds
Uncalled bet ($3) returned to belik555
belik555 collected $11.76 from pot
belik555: doesn't show hand
*** SUMMARY ***
Total pot $12 | Rake $0.24
Board [3h Qs 3d]
Seat 1: belik555 (big blind) collected ($11.76)
Seat 3: breeznblack (button) (small blind) folded on the Flop


PokerStars Hand #167599334661:  Hold'em Limit ($3/$6 USD) - 2017/03/14 21:39:58 ET
Table 'Hagihara' 6-max Seat #1 is the button
Seat 1: belik555 ($210.46 in chips)
Seat 3: breeznblack ($40.17 in chips)
belik555: posts small blind $1
breeznblack: posts big blind $3
*** HOLE CARDS ***
belik555: raises $3 to $6
breeznblack: calls $3
*** FLOP *** [9c 7c Qd]
ELCapitano26 leaves the table
breeznblack: checks
belik555: bets $3
breeznblack: calls $3
*** TURN *** [9c 7c Qd] [7d]
breeznblack: checks
belik555: checks
*** RIVER *** [9c 7c Qd 7d] [Ts]
breeznblack: checks
belik555: checks
*** SHOW DOWN ***
breeznblack: shows [6c 2h] (a pair of Sevens)
belik555: shows [Ac 5h] (a pair of Sevens - Ace kicker)
belik555 collected $17.64 from pot
*** SUMMARY ***
Total pot $18 | Rake $0.36
Board [9c 7c Qd 7d Ts]
Seat 1: belik555 (button) (small blind) showed [Ac 5h] and won ($17.64) with a pair of Sevens
Seat 3: breeznblack (big blind) showed [6c 2h] and lost with a pair of Sevens


PokerStars Hand #167599361695:  Hold'em Limit ($3/$6 USD) - 2017/03/14 21:40:52 ET
Table 'Hagihara' 6-max Seat #1 is the button
Seat 1: belik555 ($224.86 in chips)
Seat 3: breeznblack ($25.17 in chips)
belik555: posts small blind $1
breeznblack: posts big blind $3
*** HOLE CARDS ***
belik555: raises $3 to $6
breeznblack: calls $3
*** FLOP *** [6d 8s 8d]
breeznblack: checks
belik555: bets $3
breeznblack: calls $3
*** TURN *** [6d 8s 8d] [7s]
breeznblack: checks
belik555: bets $6
breeznblack: calls $6
*** RIVER *** [6d 8s 8d 7s] [3h]
breeznblack: checks
belik555: bets $6
breeznblack: raises $4.17 to $10.17 and is all-in
belik555: calls $4.17
*** SHOW DOWN ***
breeznblack: shows [Jd 5d] (a pair of Eights)
belik555: shows [Ac 7c] (two pair, Eights and Sevens)
belik555 collected $49.84 from pot
*** SUMMARY ***
Total pot $50.34 | Rake $0.50
Board [6d 8s 8d 7s 3h]
Seat 1: belik555 (button) (small blind) showed [Ac 7c] and won ($49.84) with two pair, Eights and Sevens
Seat 3: breeznblack (big blind) showed [Jd 5d] and lost with a pair of Eights


PokerStars Hand #167600004622:  Hold'em Limit ($3/$6 USD) - 2017/03/14 22:03:32 ET
Table 'Hagihara' 6-max Seat #4 is the button
Seat 1: belik555 ($249.53 in chips)
Seat 4: HooD989 ($45.01 in chips)
HooD989: posts small blind $1
belik555: posts big blind $3
*** HOLE CARDS ***
HooD989: calls $2
belik555: raises $3 to $6
HooD989: calls $3
*** FLOP *** [Jc 9s 9h]
belik555: bets $3
HooD989: calls $3
*** TURN *** [Jc 9s 9h] [Jh]
belik555: checks
HooD989: bets $6
belik555: calls $6
*** RIVER *** [Jc 9s 9h Jh] [6s]
belik555: checks
HooD989: bets $6
belik555: calls $6
*** SHOW DOWN ***
HooD989: shows [Td 8s] (two pair, Jacks and Nines)
belik555: shows [Ad 5d] (two pair, Jacks and Nines - Ace kicker)
belik555 collected $41.50 from pot
*** SUMMARY ***
Total pot $42 | Rake $0.50
Board [Jc 9s 9h Jh 6s]
Seat 1: belik555 (big blind) showed [Ad 5d] and won ($41.50) with two pair, Jacks and Nines
Seat 4: HooD989 (button) (small blind) showed [Td 8s] and lost with two pair, Jacks and Nines


PokerStars Hand #167600032978:  Hold'em Limit ($3/$6 USD) - 2017/03/14 22:04:33 ET
Table 'Hagihara' 6-max Seat #4 is the button
Seat 1: belik555 ($290.53 in chips)
Seat 4: HooD989 ($3.01 in chips)
HooD989: posts small blind $1
belik555: posts big blind $3
*** HOLE CARDS ***
HooD989: raises $0.01 to $3.01 and is all-in
belik555: calls $0.01
*** FLOP *** [2s 8s Ah]
*** TURN *** [2s 8s Ah] [5d]
*** RIVER *** [2s 8s Ah 5d] [Td]
*** SHOW DOWN ***
belik555: shows [Ac 2h] (two pair, Aces and Deuces)
HooD989: shows [9h Jd] (high card Ace)
belik555 collected $5.90 from pot
*** SUMMARY ***
Total pot $6.02 | Rake $0.12
Board [2s 8s Ah 5d Td]
Seat 1: belik555 (big blind) showed [Ac 2h] and won ($5.90) with two pair, Aces and Deuces
Seat 4: HooD989 (button) (small blind) showed [9h Jd] and lost with high card Ace


PokerStars Hand #167600019560:  Hold'em Limit ($3/$6 USD) - 2017/03/14 22:04:04 ET
Table 'Hagihara' 6-max Seat #1 is the button
Seat 1: belik555 ($270.03 in chips)
Seat 4: HooD989 ($24.01 in chips)
belik555: posts small blind $1
HooD989: posts big blind $3
*** HOLE CARDS ***
belik555: raises $3 to $6
HooD989: calls $3
*** FLOP *** [Qs 8c 2c]
HooD989: checks
BWTMAGIC joins the table at seat #5
belik555: bets $3
HooD989: calls $3
*** TURN *** [Qs 8c 2c] [3c]
HooD989: bets $6
belik555: calls $6
*** RIVER *** [Qs 8c 2c 3c] [5s]
HooD989: bets $6
belik555: raises $6 to $12
HooD989: folds
Uncalled bet ($6) returned to belik555
belik555 collected $41.50 from pot
belik555: doesn't show hand
*** SUMMARY ***
Total pot $42 | Rake $0.50
Board [Qs 8c 2c 3c 5s]
Seat 1: belik555 (button) (small blind) collected ($41.50)
Seat 4: HooD989 (big blind) folded on the River


PokerStars Hand #167600190952:  Hold'em Limit ($3/$6 USD) - 2017/03/14 22:10:14 ET
Table 'Hagihara' 6-max Seat #5 is the button
Seat 1: belik555 ($262.33 in chips)
Seat 5: BWTMAGIC ($162.42 in chips)
BWTMAGIC: posts small blind $1
faizel222: is sitting out
belik555: posts big blind $3
*** HOLE CARDS ***
BWTMAGIC: raises $3 to $6
belik555: calls $3
*** FLOP *** [6c Ah 5c]
belik555: checks
BWTMAGIC: bets $3
faizel222 leaves the table
belik555: calls $3
*** TURN *** [6c Ah 5c] [Ts]
belik555: checks
BWTMAGIC: bets $6
belik555: folds
Uncalled bet ($6) returned to BWTMAGIC
BWTMAGIC collected $17.64 from pot
BWTMAGIC: doesn't show hand
*** SUMMARY ***
Total pot $18 | Rake $0.36
Board [6c Ah 5c Ts]
Seat 1: belik555 (big blind) folded on the Turn
Seat 5: BWTMAGIC (button) (small blind) collected ($17.64)


PokerStars Hand #167600201536:  Hold'em Limit ($3/$6 USD) - 2017/03/14 22:10:37 ET
Table 'Hagihara' 6-max Seat #1 is the button
Seat 1: belik555 ($253.33 in chips)
Seat 5: BWTMAGIC ($171.06 in chips)
belik555: posts small blind $1
BWTMAGIC: posts big blind $3
*** HOLE CARDS ***
belik555: raises $3 to $6
BWTMAGIC: raises $3 to $9
belik555: calls $3
*** FLOP *** [7h Jc 5h]
BWTMAGIC: bets $3
belik555: calls $3
*** TURN *** [7h Jc 5h] [Th]
BWTMAGIC: bets $6
belik555: calls $6
*** RIVER *** [7h Jc 5h Th] [Tc]
BWTMAGIC: bets $6
belik555: folds
Uncalled bet ($6) returned to BWTMAGIC
BWTMAGIC collected $35.50 from pot
BWTMAGIC: doesn't show hand
*** SUMMARY ***
Total pot $36 | Rake $0.50
Board [7h Jc 5h Th Tc]
Seat 1: belik555 (button) (small blind) folded on the River
Seat 5: BWTMAGIC (big blind) collected ($35.50)


PokerStars Hand #167600217663:  Hold'em Limit ($3/$6 USD) - 2017/03/14 22:11:12 ET
Table 'Hagihara' 6-max Seat #1 is the button
Seat 1: belik555 ($220.33 in chips)
Seat 5: BWTMAGIC ($203.06 in chips)
belik555: posts small blind $1
BWTMAGIC: posts big blind $3
*** HOLE CARDS ***
belik555: raises $3 to $6
BWTMAGIC: folds
Uncalled bet ($3) returned to belik555
belik555 collected $6 from pot
belik555: doesn't show hand
*** SUMMARY ***
Total pot $6 | Rake $0
Seat 1: belik555 (button) (small blind) collected ($6)
Seat 5: BWTMAGIC (big blind) folded before Flop


PokerStars Hand #167600210312:  Hold'em Limit ($3/$6 USD) - 2017/03/14 22:10:56 ET
Table 'Hagihara' 6-max Seat #5 is the button
Seat 1: belik555 ($235.33 in chips)
Seat 5: BWTMAGIC ($188.56 in chips)
BWTMAGIC: posts small blind $1
belik555: posts big blind $3
*** HOLE CARDS ***
BWTMAGIC: raises $3 to $6
belik555: calls $3
*** FLOP *** [Kh 2c 3s]
belik555: checks
BWTMAGIC: bets $3
belik555: calls $3
*** TURN *** [Kh 2c 3s] [5c]
belik555: checks
BWTMAGIC: bets $6
belik555: calls $6
*** RIVER *** [Kh 2c 3s 5c] [7c]
belik555: checks
BWTMAGIC: checks
*** SHOW DOWN ***
belik555: shows [4c Qd] (high card King)
BWTMAGIC: shows [Js As] (high card Ace)
BWTMAGIC collected $29.50 from pot
*** SUMMARY ***
Total pot $30 | Rake $0.50
Board [Kh 2c 3s 5c 7c]
Seat 1: belik555 (big blind) showed [4c Qd] and lost with high card King
Seat 5: BWTMAGIC (button) (small blind) showed [Js As] and won ($29.50) with high card Ace


PokerStars Hand #167600220298:  Hold'em Limit ($3/$6 USD) - 2017/03/14 22:11:18 ET
Table 'Hagihara' 6-max Seat #5 is the button
Seat 1: belik555 ($223.33 in chips)
Seat 5: BWTMAGIC ($200.06 in chips)
BWTMAGIC: posts small blind $1
belik555: posts big blind $3
*** HOLE CARDS ***
BWTMAGIC: folds
Uncalled bet ($2) returned to belik555
belik555 collected $2 from pot
belik555: doesn't show hand
*** SUMMARY ***
Total pot $2 | Rake $0
Seat 1: belik555 (big blind) collected ($2)
Seat 5: BWTMAGIC (button) (small blind) folded before Flop


PokerStars Hand #167600231658:  Hold'em Limit ($3/$6 USD) - 2017/03/14 22:11:42 ET
Table 'Hagihara' 6-max Seat #5 is the button
Seat 1: belik555 ($215.33 in chips)
Seat 5: BWTMAGIC ($207.70 in chips)
BWTMAGIC: posts small blind $1
belik555: posts big blind $3
*** HOLE CARDS ***
BWTMAGIC: raises $3 to $6
belik555: folds
Uncalled bet ($3) returned to BWTMAGIC
BWTMAGIC collected $6 from pot
BWTMAGIC: doesn't show hand
*** SUMMARY ***
Total pot $6 | Rake $0
Seat 1: belik555 (big blind) folded before Flop
Seat 5: BWTMAGIC (button) (small blind) collected ($6)


PokerStars Hand #167600222609:  Hold'em Limit ($3/$6 USD) - 2017/03/14 22:11:23 ET
Table 'Hagihara' 6-max Seat #1 is the button
Seat 1: belik555 ($224.33 in chips)
Seat 5: BWTMAGIC ($199.06 in chips)
belik555: posts small blind $1
BWTMAGIC: posts big blind $3
*** HOLE CARDS ***
belik555: raises $3 to $6
BWTMAGIC: calls $3
*** FLOP *** [8h 2c Jd]
BWTMAGIC: checks
belik555: bets $3
BWTMAGIC: calls $3
*** TURN *** [8h 2c Jd] [6h]
BWTMAGIC: checks
belik555: checks
*** RIVER *** [8h 2c Jd 6h] [7h]
BWTMAGIC: bets $6
belik555: folds
Uncalled bet ($6) returned to BWTMAGIC
BWTMAGIC collected $17.64 from pot
BWTMAGIC: doesn't show hand
*** SUMMARY ***
Total pot $18 | Rake $0.36
Board [8h 2c Jd 6h 7h]
Seat 1: belik555 (button) (small blind) folded on the River
Seat 5: BWTMAGIC (big blind) collected ($17.64)


PokerStars Hand #167600248243:  Hold'em Limit ($3/$6 USD) - 2017/03/14 22:12:19 ET
Table 'Hagihara' 6-max Seat #5 is the button
Seat 1: belik555 ($185.33 in chips)
Seat 5: BWTMAGIC ($237.20 in chips)
BWTMAGIC: posts small blind $1
belik555: posts big blind $3
*** HOLE CARDS ***
BWTMAGIC: raises $3 to $6
belik555: calls $3
*** FLOP *** [3s 4d 8s]
belik555: checks
BWTMAGIC: bets $3
belik555: calls $3
*** TURN *** [3s 4d 8s] [4h]
belik555: checks
BWTMAGIC: bets $6
belik555: calls $6
*** RIVER *** [3s 4d 8s 4h] [Tc]
belik555: bets $6
BWTMAGIC: raises $6 to $12
belik555: calls $6
*** SHOW DOWN ***
BWTMAGIC: shows [8d Td] (two pair, Tens and Eights)
belik555: mucks hand
BWTMAGIC collected $53.50 from pot
*** SUMMARY ***
Total pot $54 | Rake $0.50
Board [3s 4d 8s 4h Tc]
Seat 1: belik555 (big blind) mucked
Seat 5: BWTMAGIC (button) (small blind) showed [8d Td] and won ($53.50) with two pair, Tens and Eights


PokerStars Hand #167600272171:  Hold'em Limit ($3/$6 USD) - 2017/03/14 22:13:11 ET
Table 'Hagihara' 6-max Seat #5 is the button
Seat 1: belik555 ($178.83 in chips)
Seat 5: BWTMAGIC ($242.70 in chips)
BWTMAGIC: posts small blind $1
belik555: posts big blind $3
*** HOLE CARDS ***
BWTMAGIC: folds
Uncalled bet ($2) returned to belik555
belik555 collected $2 from pot
belik555: doesn't show hand
*** SUMMARY ***
Total pot $2 | Rake $0
Seat 1: belik555 (big blind) collected ($2)
Seat 5: BWTMAGIC (button) (small blind) folded before Flop


PokerStars Hand #167600260510:  Hold'em Limit ($3/$6 USD) - 2017/03/14 22:12:45 ET
Table 'Hagihara' 6-max Seat #1 is the button
Seat 1: belik555 ($158.33 in chips)
Seat 5: BWTMAGIC ($263.70 in chips)
belik555: posts small blind $1
BWTMAGIC: posts big blind $3
*** HOLE CARDS ***
belik555: raises $3 to $6
BWTMAGIC: calls $3
*** FLOP *** [2d 8h Tc]
BWTMAGIC: bets $3
belik555: calls $3
*** TURN *** [2d 8h Tc] [2h]
BWTMAGIC: bets $6
belik555: calls $6
*** RIVER *** [2d 8h Tc 2h] [Jc]
BWTMAGIC: bets $6
belik555: raises $6 to $12
BWTMAGIC: folds
Uncalled bet ($6) returned to belik555
belik555 collected $41.50 from pot
belik555: doesn't show hand
*** SUMMARY ***
Total pot $42 | Rake $0.50
Board [2d 8h Tc 2h Jc]
Seat 1: belik555 (button) (small blind) collected ($41.50)
Seat 5: BWTMAGIC (big blind) folded on the River


PokerStars Hand #167600235444:  Hold'em Limit ($3/$6 USD) - 2017/03/14 22:11:51 ET
Table 'Hagihara' 6-max Seat #1 is the button
Seat 1: belik555 ($212.33 in chips)
Seat 5: BWTMAGIC ($210.70 in chips)
belik555: posts small blind $1
BWTMAGIC: posts big blind $3
*** HOLE CARDS ***
belik555: raises $3 to $6
BWTMAGIC: calls $3
*** FLOP *** [5h As 8h]
BWTMAGIC: checks
belik555: bets $3
BWTMAGIC: calls $3
*** TURN *** [5h As 8h] [3h]
BWTMAGIC: checks
belik555: bets $6
BWTMAGIC: raises $6 to $12
belik555: calls $6
*** RIVER *** [5h As 8h 3h] [3c]
BWTMAGIC: bets $6
belik555: calls $6
*** SHOW DOWN ***
BWTMAGIC: shows [Ad 8s] (two pair, Aces and Eights)
belik555: mucks hand
BWTMAGIC collected $53.50 from pot
*** SUMMARY ***
Total pot $54 | Rake $0.50
Board [5h As 8h 3h 3c]
Seat 1: belik555 (button) (small blind) mucked
Seat 5: BWTMAGIC (big blind) showed [Ad 8s] and won ($53.50) with two pair, Aces and Eights


PokerStars Hand #167600282218:  Hold'em Limit ($3/$6 USD) - 2017/03/14 22:13:33 ET
Table 'Hagihara' 6-max Seat #1 is the button
Seat 1: belik555 ($171.83 in chips)
Seat 5: BWTMAGIC ($249.34 in chips)
belik555: posts small blind $1
BWTMAGIC: posts big blind $3
*** HOLE CARDS ***
belik555: raises $3 to $6
BWTMAGIC: folds
Uncalled bet ($3) returned to belik555
belik555 collected $6 from pot
belik555: doesn't show hand
*** SUMMARY ***
Total pot $6 | Rake $0
Seat 1: belik555 (button) (small blind) collected ($6)
Seat 5: BWTMAGIC (big blind) folded before Flop


PokerStars Hand #167600284890:  Hold'em Limit ($3/$6 USD) - 2017/03/14 22:13:39 ET
Table 'Hagihara' 6-max Seat #5 is the button
Seat 1: belik555 ($174.83 in chips)
Seat 5: BWTMAGIC ($246.34 in chips)
BWTMAGIC: posts small blind $1
belik555: posts big blind $3
*** HOLE CARDS ***
BWTMAGIC: raises $3 to $6
belik555: calls $3
*** FLOP *** [4h 5h Qs]
belik555: checks
BWTMAGIC: bets $3
belik555: calls $3
*** TURN *** [4h 5h Qs] [As]
belik555: checks
BWTMAGIC: bets $6
belik555: folds
Uncalled bet ($6) returned to BWTMAGIC
BWTMAGIC collected $17.64 from pot
BWTMAGIC: doesn't show hand
*** SUMMARY ***
Total pot $18 | Rake $0.36
Board [4h 5h Qs As]
Seat 1: belik555 (big blind) folded on the Turn
Seat 5: BWTMAGIC (button) (small blind) collected ($17.64)


PokerStars Hand #167600293766:  Hold'em Limit ($3/$6 USD) - 2017/03/14 22:13:59 ET
Table 'Hagihara' 6-max Seat #5 is the button
Seat 1: belik555 ($168.83 in chips)
Seat 5: BWTMAGIC ($251.98 in chips)
BWTMAGIC: posts small blind $1
belik555: posts big blind $3
*** HOLE CARDS ***
BWTMAGIC: raises $3 to $6
belik555: calls $3
*** FLOP *** [3s Kc 4d]
belik555: checks
BWTMAGIC: bets $3
belik555: calls $3
*** TURN *** [3s Kc 4d] [Ks]
belik555: checks
BWTMAGIC: bets $6
belik555: calls $6
*** RIVER *** [3s Kc 4d Ks] [Ts]
belik555: checks
BWTMAGIC: checks
*** SHOW DOWN ***
belik555: shows [4c 8c] (two pair, Kings and Fours)
BWTMAGIC: mucks hand
belik555 collected $29.50 from pot
*** SUMMARY ***
Total pot $30 | Rake $0.50
Board [3s Kc 4d Ks Ts]
Seat 1: belik555 (big blind) showed [4c 8c] and won ($29.50) with two pair, Kings and Fours
Seat 5: BWTMAGIC (button) (small blind) mucked


PokerStars Hand #167600291091:  Hold'em Limit ($3/$6 USD) - 2017/03/14 22:13:53 ET
Table 'Hagihara' 6-max Seat #1 is the button
Seat 1: belik555 ($165.83 in chips)
Seat 5: BWTMAGIC ($254.98 in chips)
belik555: posts small blind $1
BWTMAGIC: posts big blind $3
*** HOLE CARDS ***
belik555: raises $3 to $6
BWTMAGIC: folds
Uncalled bet ($3) returned to belik555
belik555 collected $6 from pot
belik555: doesn't show hand
*** SUMMARY ***
Total pot $6 | Rake $0
Seat 1: belik555 (button) (small blind) collected ($6)
Seat 5: BWTMAGIC (big blind) folded before Flop


PokerStars Hand #167600279923:  Hold'em Limit ($3/$6 USD) - 2017/03/14 22:13:28 ET
Table 'Hagihara' 6-max Seat #5 is the button
Seat 1: belik555 ($170.83 in chips)
Seat 5: BWTMAGIC ($250.34 in chips)
BWTMAGIC: posts small blind $1
belik555: posts big blind $3
*** HOLE CARDS ***
BWTMAGIC: folds
Uncalled bet ($2) returned to belik555
belik555 collected $2 from pot
belik555: doesn't show hand
*** SUMMARY ***
Total pot $2 | Rake $0
Seat 1: belik555 (big blind) collected ($2)
Seat 5: BWTMAGIC (button) (small blind) folded before Flop


PokerStars Hand #167600274507:  Hold'em Limit ($3/$6 USD) - 2017/03/14 22:13:16 ET
Table 'Hagihara' 6-max Seat #1 is the button
Seat 1: belik555 ($179.83 in chips)
Seat 5: BWTMAGIC ($241.70 in chips)
belik555: posts small blind $1
BWTMAGIC: posts big blind $3
*** HOLE CARDS ***
belik555: raises $3 to $6
BWTMAGIC: calls $3
*** FLOP *** [Tc Jd Qs]
BWTMAGIC: checks
belik555: bets $3
BWTMAGIC: raises $3 to $6
belik555: folds
Uncalled bet ($3) returned to BWTMAGIC
BWTMAGIC collected $17.64 from pot
BWTMAGIC: doesn't show hand
*** SUMMARY ***
Total pot $18 | Rake $0.36
Board [Tc Jd Qs]
Seat 1: belik555 (button) (small blind) folded on the Flop
Seat 5: BWTMAGIC (big blind) collected ($17.64)


PokerStars Hand #167600302125:  Hold'em Limit ($3/$6 USD) - 2017/03/14 22:14:17 ET
Table 'Hagihara' 6-max Seat #1 is the button
Seat 1: belik555 ($183.33 in chips)
Seat 5: BWTMAGIC ($236.98 in chips)
belik555: posts small blind $1
BWTMAGIC: posts big blind $3
*** HOLE CARDS ***
belik555: raises $3 to $6
BWTMAGIC: raises $3 to $9
belik555: calls $3
*** FLOP *** [Qh 5h Ks]
BWTMAGIC: bets $3
belik555: calls $3
*** TURN *** [Qh 5h Ks] [4d]
BWTMAGIC: bets $6
belik555: calls $6
*** RIVER *** [Qh 5h Ks 4d] [Jh]
BWTMAGIC: bets $6
belik555: raises $6 to $12
BWTMAGIC: folds
Uncalled bet ($6) returned to belik555
belik555 collected $47.50 from pot
belik555: doesn't show hand
*** SUMMARY ***
Total pot $48 | Rake $0.50
Board [Qh 5h Ks 4d Jh]
Seat 1: belik555 (button) (small blind) collected ($47.50)
Seat 5: BWTMAGIC (big blind) folded on the River


PokerStars Hand #167600323731:  Hold'em Limit ($3/$6 USD) - 2017/03/14 22:14:53 ET
Table 'Hagihara' 6-max Seat #5 is the button
Seat 1: belik555 ($206.83 in chips)
Seat 5: BWTMAGIC ($212.98 in chips)
BWTMAGIC: posts small blind $1
belik555: posts big blind $3
*** HOLE CARDS ***
BWTMAGIC: raises $3 to $6
belik555: calls $3
*** FLOP *** [Ad Kd 9c]
belik555: checks
BWTMAGIC: bets $3
belik555: calls $3
*** TURN *** [Ad Kd 9c] [As]
belik555: checks
BWTMAGIC: checks
*** RIVER *** [Ad Kd 9c As] [3h]
belik555: bets $6
BWTMAGIC: raises $6 to $12
belik555: folds
Uncalled bet ($6) returned to BWTMAGIC
BWTMAGIC collected $29.50 from pot
BWTMAGIC: doesn't show hand
*** SUMMARY ***
Total pot $30 | Rake $0.50
Board [Ad Kd 9c As 3h]
Seat 1: belik555 (big blind) folded on the River
Seat 5: BWTMAGIC (button) (small blind) collected ($29.50)


PokerStars Hand #167600334667:  Hold'em Limit ($3/$6 USD) - 2017/03/14 22:15:17 ET
Table 'Hagihara' 6-max Seat #1 is the button
Seat 1: belik555 ($191.83 in chips)
Seat 5: BWTMAGIC ($227.48 in chips)
belik555: posts small blind $1
BWTMAGIC: posts big blind $3
*** HOLE CARDS ***
belik555: raises $3 to $6
BWTMAGIC: calls $3
*** FLOP *** [Th 9h Ac]
BWTMAGIC: checks
belik555: bets $3
BWTMAGIC: raises $3 to $6
belik555: calls $3
*** TURN *** [Th 9h Ac] [2s]
BWTMAGIC: bets $6
belik555: folds
Uncalled bet ($6) returned to BWTMAGIC
BWTMAGIC collected $23.52 from pot
BWTMAGIC: doesn't show hand
*** SUMMARY ***
Total pot $24 | Rake $0.48
Board [Th 9h Ac 2s]
Seat 1: belik555 (button) (small blind) folded on the Turn
Seat 5: BWTMAGIC (big blind) collected ($23.52)


PokerStars Hand #167600354712:  Hold'em Limit ($3/$6 USD) - 2017/03/14 22:16:01 ET
Table 'Hagihara' 6-max Seat #1 is the button
Seat 1: belik555 ($155.83 in chips)
Seat 5: BWTMAGIC ($262.50 in chips)
belik555: posts small blind $1
BWTMAGIC: posts big blind $3
*** HOLE CARDS ***
belik555: folds
Uncalled bet ($2) returned to BWTMAGIC
BWTMAGIC collected $2 from pot
BWTMAGIC: doesn't show hand
*** SUMMARY ***
Total pot $2 | Rake $0
Seat 1: belik555 (button) (small blind) folded before Flop
Seat 5: BWTMAGIC (big blind) collected ($2)


PokerStars Hand #167600341576:  Hold'em Limit ($3/$6 USD) - 2017/03/14 22:15:33 ET
Table 'Hagihara' 6-max Seat #5 is the button
Seat 1: belik555 ($179.83 in chips)
Seat 5: BWTMAGIC ($239 in chips)
BWTMAGIC: posts small blind $1
belik555: posts big blind $3
*** HOLE CARDS ***
BWTMAGIC: raises $3 to $6
belik555: calls $3
*** FLOP *** [2h Qh 6c]
belik555: checks
BWTMAGIC: bets $3
belik555: raises $3 to $6
BWTMAGIC: calls $3
*** TURN *** [2h Qh 6c] [Ac]
belik555: checks
BWTMAGIC: bets $6
belik555: calls $6
*** RIVER *** [2h Qh 6c Ac] [As]
belik555: checks
BWTMAGIC: bets $6
belik555: calls $6
*** SHOW DOWN ***
BWTMAGIC: shows [Ad Ah] (four of a kind, Aces)
belik555: mucks hand
BWTMAGIC collected $47.50 from pot
*** SUMMARY ***
Total pot $48 | Rake $0.50
Board [2h Qh 6c Ac As]
Seat 1: belik555 (big blind) mucked
Seat 5: BWTMAGIC (button) (small blind) showed [Ad Ah] and won ($47.50) with four of a kind, Aces


PokerStars Hand #167600357509:  Hold'em Limit ($3/$6 USD) - 2017/03/14 22:16:07 ET
Table 'Hagihara' 6-max Seat #5 is the button
Seat 1: belik555 ($154.83 in chips)
Seat 5: BWTMAGIC ($263.50 in chips)
BWTMAGIC: posts small blind $1
belik555: posts big blind $3
*** HOLE CARDS ***
BWTMAGIC: folds
Uncalled bet ($2) returned to belik555
belik555 collected $2 from pot
belik555: doesn't show hand
*** SUMMARY ***
Total pot $2 | Rake $0
Seat 1: belik555 (big blind) collected ($2)
Seat 5: BWTMAGIC (button) (small blind) folded before Flop


PokerStars Hand #167600360062:  Hold'em Limit ($3/$6 USD) - 2017/03/14 22:16:13 ET
Table 'Hagihara' 6-max Seat #1 is the button
Seat 1: belik555 ($155.83 in chips)
Seat 5: BWTMAGIC ($262.50 in chips)
belik555: posts small blind $1
BWTMAGIC: posts big blind $3
*** HOLE CARDS ***
belik555: folds
Uncalled bet ($2) returned to BWTMAGIC
BWTMAGIC collected $2 from pot
BWTMAGIC: doesn't show hand
*** SUMMARY ***
Total pot $2 | Rake $0
Seat 1: belik555 (button) (small blind) folded before Flop
Seat 5: BWTMAGIC (big blind) collected ($2)


PokerStars Hand #167600362861:  Hold'em Limit ($3/$6 USD) - 2017/03/14 22:16:19 ET
Table 'Hagihara' 6-max Seat #5 is the button
Seat 1: belik555 ($154.83 in chips)
Seat 5: BWTMAGIC ($263.50 in chips)
BWTMAGIC: posts small blind $1
belik555: posts big blind $3
*** HOLE CARDS ***
BWTMAGIC: raises $3 to $6
belik555: calls $3
*** FLOP *** [8d 9h 5d]
belik555: checks
BWTMAGIC: bets $3
belik555: raises $3 to $6
BWTMAGIC: calls $3
*** TURN *** [8d 9h 5d] [Ad]
belik555: bets $6
BWTMAGIC: calls $6
*** RIVER *** [8d 9h 5d Ad] [Tc]
belik555: bets $6
BWTMAGIC: calls $6
*** SHOW DOWN ***
belik555: shows [5s 8c] (two pair, Eights and Fives)
BWTMAGIC: mucks hand
belik555 collected $47.50 from pot
*** SUMMARY ***
Total pot $48 | Rake $0.50
Board [8d 9h 5d Ad Tc]
Seat 1: belik555 (big blind) showed [5s 8c] and won ($47.50) with two pair, Eights and Fives
Seat 5: BWTMAGIC (button) (small blind) mucked


PokerStars Hand #167600380880:  Hold'em Limit ($3/$6 USD) - 2017/03/14 22:16:59 ET
Table 'Hagihara' 6-max Seat #1 is the button
Seat 1: belik555 ($178.33 in chips)
Seat 5: BWTMAGIC ($239.50 in chips)
belik555: posts small blind $1
BWTMAGIC: posts big blind $3
*** HOLE CARDS ***
belik555: raises $3 to $6
BWTMAGIC: calls $3
*** FLOP *** [Qs 5d 9c]
BWTMAGIC: checks
belik555: checks
*** TURN *** [Qs 5d 9c] [9s]
BWTMAGIC: bets $6
belik555: folds
Uncalled bet ($6) returned to BWTMAGIC
BWTMAGIC collected $11.76 from pot
BWTMAGIC: doesn't show hand
*** SUMMARY ***
Total pot $12 | Rake $0.24
Board [Qs 5d 9c 9s]
Seat 1: belik555 (button) (small blind) folded on the Turn
Seat 5: BWTMAGIC (big blind) collected ($11.76)


PokerStars Hand #167600387074:  Hold'em Limit ($3/$6 USD) - 2017/03/14 22:17:13 ET
Table 'Hagihara' 6-max Seat #5 is the button
Seat 1: belik555 ($172.33 in chips)
Seat 5: BWTMAGIC ($245.26 in chips)
BWTMAGIC: posts small blind $1
belik555: posts big blind $3
*** HOLE CARDS ***
BWTMAGIC: raises $3 to $6
belik555: folds
Uncalled bet ($3) returned to BWTMAGIC
BWTMAGIC collected $6 from pot
BWTMAGIC: doesn't show hand
*** SUMMARY ***
Total pot $6 | Rake $0
Seat 1: belik555 (big blind) folded before Flop
Seat 5: BWTMAGIC (button) (small blind) collected ($6)


PokerStars Hand #167600390906:  Hold'em Limit ($3/$6 USD) - 2017/03/14 22:17:21 ET
Table 'Hagihara' 6-max Seat #1 is the button
Seat 1: belik555 ($169.33 in chips)
Seat 5: BWTMAGIC ($248.26 in chips)
belik555: posts small blind $1
BWTMAGIC: posts big blind $3
*** HOLE CARDS ***
belik555: raises $3 to $6
BWTMAGIC: calls $3
*** FLOP *** [2h Qc Th]
BWTMAGIC: checks
belik555: bets $3
BWTMAGIC: folds
Uncalled bet ($3) returned to belik555
belik555 collected $11.76 from pot
belik555: doesn't show hand
*** SUMMARY ***
Total pot $12 | Rake $0.24
Board [2h Qc Th]
Seat 1: belik555 (button) (small blind) collected ($11.76)
Seat 5: BWTMAGIC (big blind) folded on the Flop


PokerStars Hand #167600397726:  Hold'em Limit ($3/$6 USD) - 2017/03/14 22:17:36 ET
Table 'Hagihara' 6-max Seat #5 is the button
Seat 1: belik555 ($175.09 in chips)
Seat 5: BWTMAGIC ($242.26 in chips)
BWTMAGIC: posts small blind $1
belik555: posts big blind $3
*** HOLE CARDS ***
BWTMAGIC: raises $3 to $6
belik555: calls $3
*** FLOP *** [3s Kd 7s]
belik555: checks
BWTMAGIC: checks
*** TURN *** [3s Kd 7s] [Ad]
belik555: checks
BWTMAGIC: bets $6
belik555: folds
Uncalled bet ($6) returned to BWTMAGIC
BWTMAGIC collected $11.76 from pot
BWTMAGIC: doesn't show hand
*** SUMMARY ***
Total pot $12 | Rake $0.24
Board [3s Kd 7s Ad]
Seat 1: belik555 (big blind) folded on the Turn
Seat 5: BWTMAGIC (button) (small blind) collected ($11.76)


PokerStars Hand #167600407617:  Hold'em Limit ($3/$6 USD) - 2017/03/14 22:17:58 ET
Table 'Hagihara' 6-max Seat #1 is the button
Seat 1: belik555 ($169.09 in chips)
Seat 5: BWTMAGIC ($248.02 in chips)
belik555: posts small blind $1
BWTMAGIC: posts big blind $3
*** HOLE CARDS ***
belik555: folds
Uncalled bet ($2) returned to BWTMAGIC
BWTMAGIC collected $2 from pot
BWTMAGIC: doesn't show hand
*** SUMMARY ***
Total pot $2 | Rake $0
Seat 1: belik555 (button) (small blind) folded before Flop
Seat 5: BWTMAGIC (big blind) collected ($2)


PokerStars Hand #167600411216:  Hold'em Limit ($3/$6 USD) - 2017/03/14 22:18:06 ET
Table 'Hagihara' 6-max Seat #5 is the button
Seat 1: belik555 ($168.09 in chips)
Seat 5: BWTMAGIC ($249.02 in chips)
BWTMAGIC: posts small blind $1
belik555: posts big blind $3
*** HOLE CARDS ***
BWTMAGIC: raises $3 to $6
belik555: calls $3
*** FLOP *** [9c Ah Td]
belik555: checks
BWTMAGIC: bets $3
belik555: raises $3 to $6
BWTMAGIC: calls $3
*** TURN *** [9c Ah Td] [Qc]
belik555: bets $6
BWTMAGIC: calls $6
*** RIVER *** [9c Ah Td Qc] [Jc]
belik555: checks
BWTMAGIC: checks
*** SHOW DOWN ***
belik555: shows [Ac Th] (two pair, Aces and Tens)
BWTMAGIC: mucks hand
belik555 collected $35.50 from pot
*** SUMMARY ***
Total pot $36 | Rake $0.50
Board [9c Ah Td Qc Jc]
Seat 1: belik555 (big blind) showed [Ac Th] and won ($35.50) with two pair, Aces and Tens
Seat 5: BWTMAGIC (button) (small blind) mucked


PokerStars Hand #167600429661:  Hold'em Limit ($3/$6 USD) - 2017/03/14 22:18:48 ET
Table 'Hagihara' 6-max Seat #1 is the button
Seat 1: belik555 ($185.59 in chips)
Seat 5: BWTMAGIC ($231.02 in chips)
belik555: posts small blind $1
BWTMAGIC: posts big blind $3
*** HOLE CARDS ***
belik555: raises $3 to $6
BWTMAGIC: folds
Uncalled bet ($3) returned to belik555
belik555 collected $6 from pot
belik555: doesn't show hand
*** SUMMARY ***
Total pot $6 | Rake $0
Seat 1: belik555 (button) (small blind) collected ($6)
Seat 5: BWTMAGIC (big blind) folded before Flop


PokerStars Hand #167600434222:  Hold'em Limit ($3/$6 USD) - 2017/03/14 22:18:58 ET
Table 'Hagihara' 6-max Seat #5 is the button
Seat 1: belik555 ($188.59 in chips)
Seat 5: BWTMAGIC ($228.02 in chips)
BWTMAGIC: posts small blind $1
belik555: posts big blind $3
*** HOLE CARDS ***
BWTMAGIC: folds
Uncalled bet ($2) returned to belik555
belik555 collected $2 from pot
belik555: doesn't show hand
*** SUMMARY ***
Total pot $2 | Rake $0
Seat 1: belik555 (big blind) collected ($2)
Seat 5: BWTMAGIC (button) (small blind) folded before Flop


PokerStars Hand #167600436707:  Hold'em Limit ($3/$6 USD) - 2017/03/14 22:19:03 ET
Table 'Hagihara' 6-max Seat #1 is the button
Seat 1: belik555 ($189.59 in chips)
Seat 5: BWTMAGIC ($227.02 in chips)
belik555: posts small blind $1
BWTMAGIC: posts big blind $3
*** HOLE CARDS ***
belik555: raises $3 to $6
BWTMAGIC: calls $3
*** FLOP *** [2d 3s Ah]
BWTMAGIC: checks
belik555: bets $3
BWTMAGIC: calls $3
*** TURN *** [2d 3s Ah] [Ac]
BWTMAGIC: checks
belik555: checks
*** RIVER *** [2d 3s Ah Ac] [9d]
BWTMAGIC: bets $6
belik555: folds
Uncalled bet ($6) returned to BWTMAGIC
BWTMAGIC collected $17.64 from pot
BWTMAGIC: doesn't show hand
*** SUMMARY ***
Total pot $18 | Rake $0.36
Board [2d 3s Ah Ac 9d]
Seat 1: belik555 (button) (small blind) folded on the River
Seat 5: BWTMAGIC (big blind) collected ($17.64)


PokerStars Hand #167600449003:  Hold'em Limit ($3/$6 USD) - 2017/03/14 22:19:31 ET
Table 'Hagihara' 6-max Seat #5 is the button
Seat 1: belik555 ($180.59 in chips)
Seat 5: BWTMAGIC ($235.66 in chips)
BWTMAGIC: posts small blind $1
belik555: posts big blind $3
*** HOLE CARDS ***
BWTMAGIC: raises $3 to $6
belik555: calls $3
*** FLOP *** [7c 3c 7s]
belik555: checks
BWTMAGIC: bets $3
belik555: calls $3
*** TURN *** [7c 3c 7s] [Jc]
belik555: checks
BWTMAGIC: checks
*** RIVER *** [7c 3c 7s Jc] [Qs]
belik555: checks
BWTMAGIC: checks
*** SHOW DOWN ***
belik555: shows [6d Tc] (a pair of Sevens)
BWTMAGIC: shows [4d Kh] (a pair of Sevens - King kicker)
BWTMAGIC collected $17.64 from pot
*** SUMMARY ***
Total pot $18 | Rake $0.36
Board [7c 3c 7s Jc Qs]
Seat 1: belik555 (big blind) showed [6d Tc] and lost with a pair of Sevens
Seat 5: BWTMAGIC (button) (small blind) showed [4d Kh] and won ($17.64) with a pair of Sevens


PokerStars Hand #167600462676:  Hold'em Limit ($3/$6 USD) - 2017/03/14 22:20:01 ET
Table 'Hagihara' 6-max Seat #1 is the button
Seat 1: belik555 ($171.59 in chips)
Seat 5: BWTMAGIC ($244.30 in chips)
belik555: posts small blind $1
BWTMAGIC: posts big blind $3
*** HOLE CARDS ***
belik555: raises $3 to $6
BWTMAGIC: calls $3
*** FLOP *** [As Ac Tc]
BWTMAGIC: checks
belik555: checks
*** TURN *** [As Ac Tc] [Ts]
BWTMAGIC: bets $6
belik555: folds
Uncalled bet ($6) returned to BWTMAGIC
BWTMAGIC collected $11.76 from pot
BWTMAGIC: doesn't show hand
*** SUMMARY ***
Total pot $12 | Rake $0.24
Board [As Ac Tc Ts]
Seat 1: belik555 (button) (small blind) folded on the Turn
Seat 5: BWTMAGIC (big blind) collected ($11.76)


PokerStars Hand #167600468899:  Hold'em Limit ($3/$6 USD) - 2017/03/14 22:20:15 ET
Table 'Hagihara' 6-max Seat #5 is the button
Seat 1: belik555 ($165.59 in chips)
Seat 5: BWTMAGIC ($250.06 in chips)
BWTMAGIC: posts small blind $1
belik555: posts big blind $3
*** HOLE CARDS ***
BWTMAGIC: folds
Uncalled bet ($2) returned to belik555
belik555 collected $2 from pot
belik555: doesn't show hand
*** SUMMARY ***
Total pot $2 | Rake $0
Seat 1: belik555 (big blind) collected ($2)
Seat 5: BWTMAGIC (button) (small blind) folded before Flop


PokerStars Hand #167600471348:  Hold'em Limit ($3/$6 USD) - 2017/03/14 22:20:20 ET
Table 'Hagihara' 6-max Seat #1 is the button
Seat 1: belik555 ($166.59 in chips)
Seat 5: BWTMAGIC ($249.06 in chips)
belik555: posts small blind $1
BWTMAGIC: posts big blind $3
*** HOLE CARDS ***
belik555: raises $3 to $6
BWTMAGIC: raises $3 to $9
belik555: calls $3
*** FLOP *** [5h Qs 6c]
BWTMAGIC: bets $3
belik555: calls $3
*** TURN *** [5h Qs 6c] [Ks]
BWTMAGIC: bets $6
belik555: calls $6
*** RIVER *** [5h Qs 6c Ks] [7c]
BWTMAGIC: bets $6
belik555: raises $6 to $12
BWTMAGIC: calls $6
*** SHOW DOWN ***
belik555: shows [As Ad] (a pair of Aces)
BWTMAGIC: mucks hand
belik555 collected $59.50 from pot
*** SUMMARY ***
Total pot $60 | Rake $0.50
Board [5h Qs 6c Ks 7c]
Seat 1: belik555 (button) (small blind) showed [As Ad] and won ($59.50) with a pair of Aces
Seat 5: BWTMAGIC (big blind) mucked


PokerStars Hand #167601876332:  Hold'em Limit ($3/$6 USD) - 2017/03/14 23:19:29 ET
Table 'Hagihara' 6-max Seat #6 is the button
Seat 1: whu1688 ($108.57 in chips)
Seat 6: belik555 ($90 in chips)
belik555: posts small blind $1
whu1688: posts big blind $3
*** HOLE CARDS ***
belik555: raises $3 to $6
whu1688: calls $3
*** FLOP *** [Js 3s Jh]
whu1688: checks
belik555: bets $3
whu1688: calls $3
*** TURN *** [Js 3s Jh] [Ah]
whu1688: bets $6
belik555: calls $6
*** RIVER *** [Js 3s Jh Ah] [4h]
whu1688: checks
belik555: bets $6
whu1688: folds
Uncalled bet ($6) returned to belik555
belik555 collected $29.50 from pot
belik555: doesn't show hand
*** SUMMARY ***
Total pot $30 | Rake $0.50
Board [Js 3s Jh Ah 4h]
Seat 1: whu1688 (big blind) folded on the River
Seat 6: belik555 (button) (small blind) collected ($29.50)


PokerStars Hand #167601905225:  Hold'em Limit ($3/$6 USD) - 2017/03/14 23:20:50 ET
Table 'Hagihara' 6-max Seat #6 is the button
Seat 1: whu1688 ($65.57 in chips)
Seat 6: belik555 ($131.76 in chips)
belik555: posts small blind $1
whu1688: posts big blind $3
*** HOLE CARDS ***
belik555: raises $3 to $6
whu1688: raises $3 to $9
belik555: calls $3
*** FLOP *** [8h 9s 6d]
whu1688: bets $3
belik555: folds
Uncalled bet ($3) returned to whu1688
whu1688 collected $17.64 from pot
whu1688: doesn't show hand
*** SUMMARY ***
Total pot $18 | Rake $0.36
Board [8h 9s 6d]
Seat 1: whu1688 (big blind) collected ($17.64)
Seat 6: belik555 (button) (small blind) folded on the Flop


PokerStars Hand #167601902958:  Hold'em Limit ($3/$6 USD) - 2017/03/14 23:20:44 ET
Table 'Hagihara' 6-max Seat #1 is the button
Seat 1: whu1688 ($66.57 in chips)
Seat 6: belik555 ($130.76 in chips)
whu1688: posts small blind $1
belik555: posts big blind $3
*** HOLE CARDS ***
whu1688: folds
Uncalled bet ($2) returned to belik555
belik555 collected $2 from pot
belik555: doesn't show hand
*** SUMMARY ***
Total pot $2 | Rake $0
Seat 1: whu1688 (button) (small blind) folded before Flop
Seat 6: belik555 (big blind) collected ($2)


PokerStars Hand #167601898091:  Hold'em Limit ($3/$6 USD) - 2017/03/14 23:20:30 ET
Table 'Hagihara' 6-max Seat #6 is the button
Seat 1: whu1688 ($72.57 in chips)
Seat 6: belik555 ($125 in chips)
belik555: posts small blind $1
whu1688: posts big blind $3
*** HOLE CARDS ***
belik555: raises $3 to $6
whu1688: calls $3
*** FLOP *** [9h Kd 7c]
whu1688: checks
belik555: bets $3
whu1688: folds
Uncalled bet ($3) returned to belik555
belik555 collected $11.76 from pot
belik555: doesn't show hand
*** SUMMARY ***
Total pot $12 | Rake $0.24
Board [9h Kd 7c]
Seat 1: whu1688 (big blind) folded on the Flop
Seat 6: belik555 (button) (small blind) collected ($11.76)


PokerStars Hand #167601888715:  Hold'em Limit ($3/$6 USD) - 2017/03/14 23:20:03 ET
Table 'Hagihara' 6-max Seat #1 is the button
Seat 1: whu1688 ($93.57 in chips)
Seat 6: belik555 ($104.50 in chips)
whu1688: posts small blind $1
belik555: posts big blind $3
*** HOLE CARDS ***
whu1688: raises $3 to $6
belik555: calls $3
*** FLOP *** [6s 4d 8s]
belik555: checks
whu1688: bets $3
belik555: raises $3 to $6
whu1688: raises $3 to $9
belik555: calls $3
*** TURN *** [6s 4d 8s] [2c]
belik555: checks
whu1688: bets $6
belik555: calls $6
*** RIVER *** [6s 4d 8s 2c] [7c]
belik555: checks
whu1688: checks
*** SHOW DOWN ***
belik555: shows [6h 9c] (a pair of Sixes)
whu1688: mucks hand
belik555 collected $41.50 from pot
*** SUMMARY ***
Total pot $42 | Rake $0.50
Board [6s 4d 8s 2c 7c]
Seat 1: whu1688 (button) (small blind) mucked
Seat 6: belik555 (big blind) showed [6h 9c] and won ($41.50) with a pair of Sixes


PokerStars Hand #167601923740:  Hold'em Limit ($3/$6 USD) - 2017/03/14 23:21:41 ET
Table 'Hagihara' 6-max Seat #1 is the button
Seat 1: whu1688 ($76.85 in chips)
Seat 6: belik555 ($119.52 in chips)
whu1688: posts small blind $1
belik555: posts big blind $3
*** HOLE CARDS ***
whu1688: raises $3 to $6
belik555: calls $3
*** FLOP *** [Jd 3h 8h]
belik555: checks
whu1688: bets $3
belik555: calls $3
*** TURN *** [Jd 3h 8h] [Kh]
belik555: checks
whu1688: bets $6
belik555: calls $6
*** RIVER *** [Jd 3h 8h Kh] [Qh]
BWTMAGIC joins the table at seat #2
belik555: bets $6
whu1688: folds
Uncalled bet ($6) returned to belik555
belik555 collected $29.50 from pot
belik555: doesn't show hand
*** SUMMARY ***
Total pot $30 | Rake $0.50
Board [Jd 3h 8h Kh Qh]
Seat 1: whu1688 (button) (small blind) folded on the River
Seat 6: belik555 (big blind) collected ($29.50)


PokerStars Hand #167601918662:  Hold'em Limit ($3/$6 USD) - 2017/03/14 23:21:27 ET
Table 'Hagihara' 6-max Seat #6 is the button
Seat 1: whu1688 ($68.21 in chips)
Seat 6: belik555 ($128.52 in chips)
belik555: posts small blind $1
whu1688: posts big blind $3
*** HOLE CARDS ***
belik555: raises $3 to $6
whu1688: calls $3
*** FLOP *** [9s Qd Qh]
whu1688: checks
belik555: bets $3
whu1688: raises $3 to $6
belik555: folds
Uncalled bet ($3) returned to whu1688
whu1688 collected $17.64 from pot
whu1688: doesn't show hand
*** SUMMARY ***
Total pot $18 | Rake $0.36
Board [9s Qd Qh]
Seat 1: whu1688 (big blind) collected ($17.64)
Seat 6: belik555 (button) (small blind) folded on the Flop


PokerStars Hand #167601912319:  Hold'em Limit ($3/$6 USD) - 2017/03/14 23:21:10 ET
Table 'Hagihara' 6-max Seat #1 is the button
Seat 1: whu1688 ($74.21 in chips)
Seat 6: belik555 ($122.76 in chips)
whu1688: posts small blind $1
belik555: posts big blind $3
*** HOLE CARDS ***
whu1688: calls $2
belik555: raises $3 to $6
whu1688: calls $3
*** FLOP *** [9s 4s Qc]
belik555: bets $3
whu1688: folds
Uncalled bet ($3) returned to belik555
belik555 collected $11.76 from pot
belik555: doesn't show hand
*** SUMMARY ***
Total pot $12 | Rake $0.24
Board [9s 4s Qc]
Seat 1: whu1688 (button) (small blind) folded on the Flop
Seat 6: belik555 (big blind) collected ($11.76)


PokerStars Hand #167601934093:  Hold'em Limit ($3/$6 USD) - 2017/03/14 23:22:10 ET
Table 'Hagihara' 6-max Seat #6 is the button
Seat 1: whu1688 ($61.85 in chips)
Seat 6: belik555 ($134.02 in chips)
belik555: posts small blind $1
whu1688: posts big blind $3
*** HOLE CARDS ***
belik555: folds
Uncalled bet ($2) returned to whu1688
whu1688 collected $2 from pot
whu1688: doesn't show hand
*** SUMMARY ***
Total pot $2 | Rake $0
Seat 1: whu1688 (big blind) collected ($2)
Seat 6: belik555 (button) (small blind) folded before Flop


PokerStars Hand #167602254458:  Hold'em Limit ($3/$6 USD) - 2017/03/14 23:37:40 ET
Table 'Hagihara' 6-max Seat #4 is the button
Seat 1: whu1688 ($355.51 in chips)
Seat 4: HpNOtiC ($180.17 in chips)
HpNOtiC: posts small blind $1
whu1688: posts big blind $3
*** HOLE CARDS ***
HpNOtiC: raises $3 to $6
whu1688: calls $3
*** FLOP *** [Jh 4d 8s]
whu1688: checks
HpNOtiC: bets $3
whu1688: raises $3 to $6
HpNOtiC: folds
Uncalled bet ($3) returned to whu1688
whu1688 collected $17.64 from pot
whu1688: doesn't show hand
*** SUMMARY ***
Total pot $18 | Rake $0.36
Board [Jh 4d 8s]
Seat 1: whu1688 (big blind) collected ($17.64)
Seat 4: HpNOtiC (button) (small blind) folded on the Flop


PokerStars Hand #167602273283:  Hold'em Limit ($3/$6 USD) - 2017/03/14 23:38:37 ET
Table 'Hagihara' 6-max Seat #4 is the button
Seat 1: whu1688 ($387.65 in chips)
Seat 4: HpNOtiC ($147.17 in chips)
HpNOtiC: posts small blind $1
whu1688: posts big blind $3
*** HOLE CARDS ***
HpNOtiC: folds
Uncalled bet ($2) returned to whu1688
whu1688 collected $2 from pot
whu1688: doesn't show hand
*** SUMMARY ***
Total pot $2 | Rake $0
Seat 1: whu1688 (big blind) collected ($2)
Seat 4: HpNOtiC (button) (small blind) folded before Flop


PokerStars Hand #167602259911:  Hold'em Limit ($3/$6 USD) - 2017/03/14 23:37:56 ET
Table 'Hagihara' 6-max Seat #1 is the button
Seat 1: whu1688 ($364.15 in chips)
Seat 4: HpNOtiC ($171.17 in chips)
whu1688: posts small blind $1
HpNOtiC: posts big blind $3
*** HOLE CARDS ***
whu1688: raises $3 to $6
HpNOtiC: raises $3 to $9
whu1688: calls $3
*** FLOP *** [8s Ks 8h]
HpNOtiC: bets $3
whu1688: calls $3
*** TURN *** [8s Ks 8h] [5c]
HpNOtiC: bets $6
whu1688: calls $6
*** RIVER *** [8s Ks 8h 5c] [5s]
HpNOtiC: checks
whu1688: bets $6
HpNOtiC: calls $6
*** SHOW DOWN ***
whu1688: shows [3s Kc] (two pair, Kings and Eights)
HpNOtiC: mucks hand
whu1688 collected $47.50 from pot
*** SUMMARY ***
Total pot $48 | Rake $0.50
Board [8s Ks 8h 5c 5s]
Seat 1: whu1688 (button) (small blind) showed [3s Kc] and won ($47.50) with two pair, Kings and Eights
Seat 4: HpNOtiC (big blind) mucked


PokerStars Hand #167602316902:  Hold'em Limit ($3/$6 USD) - 2017/03/14 23:40:48 ET
Table 'Hagihara' 6-max Seat #2 is the button
Seat 2: BWTMAGIC ($102.45 in chips)
Seat 4: HpNOtiC ($146.17 in chips)
BWTMAGIC: posts small blind $1
HpNOtiC: posts big blind $3
*** HOLE CARDS ***
BWTMAGIC: raises $3 to $6
HpNOtiC: raises $3 to $9
BWTMAGIC: calls $3
*** FLOP *** [4d 2d 7h]
HpNOtiC: bets $3
BWTMAGIC: calls $3
*** TURN *** [4d 2d 7h] [Jd]
HpNOtiC: checks
BWTMAGIC: bets $6
HpNOtiC: raises $6 to $12
BWTMAGIC: raises $6 to $18
HpNOtiC: calls $6
*** RIVER *** [4d 2d 7h Jd] [9h]
HpNOtiC: checks
BWTMAGIC: bets $6
HpNOtiC: calls $6
*** SHOW DOWN ***
BWTMAGIC: shows [7s 9s] (two pair, Nines and Sevens)
HpNOtiC: mucks hand
BWTMAGIC collected $71.50 from pot
*** SUMMARY ***
Total pot $72 | Rake $0.50
Board [4d 2d 7h Jd 9h]
Seat 2: BWTMAGIC (button) (small blind) showed [7s 9s] and won ($71.50) with two pair, Nines and Sevens
Seat 4: HpNOtiC (big blind) mucked


PokerStars Hand #167602324103:  Hold'em Limit ($3/$6 USD) - 2017/03/14 23:41:10 ET
Table 'Hagihara' 6-max Seat #4 is the button
Seat 2: BWTMAGIC ($137.95 in chips)
Seat 4: HpNOtiC ($110.17 in chips)
HpNOtiC: posts small blind $1
BWTMAGIC: posts big blind $3
*** HOLE CARDS ***
HpNOtiC: raises $3 to $6
BWTMAGIC: folds
Uncalled bet ($3) returned to HpNOtiC
HpNOtiC collected $6 from pot
HpNOtiC: doesn't show hand
*** SUMMARY ***
Total pot $6 | Rake $0
Seat 2: BWTMAGIC (big blind) folded before Flop
Seat 4: HpNOtiC (button) (small blind) collected ($6)


PokerStars Hand #167602332490:  Hold'em Limit ($3/$6 USD) - 2017/03/14 23:41:36 ET
Table 'Hagihara' 6-max Seat #4 is the button
Seat 2: BWTMAGIC ($110.95 in chips)
Seat 4: HpNOtiC ($136.67 in chips)
HpNOtiC: posts small blind $1
BWTMAGIC: posts big blind $3
*** HOLE CARDS ***
HpNOtiC: raises $3 to $6
BWTMAGIC: raises $3 to $9
HpNOtiC: calls $3
*** FLOP *** [8s 5h Tc]
BWTMAGIC: bets $3
HpNOtiC: folds
Uncalled bet ($3) returned to BWTMAGIC
BWTMAGIC collected $17.64 from pot
BWTMAGIC: doesn't show hand
*** SUMMARY ***
Total pot $18 | Rake $0.36
Board [8s 5h Tc]
Seat 2: BWTMAGIC (big blind) collected ($17.64)
Seat 4: HpNOtiC (button) (small blind) folded on the Flop


PokerStars Hand #167602326486:  Hold'em Limit ($3/$6 USD) - 2017/03/14 23:41:18 ET
Table 'Hagihara' 6-max Seat #2 is the button
Seat 2: BWTMAGIC ($134.95 in chips)
Seat 4: HpNOtiC ($113.17 in chips)
BWTMAGIC: posts small blind $1
HpNOtiC: posts big blind $3
*** HOLE CARDS ***
BWTMAGIC: raises $3 to $6
HpNOtiC: calls $3
*** FLOP *** [3h As 4s]
HpNOtiC: checks
BWTMAGIC: bets $3
HpNOtiC: raises $3 to $6
BWTMAGIC: calls $3
*** TURN *** [3h As 4s] [4c]
HpNOtiC: bets $6
BWTMAGIC: calls $6
*** RIVER *** [3h As 4s 4c] [3d]
HpNOtiC: bets $6
BWTMAGIC: calls $6
*** SHOW DOWN ***
HpNOtiC: shows [9h Ac] (two pair, Aces and Fours)
BWTMAGIC: mucks hand
HpNOtiC collected $47.50 from pot
*** SUMMARY ***
Total pot $48 | Rake $0.50
Board [3h As 4s 4c 3d]
Seat 2: BWTMAGIC (button) (small blind) mucked
Seat 4: HpNOtiC (big blind) showed [9h Ac] and won ($47.50) with two pair, Aces and Fours


PokerStars Hand #167602342438:  Hold'em Limit ($3/$6 USD) - 2017/03/14 23:42:06 ET
Table 'Hagihara' 6-max Seat #4 is the button
Seat 2: BWTMAGIC ($122.59 in chips)
Seat 4: HpNOtiC ($124.67 in chips)
HpNOtiC: posts small blind $1
BWTMAGIC: posts big blind $3
*** HOLE CARDS ***
HpNOtiC: folds
Uncalled bet ($2) returned to BWTMAGIC
BWTMAGIC collected $2 from pot
BWTMAGIC: doesn't show hand
*** SUMMARY ***
Total pot $2 | Rake $0
Seat 2: BWTMAGIC (big blind) collected ($2)
Seat 4: HpNOtiC (button) (small blind) folded before Flop


PokerStars Hand #167602335734:  Hold'em Limit ($3/$6 USD) - 2017/03/14 23:41:46 ET
Table 'Hagihara' 6-max Seat #2 is the button
Seat 2: BWTMAGIC ($119.59 in chips)
Seat 4: HpNOtiC ($127.67 in chips)
BWTMAGIC: posts small blind $1
HpNOtiC: posts big blind $3
*** HOLE CARDS ***
BWTMAGIC: raises $3 to $6
HpNOtiC: folds
Uncalled bet ($3) returned to BWTMAGIC
BWTMAGIC collected $6 from pot
BWTMAGIC: doesn't show hand
*** SUMMARY ***
Total pot $6 | Rake $0
Seat 2: BWTMAGIC (button) (small blind) collected ($6)
Seat 4: HpNOtiC (big blind) folded before Flop


PokerStars Hand #167602346164:  Hold'em Limit ($3/$6 USD) - 2017/03/14 23:42:17 ET
Table 'Hagihara' 6-max Seat #4 is the button
Seat 2: BWTMAGIC ($126.59 in chips)
Seat 4: HpNOtiC ($120.67 in chips)
HpNOtiC: posts small blind $1
BWTMAGIC: posts big blind $3
*** HOLE CARDS ***
HpNOtiC: folds
Uncalled bet ($2) returned to BWTMAGIC
BWTMAGIC collected $2 from pot
BWTMAGIC: doesn't show hand
*** SUMMARY ***
Total pot $2 | Rake $0
Seat 2: BWTMAGIC (big blind) collected ($2)
Seat 4: HpNOtiC (button) (small blind) folded before Flop


PokerStars Hand #167602344029:  Hold'em Limit ($3/$6 USD) - 2017/03/14 23:42:11 ET
Table 'Hagihara' 6-max Seat #2 is the button
Seat 2: BWTMAGIC ($123.59 in chips)
Seat 4: HpNOtiC ($123.67 in chips)
whu1688 joins the table at seat #3
BWTMAGIC: posts small blind $1
HpNOtiC: posts big blind $3
*** HOLE CARDS ***
BWTMAGIC: raises $3 to $6
HpNOtiC: folds
Uncalled bet ($3) returned to BWTMAGIC
BWTMAGIC collected $6 from pot
BWTMAGIC: doesn't show hand
*** SUMMARY ***
Total pot $6 | Rake $0
Seat 2: BWTMAGIC (button) (small blind) collected ($6)
Seat 4: HpNOtiC (big blind) folded before Flop


PokerStars Hand #167602481748:  Hold'em Limit ($3/$6 USD) - 2017/03/14 23:49:19 ET
Table 'Hagihara' 6-max Seat #3 is the button
Seat 3: whu1688 ($284.65 in chips)
Seat 4: HpNOtiC ($87.02 in chips)
whu1688: posts small blind $1
HpNOtiC: posts big blind $3
*** HOLE CARDS ***
whu1688: calls $2
HpNOtiC: checks
*** FLOP *** [Jh Td Qc]
HpNOtiC: checks
whu1688: checks
*** TURN *** [Jh Td Qc] [3h]
HpNOtiC: checks
whu1688: bets $6
HpNOtiC: folds
Uncalled bet ($6) returned to whu1688
whu1688 collected $5.88 from pot
whu1688: doesn't show hand
*** SUMMARY ***
Total pot $6 | Rake $0.12
Board [Jh Td Qc 3h]
Seat 3: whu1688 (button) (small blind) collected ($5.88)
Seat 4: HpNOtiC (big blind) folded on the Turn


PokerStars Hand #167602479920:  Hold'em Limit ($3/$6 USD) - 2017/03/14 23:49:13 ET
Table 'Hagihara' 6-max Seat #4 is the button
Seat 3: whu1688 ($283.65 in chips)
Seat 4: HpNOtiC ($88.02 in chips)
HpNOtiC: posts small blind $1
whu1688: posts big blind $3
*** HOLE CARDS ***
HpNOtiC: folds
Uncalled bet ($2) returned to whu1688
whu1688 collected $2 from pot
whu1688: doesn't show hand
*** SUMMARY ***
Total pot $2 | Rake $0
Seat 3: whu1688 (big blind) collected ($2)
Seat 4: HpNOtiC (button) (small blind) folded before Flop


PokerStars Hand #167604406858:  Hold'em Limit ($3/$6 USD) - 2017/03/15 1:46:03 ET
Table 'Hagihara' 6-max Seat #6 is the button
Seat 3: MellivoraSto ($241.02 in chips)
Seat 6: ELCapitano26 ($154.87 in chips)
ELCapitano26: posts small blind $1
MellivoraSto: posts big blind $3
*** HOLE CARDS ***
ELCapitano26: raises $3 to $6
MellivoraSto: folds
Uncalled bet ($3) returned to ELCapitano26
ELCapitano26 collected $6 from pot
ELCapitano26: doesn't show hand
*** SUMMARY ***
Total pot $6 | Rake $0
Seat 3: MellivoraSto (big blind) folded before Flop
Seat 6: ELCapitano26 (button) (small blind) collected ($6)


PokerStars Hand #167604405636:  Hold'em Limit ($3/$6 USD) - 2017/03/15 1:45:58 ET
Table 'Hagihara' 6-max Seat #3 is the button
Seat 3: MellivoraSto ($242.02 in chips)
Seat 6: ELCapitano26 ($153.87 in chips)
MellivoraSto: posts small blind $1
ELCapitano26: posts big blind $3
*** HOLE CARDS ***
MellivoraSto: folds
Uncalled bet ($2) returned to ELCapitano26
ELCapitano26 collected $2 from pot
ELCapitano26: doesn't show hand
*** SUMMARY ***
Total pot $2 | Rake $0
Seat 3: MellivoraSto (button) (small blind) folded before Flop
Seat 6: ELCapitano26 (big blind) collected ($2)


PokerStars Hand #167604397542:  Hold'em Limit ($3/$6 USD) - 2017/03/15 1:45:26 ET
Table 'Hagihara' 6-max Seat #6 is the button
Seat 3: MellivoraSto ($263.02 in chips)
Seat 6: ELCapitano26 ($133.37 in chips)
ELCapitano26: posts small blind $1
Agrotait: is sitting out
MellivoraSto: posts big blind $3
*** HOLE CARDS ***
ELCapitano26: raises $3 to $6
MellivoraSto: calls $3
*** FLOP *** [2s 7c 3h]
MellivoraSto: checks
ELCapitano26: bets $3
MellivoraSto: calls $3
*** TURN *** [2s 7c 3h] [7d]
MellivoraSto: checks
ELCapitano26: bets $6
MellivoraSto: calls $6
*** RIVER *** [2s 7c 3h 7d] [2c]
MellivoraSto: checks
ELCapitano26: bets $6
MellivoraSto: calls $6
*** SHOW DOWN ***
ELCapitano26: shows [Tc Ts] (two pair, Tens and Sevens)
MellivoraSto: mucks hand
ELCapitano26 collected $41.50 from pot
*** SUMMARY ***
Total pot $42 | Rake $0.50
Board [2s 7c 3h 7d 2c]
Seat 3: MellivoraSto (big blind) mucked
Seat 6: ELCapitano26 (button) (small blind) showed [Tc Ts] and won ($41.50) with two pair, Tens and Sevens


PokerStars Hand #167604421339:  Hold'em Limit ($3/$6 USD) - 2017/03/15 1:47:01 ET
Table 'Hagihara' 6-max Seat #3 is the button
Seat 3: MellivoraSto ($215.02 in chips)
Seat 6: ELCapitano26 ($180.37 in chips)
MellivoraSto: posts small blind $1
ELCapitano26: posts big blind $3
*** HOLE CARDS ***
MellivoraSto: raises $3 to $6
ELCapitano26: folds
Uncalled bet ($3) returned to MellivoraSto
ELCapitano26 leaves the table
MellivoraSto collected $6 from pot
MellivoraSto: doesn't show hand
*** SUMMARY ***
Total pot $6 | Rake $0
Seat 3: MellivoraSto (button) (small blind) collected ($6)
Seat 6: ELCapitano26 (big blind) folded before Flop


PokerStars Hand #167604409295:  Hold'em Limit ($3/$6 USD) - 2017/03/15 1:46:12 ET
Table 'Hagihara' 6-max Seat #3 is the button
Seat 3: MellivoraSto ($238.02 in chips)
Seat 6: ELCapitano26 ($157.87 in chips)
MellivoraSto: posts small blind $1
ELCapitano26: posts big blind $3
*** HOLE CARDS ***
MellivoraSto: raises $3 to $6
ELCapitano26: calls $3
*** FLOP *** [8d 6c 7s]
ELCapitano26: checks
MellivoraSto: bets $3
ELCapitano26: raises $3 to $6
MellivoraSto: calls $3
*** TURN *** [8d 6c 7s] [4s]
ELCapitano26: bets $6
Agrotait leaves the table
MellivoraSto: calls $6
*** RIVER *** [8d 6c 7s 4s] [Ad]
ELCapitano26: bets $6
MellivoraSto: calls $6
*** SHOW DOWN ***
ELCapitano26: shows [5s 4d] (a straight, Four to Eight)
MellivoraSto: mucks hand
ELCapitano26 collected $47.50 from pot
*** SUMMARY ***
Total pot $48 | Rake $0.50
Board [8d 6c 7s 4s Ad]
Seat 3: MellivoraSto (button) (small blind) mucked
Seat 6: ELCapitano26 (big blind) showed [5s 4d] and won ($47.50) with a straight, Four to Eight


