PokerStars Hand #151145672669:  Hold'em Limit ($3/$6 USD) - 2016/03/29 21:09:46 ET
Table 'Hagihara' 6-max Seat #6 is the button
Seat 5: Pandakey ($120 in chips)
Seat 6: HustlinMuney ($30 in chips)
HustlinMuney: posts small blind $1
Pandakey: posts big blind $3
*** HOLE CARDS ***
HustlinMuney: calls $2
Pandakey: checks
*** FLOP *** [9s Td 6s]
Pandakey: checks
HustlinMuney: bets $3
Pandakey: calls $3
*** TURN *** [9s Td 6s] [5d]
Pandakey: checks
HustlinMuney: checks
*** RIVER *** [9s Td 6s 5d] [9d]
sda.80.16 joins the table at seat #4
Pandakey: bets $6
HustlinMuney: folds
Uncalled bet ($6) returned to Pandakey
Pandakey collected $11.76 from pot
Pandakey: doesn't show hand
*** SUMMARY ***
Total pot $12 | Rake $0.24
Board [9s Td 6s 5d 9d]
Seat 5: Pandakey (big blind) collected ($11.76)
Seat 6: HustlinMuney (button) (small blind) folded on the River


PokerStars Hand #151145682767:  Hold'em Limit ($3/$6 USD) - 2016/03/29 21:10:09 ET
Table 'Hagihara' 6-max Seat #5 is the button
Seat 5: Pandakey ($125.76 in chips)
Seat 6: HustlinMuney ($24 in chips)
Pandakey: posts small blind $1
HustlinMuney: posts big blind $3
*** HOLE CARDS ***
Pandakey: raises $3 to $6
HustlinMuney: raises $3 to $9
Pandakey: calls $3
*** FLOP *** [Ah 2d 5d]
HustlinMuney: bets $3
Pandakey: folds
Uncalled bet ($3) returned to HustlinMuney
HustlinMuney collected $17.64 from pot
*** SUMMARY ***
Total pot $18 | Rake $0.36
Board [Ah 2d 5d]
Seat 5: Pandakey (button) (small blind) folded on the Flop
Seat 6: HustlinMuney (big blind) collected ($17.64)


PokerStars Hand #151145741199:  Hold'em Limit ($3/$6 USD) - 2016/03/29 21:12:22 ET
Table 'Hagihara' 6-max Seat #5 is the button
Seat 4: sda.80.16 ($122.64 in chips)
Seat 5: Pandakey ($87.40 in chips)
Pandakey: posts small blind $1
sda.80.16: posts big blind $3
*** HOLE CARDS ***
Pandakey: raises $3 to $6
sda.80.16: calls $3
*** FLOP *** [Qc 8c 6c]
HustlinMuney leaves the table
sda.80.16: checks
Pandakey: checks
*** TURN *** [Qc 8c 6c] [5d]
sda.80.16: bets $6
Pandakey: calls $6
*** RIVER *** [Qc 8c 6c 5d] [Ah]
sda.80.16: bets $6
Pandakey: calls $6
*** SHOW DOWN ***
sda.80.16: shows [Qs 9h] (a pair of Queens)
Pandakey: mucks hand
sda.80.16 collected $35.50 from pot
*** SUMMARY ***
Total pot $36 | Rake $0.50
Board [Qc 8c 6c 5d Ah]
Seat 4: sda.80.16 (big blind) showed [Qs 9h] and won ($35.50) with a pair of Queens
Seat 5: Pandakey (button) (small blind) mucked


PokerStars Hand #151145757882:  Hold'em Limit ($3/$6 USD) - 2016/03/29 21:13:00 ET
Table 'Hagihara' 6-max Seat #5 is the button
Seat 4: sda.80.16 ($128.14 in chips)
Seat 5: Pandakey ($80.92 in chips)
Pandakey: posts small blind $1
sda.80.16: posts big blind $3
*** HOLE CARDS ***
Pandakey: folds
Uncalled bet ($2) returned to sda.80.16
sda.80.16 collected $2 from pot
sda.80.16: doesn't show hand
*** SUMMARY ***
Total pot $2 | Rake $0
Seat 4: sda.80.16 (big blind) collected ($2)
Seat 5: Pandakey (button) (small blind) folded before Flop


PokerStars Hand #151145748568:  Hold'em Limit ($3/$6 USD) - 2016/03/29 21:12:39 ET
Table 'Hagihara' 6-max Seat #4 is the button
Seat 4: sda.80.16 ($140.14 in chips)
Seat 5: Pandakey ($69.40 in chips)
sda.80.16: posts small blind $1
Pandakey: posts big blind $3
*** HOLE CARDS ***
sda.80.16: calls $2
Pandakey: checks
*** FLOP *** [7h 5c Ad]
Pandakey: bets $3
sda.80.16: calls $3
*** TURN *** [7h 5c Ad] [8h]
Pandakey: checks
sda.80.16: checks
*** RIVER *** [7h 5c Ad 8h] [2s]
Pandakey: bets $6
sda.80.16: calls $6
*** SHOW DOWN ***
Pandakey: shows [9s 7d] (a pair of Sevens)
sda.80.16: mucks hand
Pandakey collected $23.52 from pot
*** SUMMARY ***
Total pot $24 | Rake $0.48
Board [7h 5c Ad 8h 2s]
Seat 4: sda.80.16 (button) (small blind) mucked
Seat 5: Pandakey (big blind) showed [9s 7d] and won ($23.52) with a pair of Sevens


PokerStars Hand #151145759894:  Hold'em Limit ($3/$6 USD) - 2016/03/29 21:13:05 ET
Table 'Hagihara' 6-max Seat #4 is the button
Seat 4: sda.80.16 ($129.14 in chips)
Seat 5: Pandakey ($79.92 in chips)
sda.80.16: posts small blind $1
Pandakey: posts big blind $3
*** HOLE CARDS ***
sda.80.16: folds
Uncalled bet ($2) returned to Pandakey
Pandakey collected $2 from pot
Pandakey: doesn't show hand
*** SUMMARY ***
Total pot $2 | Rake $0
Seat 4: sda.80.16 (button) (small blind) folded before Flop
Seat 5: Pandakey (big blind) collected ($2)


PokerStars Hand #151145768830:  Hold'em Limit ($3/$6 USD) - 2016/03/29 21:13:25 ET
Table 'Hagihara' 6-max Seat #4 is the button
Seat 4: sda.80.16 ($107.14 in chips)
Seat 5: Pandakey ($101.42 in chips)
sda.80.16: posts small blind $1
Pandakey: posts big blind $3
*** HOLE CARDS ***
sda.80.16: raises $3 to $6
Pandakey: calls $3
*** FLOP *** [3h 9d 2h]
Pandakey: checks
sda.80.16: bets $3
Pandakey: calls $3
*** TURN *** [3h 9d 2h] [3c]
Pandakey: checks
sda.80.16: bets $6
Pandakey: folds
Uncalled bet ($6) returned to sda.80.16
sda.80.16 collected $17.64 from pot
sda.80.16: doesn't show hand
*** SUMMARY ***
Total pot $18 | Rake $0.36
Board [3h 9d 2h 3c]
Seat 4: sda.80.16 (button) (small blind) collected ($17.64)
Seat 5: Pandakey (big blind) folded on the Turn


PokerStars Hand #151145774504:  Hold'em Limit ($3/$6 USD) - 2016/03/29 21:13:38 ET
Table 'Hagihara' 6-max Seat #5 is the button
Seat 4: sda.80.16 ($115.78 in chips)
Seat 5: Pandakey ($92.42 in chips)
Pandakey: posts small blind $1
sda.80.16: posts big blind $3
*** HOLE CARDS ***
Pandakey: raises $3 to $6
sda.80.16: calls $3
*** FLOP *** [Th 6h Kd]
sda.80.16: checks
Pandakey: bets $3
sda.80.16: calls $3
*** TURN *** [Th 6h Kd] [Qs]
sda.80.16: checks
Pandakey: bets $6
sda.80.16: raises $6 to $12
Pandakey: calls $6
*** RIVER *** [Th 6h Kd Qs] [Ad]
douglas11617 joins the table at seat #3
sda.80.16: checks
Pandakey: bets $6
sda.80.16: raises $6 to $12
HustlinMuney joins the table at seat #6
Pandakey: folds
Uncalled bet ($6) returned to sda.80.16
sda.80.16 collected $53.50 from pot
sda.80.16: doesn't show hand
*** SUMMARY ***
Total pot $54 | Rake $0.50
Board [Th 6h Kd Qs Ad]
Seat 4: sda.80.16 (big blind) collected ($53.50)
Seat 5: Pandakey (button) (small blind) folded on the River


PokerStars Hand #151145761973:  Hold'em Limit ($3/$6 USD) - 2016/03/29 21:13:09 ET
Table 'Hagihara' 6-max Seat #5 is the button
Seat 4: sda.80.16 ($128.14 in chips)
Seat 5: Pandakey ($80.92 in chips)
Pandakey: posts small blind $1
sda.80.16: posts big blind $3
*** HOLE CARDS ***
Pandakey: raises $3 to $6
sda.80.16: calls $3
*** FLOP *** [7d Qc 3s]
sda.80.16: bets $3
Pandakey: calls $3
*** TURN *** [7d Qc 3s] [5d]
sda.80.16: bets $6
Pandakey: calls $6
*** RIVER *** [7d Qc 3s 5d] [8c]
sda.80.16: bets $6
Pandakey: calls $6
*** SHOW DOWN ***
sda.80.16: shows [2c 4c] (high card Queen)
Pandakey: shows [7c 6c] (a pair of Sevens)
Pandakey collected $41.50 from pot
*** SUMMARY ***
Total pot $42 | Rake $0.50
Board [7d Qc 3s 5d 8c]
Seat 4: sda.80.16 (big blind) showed [2c 4c] and lost with high card Queen
Seat 5: Pandakey (button) (small blind) showed [7c 6c] and won ($41.50) with a pair of Sevens


PokerStars Hand #151145789373:  Hold'em Limit ($3/$6 USD) - 2016/03/29 21:14:12 ET
Table 'Hagihara' 6-max Seat #4 is the button
Seat 4: sda.80.16 ($142.28 in chips)
Seat 5: Pandakey ($65.42 in chips)
sda.80.16: posts small blind $1
Pandakey: posts big blind $3
*** HOLE CARDS ***
sda.80.16: raises $3 to $6
Pandakey: calls $3
*** FLOP *** [Qh 9h 9c]
Pandakey: checks
sda.80.16: bets $3
Pandakey: calls $3
*** TURN *** [Qh 9h 9c] [Ks]
Pandakey: bets $6
sda.80.16: calls $6
*** RIVER *** [Qh 9h 9c Ks] [4s]
Pandakey: bets $6
sda.80.16: calls $6
*** SHOW DOWN ***
Pandakey: shows [7s Kc] (two pair, Kings and Nines)
sda.80.16: mucks hand
Pandakey collected $41.50 from pot
*** SUMMARY ***
Total pot $42 | Rake $0.50
Board [Qh 9h 9c Ks 4s]
Seat 4: sda.80.16 (button) (small blind) mucked
Seat 5: Pandakey (big blind) showed [7s Kc] and won ($41.50) with two pair, Kings and Nines


PokerStars Hand #151146457715:  Hold'em Limit ($3/$6 USD) - 2016/03/29 21:39:58 ET
Table 'Hagihara' 6-max Seat #1 is the button
Seat 1: masterblstr8 ($199.91 in chips)
Seat 5: Pandakey ($262.02 in chips)
masterblstr8: posts small blind $1
Pandakey: posts big blind $3
*** HOLE CARDS ***
masterblstr8: raises $3 to $6
Pandakey: calls $3
*** FLOP *** [5c 6c Kd]
Pandakey: checks
masterblstr8: bets $3
Pandakey: calls $3
*** TURN *** [5c 6c Kd] [9h]
Pandakey: checks
masterblstr8: checks
*** RIVER *** [5c 6c Kd 9h] [2d]
Pandakey: bets $6
sda.80.16 said, "fckn luckers"
masterblstr8: calls $6
*** SHOW DOWN ***
Pandakey: shows [Qc 6d] (a pair of Sixes)
masterblstr8: mucks hand
Pandakey collected $29.50 from pot
*** SUMMARY ***
Total pot $30 | Rake $0.50
Board [5c 6c Kd 9h 2d]
Seat 1: masterblstr8 (button) (small blind) mucked
Seat 5: Pandakey (big blind) showed [Qc 6d] and won ($29.50) with a pair of Sixes


