PokerStars Hand #165275695158:  Hold'em Limit ($3/$6 USD) - 2017/01/27 20:40:32 ET
Table 'Hagihara' 6-max Seat #3 is the button
Seat 3: dykyihui ($30 in chips)
Seat 4: AzureCaper ($72 in chips)
dykyihui: posts small blind $1
AzureCaper: posts big blind $3
*** HOLE CARDS ***
dykyihui: raises $3 to $6
AzureCaper: calls $3
*** FLOP *** [6h 5h 7c]
AzureCaper: checks
dykyihui: bets $3
AzureCaper: calls $3
*** TURN *** [6h 5h 7c] [4h]
AzureCaper: bets $6
dykyihui: raises $6 to $12
AzureCaper: calls $6
*** RIVER *** [6h 5h 7c 4h] [Td]
AzureCaper: checks
dykyihui: bets $6
AzureCaper: calls $6
*** SHOW DOWN ***
dykyihui: shows [Kc Jc] (high card King)
AzureCaper: shows [3h 3s] (a straight, Three to Seven)
AzureCaper collected $53.50 from pot
*** SUMMARY ***
Total pot $54 | Rake $0.50
Board [6h 5h 7c 4h Td]
Seat 3: dykyihui (button) (small blind) showed [Kc Jc] and lost with high card King
Seat 4: AzureCaper (big blind) showed [3h 3s] and won ($53.50) with a straight, Three to Seven


PokerStars Hand #165275715434:  Hold'em Limit ($3/$6 USD) - 2017/01/27 20:41:09 ET
Table 'Hagihara' 6-max Seat #3 is the button
Seat 3: dykyihui ($4 in chips)
Seat 4: AzureCaper ($97.50 in chips)
dykyihui: posts small blind $1
AzureCaper: posts big blind $3
*** HOLE CARDS ***
dykyihui: raises $1 to $4 and is all-in
AzureCaper: folds
Uncalled bet ($1) returned to dykyihui
dykyihui collected $6 from pot
dykyihui: doesn't show hand
*** SUMMARY ***
Total pot $6 | Rake $0
Seat 3: dykyihui (button) (small blind) collected ($6)
Seat 4: AzureCaper (big blind) folded before Flop


PokerStars Hand #165275712718:  Hold'em Limit ($3/$6 USD) - 2017/01/27 20:41:04 ET
Table 'Hagihara' 6-max Seat #4 is the button
Seat 3: dykyihui ($3 in chips)
Seat 4: AzureCaper ($98.50 in chips)
AzureCaper: posts small blind $1
dykyihui: posts big blind $3 and is all-in
*** HOLE CARDS ***
AzureCaper: folds
Uncalled bet ($2) returned to dykyihui
dykyihui collected $2 from pot
dykyihui: doesn't show hand
*** SUMMARY ***
Total pot $2 | Rake $0
Seat 3: dykyihui (big blind) collected ($2)
Seat 4: AzureCaper (button) (small blind) folded before Flop


PokerStars Hand #165275725731:  Hold'em Limit ($3/$6 USD) - 2017/01/27 20:41:29 ET
Table 'Hagihara' 6-max Seat #4 is the button
Seat 3: dykyihui ($7 in chips)
Seat 4: AzureCaper ($94.50 in chips)
AzureCaper: posts small blind $1
dykyihui: posts big blind $3
*** HOLE CARDS ***
AzureCaper: folds
Uncalled bet ($2) returned to dykyihui
dykyihui collected $2 from pot
dykyihui: doesn't show hand
*** SUMMARY ***
Total pot $2 | Rake $0
Seat 3: dykyihui (big blind) collected ($2)
Seat 4: AzureCaper (button) (small blind) folded before Flop


PokerStars Hand #165275721481:  Hold'em Limit ($3/$6 USD) - 2017/01/27 20:41:21 ET
Table 'Hagihara' 6-max Seat #3 is the button
Seat 3: dykyihui ($8 in chips)
Seat 4: AzureCaper ($93.50 in chips)
dykyihui: posts small blind $1
AzureCaper: posts big blind $3
*** HOLE CARDS ***
dykyihui: folds
Uncalled bet ($2) returned to AzureCaper
AzureCaper collected $2 from pot
AzureCaper: doesn't show hand
*** SUMMARY ***
Total pot $2 | Rake $0
Seat 3: dykyihui (button) (small blind) folded before Flop
Seat 4: AzureCaper (big blind) collected ($2)


PokerStars Hand #165275718819:  Hold'em Limit ($3/$6 USD) - 2017/01/27 20:41:16 ET
Table 'Hagihara' 6-max Seat #4 is the button
Seat 3: dykyihui ($7 in chips)
Seat 4: AzureCaper ($94.50 in chips)
AzureCaper: posts small blind $1
dykyihui: posts big blind $3
*** HOLE CARDS ***
AzureCaper: folds
Uncalled bet ($2) returned to dykyihui
dykyihui collected $2 from pot
dykyihui: doesn't show hand
*** SUMMARY ***
Total pot $2 | Rake $0
Seat 3: dykyihui (big blind) collected ($2)
Seat 4: AzureCaper (button) (small blind) folded before Flop


PokerStars Hand #165275736655:  Hold'em Limit ($3/$6 USD) - 2017/01/27 20:41:49 ET
Table 'Hagihara' 6-max Seat #3 is the button
Seat 3: dykyihui ($12 in chips)
Seat 4: AzureCaper ($89.50 in chips)
dykyihui: posts small blind $1
AzureCaper: posts big blind $3
*** HOLE CARDS ***
dykyihui: raises $3 to $6
AzureCaper: folds
Uncalled bet ($3) returned to dykyihui
dykyihui collected $6 from pot
dykyihui: doesn't show hand
*** SUMMARY ***
Total pot $6 | Rake $0
Seat 3: dykyihui (button) (small blind) collected ($6)
Seat 4: AzureCaper (big blind) folded before Flop


PokerStars Hand #165275733266:  Hold'em Limit ($3/$6 USD) - 2017/01/27 20:41:43 ET
Table 'Hagihara' 6-max Seat #4 is the button
Seat 3: dykyihui ($11 in chips)
Seat 4: AzureCaper ($90.50 in chips)
AzureCaper: posts small blind $1
dykyihui: posts big blind $3
*** HOLE CARDS ***
AzureCaper: folds
Uncalled bet ($2) returned to dykyihui
dykyihui collected $2 from pot
dykyihui: doesn't show hand
*** SUMMARY ***
Total pot $2 | Rake $0
Seat 3: dykyihui (big blind) collected ($2)
Seat 4: AzureCaper (button) (small blind) folded before Flop


PokerStars Hand #165275749164:  Hold'em Limit ($3/$6 USD) - 2017/01/27 20:42:12 ET
Table 'Hagihara' 6-max Seat #3 is the button
Seat 3: dykyihui ($29.50 in chips)
Seat 4: AzureCaper ($72 in chips)
dykyihui: posts small blind $1
AzureCaper: posts big blind $3
*** HOLE CARDS ***
dykyihui: folds
Uncalled bet ($2) returned to AzureCaper
AzureCaper collected $2 from pot
AzureCaper: doesn't show hand
*** SUMMARY ***
Total pot $2 | Rake $0
Seat 3: dykyihui (button) (small blind) folded before Flop
Seat 4: AzureCaper (big blind) collected ($2)


PokerStars Hand #165275740413:  Hold'em Limit ($3/$6 USD) - 2017/01/27 20:41:56 ET
Table 'Hagihara' 6-max Seat #4 is the button
Seat 3: dykyihui ($15 in chips)
Seat 4: AzureCaper ($86.50 in chips)
AzureCaper: posts small blind $1
dykyihui: posts big blind $3
*** HOLE CARDS ***
AzureCaper: raises $3 to $6
dykyihui: raises $3 to $9
AzureCaper: calls $3
*** FLOP *** [8c 9c 3d]
dykyihui: bets $3
AzureCaper: raises $3 to $6
dykyihui: calls $3 and is all-in
*** TURN *** [8c 9c 3d] [4h]
*** RIVER *** [8c 9c 3d 4h] [3s]
*** SHOW DOWN ***
dykyihui: shows [9h Ks] (two pair, Nines and Threes)
AzureCaper: shows [Kd 8d] (two pair, Eights and Threes)
dykyihui collected $29.50 from pot
*** SUMMARY ***
Total pot $30 | Rake $0.50
Board [8c 9c 3d 4h 3s]
Seat 3: dykyihui (big blind) showed [9h Ks] and won ($29.50) with two pair, Nines and Threes
Seat 4: AzureCaper (button) (small blind) showed [Kd 8d] and lost with two pair, Eights and Threes


PokerStars Hand #165275729514:  Hold'em Limit ($3/$6 USD) - 2017/01/27 20:41:36 ET
Table 'Hagihara' 6-max Seat #3 is the button
Seat 3: dykyihui ($8 in chips)
Seat 4: AzureCaper ($93.50 in chips)
dykyihui: posts small blind $1
AzureCaper: posts big blind $3
*** HOLE CARDS ***
dykyihui: raises $3 to $6
AzureCaper: folds
Uncalled bet ($3) returned to dykyihui
dykyihui collected $6 from pot
dykyihui: doesn't show hand
*** SUMMARY ***
Total pot $6 | Rake $0
Seat 3: dykyihui (button) (small blind) collected ($6)
Seat 4: AzureCaper (big blind) folded before Flop


PokerStars Hand #165276308232:  Hold'em Limit ($3/$6 USD) - 2017/01/27 21:00:24 ET
Table 'Hagihara' 6-max Seat #1 is the button
Seat 1: Chessnok ($60 in chips)
Seat 6: NoVebra ($224.62 in chips)
Chessnok: posts small blind $1
NoVebra: posts big blind $3
*** HOLE CARDS ***
Chessnok: raises $3 to $6
NoVebra: calls $3
*** FLOP *** [Ad Ac Jc]
NoVebra: checks
Chessnok: bets $3
NoVebra: calls $3
*** TURN *** [Ad Ac Jc] [3c]
NoVebra: checks
Chessnok: bets $6
NoVebra: calls $6
*** RIVER *** [Ad Ac Jc 3c] [Kh]
NoVebra: checks
Chessnok: bets $6
NoVebra: calls $6
*** SHOW DOWN ***
Chessnok: shows [Ah Qh] (three of a kind, Aces)
NoVebra: mucks hand
Chessnok collected $41.50 from pot
*** SUMMARY ***
Total pot $42 | Rake $0.50
Board [Ad Ac Jc 3c Kh]
Seat 1: Chessnok (button) (small blind) showed [Ah Qh] and won ($41.50) with three of a kind, Aces
Seat 6: NoVebra (big blind) mucked


