PokerStars Hand #163193538157:  Hold'em Limit ($3/$6 USD) - 2016/12/19 11:36:21 ET
Table 'Haidea II' 6-max Seat #6 is the button
Seat 2: sokol-max-PS ($67.73 in chips)
Seat 6: zizonmusang ($133.40 in chips)
zizonmusang: posts small blind $1
sokol-max-PS: posts big blind $3
*** HOLE CARDS ***
Ale4o leaves the table
zizonmusang: folds
Uncalled bet ($2) returned to sokol-max-PS
sokol-max-PS collected $2 from pot
*** SUMMARY ***
Total pot $2 | Rake $0
Seat 2: sokol-max-PS (big blind) collected ($2)
Seat 6: zizonmusang (button) (small blind) folded before Flop


PokerStars Hand #163193543374:  Hold'em Limit ($3/$6 USD) - 2016/12/19 11:36:27 ET
Table 'Haidea II' 6-max Seat #2 is the button
Seat 2: sokol-max-PS ($68.73 in chips)
Seat 6: zizonmusang ($132.40 in chips)
sokol-max-PS: posts small blind $1
zizonmusang: posts big blind $3
*** HOLE CARDS ***
sokol-max-PS: raises $3 to $6
zizonmusang: raises $3 to $9
sokol-max-PS: calls $3
*** FLOP *** [4s 3d As]
zizonmusang: bets $3
sokol-max-PS: calls $3
*** TURN *** [4s 3d As] [8d]
zizonmusang: checks
sokol-max-PS: bets $6
zizonmusang: calls $6
*** RIVER *** [4s 3d As 8d] [2d]
zizonmusang: checks
sokol-max-PS: checks
*** SHOW DOWN ***
zizonmusang: shows [7s 7h] (a pair of Sevens)
sokol-max-PS: mucks hand
zizonmusang collected $35.50 from pot
*** SUMMARY ***
Total pot $36 | Rake $0.50
Board [4s 3d As 8d 2d]
Seat 2: sokol-max-PS (button) (small blind) mucked
Seat 6: zizonmusang (big blind) showed [7s 7h] and won ($35.50) with a pair of Sevens


PokerStars Hand #163193568522:  Hold'em Limit ($3/$6 USD) - 2016/12/19 11:37:00 ET
Table 'Haidea II' 6-max Seat #6 is the button
Seat 2: sokol-max-PS ($50.73 in chips)
Seat 6: zizonmusang ($149.90 in chips)
zizonmusang: posts small blind $1
sokol-max-PS: posts big blind $3
*** HOLE CARDS ***
zizonmusang: raises $3 to $6
sokol-max-PS: folds
Uncalled bet ($3) returned to zizonmusang
zizonmusang collected $6 from pot
zizonmusang: doesn't show hand
*** SUMMARY ***
Total pot $6 | Rake $0
Seat 2: sokol-max-PS (big blind) folded before Flop
Seat 6: zizonmusang (button) (small blind) collected ($6)


PokerStars Hand #163193575087:  Hold'em Limit ($3/$6 USD) - 2016/12/19 11:37:09 ET
Table 'Haidea II' 6-max Seat #2 is the button
Seat 2: sokol-max-PS ($47.73 in chips)
Seat 6: zizonmusang ($152.90 in chips)
sokol-max-PS: posts small blind $1
zizonmusang: posts big blind $3
*** HOLE CARDS ***
sokol-max-PS: folds
Uncalled bet ($2) returned to zizonmusang
zizonmusang collected $2 from pot
*** SUMMARY ***
Total pot $2 | Rake $0
Seat 2: sokol-max-PS (button) (small blind) folded before Flop
Seat 6: zizonmusang (big blind) collected ($2)


