PokerStars Hand #154832422143:  Hold'em Limit ($3/$6 USD) - 2016/06/16 20:54:02 ET
Table 'Haidea' 6-max Seat #5 is the button
Seat 4: AzureCaper ($77.76 in chips)
Seat 5: JMMROCHA ($28.16 in chips)
JMMROCHA: posts small blind $1
AzureCaper: posts big blind $3
*** HOLE CARDS ***
JMMROCHA: raises $3 to $6
AzureCaper: raises $3 to $9
JMMROCHA: calls $3
*** FLOP *** [3c Kd As]
AzureCaper: bets $3
JMMROCHA: calls $3
*** TURN *** [3c Kd As] [4s]
AzureCaper: bets $6
JMMROCHA: calls $6
*** RIVER *** [3c Kd As 4s] [5s]
AzureCaper: bets $6
JMMROCHA: calls $6
*** SHOW DOWN ***
AzureCaper: shows [Qd Ah] (a pair of Aces)
JMMROCHA: mucks hand
AzureCaper collected $47.50 from pot
*** SUMMARY ***
Total pot $48 | Rake $0.50
Board [3c Kd As 4s 5s]
Seat 4: AzureCaper (big blind) showed [Qd Ah] and won ($47.50) with a pair of Aces
Seat 5: JMMROCHA (button) (small blind) mucked


PokerStars Hand #154832415643:  Hold'em Limit ($3/$6 USD) - 2016/06/16 20:53:46 ET
Table 'Haidea' 6-max Seat #4 is the button
Seat 4: AzureCaper ($72 in chips)
Seat 5: JMMROCHA ($34.16 in chips)
AzureCaper: posts small blind $1
JMMROCHA: posts big blind $3
*** HOLE CARDS ***
AzureCaper: raises $3 to $6
JMMROCHA: calls $3
*** FLOP *** [6h 7h Ad]
JMMROCHA: checks
AzureCaper: bets $3
JMMROCHA: folds
Uncalled bet ($3) returned to AzureCaper
AzureCaper collected $11.76 from pot
AzureCaper: doesn't show hand
*** SUMMARY ***
Total pot $12 | Rake $0.24
Board [6h 7h Ad]
Seat 4: AzureCaper (button) (small blind) collected ($11.76)
Seat 5: JMMROCHA (big blind) folded on the Flop


PokerStars Hand #154832428144:  Hold'em Limit ($3/$6 USD) - 2016/06/16 20:54:17 ET
Table 'Haidea' 6-max Seat #4 is the button
Seat 4: AzureCaper ($101.26 in chips)
Seat 5: JMMROCHA ($4.16 in chips)
AzureCaper: posts small blind $1
JMMROCHA: posts big blind $3
*** HOLE CARDS ***
AzureCaper: raises $3 to $6
JMMROCHA: calls $1.16 and is all-in
Uncalled bet ($1.84) returned to AzureCaper
*** FLOP *** [Ah 8d Th]
*** TURN *** [Ah 8d Th] [7s]
*** RIVER *** [Ah 8d Th 7s] [7h]
*** SHOW DOWN ***
JMMROCHA: shows [6d 4c] (a pair of Sevens)
AzureCaper: shows [Kc 8c] (two pair, Eights and Sevens)
AzureCaper collected $8.15 from pot
*** SUMMARY ***
Total pot $8.32 | Rake $0.17
Board [Ah 8d Th 7s 7h]
Seat 4: AzureCaper (button) (small blind) showed [Kc 8c] and won ($8.15) with two pair, Eights and Sevens
Seat 5: JMMROCHA (big blind) showed [6d 4c] and lost with a pair of Sevens


PokerStars Hand #154832541166:  Hold'em Limit ($3/$6 USD) - 2016/06/16 20:59:26 ET
Table 'Haidea' 6-max Seat #5 is the button
Seat 4: AzureCaper ($72 in chips)
Seat 5: Agniosius ($120 in chips)
Agniosius: posts small blind $1
AzureCaper: posts big blind $3
*** HOLE CARDS ***
Agniosius: folds
Uncalled bet ($2) returned to AzureCaper
AzureCaper collected $2 from pot
AzureCaper: doesn't show hand
*** SUMMARY ***
Total pot $2 | Rake $0
Seat 4: AzureCaper (big blind) collected ($2)
Seat 5: Agniosius (button) (small blind) folded before Flop


PokerStars Hand #154832539355:  Hold'em Limit ($3/$6 USD) - 2016/06/16 20:59:21 ET
Table 'Haidea' 6-max Seat #4 is the button
Seat 4: AzureCaper ($73 in chips)
Seat 5: Agniosius ($119 in chips)
AzureCaper: posts small blind $1
Agniosius: posts big blind $3
*** HOLE CARDS ***
AzureCaper: folds
Uncalled bet ($2) returned to Agniosius
Agniosius collected $2 from pot
*** SUMMARY ***
Total pot $2 | Rake $0
Seat 4: AzureCaper (button) (small blind) folded before Flop
Seat 5: Agniosius (big blind) collected ($2)


PokerStars Hand #154832561264:  Hold'em Limit ($3/$6 USD) - 2016/06/16 21:00:24 ET
Table 'Haidea' 6-max Seat #4 is the button
Seat 4: AzureCaper ($72 in chips)
Seat 5: Agniosius ($139.50 in chips)
AzureCaper: posts small blind $1
Agniosius: posts big blind $3
*** HOLE CARDS ***
AzureCaper: folds
Uncalled bet ($2) returned to Agniosius
Agniosius collected $2 from pot
*** SUMMARY ***
Total pot $2 | Rake $0
Seat 4: AzureCaper (button) (small blind) folded before Flop
Seat 5: Agniosius (big blind) collected ($2)


PokerStars Hand #154832548883:  Hold'em Limit ($3/$6 USD) - 2016/06/16 20:59:49 ET
Table 'Haidea' 6-max Seat #5 is the button
Seat 4: AzureCaper ($76 in chips)
Seat 5: Agniosius ($116 in chips)
Agniosius: posts small blind $1
AzureCaper: posts big blind $3
*** HOLE CARDS ***
Agniosius: raises $3 to $6
AzureCaper: raises $3 to $9
Agniosius: raises $3 to $12
Betting is capped
AzureCaper: calls $3
*** FLOP *** [3d 3c 9h]
AzureCaper: bets $3
Agniosius: raises $3 to $6
AzureCaper: calls $3
*** TURN *** [3d 3c 9h] [Qs]
AzureCaper: checks
Agniosius: checks
*** RIVER *** [3d 3c 9h Qs] [Td]
AzureCaper: checks
Agniosius: bets $6
AzureCaper: calls $6
*** SHOW DOWN ***
Agniosius: shows [6d 9s] (two pair, Nines and Threes)
AzureCaper: mucks hand
Agniosius collected $47.50 from pot
*** SUMMARY ***
Total pot $48 | Rake $0.50
Board [3d 3c 9h Qs Td]
Seat 4: AzureCaper (big blind) mucked
Seat 5: Agniosius (button) (small blind) showed [6d 9s] and won ($47.50) with two pair, Nines and Threes


PokerStars Hand #154832547201:  Hold'em Limit ($3/$6 USD) - 2016/06/16 20:59:44 ET
Table 'Haidea' 6-max Seat #4 is the button
Seat 4: AzureCaper ($77 in chips)
Seat 5: Agniosius ($115 in chips)
AzureCaper: posts small blind $1
Agniosius: posts big blind $3
*** HOLE CARDS ***
AzureCaper: folds
Uncalled bet ($2) returned to Agniosius
Agniosius collected $2 from pot
*** SUMMARY ***
Total pot $2 | Rake $0
Seat 4: AzureCaper (button) (small blind) folded before Flop
Seat 5: Agniosius (big blind) collected ($2)


PokerStars Hand #154832545423:  Hold'em Limit ($3/$6 USD) - 2016/06/16 20:59:39 ET
Table 'Haidea' 6-max Seat #5 is the button
Seat 4: AzureCaper ($76 in chips)
Seat 5: Agniosius ($116 in chips)
Agniosius: posts small blind $1
AzureCaper: posts big blind $3
*** HOLE CARDS ***
Agniosius: folds
Uncalled bet ($2) returned to AzureCaper
AzureCaper collected $2 from pot
AzureCaper: doesn't show hand
*** SUMMARY ***
Total pot $2 | Rake $0
Seat 4: AzureCaper (big blind) collected ($2)
Seat 5: Agniosius (button) (small blind) folded before Flop


PokerStars Hand #154832543321:  Hold'em Limit ($3/$6 USD) - 2016/06/16 20:59:33 ET
Table 'Haidea' 6-max Seat #4 is the button
Seat 4: AzureCaper ($73 in chips)
Seat 5: Agniosius ($119 in chips)
AzureCaper: posts small blind $1
Agniosius: posts big blind $3
*** HOLE CARDS ***
AzureCaper: raises $3 to $6
Agniosius: folds
Uncalled bet ($3) returned to AzureCaper
AzureCaper collected $6 from pot
AzureCaper: doesn't show hand
*** SUMMARY ***
Total pot $6 | Rake $0
Seat 4: AzureCaper (button) (small blind) collected ($6)
Seat 5: Agniosius (big blind) folded before Flop


PokerStars Hand #154832566017:  Hold'em Limit ($3/$6 USD) - 2016/06/16 21:00:38 ET
Table 'Haidea' 6-max Seat #4 is the button
Seat 4: AzureCaper ($72 in chips)
Seat 5: Agniosius ($143.50 in chips)
AzureCaper: posts small blind $1
Agniosius: posts big blind $3
*** HOLE CARDS ***
AzureCaper: folds
Uncalled bet ($2) returned to Agniosius
Agniosius collected $2 from pot
*** SUMMARY ***
Total pot $2 | Rake $0
Seat 4: AzureCaper (button) (small blind) folded before Flop
Seat 5: Agniosius (big blind) collected ($2)


PokerStars Hand #154832563406:  Hold'em Limit ($3/$6 USD) - 2016/06/16 21:00:30 ET
Table 'Haidea' 6-max Seat #5 is the button
Seat 4: AzureCaper ($72 in chips)
Seat 5: Agniosius ($140.50 in chips)
Agniosius: posts small blind $1
AzureCaper: posts big blind $3
*** HOLE CARDS ***
Agniosius: raises $3 to $6
AzureCaper: folds
Uncalled bet ($3) returned to Agniosius
Agniosius collected $6 from pot
*** SUMMARY ***
Total pot $6 | Rake $0
Seat 4: AzureCaper (big blind) folded before Flop
Seat 5: Agniosius (button) (small blind) collected ($6)


PokerStars Hand #154832576487:  Hold'em Limit ($3/$6 USD) - 2016/06/16 21:01:06 ET
Table 'Haidea' 6-max Seat #4 is the button
Seat 4: AzureCaper ($86.50 in chips)
Seat 5: Agniosius ($129.50 in chips)
AzureCaper: posts small blind $1
Agniosius: posts big blind $3
*** HOLE CARDS ***
AzureCaper: folds
Uncalled bet ($2) returned to Agniosius
Agniosius collected $2 from pot
*** SUMMARY ***
Total pot $2 | Rake $0
Seat 4: AzureCaper (button) (small blind) folded before Flop
Seat 5: Agniosius (big blind) collected ($2)


PokerStars Hand #154832568300:  Hold'em Limit ($3/$6 USD) - 2016/06/16 21:00:44 ET
Table 'Haidea' 6-max Seat #5 is the button
Seat 4: AzureCaper ($72 in chips)
Seat 5: Agniosius ($144.50 in chips)
Agniosius: posts small blind $1
AzureCaper: posts big blind $3
*** HOLE CARDS ***
Agniosius: raises $3 to $6
AzureCaper: calls $3
*** FLOP *** [Js Ah 9c]
AzureCaper: checks
Agniosius: bets $3
AzureCaper: raises $3 to $6
Agniosius: raises $3 to $9
AzureCaper: raises $3 to $12
Betting is capped
Agniosius: folds
Uncalled bet ($3) returned to AzureCaper
AzureCaper collected $29.50 from pot
AzureCaper: doesn't show hand
*** SUMMARY ***
Total pot $30 | Rake $0.50
Board [Js Ah 9c]
Seat 4: AzureCaper (big blind) collected ($29.50)
Seat 5: Agniosius (button) (small blind) folded on the Flop


PokerStars Hand #154832579013:  Hold'em Limit ($3/$6 USD) - 2016/06/16 21:01:13 ET
Table 'Haidea' 6-max Seat #5 is the button
Seat 4: AzureCaper ($85.50 in chips)
Seat 5: Agniosius ($130.50 in chips)
Agniosius: posts small blind $1
AzureCaper: posts big blind $3
*** HOLE CARDS ***
Agniosius: calls $2
AzureCaper: raises $3 to $6
Agniosius: calls $3
*** FLOP *** [Td 4s Ad]
AzureCaper: bets $3
Agniosius: calls $3
*** TURN *** [Td 4s Ad] [Qc]
AzureCaper: checks
Agniosius: checks
*** RIVER *** [Td 4s Ad Qc] [Jh]
AzureCaper: bets $6
BIZE Terence joins the table at seat #6
Agniosius: folds
Uncalled bet ($6) returned to AzureCaper
AzureCaper collected $17.64 from pot
AzureCaper: doesn't show hand
*** SUMMARY ***
Total pot $18 | Rake $0.36
Board [Td 4s Ad Qc Jh]
Seat 4: AzureCaper (big blind) collected ($17.64)
Seat 5: Agniosius (button) (small blind) folded on the River


PokerStars Hand #154832598180:  Hold'em Limit ($3/$6 USD) - 2016/06/16 21:02:03 ET
Table 'Haidea' 6-max Seat #4 is the button
Seat 4: AzureCaper ($94.14 in chips)
Seat 5: Agniosius ($121.50 in chips)
AzureCaper: posts small blind $1
Agniosius: posts big blind $3
*** HOLE CARDS ***
AzureCaper: folds
Uncalled bet ($2) returned to Agniosius
Agniosius collected $2 from pot
*** SUMMARY ***
Total pot $2 | Rake $0
Seat 4: AzureCaper (button) (small blind) folded before Flop
Seat 5: Agniosius (big blind) collected ($2)


