PokerStars Hand #169214717587:  Hold'em Limit ($3/$6 USD) - 2017/04/18 10:38:42 ET
Table 'Haidea' 6-max Seat #1 is the button
Seat 1: LifeisagameX ($84 in chips)
Seat 3: Kristine222 ($86.12 in chips)
LifeisagameX: posts small blind $1
Kristine222: posts big blind $3
*** HOLE CARDS ***
LifeisagameX: raises $3 to $6
Kristine222: raises $3 to $9
LifeisagameX: calls $3
*** FLOP *** [Jd 8s 4s]
B_loJkl joins the table at seat #4
Kristine222: checks
LifeisagameX: bets $3
Kristine222: calls $3
*** TURN *** [Jd 8s 4s] [8d]
Kristine222: checks
LifeisagameX: bets $6
Kristine222: raises $6 to $12
LifeisagameX: calls $6
*** RIVER *** [Jd 8s 4s 8d] [2c]
Kristine222: bets $6
LifeisagameX: calls $6
*** SHOW DOWN ***
Kristine222: shows [Kc Ks] (two pair, Kings and Eights)
LifeisagameX: mucks hand
Kristine222 collected $59.50 from pot
*** SUMMARY ***
Total pot $60 | Rake $0.50
Board [Jd 8s 4s 8d 2c]
Seat 1: LifeisagameX (button) (small blind) mucked
Seat 3: Kristine222 (big blind) showed [Kc Ks] and won ($59.50) with two pair, Kings and Eights


