PokerStars Hand #152518606146:  Hold'em Limit ($3/$6 USD) - 2016/04/27 10:25:08 ET
Table 'Hakone II' 6-max Seat #3 is the button
Seat 3: Mind90 ($120 in chips)
Seat 4: TbIP-TbIP 88 ($72 in chips)
Mind90: posts small blind $1
TbIP-TbIP 88: posts big blind $3
*** HOLE CARDS ***
Mind90: calls $2
TbIP-TbIP 88: checks
*** FLOP *** [7d 5h Ad]
TbIP-TbIP 88: bets $3
Mind90: raises $3 to $6
TbIP-TbIP 88: folds
Uncalled bet ($3) returned to Mind90
Mind90 collected $11.76 from pot
Mind90: doesn't show hand
*** SUMMARY ***
Total pot $12 | Rake $0.24
Board [7d 5h Ad]
Seat 3: Mind90 (button) (small blind) collected ($11.76)
Seat 4: TbIP-TbIP 88 (big blind) folded on the Flop


PokerStars Hand #152518619220:  Hold'em Limit ($3/$6 USD) - 2016/04/27 10:25:29 ET
Table 'Hakone II' 6-max Seat #4 is the button
Seat 3: Mind90 ($125.76 in chips)
Seat 4: TbIP-TbIP 88 ($72 in chips)
TbIP-TbIP 88: posts small blind $1
Mind90: posts big blind $3
*** HOLE CARDS ***
TbIP-TbIP 88: raises $3 to $6
Mind90: calls $3
*** FLOP *** [Js 3c Qh]
Mind90: checks
TbIP-TbIP 88: bets $3
Mind90: calls $3
*** TURN *** [Js 3c Qh] [4c]
Mind90: bets $6
TbIP-TbIP 88: calls $6
*** RIVER *** [Js 3c Qh 4c] [4d]
Mind90: bets $6
TbIP-TbIP 88: calls $6
*** SHOW DOWN ***
Mind90: shows [7d Kh] (a pair of Fours)
TbIP-TbIP 88: shows [Jh Td] (two pair, Jacks and Fours)
TbIP-TbIP 88 collected $41.50 from pot
*** SUMMARY ***
Total pot $42 | Rake $0.50
Board [Js 3c Qh 4c 4d]
Seat 3: Mind90 (big blind) showed [7d Kh] and lost with a pair of Fours
Seat 4: TbIP-TbIP 88 (button) (small blind) showed [Jh Td] and won ($41.50) with two pair, Jacks and Fours


PokerStars Hand #152518631124:  Hold'em Limit ($3/$6 USD) - 2016/04/27 10:25:49 ET
Table 'Hakone II' 6-max Seat #3 is the button
Seat 3: Mind90 ($104.76 in chips)
Seat 4: TbIP-TbIP 88 ($92.50 in chips)
Mind90: posts small blind $1
TbIP-TbIP 88: posts big blind $3
*** HOLE CARDS ***
Mind90: raises $3 to $6
TbIP-TbIP 88: calls $3
*** FLOP *** [2c Kc Js]
TbIP-TbIP 88: checks
Mind90: bets $3
Ale4o joins the table at seat #5
TbIP-TbIP 88: folds
Uncalled bet ($3) returned to Mind90
Mind90 collected $11.76 from pot
Mind90: doesn't show hand
*** SUMMARY ***
Total pot $12 | Rake $0.24
Board [2c Kc Js]
Seat 3: Mind90 (button) (small blind) collected ($11.76)
Seat 4: TbIP-TbIP 88 (big blind) folded on the Flop


PokerStars Hand #152519286426:  Hold'em Limit ($3/$6 USD) - 2016/04/27 10:43:13 ET
Table 'Hakone II' 6-max Seat #1 is the button
Seat 1: LolDnkaments ($72 in chips)
Seat 4: oregordog ($163.24 in chips)
TbIP-TbIP 88 leaves the table
LolDnkaments: posts small blind $1
oregordog: posts big blind $3
*** HOLE CARDS ***
LolDnkaments: raises $3 to $6
kolaz03 joins the table at seat #6
oregordog: folds
Uncalled bet ($3) returned to LolDnkaments
LolDnkaments collected $6 from pot
LolDnkaments: doesn't show hand
*** SUMMARY ***
Total pot $6 | Rake $0
Seat 1: LolDnkaments (button) (small blind) collected ($6)
Seat 4: oregordog (big blind) folded before Flop


