PokerStars Hand #151251525656:  Hold'em Limit ($3/$6 USD) - 2016/04/01 0:56:51 ET
Table 'Halaesus II' 6-max Seat #4 is the button
Seat 3: Aries93 ($96 in chips)
Seat 4: VolkovDmitri ($143.50 in chips)
VolkovDmitri: posts small blind $1
Aries93: posts big blind $3
*** HOLE CARDS ***
VolkovDmitri: raises $3 to $6
Aries93: folds
Uncalled bet ($3) returned to VolkovDmitri
VolkovDmitri collected $6 from pot
VolkovDmitri: doesn't show hand
*** SUMMARY ***
Total pot $6 | Rake $0
Seat 3: Aries93 (big blind) folded before Flop
Seat 4: VolkovDmitri (button) (small blind) collected ($6)


PokerStars Hand #151251510736:  Hold'em Limit ($3/$6 USD) - 2016/04/01 0:55:48 ET
Table 'Halaesus II' 6-max Seat #3 is the button
Seat 3: Aries93 ($120 in chips)
Seat 4: VolkovDmitri ($120 in chips)
Aries93: posts small blind $1
VolkovDmitri: posts big blind $3
*** HOLE CARDS ***
Aries93: raises $3 to $6
VolkovDmitri: raises $3 to $9
Aries93: calls $3
*** FLOP *** [Jh 2s Js]
VolkovDmitri: bets $3
Aries93: calls $3
*** TURN *** [Jh 2s Js] [6d]
VolkovDmitri: bets $6
Aries93: calls $6
*** RIVER *** [Jh 2s Js 6d] [5c]
VolkovDmitri: bets $6
Aries93: calls $6
*** SHOW DOWN ***
VolkovDmitri: shows [8d 8s] (two pair, Jacks and Eights)
Aries93: mucks hand
VolkovDmitri collected $47.50 from pot
*** SUMMARY ***
Total pot $48 | Rake $0.50
Board [Jh 2s Js 6d 5c]
Seat 3: Aries93 (button) (small blind) mucked
Seat 4: VolkovDmitri (big blind) showed [8d 8s] and won ($47.50) with two pair, Jacks and Eights


PokerStars Hand #151251527178:  Hold'em Limit ($3/$6 USD) - 2016/04/01 0:56:57 ET
Table 'Halaesus II' 6-max Seat #3 is the button
Seat 3: Aries93 ($93 in chips)
Seat 4: VolkovDmitri ($146.50 in chips)
Aries93: posts small blind $1
VolkovDmitri: posts big blind $3
*** HOLE CARDS ***
Aries93: raises $3 to $6
VolkovDmitri: calls $3
*** FLOP *** [4d 6d 5s]
VolkovDmitri: checks
Aries93: bets $3
VolkovDmitri: calls $3
*** TURN *** [4d 6d 5s] [Tc]
VolkovDmitri: checks
Aries93: bets $6
VolkovDmitri: folds
Uncalled bet ($6) returned to Aries93
Aries93 collected $17.64 from pot
Aries93: doesn't show hand
*** SUMMARY ***
Total pot $18 | Rake $0.36
Board [4d 6d 5s Tc]
Seat 3: Aries93 (button) (small blind) collected ($17.64)
Seat 4: VolkovDmitri (big blind) folded on the Turn


