PokerStars Hand #151121012329:  Hold'em Limit ($3/$6 USD) - 2016/03/29 12:51:25 ET
Table 'Halaesus' 6-max Seat #5 is the button
Seat 4: Agrotait ($80.64 in chips)
Seat 5: PinkTaxa ($131.07 in chips)
PinkTaxa: posts small blind $1
Agrotait: posts big blind $3
*** HOLE CARDS ***
PinkTaxa: folds
Uncalled bet ($2) returned to Agrotait
Agrotait collected $2 from pot
Agrotait: doesn't show hand
*** SUMMARY ***
Total pot $2 | Rake $0
Seat 4: Agrotait (big blind) collected ($2)
Seat 5: PinkTaxa (button) (small blind) folded before Flop


PokerStars Hand #151120996323:  Hold'em Limit ($3/$6 USD) - 2016/03/29 12:51:07 ET
Table 'Halaesus' 6-max Seat #4 is the button
Seat 4: Agrotait ($72 in chips)
Seat 5: PinkTaxa ($140.07 in chips)
Agrotait: posts small blind $1
PinkTaxa: posts big blind $3
*** HOLE CARDS ***
Agrotait: raises $3 to $6
PinkTaxa: calls $3
*** FLOP *** [8d 7h 8h]
PinkTaxa: checks
Agrotait: bets $3
PinkTaxa: calls $3
*** TURN *** [8d 7h 8h] [Ks]
PinkTaxa: checks
Agrotait: bets $6
PinkTaxa: folds
Uncalled bet ($6) returned to Agrotait
Agrotait collected $17.64 from pot
Agrotait: doesn't show hand
*** SUMMARY ***
Total pot $18 | Rake $0.36
Board [8d 7h 8h Ks]
Seat 4: Agrotait (button) (small blind) collected ($17.64)
Seat 5: PinkTaxa (big blind) folded on the Turn


PokerStars Hand #151121016709:  Hold'em Limit ($3/$6 USD) - 2016/03/29 12:51:30 ET
Table 'Halaesus' 6-max Seat #4 is the button
Seat 4: Agrotait ($81.64 in chips)
Seat 5: PinkTaxa ($130.07 in chips)
Agrotait: posts small blind $1
PinkTaxa: posts big blind $3
*** HOLE CARDS ***
200000ozGOLD joins the table at seat #6
Agrotait: raises $3 to $6
PinkTaxa: calls $3
*** FLOP *** [9s Ah 6c]
PinkTaxa: checks
Agrotait: bets $3
PinkTaxa: folds
Uncalled bet ($3) returned to Agrotait
Agrotait collected $11.76 from pot
Agrotait: doesn't show hand
*** SUMMARY ***
Total pot $12 | Rake $0.24
Board [9s Ah 6c]
Seat 4: Agrotait (button) (small blind) collected ($11.76)
Seat 5: PinkTaxa (big blind) folded on the Flop


PokerStars Hand #151122903959:  Hold'em Limit ($3/$6 USD) - 2016/03/29 13:27:50 ET
Table 'Halaesus' 6-max Seat #4 is the button
Seat 4: parnishka11 ($6.50 in chips)
Seat 6: anetkaapro ($124.08 in chips)
parnishka11: posts small blind $1
anetkaapro: posts big blind $3
*** HOLE CARDS ***
parnishka11: raises $3 to $6
anetkaapro: raises $3 to $9
parnishka11: calls $0.50 and is all-in
Uncalled bet ($2.50) returned to anetkaapro
*** FLOP *** [8h 4c Qc]
*** TURN *** [8h 4c Qc] [3s]
*** RIVER *** [8h 4c Qc 3s] [8d]
*** SHOW DOWN ***
anetkaapro: shows [Td Ts] (two pair, Tens and Eights)
parnishka11: shows [Ad 6c] (a pair of Eights)
anetkaapro collected $12.74 from pot
*** SUMMARY ***
Total pot $13 | Rake $0.26
Board [8h 4c Qc 3s 8d]
Seat 4: parnishka11 (button) (small blind) showed [Ad 6c] and lost with a pair of Eights
Seat 6: anetkaapro (big blind) showed [Td Ts] and won ($12.74) with two pair, Tens and Eights


PokerStars Hand #151122898290:  Hold'em Limit ($3/$6 USD) - 2016/03/29 13:27:44 ET
Table 'Halaesus' 6-max Seat #6 is the button
Seat 4: parnishka11 ($5.50 in chips)
Seat 6: anetkaapro ($125.08 in chips)
anetkaapro: posts small blind $1
parnishka11: posts big blind $3
*** HOLE CARDS ***
anetkaapro: folds
Uncalled bet ($2) returned to parnishka11
parnishka11 collected $2 from pot
parnishka11: doesn't show hand
*** SUMMARY ***
Total pot $2 | Rake $0
Seat 4: parnishka11 (big blind) collected ($2)
Seat 6: anetkaapro (button) (small blind) folded before Flop


PokerStars Hand #151122848994:  Hold'em Limit ($3/$6 USD) - 2016/03/29 13:26:49 ET
Table 'Halaesus' 6-max Seat #4 is the button
Seat 4: parnishka11 ($44.50 in chips)
Seat 6: anetkaapro ($86.58 in chips)
parnishka11: posts small blind $1
boony444: is sitting out
anetkaapro: posts big blind $3
*** HOLE CARDS ***
parnishka11: raises $3 to $6
boony444 leaves the table
anetkaapro: calls $3
*** FLOP *** [8h Qd 7c]
anetkaapro: checks
parnishka11: bets $3
anetkaapro: raises $3 to $6
parnishka11: raises $3 to $9
anetkaapro: calls $3
*** TURN *** [8h Qd 7c] [6s]
anetkaapro: checks
parnishka11: bets $6
anetkaapro: calls $6
*** RIVER *** [8h Qd 7c 6s] [6h]
anetkaapro: checks
parnishka11: bets $6
anetkaapro: raises $6 to $12
parnishka11: raises $6 to $18
anetkaapro: calls $6
*** SHOW DOWN ***
parnishka11: shows [Qh Kd] (two pair, Queens and Sixes)
anetkaapro: shows [5s 6c] (three of a kind, Sixes)
anetkaapro collected $77.50 from pot
*** SUMMARY ***
Total pot $78 | Rake $0.50
Board [8h Qd 7c 6s 6h]
Seat 4: parnishka11 (button) (small blind) showed [Qh Kd] and lost with two pair, Queens and Sixes
Seat 6: anetkaapro (big blind) showed [5s 6c] and won ($77.50) with three of a kind, Sixes


