PokerStars Hand #164711923897:  Hold'em Limit ($3/$6 USD) - 2017/01/17 4:33:15 ET
Table 'Halaesus' 6-max Seat #3 is the button
Seat 3: laubes04 ($120 in chips)
Seat 4: VolkovDmitri ($120 in chips)
laubes04: posts small blind $1
VolkovDmitri: posts big blind $3
*** HOLE CARDS ***
laubes04: raises $3 to $6
VolkovDmitri: calls $3
*** FLOP *** [5s 2d Qs]
VolkovDmitri: checks
laubes04: bets $3
VolkovDmitri: folds
Uncalled bet ($3) returned to laubes04
laubes04 collected $11.76 from pot
laubes04: doesn't show hand
*** SUMMARY ***
Total pot $12 | Rake $0.24
Board [5s 2d Qs]
Seat 3: laubes04 (button) (small blind) collected ($11.76)
Seat 4: VolkovDmitri (big blind) folded on the Flop


PokerStars Hand #164711940555:  Hold'em Limit ($3/$6 USD) - 2017/01/17 4:34:00 ET
Table 'Halaesus' 6-max Seat #4 is the button
Seat 3: laubes04 ($125.76 in chips)
Seat 4: VolkovDmitri ($120 in chips)
VolkovDmitri: posts small blind $1
laubes04: posts big blind $3
*** HOLE CARDS ***
VolkovDmitri: raises $3 to $6
laubes04: calls $3
*** FLOP *** [5s 9c 5d]
laubes04: checks
VolkovDmitri: bets $3
laubes04: calls $3
*** TURN *** [5s 9c 5d] [4s]
laubes04: checks
VolkovDmitri: bets $6
laubes04: calls $6
*** RIVER *** [5s 9c 5d 4s] [Kd]
laubes04: checks
VolkovDmitri: bets $6
laubes04: calls $6
*** SHOW DOWN ***
VolkovDmitri: shows [6s 5c] (three of a kind, Fives)
laubes04: mucks hand
VolkovDmitri collected $41.50 from pot
*** SUMMARY ***
Total pot $42 | Rake $0.50
Board [5s 9c 5d 4s Kd]
Seat 3: laubes04 (big blind) mucked
Seat 4: VolkovDmitri (button) (small blind) showed [6s 5c] and won ($41.50) with three of a kind, Fives


PokerStars Hand #164711953037:  Hold'em Limit ($3/$6 USD) - 2017/01/17 4:34:33 ET
Table 'Halaesus' 6-max Seat #3 is the button
Seat 3: laubes04 ($104.76 in chips)
Seat 4: VolkovDmitri ($140.50 in chips)
laubes04: posts small blind $1
VolkovDmitri: posts big blind $3
*** HOLE CARDS ***
laubes04: raises $3 to $6
VolkovDmitri: calls $3
*** FLOP *** [Th Kh 6h]
VolkovDmitri: checks
laubes04: bets $3
VolkovDmitri: folds
Uncalled bet ($3) returned to laubes04
laubes04 collected $11.76 from pot
laubes04: doesn't show hand
*** SUMMARY ***
Total pot $12 | Rake $0.24
Board [Th Kh 6h]
Seat 3: laubes04 (button) (small blind) collected ($11.76)
Seat 4: VolkovDmitri (big blind) folded on the Flop


PokerStars Hand #164711959326:  Hold'em Limit ($3/$6 USD) - 2017/01/17 4:34:50 ET
Table 'Halaesus' 6-max Seat #4 is the button
Seat 3: laubes04 ($110.52 in chips)
Seat 4: VolkovDmitri ($134.50 in chips)
VolkovDmitri: posts small blind $1
laubes04: posts big blind $3
*** HOLE CARDS ***
VolkovDmitri: raises $3 to $6
laubes04: calls $3
*** FLOP *** [7c 3d 4c]
laubes04: checks
VolkovDmitri: bets $3
laubes04: calls $3
*** TURN *** [7c 3d 4c] [Qh]
laubes04: checks
VolkovDmitri: bets $6
laubes04: folds
Uncalled bet ($6) returned to VolkovDmitri
VolkovDmitri collected $17.64 from pot
*** SUMMARY ***
Total pot $18 | Rake $0.36
Board [7c 3d 4c Qh]
Seat 3: laubes04 (big blind) folded on the Turn
Seat 4: VolkovDmitri (button) (small blind) collected ($17.64)


PokerStars Hand #164711967096:  Hold'em Limit ($3/$6 USD) - 2017/01/17 4:35:11 ET
Table 'Halaesus' 6-max Seat #3 is the button
Seat 3: laubes04 ($101.52 in chips)
Seat 4: VolkovDmitri ($143.14 in chips)
laubes04: posts small blind $1
VolkovDmitri: posts big blind $3
*** HOLE CARDS ***
laubes04: raises $3 to $6
VolkovDmitri: raises $3 to $9
laubes04: calls $3
*** FLOP *** [Qc 5d 6h]
VolkovDmitri: bets $3
laubes04: calls $3
*** TURN *** [Qc 5d 6h] [Th]
VolkovDmitri: checks
laubes04: bets $6
VolkovDmitri: calls $6
*** RIVER *** [Qc 5d 6h Th] [6s]
VolkovDmitri: checks
laubes04: bets $6
VolkovDmitri: calls $6
*** SHOW DOWN ***
laubes04: shows [7c Ts] (two pair, Tens and Sixes)
VolkovDmitri: mucks hand
laubes04 collected $47.50 from pot
*** SUMMARY ***
Total pot $48 | Rake $0.50
Board [Qc 5d 6h Th 6s]
Seat 3: laubes04 (button) (small blind) showed [7c Ts] and won ($47.50) with two pair, Tens and Sixes
Seat 4: VolkovDmitri (big blind) mucked


PokerStars Hand #164711980749:  Hold'em Limit ($3/$6 USD) - 2017/01/17 4:35:48 ET
Table 'Halaesus' 6-max Seat #4 is the button
Seat 3: laubes04 ($125.02 in chips)
Seat 4: VolkovDmitri ($120 in chips)
VolkovDmitri: posts small blind $1
laubes04: posts big blind $3
*** HOLE CARDS ***
VolkovDmitri: raises $3 to $6
laubes04: calls $3
*** FLOP *** [7d Kd 5d]
laubes04: checks
VolkovDmitri: bets $3
laubes04: raises $3 to $6
VolkovDmitri: calls $3
*** TURN *** [7d Kd 5d] [Qh]
laubes04: bets $6
VolkovDmitri: calls $6
*** RIVER *** [7d Kd 5d Qh] [5h]
laubes04: checks
VolkovDmitri: bets $6
laubes04: folds
Uncalled bet ($6) returned to VolkovDmitri
VolkovDmitri collected $35.50 from pot
VolkovDmitri: doesn't show hand
*** SUMMARY ***
Total pot $36 | Rake $0.50
Board [7d Kd 5d Qh 5h]
Seat 3: laubes04 (big blind) folded on the River
Seat 4: VolkovDmitri (button) (small blind) collected ($35.50)


PokerStars Hand #164712018878:  Hold'em Limit ($3/$6 USD) - 2017/01/17 4:37:30 ET
Table 'Halaesus' 6-max Seat #3 is the button
Seat 3: laubes04 ($116.66 in chips)
Seat 4: VolkovDmitri ($127.50 in chips)
laubes04: posts small blind $1
VolkovDmitri: posts big blind $3
*** HOLE CARDS ***
laubes04: raises $3 to $6
VolkovDmitri: calls $3
*** FLOP *** [6d 5h Jc]
VolkovDmitri: checks
laubes04: bets $3
VolkovDmitri: folds
Uncalled bet ($3) returned to laubes04
laubes04 collected $11.76 from pot
laubes04: doesn't show hand
*** SUMMARY ***
Total pot $12 | Rake $0.24
Board [6d 5h Jc]
Seat 3: laubes04 (button) (small blind) collected ($11.76)
Seat 4: VolkovDmitri (big blind) folded on the Flop


PokerStars Hand #164712016549:  Hold'em Limit ($3/$6 USD) - 2017/01/17 4:37:24 ET
Table 'Halaesus' 6-max Seat #4 is the button
Seat 3: laubes04 ($115.66 in chips)
Seat 4: VolkovDmitri ($128.50 in chips)
VolkovDmitri: posts small blind $1
laubes04: posts big blind $3
*** HOLE CARDS ***
VolkovDmitri: folds
Uncalled bet ($2) returned to laubes04
laubes04 collected $2 from pot
laubes04: doesn't show hand
*** SUMMARY ***
Total pot $2 | Rake $0
Seat 3: laubes04 (big blind) collected ($2)
Seat 4: VolkovDmitri (button) (small blind) folded before Flop


PokerStars Hand #164712000415:  Hold'em Limit ($3/$6 USD) - 2017/01/17 4:36:41 ET
Table 'Halaesus' 6-max Seat #3 is the button
Seat 3: laubes04 ($107.02 in chips)
Seat 4: VolkovDmitri ($137.50 in chips)
laubes04: posts small blind $1
VolkovDmitri: posts big blind $3
*** HOLE CARDS ***
laubes04: raises $3 to $6
VolkovDmitri: calls $3
*** FLOP *** [Qs 2s 2h]
VolkovDmitri: checks
laubes04: bets $3
VolkovDmitri: calls $3
*** TURN *** [Qs 2s 2h] [Th]
VolkovDmitri: checks
laubes04: bets $6
VolkovDmitri: folds
Uncalled bet ($6) returned to laubes04
laubes04 collected $17.64 from pot
laubes04: doesn't show hand
*** SUMMARY ***
Total pot $18 | Rake $0.36
Board [Qs 2s 2h Th]
Seat 3: laubes04 (button) (small blind) collected ($17.64)
Seat 4: VolkovDmitri (big blind) folded on the Turn


PokerStars Hand #164712036482:  Hold'em Limit ($3/$6 USD) - 2017/01/17 4:38:18 ET
Table 'Halaesus' 6-max Seat #3 is the button
Seat 3: laubes04 ($131.06 in chips)
Seat 4: VolkovDmitri ($120 in chips)
laubes04: posts small blind $1
VolkovDmitri: posts big blind $3
*** HOLE CARDS ***
laubes04: folds
Uncalled bet ($2) returned to VolkovDmitri
VolkovDmitri collected $2 from pot
VolkovDmitri: doesn't show hand
*** SUMMARY ***
Total pot $2 | Rake $0
Seat 3: laubes04 (button) (small blind) folded before Flop
Seat 4: VolkovDmitri (big blind) collected ($2)


PokerStars Hand #164712024456:  Hold'em Limit ($3/$6 USD) - 2017/01/17 4:37:45 ET
Table 'Halaesus' 6-max Seat #4 is the button
Seat 3: laubes04 ($122.42 in chips)
Seat 4: VolkovDmitri ($121.50 in chips)
VolkovDmitri: posts small blind $1
laubes04: posts big blind $3
*** HOLE CARDS ***
VolkovDmitri: raises $3 to $6
laubes04: calls $3
*** FLOP *** [Qd Js Qs]
laubes04: checks
VolkovDmitri: bets $3
laubes04: calls $3
*** TURN *** [Qd Js Qs] [2d]
laubes04: checks
VolkovDmitri: checks
*** RIVER *** [Qd Js Qs 2d] [3h]
laubes04: bets $6
VolkovDmitri: folds
Uncalled bet ($6) returned to laubes04
laubes04 collected $17.64 from pot
laubes04: doesn't show hand
*** SUMMARY ***
Total pot $18 | Rake $0.36
Board [Qd Js Qs 2d 3h]
Seat 3: laubes04 (big blind) collected ($17.64)
Seat 4: VolkovDmitri (button) (small blind) folded on the River


PokerStars Hand #164712038406:  Hold'em Limit ($3/$6 USD) - 2017/01/17 4:38:23 ET
Table 'Halaesus' 6-max Seat #4 is the button
Seat 3: laubes04 ($130.06 in chips)
Seat 4: VolkovDmitri ($121 in chips)
VolkovDmitri: posts small blind $1
laubes04: posts big blind $3
*** HOLE CARDS ***
VolkovDmitri: folds
Uncalled bet ($2) returned to laubes04
laubes04 collected $2 from pot
laubes04: doesn't show hand
*** SUMMARY ***
Total pot $2 | Rake $0
Seat 3: laubes04 (big blind) collected ($2)
Seat 4: VolkovDmitri (button) (small blind) folded before Flop


PokerStars Hand #164712041897:  Hold'em Limit ($3/$6 USD) - 2017/01/17 4:38:32 ET
Table 'Halaesus' 6-max Seat #3 is the button
Seat 3: laubes04 ($131.06 in chips)
Seat 4: VolkovDmitri ($120 in chips)
laubes04: posts small blind $1
VolkovDmitri: posts big blind $3
*** HOLE CARDS ***
laubes04: raises $3 to $6
VolkovDmitri: raises $3 to $9
laubes04: calls $3
*** FLOP *** [Qc 5c 9d]
VolkovDmitri: bets $3
laubes04: calls $3
*** TURN *** [Qc 5c 9d] [8c]
VolkovDmitri: bets $6
laubes04: raises $6 to $12
VolkovDmitri: calls $6
*** RIVER *** [Qc 5c 9d 8c] [2h]
VolkovDmitri: checks
laubes04: bets $6
VolkovDmitri: calls $6
*** SHOW DOWN ***
laubes04: shows [2s Qs] (two pair, Queens and Deuces)
VolkovDmitri: mucks hand
laubes04 collected $59.50 from pot
*** SUMMARY ***
Total pot $60 | Rake $0.50
Board [Qc 5c 9d 8c 2h]
Seat 3: laubes04 (button) (small blind) showed [2s Qs] and won ($59.50) with two pair, Queens and Deuces
Seat 4: VolkovDmitri (big blind) mucked


PokerStars Hand #164712060624:  Hold'em Limit ($3/$6 USD) - 2017/01/17 4:39:22 ET
Table 'Halaesus' 6-max Seat #4 is the button
Seat 3: laubes04 ($160.56 in chips)
Seat 4: VolkovDmitri ($120 in chips)
VolkovDmitri: posts small blind $1
laubes04: posts big blind $3
*** HOLE CARDS ***
VolkovDmitri: raises $3 to $6
laubes04: calls $3
*** FLOP *** [2c 7d 6c]
laubes04: checks
VolkovDmitri: bets $3
laubes04: calls $3
*** TURN *** [2c 7d 6c] [6d]
laubes04: checks
VolkovDmitri: checks
*** RIVER *** [2c 7d 6c 6d] [5d]
laubes04: bets $6
VolkovDmitri: folds
Uncalled bet ($6) returned to laubes04
laubes04 collected $17.64 from pot
laubes04: doesn't show hand
*** SUMMARY ***
Total pot $18 | Rake $0.36
Board [2c 7d 6c 6d 5d]
Seat 3: laubes04 (big blind) collected ($17.64)
Seat 4: VolkovDmitri (button) (small blind) folded on the River


PokerStars Hand #164712080429:  Hold'em Limit ($3/$6 USD) - 2017/01/17 4:40:15 ET
Table 'Halaesus' 6-max Seat #4 is the button
Seat 3: laubes04 ($160.20 in chips)
Seat 4: VolkovDmitri ($128.64 in chips)
VolkovDmitri: posts small blind $1
laubes04: posts big blind $3
*** HOLE CARDS ***
VolkovDmitri: raises $3 to $6
laubes04: calls $3
*** FLOP *** [8s 5s Ks]
laubes04: checks
VolkovDmitri: bets $3
laubes04: raises $3 to $6
VolkovDmitri: calls $3
*** TURN *** [8s 5s Ks] [8h]
laubes04: bets $6
VolkovDmitri: calls $6
*** RIVER *** [8s 5s Ks 8h] [Ac]
laubes04: bets $6
VolkovDmitri: calls $6
*** SHOW DOWN ***
laubes04: shows [Kd 5h] (two pair, Kings and Eights)
VolkovDmitri: mucks hand
laubes04 collected $47.50 from pot
*** SUMMARY ***
Total pot $48 | Rake $0.50
Board [8s 5s Ks 8h Ac]
Seat 3: laubes04 (big blind) showed [Kd 5h] and won ($47.50) with two pair, Kings and Eights
Seat 4: VolkovDmitri (button) (small blind) mucked


PokerStars Hand #164712095777:  Hold'em Limit ($3/$6 USD) - 2017/01/17 4:40:55 ET
Table 'Halaesus' 6-max Seat #3 is the button
Seat 3: laubes04 ($183.70 in chips)
Seat 4: VolkovDmitri ($120 in chips)
laubes04: posts small blind $1
VolkovDmitri: posts big blind $3
*** HOLE CARDS ***
laubes04: raises $3 to $6
VolkovDmitri: calls $3
*** FLOP *** [As 9h Jd]
VolkovDmitri: checks
laubes04: bets $3
VolkovDmitri: calls $3
*** TURN *** [As 9h Jd] [7d]
VolkovDmitri: checks
laubes04: bets $6
VolkovDmitri: calls $6
*** RIVER *** [As 9h Jd 7d] [7c]
VolkovDmitri: checks
laubes04: checks
*** SHOW DOWN ***
VolkovDmitri: shows [6h 9s] (two pair, Nines and Sevens)
laubes04: shows [9c 5h] (two pair, Nines and Sevens)
VolkovDmitri collected $14.75 from pot
laubes04 collected $14.75 from pot
*** SUMMARY ***
Total pot $30 | Rake $0.50
Board [As 9h Jd 7d 7c]
Seat 3: laubes04 (button) (small blind) showed [9c 5h] and won ($14.75) with two pair, Nines and Sevens
Seat 4: VolkovDmitri (big blind) showed [6h 9s] and won ($14.75) with two pair, Nines and Sevens


PokerStars Hand #164712108328:  Hold'em Limit ($3/$6 USD) - 2017/01/17 4:41:29 ET
Table 'Halaesus' 6-max Seat #4 is the button
Seat 3: laubes04 ($183.45 in chips)
Seat 4: VolkovDmitri ($120 in chips)
VolkovDmitri: posts small blind $1
laubes04: posts big blind $3
*** HOLE CARDS ***
VolkovDmitri: raises $3 to $6
laubes04: folds
Uncalled bet ($3) returned to VolkovDmitri
VolkovDmitri collected $6 from pot
VolkovDmitri: doesn't show hand
*** SUMMARY ***
Total pot $6 | Rake $0
Seat 3: laubes04 (big blind) folded before Flop
Seat 4: VolkovDmitri (button) (small blind) collected ($6)


PokerStars Hand #164712111580:  Hold'em Limit ($3/$6 USD) - 2017/01/17 4:41:38 ET
Table 'Halaesus' 6-max Seat #3 is the button
Seat 3: laubes04 ($180.45 in chips)
Seat 4: VolkovDmitri ($123 in chips)
laubes04: posts small blind $1
VolkovDmitri: posts big blind $3
*** HOLE CARDS ***
laubes04: raises $3 to $6
VolkovDmitri: calls $3
*** FLOP *** [Jc 2s Qh]
VolkovDmitri: checks
laubes04: bets $3
VolkovDmitri: calls $3
*** TURN *** [Jc 2s Qh] [4c]
VolkovDmitri: checks
laubes04: bets $6
VolkovDmitri: calls $6
*** RIVER *** [Jc 2s Qh 4c] [As]
VolkovDmitri: checks
laubes04: bets $6
VolkovDmitri: calls $6
*** SHOW DOWN ***
laubes04: shows [6h Qd] (a pair of Queens)
VolkovDmitri: mucks hand
laubes04 collected $41.50 from pot
*** SUMMARY ***
Total pot $42 | Rake $0.50
Board [Jc 2s Qh 4c As]
Seat 3: laubes04 (button) (small blind) showed [6h Qd] and won ($41.50) with a pair of Queens
Seat 4: VolkovDmitri (big blind) mucked


