PokerStars Hand #159027049399:  Hold'em Limit ($3/$6 USD) - 2016/09/24 10:20:17 ET
Table 'Halaesus' 10-max Seat #6 is the button
Seat 6: Katerina1552 ($39.96 in chips)
Seat 7: VolkovDmitri ($120 in chips)
Katerina1552: posts small blind $1
VolkovDmitri: posts big blind $3
*** HOLE CARDS ***
Katerina1552: raises $3 to $6
VolkovDmitri: calls $3
*** FLOP *** [4d Ts 2d]
VolkovDmitri: checks
Katerina1552: bets $3
VolkovDmitri: raises $3 to $6
Katerina1552: calls $3
*** TURN *** [4d Ts 2d] [5c]
VolkovDmitri: bets $6
Katerina1552: calls $6
*** RIVER *** [4d Ts 2d 5c] [4c]
VolkovDmitri: bets $6
Katerina1552: calls $6
*** SHOW DOWN ***
VolkovDmitri: shows [4h 8c] (three of a kind, Fours)
Katerina1552: mucks hand
VolkovDmitri collected $47.50 from pot
*** SUMMARY ***
Total pot $48 | Rake $0.50
Board [4d Ts 2d 5c 4c]
Seat 6: Katerina1552 (button) (small blind) mucked
Seat 7: VolkovDmitri (big blind) showed [4h 8c] and won ($47.50) with three of a kind, Fours


PokerStars Hand #159027069558:  Hold'em Limit ($3/$6 USD) - 2016/09/24 10:20:50 ET
Table 'Halaesus' 10-max Seat #7 is the button
Seat 6: Katerina1552 ($15.96 in chips)
Seat 7: VolkovDmitri ($143.50 in chips)
VolkovDmitri: posts small blind $1
Katerina1552: posts big blind $3
*** HOLE CARDS ***
VolkovDmitri: raises $3 to $6
Katerina1552: calls $3
*** FLOP *** [9c 8c 2d]
Katerina1552: checks
VolkovDmitri: bets $3
Katerina1552: folds
Uncalled bet ($3) returned to VolkovDmitri
VolkovDmitri collected $11.76 from pot
VolkovDmitri: doesn't show hand
*** SUMMARY ***
Total pot $12 | Rake $0.24
Board [9c 8c 2d]
Seat 6: Katerina1552 (big blind) folded on the Flop
Seat 7: VolkovDmitri (button) (small blind) collected ($11.76)


PokerStars Hand #159027094494:  Hold'em Limit ($3/$6 USD) - 2016/09/24 10:21:31 ET
Table 'Halaesus' 10-max Seat #7 is the button
Seat 6: Katerina1552 ($15.72 in chips)
Seat 7: VolkovDmitri ($143.26 in chips)
VolkovDmitri: posts small blind $1
Katerina1552: posts big blind $3
*** HOLE CARDS ***
VolkovDmitri: raises $3 to $6
Katerina1552: calls $3
*** FLOP *** [9s 8d 5c]
Katerina1552: checks
VolkovDmitri: bets $3
Katerina1552: raises $3 to $6
VolkovDmitri: raises $3 to $9
Katerina1552: raises $0.72 to $9.72 and is all-in
Betting is capped
VolkovDmitri: calls $0.72
*** TURN *** [9s 8d 5c] [Ac]
*** RIVER *** [9s 8d 5c Ac] [Jh]
*** SHOW DOWN ***
Katerina1552: shows [7d 2d] (high card Ace)
VolkovDmitri: shows [9d Jc] (two pair, Jacks and Nines)
VolkovDmitri collected $30.94 from pot
*** SUMMARY ***
Total pot $31.44 | Rake $0.50
Board [9s 8d 5c Ac Jh]
Seat 6: Katerina1552 (big blind) showed [7d 2d] and lost with high card Ace
Seat 7: VolkovDmitri (button) (small blind) showed [9d Jc] and won ($30.94) with two pair, Jacks and Nines


PokerStars Hand #159027079647:  Hold'em Limit ($3/$6 USD) - 2016/09/24 10:21:07 ET
Table 'Halaesus' 10-max Seat #6 is the button
Seat 6: Katerina1552 ($9.96 in chips)
Seat 7: VolkovDmitri ($149.26 in chips)
Katerina1552: posts small blind $1
VolkovDmitri: posts big blind $3
*** HOLE CARDS ***
Katerina1552: raises $3 to $6
VolkovDmitri: calls $3
*** FLOP *** [Th Ks Jd]
VolkovDmitri: checks
Katerina1552: bets $3
VolkovDmitri: folds
Uncalled bet ($3) returned to Katerina1552
Katerina1552 collected $11.76 from pot
Katerina1552: doesn't show hand
*** SUMMARY ***
Total pot $12 | Rake $0.24
Board [Th Ks Jd]
Seat 6: Katerina1552 (button) (small blind) collected ($11.76)
Seat 7: VolkovDmitri (big blind) folded on the Flop


PokerStars Hand #159027184391:  Hold'em Limit ($3/$6 USD) - 2016/09/24 10:24:00 ET
Table 'Halaesus' 10-max Seat #6 is the button
Seat 6: Katerina1552 ($75.68 in chips)
Seat 7: VolkovDmitri ($158.48 in chips)
Katerina1552: posts small blind $1
VolkovDmitri: posts big blind $3
*** HOLE CARDS ***
Katerina1552: calls $2
VolkovDmitri: raises $3 to $6
Katerina1552: calls $3
*** FLOP *** [4s 2d Jh]
VolkovDmitri: bets $3
Katerina1552: calls $3
*** TURN *** [4s 2d Jh] [3d]
VolkovDmitri: checks
Katerina1552: checks
*** RIVER *** [4s 2d Jh 3d] [Kh]
VolkovDmitri: bets $6
Katerina1552: folds
Uncalled bet ($6) returned to VolkovDmitri
VolkovDmitri collected $17.64 from pot
VolkovDmitri: doesn't show hand
*** SUMMARY ***
Total pot $18 | Rake $0.36
Board [4s 2d Jh 3d Kh]
Seat 6: Katerina1552 (button) (small blind) folded on the River
Seat 7: VolkovDmitri (big blind) collected ($17.64)


PokerStars Hand #159027214905:  Hold'em Limit ($3/$6 USD) - 2016/09/24 10:24:50 ET
Table 'Halaesus' 10-max Seat #6 is the button
Seat 6: Katerina1552 ($60.68 in chips)
Seat 7: VolkovDmitri ($172.88 in chips)
Katerina1552: posts small blind $1
VolkovDmitri: posts big blind $3
*** HOLE CARDS ***
Katerina1552: folds
Uncalled bet ($2) returned to VolkovDmitri
VolkovDmitri collected $2 from pot
VolkovDmitri: doesn't show hand
*** SUMMARY ***
Total pot $2 | Rake $0
Seat 6: Katerina1552 (button) (small blind) folded before Flop
Seat 7: VolkovDmitri (big blind) collected ($2)


PokerStars Hand #159027206358:  Hold'em Limit ($3/$6 USD) - 2016/09/24 10:24:36 ET
Table 'Halaesus' 10-max Seat #7 is the button
Seat 6: Katerina1552 ($66.68 in chips)
Seat 7: VolkovDmitri ($167.12 in chips)
VolkovDmitri: posts small blind $1
Katerina1552: posts big blind $3
*** HOLE CARDS ***
VolkovDmitri: raises $3 to $6
Katerina1552: calls $3
*** FLOP *** [Th 5c Kh]
Katerina1552: checks
VolkovDmitri: bets $3
Katerina1552: folds
Uncalled bet ($3) returned to VolkovDmitri
VolkovDmitri collected $11.76 from pot
VolkovDmitri: doesn't show hand
*** SUMMARY ***
Total pot $12 | Rake $0.24
Board [Th 5c Kh]
Seat 6: Katerina1552 (big blind) folded on the Flop
Seat 7: VolkovDmitri (button) (small blind) collected ($11.76)


PokerStars Hand #159027217969:  Hold'em Limit ($3/$6 USD) - 2016/09/24 10:24:56 ET
Table 'Halaesus' 10-max Seat #7 is the button
Seat 6: Katerina1552 ($59.68 in chips)
Seat 7: VolkovDmitri ($173.88 in chips)
VolkovDmitri: posts small blind $1
Katerina1552: posts big blind $3
*** HOLE CARDS ***
VolkovDmitri: raises $3 to $6
Katerina1552: calls $3
*** FLOP *** [3c 8c 7c]
Katerina1552: checks
VolkovDmitri: bets $3
Katerina1552: raises $3 to $6
VolkovDmitri: calls $3
*** TURN *** [3c 8c 7c] [Jc]
Katerina1552: checks
VolkovDmitri: checks
*** RIVER *** [3c 8c 7c Jc] [3s]
Katerina1552: bets $6
VolkovDmitri: folds
Uncalled bet ($6) returned to Katerina1552
Katerina1552 collected $23.52 from pot
Katerina1552: doesn't show hand
*** SUMMARY ***
Total pot $24 | Rake $0.48
Board [3c 8c 7c Jc 3s]
Seat 6: Katerina1552 (big blind) collected ($23.52)
Seat 7: VolkovDmitri (button) (small blind) folded on the River


PokerStars Hand #159027244782:  Hold'em Limit ($3/$6 USD) - 2016/09/24 10:25:40 ET
Table 'Halaesus' 10-max Seat #6 is the button
Seat 6: Katerina1552 ($71.20 in chips)
Seat 7: VolkovDmitri ($161.88 in chips)
Katerina1552: posts small blind $1
VolkovDmitri: posts big blind $3
*** HOLE CARDS ***
Katerina1552: calls $2
VolkovDmitri: raises $3 to $6
Katerina1552: calls $3
*** FLOP *** [Ac 2h Ad]
VolkovDmitri: bets $3
Katerina1552: calls $3
*** TURN *** [Ac 2h Ad] [6c]
VolkovDmitri: checks
Katerina1552: checks
*** RIVER *** [Ac 2h Ad 6c] [Ah]
VolkovDmitri: bets $6
Katerina1552: calls $6
*** SHOW DOWN ***
VolkovDmitri: shows [8s 8d] (a full house, Aces full of Eights)
Katerina1552: mucks hand
VolkovDmitri collected $29.50 from pot
*** SUMMARY ***
Total pot $30 | Rake $0.50
Board [Ac 2h Ad 6c Ah]
Seat 6: Katerina1552 (button) (small blind) mucked
Seat 7: VolkovDmitri (big blind) showed [8s 8d] and won ($29.50) with a full house, Aces full of Eights


PokerStars Hand #159027255460:  Hold'em Limit ($3/$6 USD) - 2016/09/24 10:25:57 ET
Table 'Halaesus' 10-max Seat #7 is the button
Seat 6: Katerina1552 ($56.20 in chips)
Seat 7: VolkovDmitri ($176.38 in chips)
VolkovDmitri: posts small blind $1
Katerina1552: posts big blind $3
*** HOLE CARDS ***
VolkovDmitri: raises $3 to $6
Katerina1552: calls $3
*** FLOP *** [4h 8c As]
Katerina1552: checks
VolkovDmitri: bets $3
Katerina1552: calls $3
*** TURN *** [4h 8c As] [Ks]
Katerina1552: checks
VolkovDmitri: checks
*** RIVER *** [4h 8c As Ks] [6d]
Katerina1552: checks
VolkovDmitri: checks
*** SHOW DOWN ***
Katerina1552: shows [4c 2d] (a pair of Fours)
VolkovDmitri: mucks hand
Katerina1552 collected $17.64 from pot
*** SUMMARY ***
Total pot $18 | Rake $0.36
Board [4h 8c As Ks 6d]
Seat 6: Katerina1552 (big blind) showed [4c 2d] and won ($17.64) with a pair of Fours
Seat 7: VolkovDmitri (button) (small blind) mucked


PokerStars Hand #159027275256:  Hold'em Limit ($3/$6 USD) - 2016/09/24 10:26:30 ET
Table 'Halaesus' 10-max Seat #7 is the button
Seat 6: Katerina1552 ($67.84 in chips)
Seat 7: VolkovDmitri ($164.38 in chips)
VolkovDmitri: posts small blind $1
Katerina1552: posts big blind $3
*** HOLE CARDS ***
VolkovDmitri: folds
Uncalled bet ($2) returned to Katerina1552
Katerina1552 collected $2 from pot
Katerina1552: doesn't show hand
*** SUMMARY ***
Total pot $2 | Rake $0
Seat 6: Katerina1552 (big blind) collected ($2)
Seat 7: VolkovDmitri (button) (small blind) folded before Flop


PokerStars Hand #159027270046:  Hold'em Limit ($3/$6 USD) - 2016/09/24 10:26:22 ET
Table 'Halaesus' 10-max Seat #6 is the button
Seat 6: Katerina1552 ($64.84 in chips)
Seat 7: VolkovDmitri ($167.38 in chips)
Katerina1552: posts small blind $1
VolkovDmitri: posts big blind $3
*** HOLE CARDS ***
Katerina1552: raises $3 to $6
VolkovDmitri: folds
Uncalled bet ($3) returned to Katerina1552
Katerina1552 collected $6 from pot
Katerina1552: doesn't show hand
*** SUMMARY ***
Total pot $6 | Rake $0
Seat 6: Katerina1552 (button) (small blind) collected ($6)
Seat 7: VolkovDmitri (big blind) folded before Flop


PokerStars Hand #159027280173:  Hold'em Limit ($3/$6 USD) - 2016/09/24 10:26:38 ET
Table 'Halaesus' 10-max Seat #6 is the button
Seat 6: Katerina1552 ($68.84 in chips)
Seat 7: VolkovDmitri ($163.38 in chips)
Katerina1552: posts small blind $1
VolkovDmitri: posts big blind $3
*** HOLE CARDS ***
Katerina1552: calls $2
VolkovDmitri: raises $3 to $6
Katerina1552: calls $3
*** FLOP *** [Jc 4d Td]
VolkovDmitri: bets $3
Katerina1552: calls $3
*** TURN *** [Jc 4d Td] [3s]
VolkovDmitri: bets $6
Katerina1552: raises $6 to $12
VolkovDmitri: calls $6
*** RIVER *** [Jc 4d Td 3s] [As]
VolkovDmitri: checks
Katerina1552: checks
*** SHOW DOWN ***
VolkovDmitri: shows [8h Tc] (a pair of Tens)
Katerina1552: shows [7h Jd] (a pair of Jacks)
Katerina1552 collected $41.50 from pot
*** SUMMARY ***
Total pot $42 | Rake $0.50
Board [Jc 4d Td 3s As]
Seat 6: Katerina1552 (button) (small blind) showed [7h Jd] and won ($41.50) with a pair of Jacks
Seat 7: VolkovDmitri (big blind) showed [8h Tc] and lost with a pair of Tens


PokerStars Hand #159027301086:  Hold'em Limit ($3/$6 USD) - 2016/09/24 10:27:13 ET
Table 'Halaesus' 10-max Seat #7 is the button
Seat 6: Katerina1552 ($89.34 in chips)
Seat 7: VolkovDmitri ($142.38 in chips)
VolkovDmitri: posts small blind $1
Katerina1552: posts big blind $3
*** HOLE CARDS ***
VolkovDmitri: raises $3 to $6
Katerina1552: calls $3
*** FLOP *** [4c 9d 2d]
Katerina1552: checks
VolkovDmitri: bets $3
Katerina1552: raises $3 to $6
VolkovDmitri: raises $3 to $9
Katerina1552: calls $3
*** TURN *** [4c 9d 2d] [9h]
Katerina1552: checks
VolkovDmitri: bets $6
Katerina1552: calls $6
*** RIVER *** [4c 9d 2d 9h] [2c]
Katerina1552: checks
VolkovDmitri: bets $6
Katerina1552: raises $6 to $12
VolkovDmitri: raises $6 to $18
Katerina1552: calls $6
*** SHOW DOWN ***
VolkovDmitri: shows [4d 4h] (a full house, Fours full of Nines)
Katerina1552: shows [9c 3s] (a full house, Nines full of Deuces)
Katerina1552 collected $77.50 from pot
*** SUMMARY ***
Total pot $78 | Rake $0.50
Board [4c 9d 2d 9h 2c]
Seat 6: Katerina1552 (big blind) showed [9c 3s] and won ($77.50) with a full house, Nines full of Deuces
Seat 7: VolkovDmitri (button) (small blind) showed [4d 4h] and lost with a full house, Fours full of Nines


PokerStars Hand #159027333272:  Hold'em Limit ($3/$6 USD) - 2016/09/24 10:28:07 ET
Table 'Halaesus' 10-max Seat #6 is the button
Seat 6: Katerina1552 ($127.84 in chips)
Seat 7: VolkovDmitri ($120 in chips)
Katerina1552: posts small blind $1
VolkovDmitri: posts big blind $3
*** HOLE CARDS ***
Katerina1552: raises $3 to $6
VolkovDmitri: calls $3
*** FLOP *** [Ks 4d Ac]
VolkovDmitri: checks
Katerina1552: bets $3
VolkovDmitri: folds
Uncalled bet ($3) returned to Katerina1552
Katerina1552 collected $11.76 from pot
Katerina1552: doesn't show hand
*** SUMMARY ***
Total pot $12 | Rake $0.24
Board [Ks 4d Ac]
Seat 6: Katerina1552 (button) (small blind) collected ($11.76)
Seat 7: VolkovDmitri (big blind) folded on the Flop


PokerStars Hand #159027353123:  Hold'em Limit ($3/$6 USD) - 2016/09/24 10:28:39 ET
Table 'Halaesus' 10-max Seat #7 is the button
Seat 6: Katerina1552 ($133.60 in chips)
Seat 7: VolkovDmitri ($120 in chips)
VolkovDmitri: posts small blind $1
Katerina1552: posts big blind $3
*** HOLE CARDS ***
VolkovDmitri: raises $3 to $6
Katerina1552: calls $3
*** FLOP *** [7c Td 9h]
Katerina1552: checks
VolkovDmitri: bets $3
Katerina1552: calls $3
*** TURN *** [7c Td 9h] [2d]
Katerina1552: checks
VolkovDmitri: checks
*** RIVER *** [7c Td 9h 2d] [8d]
Katerina1552: bets $6
VolkovDmitri: calls $6
*** SHOW DOWN ***
Katerina1552: shows [4s Jc] (a straight, Seven to Jack)
VolkovDmitri: mucks hand
Katerina1552 collected $29.50 from pot
*** SUMMARY ***
Total pot $30 | Rake $0.50
Board [7c Td 9h 2d 8d]
Seat 6: Katerina1552 (big blind) showed [4s Jc] and won ($29.50) with a straight, Seven to Jack
Seat 7: VolkovDmitri (button) (small blind) mucked


PokerStars Hand #159027377263:  Hold'em Limit ($3/$6 USD) - 2016/09/24 10:29:20 ET
Table 'Halaesus' 10-max Seat #6 is the button
Seat 6: Katerina1552 ($148.10 in chips)
Seat 7: VolkovDmitri ($120 in chips)
Katerina1552: posts small blind $1
VolkovDmitri: posts big blind $3
*** HOLE CARDS ***
Katerina1552: folds
Uncalled bet ($2) returned to VolkovDmitri
VolkovDmitri collected $2 from pot
VolkovDmitri: doesn't show hand
*** SUMMARY ***
Total pot $2 | Rake $0
Seat 6: Katerina1552 (button) (small blind) folded before Flop
Seat 7: VolkovDmitri (big blind) collected ($2)


PokerStars Hand #159027380224:  Hold'em Limit ($3/$6 USD) - 2016/09/24 10:29:25 ET
Table 'Halaesus' 10-max Seat #7 is the button
Seat 6: Katerina1552 ($147.10 in chips)
Seat 7: VolkovDmitri ($121 in chips)
VolkovDmitri: posts small blind $1
Katerina1552: posts big blind $3
*** HOLE CARDS ***
VolkovDmitri: raises $3 to $6
Katerina1552: calls $3
*** FLOP *** [9s 8c Js]
Katerina1552: checks
VolkovDmitri: bets $3
Katerina1552: calls $3
*** TURN *** [9s 8c Js] [6s]
Katerina1552: checks
VolkovDmitri: checks
*** RIVER *** [9s 8c Js 6s] [Th]
Katerina1552: checks
VolkovDmitri: checks
*** SHOW DOWN ***
Katerina1552: shows [Ah Ts] (a pair of Tens)
VolkovDmitri: mucks hand
Katerina1552 collected $17.64 from pot
*** SUMMARY ***
Total pot $18 | Rake $0.36
Board [9s 8c Js 6s Th]
Seat 6: Katerina1552 (big blind) showed [Ah Ts] and won ($17.64) with a pair of Tens
Seat 7: VolkovDmitri (button) (small blind) mucked


PokerStars Hand #159027411216:  Hold'em Limit ($3/$6 USD) - 2016/09/24 10:30:15 ET
Table 'Halaesus' 10-max Seat #7 is the button
Seat 6: Katerina1552 ($154.74 in chips)
Seat 7: VolkovDmitri ($121 in chips)
VolkovDmitri: posts small blind $1
Katerina1552: posts big blind $3
*** HOLE CARDS ***
VolkovDmitri: raises $3 to $6
Katerina1552: raises $3 to $9
VolkovDmitri: calls $3
*** FLOP *** [Ts 5d 4s]
Katerina1552: bets $3
VolkovDmitri: calls $3
*** TURN *** [Ts 5d 4s] [Td]
Katerina1552: checks
VolkovDmitri: checks
*** RIVER *** [Ts 5d 4s Td] [7c]
Katerina1552: checks
VolkovDmitri: bets $6
Katerina1552: calls $6
*** SHOW DOWN ***
VolkovDmitri: shows [7d 3h] (two pair, Tens and Sevens)
Katerina1552: mucks hand
VolkovDmitri collected $35.50 from pot
*** SUMMARY ***
Total pot $36 | Rake $0.50
Board [Ts 5d 4s Td 7c]
Seat 6: Katerina1552 (big blind) mucked
Seat 7: VolkovDmitri (button) (small blind) showed [7d 3h] and won ($35.50) with two pair, Tens and Sevens


PokerStars Hand #159027430502:  Hold'em Limit ($3/$6 USD) - 2016/09/24 10:30:48 ET
Table 'Halaesus' 10-max Seat #6 is the button
Seat 6: Katerina1552 ($136.74 in chips)
Seat 7: VolkovDmitri ($138.50 in chips)
Katerina1552: posts small blind $1
VolkovDmitri: posts big blind $3
*** HOLE CARDS ***
Katerina1552: raises $3 to $6
VolkovDmitri: raises $3 to $9
Katerina1552: calls $3
*** FLOP *** [Ad Qh Jd]
VolkovDmitri: bets $3
Katerina1552: calls $3
*** TURN *** [Ad Qh Jd] [2h]
VolkovDmitri: checks
Katerina1552: checks
*** RIVER *** [Ad Qh Jd 2h] [8c]
VolkovDmitri: checks
Katerina1552: checks
*** SHOW DOWN ***
VolkovDmitri: shows [7d 7c] (a pair of Sevens)
Katerina1552: shows [Jc Th] (a pair of Jacks)
Katerina1552 collected $23.52 from pot
*** SUMMARY ***
Total pot $24 | Rake $0.48
Board [Ad Qh Jd 2h 8c]
Seat 6: Katerina1552 (button) (small blind) showed [Jc Th] and won ($23.52) with a pair of Jacks
Seat 7: VolkovDmitri (big blind) showed [7d 7c] and lost with a pair of Sevens


PokerStars Hand #159027407953:  Hold'em Limit ($3/$6 USD) - 2016/09/24 10:30:10 ET
Table 'Halaesus' 10-max Seat #6 is the button
Seat 6: Katerina1552 ($155.74 in chips)
Seat 7: VolkovDmitri ($120 in chips)
Katerina1552: posts small blind $1
VolkovDmitri: posts big blind $3
*** HOLE CARDS ***
Katerina1552: folds
Uncalled bet ($2) returned to VolkovDmitri
VolkovDmitri collected $2 from pot
VolkovDmitri: doesn't show hand
*** SUMMARY ***
Total pot $2 | Rake $0
Seat 6: Katerina1552 (button) (small blind) folded before Flop
Seat 7: VolkovDmitri (big blind) collected ($2)


PokerStars Hand #159027458081:  Hold'em Limit ($3/$6 USD) - 2016/09/24 10:31:33 ET
Table 'Halaesus' 10-max Seat #6 is the button
Seat 6: Katerina1552 ($156.90 in chips)
Seat 7: VolkovDmitri ($120 in chips)
Katerina1552: posts small blind $1
VolkovDmitri: posts big blind $3
*** HOLE CARDS ***
Katerina1552: folds
Uncalled bet ($2) returned to VolkovDmitri
VolkovDmitri collected $2 from pot
VolkovDmitri: doesn't show hand
*** SUMMARY ***
Total pot $2 | Rake $0
Seat 6: Katerina1552 (button) (small blind) folded before Flop
Seat 7: VolkovDmitri (big blind) collected ($2)


PokerStars Hand #159027442813:  Hold'em Limit ($3/$6 USD) - 2016/09/24 10:31:08 ET
Table 'Halaesus' 10-max Seat #7 is the button
Seat 6: Katerina1552 ($148.26 in chips)
Seat 7: VolkovDmitri ($126.50 in chips)
VolkovDmitri: posts small blind $1
Katerina1552: posts big blind $3
*** HOLE CARDS ***
VolkovDmitri: raises $3 to $6
Katerina1552: calls $3
*** FLOP *** [3h Qc Ad]
Katerina1552: checks
VolkovDmitri: bets $3
Katerina1552: calls $3
*** TURN *** [3h Qc Ad] [5h]
Katerina1552: checks
VolkovDmitri: checks
*** RIVER *** [3h Qc Ad 5h] [4h]
Katerina1552: bets $6
VolkovDmitri: folds
Uncalled bet ($6) returned to Katerina1552
Katerina1552 collected $17.64 from pot
Katerina1552: doesn't show hand
*** SUMMARY ***
Total pot $18 | Rake $0.36
Board [3h Qc Ad 5h 4h]
Seat 6: Katerina1552 (big blind) collected ($17.64)
Seat 7: VolkovDmitri (button) (small blind) folded on the River


PokerStars Hand #159027461467:  Hold'em Limit ($3/$6 USD) - 2016/09/24 10:31:39 ET
Table 'Halaesus' 10-max Seat #7 is the button
Seat 6: Katerina1552 ($155.90 in chips)
Seat 7: VolkovDmitri ($121 in chips)
VolkovDmitri: posts small blind $1
Katerina1552: posts big blind $3
*** HOLE CARDS ***
VolkovDmitri: raises $3 to $6
Katerina1552: raises $3 to $9
VolkovDmitri: calls $3
*** FLOP *** [Qh 2d 4d]
Katerina1552: bets $3
VolkovDmitri: calls $3
*** TURN *** [Qh 2d 4d] [As]
Katerina1552: bets $6
VolkovDmitri: folds
Uncalled bet ($6) returned to Katerina1552
Katerina1552 collected $23.52 from pot
Katerina1552: doesn't show hand
*** SUMMARY ***
Total pot $24 | Rake $0.48
Board [Qh 2d 4d As]
Seat 6: Katerina1552 (big blind) collected ($23.52)
Seat 7: VolkovDmitri (button) (small blind) folded on the Turn


PokerStars Hand #159027481500:  Hold'em Limit ($3/$6 USD) - 2016/09/24 10:32:12 ET
Table 'Halaesus' 10-max Seat #6 is the button
Seat 6: Katerina1552 ($167.42 in chips)
Seat 7: VolkovDmitri ($120 in chips)
Katerina1552: posts small blind $1
VolkovDmitri: posts big blind $3
*** HOLE CARDS ***
Katerina1552: calls $2
VolkovDmitri: raises $3 to $6
Katerina1552: calls $3
*** FLOP *** [9h 8h Ah]
VolkovDmitri: bets $3
Katerina1552: calls $3
*** TURN *** [9h 8h Ah] [Ad]
VolkovDmitri: checks
Katerina1552: bets $6
VolkovDmitri: calls $6
*** RIVER *** [9h 8h Ah Ad] [4s]
VolkovDmitri: checks
Katerina1552: bets $6
VolkovDmitri: calls $6
*** SHOW DOWN ***
Katerina1552: shows [As 7c] (three of a kind, Aces)
VolkovDmitri: mucks hand
Katerina1552 collected $41.50 from pot
*** SUMMARY ***
Total pot $42 | Rake $0.50
Board [9h 8h Ah Ad 4s]
Seat 6: Katerina1552 (button) (small blind) showed [As 7c] and won ($41.50) with three of a kind, Aces
Seat 7: VolkovDmitri (big blind) mucked


PokerStars Hand #159027513292:  Hold'em Limit ($3/$6 USD) - 2016/09/24 10:33:05 ET
Table 'Halaesus' 10-max Seat #7 is the button
Seat 6: Katerina1552 ($187.92 in chips)
Seat 7: VolkovDmitri ($120 in chips)
VolkovDmitri: posts small blind $1
Katerina1552: posts big blind $3
*** HOLE CARDS ***
VolkovDmitri: raises $3 to $6
Katerina1552: calls $3
*** FLOP *** [4s 2d Th]
Katerina1552: checks
VolkovDmitri: bets $3
Katerina1552: calls $3
*** TURN *** [4s 2d Th] [8c]
Katerina1552: checks
VolkovDmitri: bets $6
Katerina1552: calls $6
*** RIVER *** [4s 2d Th 8c] [Qd]
Katerina1552: checks
VolkovDmitri: bets $6
Katerina1552: raises $6 to $12
VolkovDmitri: calls $6
*** SHOW DOWN ***
Katerina1552: shows [Qc Jh] (a pair of Queens)
VolkovDmitri: mucks hand
Katerina1552 collected $53.50 from pot
*** SUMMARY ***
Total pot $54 | Rake $0.50
Board [4s 2d Th 8c Qd]
Seat 6: Katerina1552 (big blind) showed [Qc Jh] and won ($53.50) with a pair of Queens
Seat 7: VolkovDmitri (button) (small blind) mucked


PokerStars Hand #159027564284:  Hold'em Limit ($3/$6 USD) - 2016/09/24 10:34:21 ET
Table 'Halaesus' 10-max Seat #6 is the button
Seat 6: Katerina1552 ($214.18 in chips)
Seat 7: VolkovDmitri ($125.76 in chips)
Katerina1552: posts small blind $1
VolkovDmitri: posts big blind $3
*** HOLE CARDS ***
Katerina1552: calls $2
VolkovDmitri: raises $3 to $6
Katerina1552: calls $3
*** FLOP *** [2h 4d Jh]
VolkovDmitri: bets $3
Katerina1552: calls $3
*** TURN *** [2h 4d Jh] [Kd]
VolkovDmitri: bets $6
Katerina1552: calls $6
*** RIVER *** [2h 4d Jh Kd] [4c]
VolkovDmitri: bets $6
Katerina1552: calls $6
*** SHOW DOWN ***
VolkovDmitri: shows [5h 6s] (a pair of Fours)
Katerina1552: shows [9s Js] (two pair, Jacks and Fours)
Katerina1552 collected $41.50 from pot
*** SUMMARY ***
Total pot $42 | Rake $0.50
Board [2h 4d Jh Kd 4c]
Seat 6: Katerina1552 (button) (small blind) showed [9s Js] and won ($41.50) with two pair, Jacks and Fours
Seat 7: VolkovDmitri (big blind) showed [5h 6s] and lost with a pair of Fours


PokerStars Hand #159027526724:  Hold'em Limit ($3/$6 USD) - 2016/09/24 10:33:27 ET
Table 'Halaesus' 10-max Seat #6 is the button
Seat 6: Katerina1552 ($214.42 in chips)
Seat 7: VolkovDmitri ($120 in chips)
Katerina1552: posts small blind $1
VolkovDmitri: posts big blind $3
*** HOLE CARDS ***
Katerina1552: calls $2
VolkovDmitri: raises $3 to $6
Katerina1552: calls $3
*** FLOP *** [4d 3h 3s]
VolkovDmitri: checks
Katerina1552: checks
*** TURN *** [4d 3h 3s] [8d]
VolkovDmitri: checks
Katerina1552: checks
*** RIVER *** [4d 3h 3s 8d] [Jc]
VolkovDmitri: checks
Katerina1552: checks
*** SHOW DOWN ***
VolkovDmitri: shows [9c 7c] (a pair of Threes)
Katerina1552: shows [As 2d] (a pair of Threes - Ace kicker)
Katerina1552 collected $11.76 from pot
*** SUMMARY ***
Total pot $12 | Rake $0.24
Board [4d 3h 3s 8d Jc]
Seat 6: Katerina1552 (button) (small blind) showed [As 2d] and won ($11.76) with a pair of Threes
Seat 7: VolkovDmitri (big blind) showed [9c 7c] and lost with a pair of Threes


PokerStars Hand #159027595994:  Hold'em Limit ($3/$6 USD) - 2016/09/24 10:35:14 ET
Table 'Halaesus' 10-max Seat #6 is the button
Seat 6: Katerina1552 ($228.68 in chips)
Seat 7: VolkovDmitri ($125.76 in chips)
Katerina1552: posts small blind $1
VolkovDmitri: posts big blind $3
*** HOLE CARDS ***
Katerina1552: calls $2
VolkovDmitri: raises $3 to $6
Katerina1552: calls $3
*** FLOP *** [Kc 3d 9h]
VolkovDmitri: bets $3
Katerina1552: calls $3
*** TURN *** [Kc 3d 9h] [4d]
VolkovDmitri: bets $6
Katerina1552: calls $6
*** RIVER *** [Kc 3d 9h 4d] [5s]
VolkovDmitri: bets $6
Katerina1552: calls $6
*** SHOW DOWN ***
VolkovDmitri: shows [3h Qh] (a pair of Threes)
Katerina1552: shows [Ad 4c] (a pair of Fours)
Katerina1552 collected $41.50 from pot
*** SUMMARY ***
Total pot $42 | Rake $0.50
Board [Kc 3d 9h 4d 5s]
Seat 6: Katerina1552 (button) (small blind) showed [Ad 4c] and won ($41.50) with a pair of Fours
Seat 7: VolkovDmitri (big blind) showed [3h Qh] and lost with a pair of Threes


PokerStars Hand #159027584428:  Hold'em Limit ($3/$6 USD) - 2016/09/24 10:34:55 ET
Table 'Halaesus' 10-max Seat #7 is the button
Seat 6: Katerina1552 ($234.68 in chips)
Seat 7: VolkovDmitri ($120 in chips)
VolkovDmitri: posts small blind $1
Katerina1552: posts big blind $3
*** HOLE CARDS ***
VolkovDmitri: raises $3 to $6
Katerina1552: calls $3
*** FLOP *** [4c 6c 7c]
Katerina1552: checks
VolkovDmitri: bets $3
Katerina1552: folds
Uncalled bet ($3) returned to VolkovDmitri
VolkovDmitri collected $11.76 from pot
VolkovDmitri: doesn't show hand
*** SUMMARY ***
Total pot $12 | Rake $0.24
Board [4c 6c 7c]
Seat 6: Katerina1552 (big blind) folded on the Flop
Seat 7: VolkovDmitri (button) (small blind) collected ($11.76)


PokerStars Hand #159027616022:  Hold'em Limit ($3/$6 USD) - 2016/09/24 10:35:47 ET
Table 'Halaesus' 10-max Seat #7 is the button
Seat 6: Katerina1552 ($249.18 in chips)
Seat 7: VolkovDmitri ($120 in chips)
VolkovDmitri: posts small blind $1
Katerina1552: posts big blind $3
*** HOLE CARDS ***
VolkovDmitri: raises $3 to $6
Katerina1552: calls $3
*** FLOP *** [Ks 4h 6c]
Katerina1552: checks
VolkovDmitri: bets $3
Katerina1552: calls $3
*** TURN *** [Ks 4h 6c] [7c]
Katerina1552: checks
VolkovDmitri: checks
*** RIVER *** [Ks 4h 6c 7c] [5h]
Katerina1552: checks
VolkovDmitri: bets $6
Katerina1552: calls $6
*** SHOW DOWN ***
VolkovDmitri: shows [8c Jc] (a straight, Four to Eight)
Katerina1552: mucks hand
VolkovDmitri collected $29.50 from pot
*** SUMMARY ***
Total pot $30 | Rake $0.50
Board [Ks 4h 6c 7c 5h]
Seat 6: Katerina1552 (big blind) mucked
Seat 7: VolkovDmitri (button) (small blind) showed [8c Jc] and won ($29.50) with a straight, Four to Eight


PokerStars Hand #159027646370:  Hold'em Limit ($3/$6 USD) - 2016/09/24 10:36:37 ET
Table 'Halaesus' 10-max Seat #6 is the button
Seat 6: Katerina1552 ($234.18 in chips)
Seat 7: VolkovDmitri ($134.50 in chips)
Katerina1552: posts small blind $1
VolkovDmitri: posts big blind $3
*** HOLE CARDS ***
Katerina1552: raises $3 to $6
VolkovDmitri: calls $3
*** FLOP *** [Jc Js 4s]
VolkovDmitri: bets $3
Katerina1552: calls $3
*** TURN *** [Jc Js 4s] [5d]
VolkovDmitri: bets $6
Katerina1552: raises $6 to $12
VolkovDmitri: calls $6
*** RIVER *** [Jc Js 4s 5d] [9h]
VolkovDmitri: checks
Katerina1552: bets $6
VolkovDmitri: calls $6
*** SHOW DOWN ***
Katerina1552: shows [Kd Jd] (three of a kind, Jacks)
VolkovDmitri: mucks hand
Katerina1552 collected $53.50 from pot
*** SUMMARY ***
Total pot $54 | Rake $0.50
Board [Jc Js 4s 5d 9h]
Seat 6: Katerina1552 (button) (small blind) showed [Kd Jd] and won ($53.50) with three of a kind, Jacks
Seat 7: VolkovDmitri (big blind) mucked


PokerStars Hand #159027686752:  Hold'em Limit ($3/$6 USD) - 2016/09/24 10:37:44 ET
Table 'Halaesus' 10-max Seat #7 is the button
Seat 6: Katerina1552 ($260.68 in chips)
Seat 7: VolkovDmitri ($120 in chips)
VolkovDmitri: posts small blind $1
Katerina1552: posts big blind $3
*** HOLE CARDS ***
VolkovDmitri: raises $3 to $6
Katerina1552: calls $3
*** FLOP *** [8c 4d 8s]
Katerina1552: checks
VolkovDmitri: bets $3
Katerina1552: raises $3 to $6
VolkovDmitri: calls $3
*** TURN *** [8c 4d 8s] [Jc]
Katerina1552: bets $6
VolkovDmitri: calls $6
*** RIVER *** [8c 4d 8s Jc] [3h]
Katerina1552: bets $6
VolkovDmitri: folds
Uncalled bet ($6) returned to Katerina1552
Katerina1552 collected $35.50 from pot
Katerina1552: doesn't show hand
*** SUMMARY ***
Total pot $36 | Rake $0.50
Board [8c 4d 8s Jc 3h]
Seat 6: Katerina1552 (big blind) collected ($35.50)
Seat 7: VolkovDmitri (button) (small blind) folded on the River


PokerStars Hand #159027749160:  Hold'em Limit ($3/$6 USD) - 2016/09/24 10:39:28 ET
Table 'Halaesus' 10-max Seat #7 is the button
Seat 6: Katerina1552 ($301.68 in chips)
Seat 7: VolkovDmitri ($120 in chips)
VolkovDmitri: posts small blind $1
Katerina1552: posts big blind $3
*** HOLE CARDS ***
VolkovDmitri: raises $3 to $6
Katerina1552: calls $3
*** FLOP *** [Ks 9c Ts]
Katerina1552: checks
VolkovDmitri: bets $3
Katerina1552: calls $3
*** TURN *** [Ks 9c Ts] [Js]
Katerina1552: checks
VolkovDmitri: checks
*** RIVER *** [Ks 9c Ts Js] [2s]
Katerina1552: checks
VolkovDmitri: checks
*** SHOW DOWN ***
Katerina1552: shows [7d Th] (a pair of Tens)
VolkovDmitri: mucks hand
Katerina1552 collected $17.64 from pot
*** SUMMARY ***
Total pot $18 | Rake $0.36
Board [Ks 9c Ts Js 2s]
Seat 6: Katerina1552 (big blind) showed [7d Th] and won ($17.64) with a pair of Tens
Seat 7: VolkovDmitri (button) (small blind) mucked


PokerStars Hand #159027731114:  Hold'em Limit ($3/$6 USD) - 2016/09/24 10:38:57 ET
Table 'Halaesus' 10-max Seat #6 is the button
Seat 6: Katerina1552 ($278.18 in chips)
Seat 7: VolkovDmitri ($120 in chips)
Katerina1552: posts small blind $1
VolkovDmitri: posts big blind $3
*** HOLE CARDS ***
Katerina1552: calls $2
VolkovDmitri: raises $3 to $6
Katerina1552: calls $3
*** FLOP *** [4d 9d 2h]
VolkovDmitri: checks
Katerina1552: checks
*** TURN *** [4d 9d 2h] [7h]
VolkovDmitri: bets $6
Katerina1552: calls $6
*** RIVER *** [4d 9d 2h 7h] [Th]
VolkovDmitri: bets $6
Katerina1552: raises $6 to $12
VolkovDmitri: calls $6
*** SHOW DOWN ***
Katerina1552: shows [3h Jh] (a flush, Jack high)
VolkovDmitri: mucks hand
Katerina1552 collected $47.50 from pot
*** SUMMARY ***
Total pot $48 | Rake $0.50
Board [4d 9d 2h 7h Th]
Seat 6: Katerina1552 (button) (small blind) showed [3h Jh] and won ($47.50) with a flush, Jack high
Seat 7: VolkovDmitri (big blind) mucked


PokerStars Hand #159027800089:  Hold'em Limit ($3/$6 USD) - 2016/09/24 10:40:52 ET
Table 'Halaesus' 10-max Seat #6 is the button
Seat 6: Katerina1552 ($310.08 in chips)
Seat 7: VolkovDmitri ($125.76 in chips)
Katerina1552: posts small blind $1
VolkovDmitri: posts big blind $3
*** HOLE CARDS ***
Katerina1552: calls $2
VolkovDmitri: checks
*** FLOP *** [2s 8d Td]
VolkovDmitri: checks
Katerina1552: checks
*** TURN *** [2s 8d Td] [Ks]
VolkovDmitri: checks
Katerina1552: checks
*** RIVER *** [2s 8d Td Ks] [7h]
VolkovDmitri: checks
Katerina1552: bets $6
VolkovDmitri: folds
Uncalled bet ($6) returned to Katerina1552
Katerina1552 collected $5.88 from pot
Katerina1552: doesn't show hand
*** SUMMARY ***
Total pot $6 | Rake $0.12
Board [2s 8d Td Ks 7h]
Seat 6: Katerina1552 (button) (small blind) collected ($5.88)
Seat 7: VolkovDmitri (big blind) folded on the River


PokerStars Hand #159027767199:  Hold'em Limit ($3/$6 USD) - 2016/09/24 10:39:58 ET
Table 'Halaesus' 10-max Seat #6 is the button
Seat 6: Katerina1552 ($310.32 in chips)
Seat 7: VolkovDmitri ($120 in chips)
Katerina1552: posts small blind $1
VolkovDmitri: posts big blind $3
*** HOLE CARDS ***
Katerina1552: raises $3 to $6
VolkovDmitri: calls $3
*** FLOP *** [Qc Qd 4c]
VolkovDmitri: checks
Katerina1552: checks
*** TURN *** [Qc Qd 4c] [5d]
VolkovDmitri: checks
Katerina1552: bets $6
VolkovDmitri: folds
Uncalled bet ($6) returned to Katerina1552
Katerina1552 collected $11.76 from pot
Katerina1552: doesn't show hand
*** SUMMARY ***
Total pot $12 | Rake $0.24
Board [Qc Qd 4c 5d]
Seat 6: Katerina1552 (button) (small blind) collected ($11.76)
Seat 7: VolkovDmitri (big blind) folded on the Turn


PokerStars Hand #159027826499:  Hold'em Limit ($3/$6 USD) - 2016/09/24 10:41:36 ET
Table 'Halaesus' 10-max Seat #6 is the button
Seat 6: Katerina1552 ($294.96 in chips)
Seat 7: VolkovDmitri ($140.26 in chips)
Katerina1552: posts small blind $1
VolkovDmitri: posts big blind $3
*** HOLE CARDS ***
Katerina1552: raises $3 to $6
VolkovDmitri: raises $3 to $9
Katerina1552: calls $3
*** FLOP *** [9d 6s Jh]
VolkovDmitri: bets $3
Katerina1552: calls $3
*** TURN *** [9d 6s Jh] [Kd]
VolkovDmitri: bets $6
Katerina1552: folds
Uncalled bet ($6) returned to VolkovDmitri
VolkovDmitri collected $23.52 from pot
VolkovDmitri: doesn't show hand
*** SUMMARY ***
Total pot $24 | Rake $0.48
Board [9d 6s Jh Kd]
Seat 6: Katerina1552 (button) (small blind) folded on the Turn
Seat 7: VolkovDmitri (big blind) collected ($23.52)


PokerStars Hand #159027811795:  Hold'em Limit ($3/$6 USD) - 2016/09/24 10:41:12 ET
Table 'Halaesus' 10-max Seat #7 is the button
Seat 6: Katerina1552 ($312.96 in chips)
Seat 7: VolkovDmitri ($122.76 in chips)
VolkovDmitri: posts small blind $1
Katerina1552: posts big blind $3
*** HOLE CARDS ***
VolkovDmitri: raises $3 to $6
Katerina1552: calls $3
*** FLOP *** [9h Jd 7s]
Katerina1552: checks
VolkovDmitri: checks
*** TURN *** [9h Jd 7s] [Qd]
Katerina1552: bets $6
VolkovDmitri: raises $6 to $12
Katerina1552: calls $6
*** RIVER *** [9h Jd 7s Qd] [Qh]
Katerina1552: checks
VolkovDmitri: bets $6
Katerina1552: folds
Uncalled bet ($6) returned to VolkovDmitri
VolkovDmitri collected $35.50 from pot
VolkovDmitri: doesn't show hand
*** SUMMARY ***
Total pot $36 | Rake $0.50
Board [9h Jd 7s Qd Qh]
Seat 6: Katerina1552 (big blind) folded on the River
Seat 7: VolkovDmitri (button) (small blind) collected ($35.50)


PokerStars Hand #159027863590:  Hold'em Limit ($3/$6 USD) - 2016/09/24 10:42:37 ET
Table 'Halaesus' 10-max Seat #6 is the button
Seat 6: Katerina1552 ($297.46 in chips)
Seat 7: VolkovDmitri ($136.78 in chips)
Katerina1552: posts small blind $1
VolkovDmitri: posts big blind $3
*** HOLE CARDS ***
Katerina1552: calls $2
VolkovDmitri: raises $3 to $6
Katerina1552: calls $3
*** FLOP *** [5d 4c 6c]
VolkovDmitri: checks
Katerina1552: bets $3
VolkovDmitri: calls $3
*** TURN *** [5d 4c 6c] [5c]
VolkovDmitri: checks
Katerina1552: bets $6
VolkovDmitri: folds
Uncalled bet ($6) returned to Katerina1552
Katerina1552 collected $17.64 from pot
Katerina1552: doesn't show hand
*** SUMMARY ***
Total pot $18 | Rake $0.36
Board [5d 4c 6c 5c]
Seat 6: Katerina1552 (button) (small blind) collected ($17.64)
Seat 7: VolkovDmitri (big blind) folded on the Turn


PokerStars Hand #159027838975:  Hold'em Limit ($3/$6 USD) - 2016/09/24 10:41:56 ET
Table 'Halaesus' 10-max Seat #7 is the button
Seat 6: Katerina1552 ($282.96 in chips)
Seat 7: VolkovDmitri ($151.78 in chips)
VolkovDmitri: posts small blind $1
Katerina1552: posts big blind $3
*** HOLE CARDS ***
VolkovDmitri: raises $3 to $6
Katerina1552: calls $3
*** FLOP *** [3h 6c 3s]
Katerina1552: checks
VolkovDmitri: bets $3
Katerina1552: calls $3
*** TURN *** [3h 6c 3s] [5s]
Katerina1552: checks
VolkovDmitri: checks
*** RIVER *** [3h 6c 3s 5s] [3d]
Katerina1552: bets $6
VolkovDmitri: calls $6
*** SHOW DOWN ***
Katerina1552: shows [3c Ks] (four of a kind, Threes)
VolkovDmitri: mucks hand
Katerina1552 collected $29.50 from pot
*** SUMMARY ***
Total pot $30 | Rake $0.50
Board [3h 6c 3s 5s 3d]
Seat 6: Katerina1552 (big blind) showed [3c Ks] and won ($29.50) with four of a kind, Threes
Seat 7: VolkovDmitri (button) (small blind) mucked


PokerStars Hand #159027890446:  Hold'em Limit ($3/$6 USD) - 2016/09/24 10:43:21 ET
Table 'Halaesus' 10-max Seat #6 is the button
Seat 6: Katerina1552 ($307.10 in chips)
Seat 7: VolkovDmitri ($126.78 in chips)
Katerina1552: posts small blind $1
VolkovDmitri: posts big blind $3
*** HOLE CARDS ***
Katerina1552: folds
Uncalled bet ($2) returned to VolkovDmitri
VolkovDmitri collected $2 from pot
VolkovDmitri: doesn't show hand
*** SUMMARY ***
Total pot $2 | Rake $0
Seat 6: Katerina1552 (button) (small blind) folded before Flop
Seat 7: VolkovDmitri (big blind) collected ($2)


PokerStars Hand #159027893523:  Hold'em Limit ($3/$6 USD) - 2016/09/24 10:43:26 ET
Table 'Halaesus' 10-max Seat #7 is the button
Seat 6: Katerina1552 ($306.10 in chips)
Seat 7: VolkovDmitri ($127.78 in chips)
VolkovDmitri: posts small blind $1
Katerina1552: posts big blind $3
*** HOLE CARDS ***
VolkovDmitri: raises $3 to $6
Katerina1552: calls $3
*** FLOP *** [8s Qh Qc]
Katerina1552: checks
VolkovDmitri: bets $3
Katerina1552: raises $3 to $6
VolkovDmitri: calls $3
*** TURN *** [8s Qh Qc] [Kh]
Katerina1552: checks
VolkovDmitri: bets $6
Katerina1552: calls $6
*** RIVER *** [8s Qh Qc Kh] [Ad]
Katerina1552: checks
VolkovDmitri: bets $6
Katerina1552: calls $6
*** SHOW DOWN ***
VolkovDmitri: shows [3h Qd] (three of a kind, Queens)
Katerina1552: mucks hand
VolkovDmitri collected $47.50 from pot
*** SUMMARY ***
Total pot $48 | Rake $0.50
Board [8s Qh Qc Kh Ad]
Seat 6: Katerina1552 (big blind) mucked
Seat 7: VolkovDmitri (button) (small blind) showed [3h Qd] and won ($47.50) with three of a kind, Queens


PokerStars Hand #159027882697:  Hold'em Limit ($3/$6 USD) - 2016/09/24 10:43:08 ET
Table 'Halaesus' 10-max Seat #7 is the button
Seat 6: Katerina1552 ($306.10 in chips)
Seat 7: VolkovDmitri ($127.78 in chips)
VolkovDmitri: posts small blind $1
Katerina1552: posts big blind $3
*** HOLE CARDS ***
VolkovDmitri: folds
Uncalled bet ($2) returned to Katerina1552
Katerina1552 collected $2 from pot
Katerina1552: doesn't show hand
*** SUMMARY ***
Total pot $2 | Rake $0
Seat 6: Katerina1552 (big blind) collected ($2)
Seat 7: VolkovDmitri (button) (small blind) folded before Flop


PokerStars Hand #159027922746:  Hold'em Limit ($3/$6 USD) - 2016/09/24 10:44:14 ET
Table 'Halaesus' 10-max Seat #7 is the button
Seat 6: Katerina1552 ($287.86 in chips)
Seat 7: VolkovDmitri ($145.28 in chips)
VolkovDmitri: posts small blind $1
Katerina1552: posts big blind $3
*** HOLE CARDS ***
VolkovDmitri: folds
Uncalled bet ($2) returned to Katerina1552
Katerina1552 collected $2 from pot
Katerina1552: doesn't show hand
*** SUMMARY ***
Total pot $2 | Rake $0
Seat 6: Katerina1552 (big blind) collected ($2)
Seat 7: VolkovDmitri (button) (small blind) folded before Flop


PokerStars Hand #159027928892:  Hold'em Limit ($3/$6 USD) - 2016/09/24 10:44:24 ET
Table 'Halaesus' 10-max Seat #6 is the button
Seat 6: Katerina1552 ($288.86 in chips)
Seat 7: VolkovDmitri ($144.28 in chips)
Katerina1552: posts small blind $1
VolkovDmitri: posts big blind $3
*** HOLE CARDS ***
Katerina1552: raises $3 to $6
VolkovDmitri: calls $3
*** FLOP *** [Td 8c 4h]
VolkovDmitri: checks
Katerina1552: checks
*** TURN *** [Td 8c 4h] [Jd]
VolkovDmitri: bets $6
Katerina1552: calls $6
*** RIVER *** [Td 8c 4h Jd] [3h]
VolkovDmitri: bets $6
Katerina1552: folds
Uncalled bet ($6) returned to VolkovDmitri
VolkovDmitri collected $23.52 from pot
VolkovDmitri: doesn't show hand
*** SUMMARY ***
Total pot $24 | Rake $0.48
Board [Td 8c 4h Jd 3h]
Seat 6: Katerina1552 (button) (small blind) folded on the River
Seat 7: VolkovDmitri (big blind) collected ($23.52)


PokerStars Hand #159027979056:  Hold'em Limit ($3/$6 USD) - 2016/09/24 10:45:46 ET
Table 'Halaesus' 10-max Seat #6 is the button
Seat 6: Katerina1552 ($267.86 in chips)
Seat 7: VolkovDmitri ($164.44 in chips)
Katerina1552: posts small blind $1
VolkovDmitri: posts big blind $3
*** HOLE CARDS ***
Katerina1552: raises $3 to $6
VolkovDmitri: raises $3 to $9
Katerina1552: calls $3
*** FLOP *** [Tc 9h Th]
VolkovDmitri: bets $3
Katerina1552: calls $3
*** TURN *** [Tc 9h Th] [7d]
VolkovDmitri: bets $6
Katerina1552: calls $6
*** RIVER *** [Tc 9h Th 7d] [Qc]
VolkovDmitri: checks
Katerina1552: checks
*** SHOW DOWN ***
VolkovDmitri: shows [4h 4s] (two pair, Tens and Fours)
Katerina1552: shows [7c Ac] (two pair, Tens and Sevens)
Katerina1552 collected $35.50 from pot
*** SUMMARY ***
Total pot $36 | Rake $0.50
Board [Tc 9h Th 7d Qc]
Seat 6: Katerina1552 (button) (small blind) showed [7c Ac] and won ($35.50) with two pair, Tens and Sevens
Seat 7: VolkovDmitri (big blind) showed [4h 4s] and lost with two pair, Tens and Fours


PokerStars Hand #159027960561:  Hold'em Limit ($3/$6 USD) - 2016/09/24 10:45:16 ET
Table 'Halaesus' 10-max Seat #7 is the button
Seat 6: Katerina1552 ($276.86 in chips)
Seat 7: VolkovDmitri ($155.80 in chips)
VolkovDmitri: posts small blind $1
Katerina1552: posts big blind $3
*** HOLE CARDS ***
VolkovDmitri: raises $3 to $6
Katerina1552: calls $3
*** FLOP *** [5s 9d Tc]
Katerina1552: checks
VolkovDmitri: bets $3
Katerina1552: calls $3
*** TURN *** [5s 9d Tc] [9s]
Katerina1552: checks
VolkovDmitri: bets $6
Katerina1552: folds
Uncalled bet ($6) returned to VolkovDmitri
VolkovDmitri collected $17.64 from pot
VolkovDmitri: doesn't show hand
*** SUMMARY ***
Total pot $18 | Rake $0.36
Board [5s 9d Tc 9s]
Seat 6: Katerina1552 (big blind) folded on the Turn
Seat 7: VolkovDmitri (button) (small blind) collected ($17.64)


PokerStars Hand #159027992099:  Hold'em Limit ($3/$6 USD) - 2016/09/24 10:46:07 ET
Table 'Halaesus' 10-max Seat #7 is the button
Seat 6: Katerina1552 ($285.36 in chips)
Seat 7: VolkovDmitri ($146.44 in chips)
VolkovDmitri: posts small blind $1
Katerina1552: posts big blind $3
*** HOLE CARDS ***
VolkovDmitri: raises $3 to $6
Katerina1552: calls $3
*** FLOP *** [4h 7h Td]
Katerina1552: checks
VolkovDmitri: bets $3
Katerina1552: calls $3
*** TURN *** [4h 7h Td] [Jc]
Katerina1552: checks
VolkovDmitri: bets $6
Katerina1552: folds
Uncalled bet ($6) returned to VolkovDmitri
VolkovDmitri collected $17.64 from pot
VolkovDmitri: doesn't show hand
*** SUMMARY ***
Total pot $18 | Rake $0.36
Board [4h 7h Td Jc]
Seat 6: Katerina1552 (big blind) folded on the Turn
Seat 7: VolkovDmitri (button) (small blind) collected ($17.64)


PokerStars Hand #159028042070:  Hold'em Limit ($3/$6 USD) - 2016/09/24 10:47:30 ET
Table 'Halaesus' 10-max Seat #7 is the button
Seat 6: Katerina1552 ($293.86 in chips)
Seat 7: VolkovDmitri ($137.08 in chips)
VolkovDmitri: posts small blind $1
Katerina1552: posts big blind $3
*** HOLE CARDS ***
VolkovDmitri: raises $3 to $6
Katerina1552: calls $3
*** FLOP *** [Tc Qh 2d]
Katerina1552: checks
VolkovDmitri: bets $3
Katerina1552: folds
Uncalled bet ($3) returned to VolkovDmitri
VolkovDmitri collected $11.76 from pot
VolkovDmitri: doesn't show hand
*** SUMMARY ***
Total pot $12 | Rake $0.24
Board [Tc Qh 2d]
Seat 6: Katerina1552 (big blind) folded on the Flop
Seat 7: VolkovDmitri (button) (small blind) collected ($11.76)


PokerStars Hand #159028053028:  Hold'em Limit ($3/$6 USD) - 2016/09/24 10:47:48 ET
Table 'Halaesus' 10-max Seat #6 is the button
Seat 6: Katerina1552 ($287.86 in chips)
Seat 7: VolkovDmitri ($142.84 in chips)
Katerina1552: posts small blind $1
VolkovDmitri: posts big blind $3
*** HOLE CARDS ***
Katerina1552: folds
Uncalled bet ($2) returned to VolkovDmitri
VolkovDmitri collected $2 from pot
VolkovDmitri: doesn't show hand
*** SUMMARY ***
Total pot $2 | Rake $0
Seat 6: Katerina1552 (button) (small blind) folded before Flop
Seat 7: VolkovDmitri (big blind) collected ($2)


PokerStars Hand #159028005668:  Hold'em Limit ($3/$6 USD) - 2016/09/24 10:46:30 ET
Table 'Halaesus' 10-max Seat #6 is the button
Seat 6: Katerina1552 ($276.36 in chips)
Seat 7: VolkovDmitri ($155.08 in chips)
Katerina1552: posts small blind $1
VolkovDmitri: posts big blind $3
*** HOLE CARDS ***
Katerina1552: raises $3 to $6
VolkovDmitri: calls $3
*** FLOP *** [8s 7c Js]
VolkovDmitri: bets $3
Katerina1552: raises $3 to $6
VolkovDmitri: calls $3
*** TURN *** [8s 7c Js] [7s]
VolkovDmitri: checks
Katerina1552: checks
*** RIVER *** [8s 7c Js 7s] [Ad]
VolkovDmitri: checks
Katerina1552: bets $6
VolkovDmitri: calls $6
*** SHOW DOWN ***
Katerina1552: shows [Jd Qc] (two pair, Jacks and Sevens)
VolkovDmitri: mucks hand
Katerina1552 collected $35.50 from pot
*** SUMMARY ***
Total pot $36 | Rake $0.50
Board [8s 7c Js 7s Ad]
Seat 6: Katerina1552 (button) (small blind) showed [Jd Qc] and won ($35.50) with two pair, Jacks and Sevens
Seat 7: VolkovDmitri (big blind) mucked


PokerStars Hand #159028084970:  Hold'em Limit ($3/$6 USD) - 2016/09/24 10:48:41 ET
Table 'Halaesus' 10-max Seat #7 is the button
Seat 6: Katerina1552 ($292.36 in chips)
Seat 7: VolkovDmitri ($137.48 in chips)
VolkovDmitri: posts small blind $1
Katerina1552: posts big blind $3
*** HOLE CARDS ***
VolkovDmitri: raises $3 to $6
Katerina1552: calls $3
*** FLOP *** [9h 5h 3s]
Katerina1552: checks
VolkovDmitri: bets $3
Katerina1552: calls $3
*** TURN *** [9h 5h 3s] [3c]
Katerina1552: checks
VolkovDmitri: bets $6
Katerina1552: folds
Uncalled bet ($6) returned to VolkovDmitri
VolkovDmitri collected $17.64 from pot
VolkovDmitri: doesn't show hand
*** SUMMARY ***
Total pot $18 | Rake $0.36
Board [9h 5h 3s 3c]
Seat 6: Katerina1552 (big blind) folded on the Turn
Seat 7: VolkovDmitri (button) (small blind) collected ($17.64)


PokerStars Hand #159028077278:  Hold'em Limit ($3/$6 USD) - 2016/09/24 10:48:28 ET
Table 'Halaesus' 10-max Seat #6 is the button
Seat 6: Katerina1552 ($301.36 in chips)
Seat 7: VolkovDmitri ($128.84 in chips)
Katerina1552: posts small blind $1
VolkovDmitri: posts big blind $3
*** HOLE CARDS ***
Katerina1552: calls $2
VolkovDmitri: raises $3 to $6
Katerina1552: calls $3
*** FLOP *** [As 5d Th]
VolkovDmitri: bets $3
Katerina1552: calls $3
*** TURN *** [As 5d Th] [3d]
VolkovDmitri: bets $6
Katerina1552: folds
Uncalled bet ($6) returned to VolkovDmitri
VolkovDmitri collected $17.64 from pot
VolkovDmitri: doesn't show hand
*** SUMMARY ***
Total pot $18 | Rake $0.36
Board [As 5d Th 3d]
Seat 6: Katerina1552 (button) (small blind) folded on the Turn
Seat 7: VolkovDmitri (big blind) collected ($17.64)


PokerStars Hand #159028056127:  Hold'em Limit ($3/$6 USD) - 2016/09/24 10:47:53 ET
Table 'Halaesus' 10-max Seat #7 is the button
Seat 6: Katerina1552 ($286.86 in chips)
Seat 7: VolkovDmitri ($143.84 in chips)
VolkovDmitri: posts small blind $1
Katerina1552: posts big blind $3
*** HOLE CARDS ***
VolkovDmitri: raises $3 to $6
Katerina1552: calls $3
*** FLOP *** [Th Ah Qd]
Katerina1552: checks
VolkovDmitri: bets $3
Katerina1552: raises $3 to $6
VolkovDmitri: raises $3 to $9
Katerina1552: calls $3
*** TURN *** [Th Ah Qd] [Kd]
Katerina1552: checks
VolkovDmitri: checks
*** RIVER *** [Th Ah Qd Kd] [5s]
Katerina1552: bets $6
VolkovDmitri: folds
Uncalled bet ($6) returned to Katerina1552
Katerina1552 collected $29.50 from pot
Katerina1552: doesn't show hand
*** SUMMARY ***
Total pot $30 | Rake $0.50
Board [Th Ah Qd Kd 5s]
Seat 6: Katerina1552 (big blind) collected ($29.50)
Seat 7: VolkovDmitri (button) (small blind) folded on the River


PokerStars Hand #159028120448:  Hold'em Limit ($3/$6 USD) - 2016/09/24 10:49:39 ET
Table 'Halaesus' 10-max Seat #6 is the button
Seat 6: Katerina1552 ($280.24 in chips)
Seat 7: VolkovDmitri ($148.88 in chips)
Katerina1552: posts small blind $1
VolkovDmitri: posts big blind $3
*** HOLE CARDS ***
Katerina1552: raises $3 to $6
VolkovDmitri: folds
Uncalled bet ($3) returned to Katerina1552
Katerina1552 collected $6 from pot
Katerina1552: doesn't show hand
*** SUMMARY ***
Total pot $6 | Rake $0
Seat 6: Katerina1552 (button) (small blind) collected ($6)
Seat 7: VolkovDmitri (big blind) folded before Flop


PokerStars Hand #159028098036:  Hold'em Limit ($3/$6 USD) - 2016/09/24 10:49:02 ET
Table 'Halaesus' 10-max Seat #6 is the button
Seat 6: Katerina1552 ($283.36 in chips)
Seat 7: VolkovDmitri ($146.12 in chips)
Katerina1552: posts small blind $1
VolkovDmitri: posts big blind $3
*** HOLE CARDS ***
Katerina1552: calls $2
VolkovDmitri: checks
*** FLOP *** [9s Ac Kc]
VolkovDmitri: checks
Katerina1552: bets $3
VolkovDmitri: folds
Uncalled bet ($3) returned to Katerina1552
Katerina1552 collected $5.88 from pot
Katerina1552: doesn't show hand
*** SUMMARY ***
Total pot $6 | Rake $0.12
Board [9s Ac Kc]
Seat 6: Katerina1552 (button) (small blind) collected ($5.88)
Seat 7: VolkovDmitri (big blind) folded on the Flop


PokerStars Hand #159028110603:  Hold'em Limit ($3/$6 USD) - 2016/09/24 10:49:23 ET
Table 'Halaesus' 10-max Seat #7 is the button
Seat 6: Katerina1552 ($286.24 in chips)
Seat 7: VolkovDmitri ($143.12 in chips)
VolkovDmitri: posts small blind $1
Katerina1552: posts big blind $3
*** HOLE CARDS ***
VolkovDmitri: raises $3 to $6
Katerina1552: calls $3
*** FLOP *** [Kc 4s 7s]
Katerina1552: checks
VolkovDmitri: bets $3
Katerina1552: folds
Uncalled bet ($3) returned to VolkovDmitri
VolkovDmitri collected $11.76 from pot
VolkovDmitri: doesn't show hand
*** SUMMARY ***
Total pot $12 | Rake $0.24
Board [Kc 4s 7s]
Seat 6: Katerina1552 (big blind) folded on the Flop
Seat 7: VolkovDmitri (button) (small blind) collected ($11.76)


PokerStars Hand #159028150081:  Hold'em Limit ($3/$6 USD) - 2016/09/24 10:50:29 ET
Table 'Halaesus' 10-max Seat #6 is the button
Seat 6: Katerina1552 ($297.74 in chips)
Seat 7: VolkovDmitri ($130.88 in chips)
Katerina1552: posts small blind $1
VolkovDmitri: posts big blind $3
*** HOLE CARDS ***
Katerina1552: raises $3 to $6
VolkovDmitri: raises $3 to $9
Katerina1552: calls $3
*** FLOP *** [5d Jh 6c]
VolkovDmitri: checks
Katerina1552: checks
*** TURN *** [5d Jh 6c] [5h]
VolkovDmitri: checks
Katerina1552: checks
*** RIVER *** [5d Jh 6c 5h] [2d]
VolkovDmitri: checks
Katerina1552: checks
*** SHOW DOWN ***
VolkovDmitri: shows [Kd 9d] (a pair of Fives)
Katerina1552: shows [As 9h] (a pair of Fives - Ace kicker)
Katerina1552 collected $17.64 from pot
*** SUMMARY ***
Total pot $18 | Rake $0.36
Board [5d Jh 6c 5h 2d]
Seat 6: Katerina1552 (button) (small blind) showed [As 9h] and won ($17.64) with a pair of Fives
Seat 7: VolkovDmitri (big blind) showed [Kd 9d] and lost with a pair of Fives


PokerStars Hand #159028129633:  Hold'em Limit ($3/$6 USD) - 2016/09/24 10:49:55 ET
Table 'Halaesus' 10-max Seat #7 is the button
Seat 6: Katerina1552 ($283.24 in chips)
Seat 7: VolkovDmitri ($145.88 in chips)
VolkovDmitri: posts small blind $1
Katerina1552: posts big blind $3
*** HOLE CARDS ***
VolkovDmitri: raises $3 to $6
Katerina1552: calls $3
*** FLOP *** [5c Ac Kh]
Katerina1552: checks
VolkovDmitri: bets $3
Katerina1552: calls $3
*** TURN *** [5c Ac Kh] [2d]
Katerina1552: checks
VolkovDmitri: checks
*** RIVER *** [5c Ac Kh 2d] [9d]
Katerina1552: bets $6
VolkovDmitri: calls $6
*** SHOW DOWN ***
Katerina1552: shows [3h Kd] (a pair of Kings)
VolkovDmitri: mucks hand
Katerina1552 collected $29.50 from pot
*** SUMMARY ***
Total pot $30 | Rake $0.50
Board [5c Ac Kh 2d 9d]
Seat 6: Katerina1552 (big blind) showed [3h Kd] and won ($29.50) with a pair of Kings
Seat 7: VolkovDmitri (button) (small blind) mucked


PokerStars Hand #159028179018:  Hold'em Limit ($3/$6 USD) - 2016/09/24 10:51:17 ET
Table 'Halaesus' 10-max Seat #6 is the button
Seat 6: Katerina1552 ($300.38 in chips)
Seat 7: VolkovDmitri ($127.64 in chips)
Katerina1552: posts small blind $1
VolkovDmitri: posts big blind $3
*** HOLE CARDS ***
Katerina1552: raises $3 to $6
VolkovDmitri: raises $3 to $9
Katerina1552: calls $3
*** FLOP *** [As 7s Tc]
VolkovDmitri: bets $3
Katerina1552: calls $3
*** TURN *** [As 7s Tc] [2d]
VolkovDmitri: bets $6
Katerina1552: calls $6
*** RIVER *** [As 7s Tc 2d] [5c]
VolkovDmitri: bets $6
Katerina1552: folds
Uncalled bet ($6) returned to VolkovDmitri
VolkovDmitri collected $35.50 from pot
VolkovDmitri: doesn't show hand
*** SUMMARY ***
Total pot $36 | Rake $0.50
Board [As 7s Tc 2d 5c]
Seat 6: Katerina1552 (button) (small blind) folded on the River
Seat 7: VolkovDmitri (big blind) collected ($35.50)


PokerStars Hand #159028220034:  Hold'em Limit ($3/$6 USD) - 2016/09/24 10:52:25 ET
Table 'Halaesus' 10-max Seat #7 is the button
Seat 6: Katerina1552 ($292.90 in chips)
Seat 7: VolkovDmitri ($134.14 in chips)
VolkovDmitri: posts small blind $1
Katerina1552: posts big blind $3
*** HOLE CARDS ***
VolkovDmitri: folds
Uncalled bet ($2) returned to Katerina1552
Katerina1552 collected $2 from pot
Katerina1552: doesn't show hand
*** SUMMARY ***
Total pot $2 | Rake $0
Seat 6: Katerina1552 (big blind) collected ($2)
Seat 7: VolkovDmitri (button) (small blind) folded before Flop


PokerStars Hand #159028217060:  Hold'em Limit ($3/$6 USD) - 2016/09/24 10:52:20 ET
Table 'Halaesus' 10-max Seat #6 is the button
Seat 6: Katerina1552 ($293.90 in chips)
Seat 7: VolkovDmitri ($133.14 in chips)
Katerina1552: posts small blind $1
VolkovDmitri: posts big blind $3
*** HOLE CARDS ***
Katerina1552: folds
Uncalled bet ($2) returned to VolkovDmitri
VolkovDmitri collected $2 from pot
VolkovDmitri: doesn't show hand
*** SUMMARY ***
Total pot $2 | Rake $0
Seat 6: Katerina1552 (button) (small blind) folded before Flop
Seat 7: VolkovDmitri (big blind) collected ($2)


PokerStars Hand #159028189651:  Hold'em Limit ($3/$6 USD) - 2016/09/24 10:51:35 ET
Table 'Halaesus' 10-max Seat #7 is the button
Seat 6: Katerina1552 ($282.38 in chips)
Seat 7: VolkovDmitri ($145.14 in chips)
VolkovDmitri: posts small blind $1
Katerina1552: posts big blind $3
*** HOLE CARDS ***
VolkovDmitri: raises $3 to $6
Katerina1552: calls $3
*** FLOP *** [4h 3h Ks]
Katerina1552: checks
VolkovDmitri: bets $3
Katerina1552: raises $3 to $6
VolkovDmitri: calls $3
*** TURN *** [4h 3h Ks] [2d]
Katerina1552: checks
VolkovDmitri: checks
*** RIVER *** [4h 3h Ks 2d] [9d]
Katerina1552: bets $6
VolkovDmitri: folds
Uncalled bet ($6) returned to Katerina1552
Katerina1552 collected $23.52 from pot
Katerina1552: doesn't show hand
*** SUMMARY ***
Total pot $24 | Rake $0.48
Board [4h 3h Ks 2d 9d]
Seat 6: Katerina1552 (big blind) collected ($23.52)
Seat 7: VolkovDmitri (button) (small blind) folded on the River


PokerStars Hand #159028224126:  Hold'em Limit ($3/$6 USD) - 2016/09/24 10:52:32 ET
Table 'Halaesus' 10-max Seat #6 is the button
Seat 6: Katerina1552 ($293.90 in chips)
Seat 7: VolkovDmitri ($133.14 in chips)
Katerina1552: posts small blind $1
VolkovDmitri: posts big blind $3
*** HOLE CARDS ***
Katerina1552: folds
Uncalled bet ($2) returned to VolkovDmitri
VolkovDmitri collected $2 from pot
VolkovDmitri: doesn't show hand
*** SUMMARY ***
Total pot $2 | Rake $0
Seat 6: Katerina1552 (button) (small blind) folded before Flop
Seat 7: VolkovDmitri (big blind) collected ($2)


PokerStars Hand #159028234475:  Hold'em Limit ($3/$6 USD) - 2016/09/24 10:52:49 ET
Table 'Halaesus' 10-max Seat #6 is the button
Seat 6: Katerina1552 ($286.90 in chips)
Seat 7: VolkovDmitri ($139.90 in chips)
Katerina1552: posts small blind $1
VolkovDmitri: posts big blind $3
*** HOLE CARDS ***
Katerina1552: calls $2
VolkovDmitri: raises $3 to $6
Katerina1552: calls $3
*** FLOP *** [2h 8c 3h]
VolkovDmitri: checks
Katerina1552: checks
*** TURN *** [2h 8c 3h] [8d]
VolkovDmitri: bets $6
Katerina1552: folds
Uncalled bet ($6) returned to VolkovDmitri
VolkovDmitri collected $11.76 from pot
VolkovDmitri: doesn't show hand
*** SUMMARY ***
Total pot $12 | Rake $0.24
Board [2h 8c 3h 8d]
Seat 6: Katerina1552 (button) (small blind) folded on the Turn
Seat 7: VolkovDmitri (big blind) collected ($11.76)


PokerStars Hand #159028260721:  Hold'em Limit ($3/$6 USD) - 2016/09/24 10:53:33 ET
Table 'Halaesus' 10-max Seat #7 is the button
Seat 6: Katerina1552 ($280.90 in chips)
Seat 7: VolkovDmitri ($145.66 in chips)
VolkovDmitri: posts small blind $1
Katerina1552: posts big blind $3
*** HOLE CARDS ***
VolkovDmitri: raises $3 to $6
Katerina1552: calls $3
*** FLOP *** [Jd Jh Kh]
Katerina1552: checks
VolkovDmitri: bets $3
Katerina1552: calls $3
*** TURN *** [Jd Jh Kh] [8c]
Katerina1552: checks
VolkovDmitri: bets $6
Katerina1552: calls $6
*** RIVER *** [Jd Jh Kh 8c] [7s]
Katerina1552: checks
VolkovDmitri: bets $6
Katerina1552: calls $6
*** SHOW DOWN ***
VolkovDmitri: shows [8h 2h] (two pair, Jacks and Eights)
Katerina1552: shows [Qs 8d] (two pair, Jacks and Eights)
Katerina1552 collected $20.75 from pot
VolkovDmitri collected $20.75 from pot
*** SUMMARY ***
Total pot $42 | Rake $0.50
Board [Jd Jh Kh 8c 7s]
Seat 6: Katerina1552 (big blind) showed [Qs 8d] and won ($20.75) with two pair, Jacks and Eights
Seat 7: VolkovDmitri (button) (small blind) showed [8h 2h] and won ($20.75) with two pair, Jacks and Eights


PokerStars Hand #159028303211:  Hold'em Limit ($3/$6 USD) - 2016/09/24 10:54:44 ET
Table 'Halaesus' 10-max Seat #7 is the button
Seat 6: Katerina1552 ($271.65 in chips)
Seat 7: VolkovDmitri ($154.05 in chips)
VolkovDmitri: posts small blind $1
Katerina1552: posts big blind $3
*** HOLE CARDS ***
VolkovDmitri: raises $3 to $6
Katerina1552: calls $3
*** FLOP *** [8d 5c 6d]
Katerina1552: checks
VolkovDmitri: checks
*** TURN *** [8d 5c 6d] [8s]
Katerina1552: bets $6
VolkovDmitri: folds
Uncalled bet ($6) returned to Katerina1552
Katerina1552 collected $11.76 from pot
Katerina1552: doesn't show hand
*** SUMMARY ***
Total pot $12 | Rake $0.24
Board [8d 5c 6d 8s]
Seat 6: Katerina1552 (big blind) collected ($11.76)
Seat 7: VolkovDmitri (button) (small blind) folded on the Turn


PokerStars Hand #159028271995:  Hold'em Limit ($3/$6 USD) - 2016/09/24 10:53:52 ET
Table 'Halaesus' 10-max Seat #6 is the button
Seat 6: Katerina1552 ($280.65 in chips)
Seat 7: VolkovDmitri ($145.41 in chips)
Katerina1552: posts small blind $1
VolkovDmitri: posts big blind $3
*** HOLE CARDS ***
Katerina1552: raises $3 to $6
VolkovDmitri: calls $3
*** FLOP *** [Ac 5c 2c]
VolkovDmitri: checks
Katerina1552: bets $3
VolkovDmitri: calls $3
*** TURN *** [Ac 5c 2c] [Ts]
VolkovDmitri: bets $6
Katerina1552: folds
Uncalled bet ($6) returned to VolkovDmitri
VolkovDmitri collected $17.64 from pot
VolkovDmitri: doesn't show hand
*** SUMMARY ***
Total pot $18 | Rake $0.36
Board [Ac 5c 2c Ts]
Seat 6: Katerina1552 (button) (small blind) folded on the Turn
Seat 7: VolkovDmitri (big blind) collected ($17.64)


PokerStars Hand #159028317899:  Hold'em Limit ($3/$6 USD) - 2016/09/24 10:55:08 ET
Table 'Halaesus' 10-max Seat #6 is the button
Seat 6: Katerina1552 ($277.41 in chips)
Seat 7: VolkovDmitri ($148.05 in chips)
Katerina1552: posts small blind $1
VolkovDmitri: posts big blind $3
*** HOLE CARDS ***
Katerina1552: calls $2
VolkovDmitri: checks
*** FLOP *** [As Ad 5h]
VolkovDmitri: bets $3
Katerina1552: folds
Uncalled bet ($3) returned to VolkovDmitri
VolkovDmitri collected $5.88 from pot
VolkovDmitri: doesn't show hand
*** SUMMARY ***
Total pot $6 | Rake $0.12
Board [As Ad 5h]
Seat 6: Katerina1552 (button) (small blind) folded on the Flop
Seat 7: VolkovDmitri (big blind) collected ($5.88)


PokerStars Hand #159028325859:  Hold'em Limit ($3/$6 USD) - 2016/09/24 10:55:24 ET
Table 'Halaesus' 10-max Seat #7 is the button
Seat 6: Katerina1552 ($274.41 in chips)
Seat 7: VolkovDmitri ($150.93 in chips)
VolkovDmitri: posts small blind $1
Katerina1552: posts big blind $3
*** HOLE CARDS ***
VolkovDmitri: raises $3 to $6
Katerina1552: calls $3
*** FLOP *** [2s Qc 5c]
Katerina1552: checks
VolkovDmitri: bets $3
Katerina1552: raises $3 to $6
VolkovDmitri: calls $3
*** TURN *** [2s Qc 5c] [4s]
Katerina1552: bets $6
VolkovDmitri: calls $6
*** RIVER *** [2s Qc 5c 4s] [Tc]
Katerina1552: bets $6
VolkovDmitri: folds
Uncalled bet ($6) returned to Katerina1552
Katerina1552 collected $35.50 from pot
Katerina1552: doesn't show hand
*** SUMMARY ***
Total pot $36 | Rake $0.50
Board [2s Qc 5c 4s Tc]
Seat 6: Katerina1552 (big blind) collected ($35.50)
Seat 7: VolkovDmitri (button) (small blind) folded on the River


PokerStars Hand #159028351395:  Hold'em Limit ($3/$6 USD) - 2016/09/24 10:56:15 ET
Table 'Halaesus' 10-max Seat #7 is the button
Seat 6: Katerina1552 ($285.91 in chips)
Seat 7: VolkovDmitri ($138.69 in chips)
VolkovDmitri: posts small blind $1
Katerina1552: posts big blind $3
*** HOLE CARDS ***
VolkovDmitri: raises $3 to $6
Katerina1552: calls $3
*** FLOP *** [Qd 2c Kh]
Katerina1552: checks
VolkovDmitri: bets $3
Katerina1552: folds
Uncalled bet ($3) returned to VolkovDmitri
VolkovDmitri collected $11.76 from pot
VolkovDmitri: doesn't show hand
*** SUMMARY ***
Total pot $12 | Rake $0.24
Board [Qd 2c Kh]
Seat 6: Katerina1552 (big blind) folded on the Flop
Seat 7: VolkovDmitri (button) (small blind) collected ($11.76)


PokerStars Hand #159028355982:  Hold'em Limit ($3/$6 USD) - 2016/09/24 10:56:24 ET
Table 'Halaesus' 10-max Seat #6 is the button
Seat 6: Katerina1552 ($279.91 in chips)
Seat 7: VolkovDmitri ($144.45 in chips)
Katerina1552: posts small blind $1
VolkovDmitri: posts big blind $3
*** HOLE CARDS ***
Katerina1552: raises $3 to $6
VolkovDmitri: calls $3
*** FLOP *** [Qd 7c As]
VolkovDmitri: checks
Katerina1552: bets $3
VolkovDmitri: folds
Uncalled bet ($3) returned to Katerina1552
Psynto joins the table at seat #8
Katerina1552 collected $11.76 from pot
Katerina1552: doesn't show hand
*** SUMMARY ***
Total pot $12 | Rake $0.24
Board [Qd 7c As]
Seat 6: Katerina1552 (button) (small blind) collected ($11.76)
Seat 7: VolkovDmitri (big blind) folded on the Flop


PokerStars Hand #159028730774:  Hold'em Limit ($3/$6 USD) - 2016/09/24 11:07:23 ET
Table 'Halaesus' 10-max Seat #9 is the button
Seat 9: RJF1943 ($127.48 in chips)
Seat 10: dwergbiesjes ($30 in chips)
RJF1943: posts small blind $1
dwergbiesjes: posts big blind $3
*** HOLE CARDS ***
VolkovDmitri leaves the table
RJF1943: folds
Uncalled bet ($2) returned to dwergbiesjes
dwergbiesjes collected $2 from pot
dwergbiesjes: doesn't show hand
VolkovDmitri joins the table at seat #1
*** SUMMARY ***
Total pot $2 | Rake $0
Seat 9: RJF1943 (button) (small blind) folded before Flop
Seat 10: dwergbiesjes (big blind) collected ($2)


PokerStars Hand #159028716168:  Hold'em Limit ($3/$6 USD) - 2016/09/24 11:06:59 ET
Table 'Halaesus' 10-max Seat #7 is the button
Seat 7: VolkovDmitri ($151.53 in chips)
Seat 9: RJF1943 ($118.84 in chips)
VolkovDmitri: posts small blind $1
Psynto: is sitting out
RJF1943: posts big blind $3
*** HOLE CARDS ***
Psynto leaves the table
VolkovDmitri: raises $3 to $6
RJF1943: raises $3 to $9
VolkovDmitri: calls $3
*** FLOP *** [Jd 7d 4d]
RJF1943: bets $3
dwergbiesjes joins the table at seat #10
VolkovDmitri: folds
Uncalled bet ($3) returned to RJF1943
RJF1943 collected $17.64 from pot
RJF1943: doesn't show hand
*** SUMMARY ***
Total pot $18 | Rake $0.36
Board [Jd 7d 4d]
Seat 7: VolkovDmitri (button) (small blind) folded on the Flop
Seat 9: RJF1943 (big blind) collected ($17.64)


