PokerStars Hand #144773026004:  Hold'em Limit ($3/$6 USD) - 2015/12/03 15:26:31 ET
Table 'Halawe III' 2-max Seat #1 is the button
Seat 1: PelonCabelao ($89.50 in chips)
Seat 2: Miss Baxter ($90 in chips)
PelonCabelao: posts small blind $1
Miss Baxter: posts big blind $3
*** HOLE CARDS ***
PelonCabelao: folds
Uncalled bet ($2) returned to Miss Baxter
Miss Baxter collected $2 from pot
Miss Baxter: doesn't show hand
*** SUMMARY ***
Total pot $2 | Rake $0
Seat 1: PelonCabelao (button) (small blind) folded before Flop
Seat 2: Miss Baxter (big blind) collected ($2)


PokerStars Hand #144772981303:  Hold'em Limit ($3/$6 USD) - 2015/12/03 15:25:46 ET
Table 'Halawe III' 2-max Seat #2 is the button
Seat 1: PelonCabelao ($60 in chips)
Seat 2: Miss Baxter ($120 in chips)
Miss Baxter: posts small blind $1
PelonCabelao: posts big blind $3
*** HOLE CARDS ***
Miss Baxter: raises $3 to $6
PelonCabelao: raises $3 to $9
Miss Baxter: calls $3
*** FLOP *** [Qc 5h 9h]
PelonCabelao: bets $3
Miss Baxter: calls $3
*** TURN *** [Qc 5h 9h] [2h]
PelonCabelao: bets $6
Miss Baxter: calls $6
*** RIVER *** [Qc 5h 9h 2h] [6c]
PelonCabelao: checks
Miss Baxter: bets $6
PelonCabelao: raises $6 to $12
Miss Baxter: calls $6
*** SHOW DOWN ***
PelonCabelao: shows [Ah 7h] (a flush, Ace high)
Miss Baxter: mucks hand
PelonCabelao collected $59.50 from pot
*** SUMMARY ***
Total pot $60 | Rake $0.50
Board [Qc 5h 9h 2h 6c]
Seat 1: PelonCabelao (big blind) showed [Ah 7h] and won ($59.50) with a flush, Ace high
Seat 2: Miss Baxter (button) (small blind) mucked


PokerStars Hand #144773033258:  Hold'em Limit ($3/$6 USD) - 2015/12/03 15:26:38 ET
Table 'Halawe III' 2-max Seat #2 is the button
Seat 1: PelonCabelao ($88.50 in chips)
Seat 2: Miss Baxter ($91 in chips)
Miss Baxter: posts small blind $1
PelonCabelao: posts big blind $3
*** HOLE CARDS ***
Miss Baxter: raises $3 to $6
PelonCabelao: calls $3
*** FLOP *** [7s 4h 9d]
PelonCabelao: checks
Miss Baxter: bets $3
PelonCabelao: folds
Uncalled bet ($3) returned to Miss Baxter
Miss Baxter collected $11.76 from pot
Miss Baxter: doesn't show hand
*** SUMMARY ***
Total pot $12 | Rake $0.24
Board [7s 4h 9d]
Seat 1: PelonCabelao (big blind) folded on the Flop
Seat 2: Miss Baxter (button) (small blind) collected ($11.76)


PokerStars Hand #144773060005:  Hold'em Limit ($3/$6 USD) - 2015/12/03 15:27:04 ET
Table 'Halawe III' 2-max Seat #1 is the button
Seat 1: PelonCabelao ($82.50 in chips)
Seat 2: Miss Baxter ($96.76 in chips)
PelonCabelao: posts small blind $1
Miss Baxter: posts big blind $3
*** HOLE CARDS ***
PelonCabelao: folds
Uncalled bet ($2) returned to Miss Baxter
Miss Baxter collected $2 from pot
Miss Baxter: doesn't show hand
*** SUMMARY ***
Total pot $2 | Rake $0
Seat 1: PelonCabelao (button) (small blind) folded before Flop
Seat 2: Miss Baxter (big blind) collected ($2)


PokerStars Hand #144773068837:  Hold'em Limit ($3/$6 USD) - 2015/12/03 15:27:13 ET
Table 'Halawe III' 2-max Seat #2 is the button
Seat 1: PelonCabelao ($81.50 in chips)
Seat 2: Miss Baxter ($97.76 in chips)
Miss Baxter: posts small blind $1
PelonCabelao: posts big blind $3
*** HOLE CARDS ***
Miss Baxter: raises $3 to $6
PelonCabelao: calls $3
*** FLOP *** [Jh 9s 6h]
PelonCabelao: checks
Miss Baxter: bets $3
PelonCabelao: raises $3 to $6
Miss Baxter: folds
Uncalled bet ($3) returned to PelonCabelao
PelonCabelao collected $17.64 from pot
PelonCabelao: doesn't show hand
*** SUMMARY ***
Total pot $18 | Rake $0.36
Board [Jh 9s 6h]
Seat 1: PelonCabelao (big blind) collected ($17.64)
Seat 2: Miss Baxter (button) (small blind) folded on the Flop


PokerStars Hand #144773156066:  Hold'em Limit ($3/$6 USD) - 2015/12/03 15:28:39 ET
Table 'Halawe III' 2-max Seat #1 is the button
Seat 1: PelonCabelao ($83.52 in chips)
Seat 2: Miss Baxter ($97.26 in chips)
PelonCabelao: posts small blind $1
Miss Baxter: posts big blind $3
*** HOLE CARDS ***
PelonCabelao: folds
Uncalled bet ($2) returned to Miss Baxter
Miss Baxter collected $2 from pot
Miss Baxter: doesn't show hand
*** SUMMARY ***
Total pot $2 | Rake $0
Seat 1: PelonCabelao (button) (small blind) folded before Flop
Seat 2: Miss Baxter (big blind) collected ($2)


PokerStars Hand #144773132963:  Hold'em Limit ($3/$6 USD) - 2015/12/03 15:28:16 ET
Table 'Halawe III' 2-max Seat #2 is the button
Seat 1: PelonCabelao ($72 in chips)
Seat 2: Miss Baxter ($109.26 in chips)
Miss Baxter: posts small blind $1
PelonCabelao: posts big blind $3
*** HOLE CARDS ***
Miss Baxter: raises $3 to $6
PelonCabelao: calls $3
*** FLOP *** [Ks 9h 6d]
PelonCabelao: checks
Miss Baxter: bets $3
PelonCabelao: raises $3 to $6
Miss Baxter: calls $3
*** TURN *** [Ks 9h 6d] [9d]
PelonCabelao: bets $6
Miss Baxter: folds
Uncalled bet ($6) returned to PelonCabelao
PelonCabelao collected $23.52 from pot
PelonCabelao: doesn't show hand
*** SUMMARY ***
Total pot $24 | Rake $0.48
Board [Ks 9h 6d 9d]
Seat 1: PelonCabelao (big blind) collected ($23.52)
Seat 2: Miss Baxter (button) (small blind) folded on the Turn


PokerStars Hand #144773093093:  Hold'em Limit ($3/$6 USD) - 2015/12/03 15:27:37 ET
Table 'Halawe III' 2-max Seat #1 is the button
Seat 1: PelonCabelao ($90.14 in chips)
Seat 2: Miss Baxter ($88.76 in chips)
PelonCabelao: posts small blind $1
Miss Baxter: posts big blind $3
*** HOLE CARDS ***
PelonCabelao: raises $3 to $6
Miss Baxter: calls $3
*** FLOP *** [Qd Th 8h]
Miss Baxter: checks
PelonCabelao: bets $3
Miss Baxter: raises $3 to $6
PelonCabelao: raises $3 to $9
Miss Baxter: calls $3
*** TURN *** [Qd Th 8h] [Jc]
Miss Baxter: checks
PelonCabelao: checks
*** RIVER *** [Qd Th 8h Jc] [As]
Miss Baxter: bets $6
PelonCabelao: calls $6
*** SHOW DOWN ***
Miss Baxter: shows [Kh 2h] (a straight, Ten to Ace)
PelonCabelao: mucks hand
Miss Baxter collected $41.50 from pot
*** SUMMARY ***
Total pot $42 | Rake $0.50
Board [Qd Th 8h Jc As]
Seat 1: PelonCabelao (button) (small blind) mucked
Seat 2: Miss Baxter (big blind) showed [Kh 2h] and won ($41.50) with a straight, Ten to Ace


PokerStars Hand #144773160732:  Hold'em Limit ($3/$6 USD) - 2015/12/03 15:28:44 ET
Table 'Halawe III' 2-max Seat #2 is the button
Seat 1: PelonCabelao ($82.52 in chips)
Seat 2: Miss Baxter ($98.26 in chips)
Miss Baxter: posts small blind $1
PelonCabelao: posts big blind $3
*** HOLE CARDS ***
Miss Baxter: raises $3 to $6
PelonCabelao: calls $3
*** FLOP *** [Th Qd 4c]
PelonCabelao: checks
Miss Baxter: checks
*** TURN *** [Th Qd 4c] [Ah]
PelonCabelao: checks
Miss Baxter: bets $6
PelonCabelao: folds
Uncalled bet ($6) returned to Miss Baxter
Miss Baxter collected $11.76 from pot
Miss Baxter: doesn't show hand
*** SUMMARY ***
Total pot $12 | Rake $0.24
Board [Th Qd 4c Ah]
Seat 1: PelonCabelao (big blind) folded on the Turn
Seat 2: Miss Baxter (button) (small blind) collected ($11.76)


PokerStars Hand #144773181471:  Hold'em Limit ($3/$6 USD) - 2015/12/03 15:29:05 ET
Table 'Halawe III' 2-max Seat #1 is the button
Seat 1: PelonCabelao ($76.52 in chips)
Seat 2: Miss Baxter ($104.02 in chips)
PelonCabelao: posts small blind $1
Miss Baxter: posts big blind $3
*** HOLE CARDS ***
PelonCabelao: raises $3 to $6
Miss Baxter: calls $3
*** FLOP *** [Ac Ts 2s]
Miss Baxter: checks
PelonCabelao: bets $3
Miss Baxter: calls $3
*** TURN *** [Ac Ts 2s] [3h]
Miss Baxter: checks
PelonCabelao: bets $6
Miss Baxter: raises $6 to $12
PelonCabelao: calls $6
*** RIVER *** [Ac Ts 2s 3h] [9c]
Miss Baxter: bets $6
PelonCabelao: calls $6
*** SHOW DOWN ***
Miss Baxter: shows [8d As] (a pair of Aces)
PelonCabelao: mucks hand
Miss Baxter collected $53.50 from pot
*** SUMMARY ***
Total pot $54 | Rake $0.50
Board [Ac Ts 2s 3h 9c]
Seat 1: PelonCabelao (button) (small blind) mucked
Seat 2: Miss Baxter (big blind) showed [8d As] and won ($53.50) with a pair of Aces


