PokerStars Hand #170640528120:  Hold'em Limit ($3/$6 USD) - 2017/05/19 16:00:52 ET
Table 'Haldus' 6-max Seat #4 is the button
Seat 4: Actionni13 ($157.61 in chips)
Seat 6: MadFox666 ($113 in chips)
Actionni13: posts small blind $1
DismasX: is sitting out
MadFox666: posts big blind $3
*** HOLE CARDS ***
Actionni13: raises $3 to $6
MadFox666: raises $3 to $9
Actionni13: calls $3
*** FLOP *** [Tc 7h Jh]
MadFox666: bets $3
DismasX leaves the table
Actionni13: calls $3
*** TURN *** [Tc 7h Jh] [Ac]
MadFox666: bets $6
Hannibal2211 joins the table at seat #1
Actionni13: raises $6 to $12
MadFox666: folds
Uncalled bet ($6) returned to Actionni13
Actionni13 collected $35.50 from pot
Actionni13: doesn't show hand
*** SUMMARY ***
Total pot $36 | Rake $0.50
Board [Tc 7h Jh Ac]
Seat 4: Actionni13 (button) (small blind) collected ($35.50)
Seat 6: MadFox666 (big blind) folded on the Turn


PokerStars Hand #170640586180:  Hold'em Limit ($3/$6 USD) - 2017/05/19 16:02:07 ET
Table 'Haldus' 6-max Seat #1 is the button
Seat 1: Hannibal2211 ($72 in chips)
Seat 6: MadFox666 ($65 in chips)
Hannibal2211: posts small blind $1
Actionni13: is sitting out
MadFox666: posts big blind $3
*** HOLE CARDS ***
Hannibal2211: folds
Uncalled bet ($2) returned to MadFox666
MadFox666 collected $2 from pot
MadFox666: doesn't show hand
*** SUMMARY ***
Total pot $2 | Rake $0
Seat 1: Hannibal2211 (button) (small blind) folded before Flop
Seat 6: MadFox666 (big blind) collected ($2)


PokerStars Hand #170642965100:  Hold'em Limit ($3/$6 USD) - 2017/05/19 16:48:08 ET
Table 'Haldus' 6-max Seat #3 is the button
Seat 1: Krazy90 ($179.07 in chips)
Seat 3: 2outers<3me ($219.76 in chips)
2outers<3me: posts small blind $1
Krazy90: posts big blind $3
*** HOLE CARDS ***
2outers<3me: raises $3 to $6
Krazy90: folds
Uncalled bet ($3) returned to 2outers<3me
2outers<3me collected $6 from pot
2outers<3me: doesn't show hand
*** SUMMARY ***
Total pot $6 | Rake $0
Seat 1: Krazy90 (big blind) folded before Flop
Seat 3: 2outers<3me (button) (small blind) collected ($6)


PokerStars Hand #170642969475:  Hold'em Limit ($3/$6 USD) - 2017/05/19 16:48:13 ET
Table 'Haldus' 6-max Seat #1 is the button
Seat 1: Krazy90 ($176.07 in chips)
Seat 3: 2outers<3me ($222.76 in chips)
Krazy90: posts small blind $1
2outers<3me: posts big blind $3
*** HOLE CARDS ***
Krazy90: raises $3 to $6
2outers<3me: calls $3
*** FLOP *** [4c Kc 6c]
2outers<3me: checks
Krazy90: bets $3
2outers<3me: calls $3
*** TURN *** [4c Kc 6c] [4d]
2outers<3me: checks
Krazy90: bets $6
2outers<3me: raises $6 to $12
Krazy90: folds
Uncalled bet ($6) returned to 2outers<3me
2outers<3me collected $29.50 from pot
2outers<3me: doesn't show hand
*** SUMMARY ***
Total pot $30 | Rake $0.50
Board [4c Kc 6c 4d]
Seat 1: Krazy90 (button) (small blind) folded on the Turn
Seat 3: 2outers<3me (big blind) collected ($29.50)


PokerStars Hand #170643033244:  Hold'em Limit ($3/$6 USD) - 2017/05/19 16:49:28 ET
Table 'Haldus' 6-max Seat #3 is the button
Seat 3: 2outers<3me ($225.26 in chips)
Seat 4: Scheubi88 ($131.52 in chips)
2outers<3me: posts small blind $1
Scheubi88: posts big blind $3
*** HOLE CARDS ***
2outers<3me: raises $3 to $6
Scheubi88: calls $3
*** FLOP *** [Th 8c 7h]
Scheubi88: checks
2outers<3me: bets $3
Scheubi88: raises $3 to $6
2outers<3me: folds
Uncalled bet ($3) returned to Scheubi88
Scheubi88 collected $17.64 from pot
Scheubi88: doesn't show hand
*** SUMMARY ***
Total pot $18 | Rake $0.36
Board [Th 8c 7h]
Seat 3: 2outers<3me (button) (small blind) folded on the Flop
Seat 4: Scheubi88 (big blind) collected ($17.64)


PokerStars Hand #170643012921:  Hold'em Limit ($3/$6 USD) - 2017/05/19 16:49:04 ET
Table 'Haldus' 6-max Seat #3 is the button
Seat 3: 2outers<3me ($237.26 in chips)
Seat 4: Scheubi88 ($120 in chips)
2outers<3me: posts small blind $1
Scheubi88: posts big blind $3
*** HOLE CARDS ***
2outers<3me: raises $3 to $6
Scheubi88: calls $3
*** FLOP *** [Jd 2c 4d]
Scheubi88: checks
2outers<3me: checks
*** TURN *** [Jd 2c 4d] [6s]
Scheubi88: bets $6
2outers<3me: folds
Uncalled bet ($6) returned to Scheubi88
Scheubi88 collected $11.76 from pot
Scheubi88: doesn't show hand
*** SUMMARY ***
Total pot $12 | Rake $0.24
Board [Jd 2c 4d 6s]
Seat 3: 2outers<3me (button) (small blind) folded on the Turn
Seat 4: Scheubi88 (big blind) collected ($11.76)


PokerStars Hand #170643025182:  Hold'em Limit ($3/$6 USD) - 2017/05/19 16:49:19 ET
Table 'Haldus' 6-max Seat #4 is the button
Seat 3: 2outers<3me ($231.26 in chips)
Seat 4: Scheubi88 ($125.76 in chips)
Scheubi88: posts small blind $1
2outers<3me: posts big blind $3
*** HOLE CARDS ***
Scheubi88: raises $3 to $6
2outers<3me: calls $3
*** FLOP *** [Kh 4s Tc]
2outers<3me: checks
Scheubi88: bets $3
2outers<3me: folds
Uncalled bet ($3) returned to Scheubi88
Scheubi88 collected $11.76 from pot
Scheubi88: doesn't show hand
*** SUMMARY ***
Total pot $12 | Rake $0.24
Board [Kh 4s Tc]
Seat 3: 2outers<3me (big blind) folded on the Flop
Seat 4: Scheubi88 (button) (small blind) collected ($11.76)


PokerStars Hand #170643046077:  Hold'em Limit ($3/$6 USD) - 2017/05/19 16:49:43 ET
Table 'Haldus' 6-max Seat #4 is the button
Seat 3: 2outers<3me ($216.26 in chips)
Seat 4: Scheubi88 ($140.16 in chips)
Scheubi88: posts small blind $1
2outers<3me: posts big blind $3
*** HOLE CARDS ***
Scheubi88: raises $3 to $6
2outers<3me: calls $3
*** FLOP *** [As Ac 2c]
2outers<3me: checks
Scheubi88: bets $3
2outers<3me: calls $3
*** TURN *** [As Ac 2c] [Qh]
2outers<3me: checks
Scheubi88: bets $6
2outers<3me: calls $6
*** RIVER *** [As Ac 2c Qh] [6d]
2outers<3me: checks
Scheubi88: checks
*** SHOW DOWN ***
2outers<3me: shows [Jd Tc] (a pair of Aces)
Scheubi88: mucks hand
2outers<3me collected $29.50 from pot
*** SUMMARY ***
Total pot $30 | Rake $0.50
Board [As Ac 2c Qh 6d]
Seat 3: 2outers<3me (big blind) showed [Jd Tc] and won ($29.50) with a pair of Aces
Seat 4: Scheubi88 (button) (small blind) mucked


PokerStars Hand #170643061533:  Hold'em Limit ($3/$6 USD) - 2017/05/19 16:50:02 ET
Table 'Haldus' 6-max Seat #3 is the button
Seat 3: 2outers<3me ($230.76 in chips)
Seat 4: Scheubi88 ($125.16 in chips)
2outers<3me: posts small blind $1
Scheubi88: posts big blind $3
*** HOLE CARDS ***
2outers<3me: raises $3 to $6
Scheubi88: folds
Uncalled bet ($3) returned to 2outers<3me
2outers<3me collected $6 from pot
2outers<3me: doesn't show hand
*** SUMMARY ***
Total pot $6 | Rake $0
Seat 3: 2outers<3me (button) (small blind) collected ($6)
Seat 4: Scheubi88 (big blind) folded before Flop


PokerStars Hand #170643066223:  Hold'em Limit ($3/$6 USD) - 2017/05/19 16:50:07 ET
Table 'Haldus' 6-max Seat #4 is the button
Seat 3: 2outers<3me ($233.76 in chips)
Seat 4: Scheubi88 ($122.16 in chips)
Scheubi88: posts small blind $1
2outers<3me: posts big blind $3
*** HOLE CARDS ***
Scheubi88 said, "idiot"
Scheubi88: raises $3 to $6
2outers<3me: calls $3
*** FLOP *** [6c 8h Qh]
2outers<3me: checks
Scheubi88: bets $3
artecris joins the table at seat #2
2outers<3me: calls $3
*** TURN *** [6c 8h Qh] [8d]
2outers<3me: checks
Scheubi88: checks
*** RIVER *** [6c 8h Qh 8d] [Tc]
2outers<3me: bets $6
Scheubi88: calls $6
*** SHOW DOWN ***
2outers<3me: shows [Qc 3s] (two pair, Queens and Eights)
Scheubi88: mucks hand
2outers<3me collected $29.50 from pot
*** SUMMARY ***
Total pot $30 | Rake $0.50
Board [6c 8h Qh 8d Tc]
Seat 3: 2outers<3me (big blind) showed [Qc 3s] and won ($29.50) with two pair, Queens and Eights
Seat 4: Scheubi88 (button) (small blind) mucked


PokerStars Hand #170643078963:  Hold'em Limit ($3/$6 USD) - 2017/05/19 16:50:22 ET
Table 'Haldus' 6-max Seat #3 is the button
Seat 3: 2outers<3me ($248.26 in chips)
Seat 4: Scheubi88 ($107.16 in chips)
2outers<3me: posts small blind $1
Scheubi88: posts big blind $3
*** HOLE CARDS ***
2outers<3me: raises $3 to $6
Scheubi88: calls $3
*** FLOP *** [Js 7c 5s]
Scheubi88: checks
2outers<3me: checks
*** TURN *** [Js 7c 5s] [2s]
Scheubi88: bets $6
2outers<3me: calls $6
*** RIVER *** [Js 7c 5s 2s] [Kc]
Scheubi88: bets $6
2outers<3me: raises $6 to $12
Scheubi88: calls $6
*** SHOW DOWN ***
2outers<3me: shows [4h Ks] (a pair of Kings)
Scheubi88: mucks hand
2outers<3me collected $47.50 from pot
*** SUMMARY ***
Total pot $48 | Rake $0.50
Board [Js 7c 5s 2s Kc]
Seat 3: 2outers<3me (button) (small blind) showed [4h Ks] and won ($47.50) with a pair of Kings
Seat 4: Scheubi88 (big blind) mucked


PokerStars Hand #170644088947:  Hold'em Limit ($3/$6 USD) - 2017/05/19 17:11:38 ET
Table 'Haldus' 6-max Seat #5 is the button
Seat 4: Apanage ($82.47 in chips)
Seat 5: Krazy90 ($159.78 in chips)
Krazy90: posts small blind $1
Actionni13: is sitting out
Apanage: posts big blind $3
*** HOLE CARDS ***
Krazy90: raises $3 to $6
Apanage: raises $3 to $9
Krazy90: calls $3
*** FLOP *** [9c Ah 7s]
Apanage: bets $3
Krazy90: calls $3
*** TURN *** [9c Ah 7s] [9d]
Apanage: bets $6
Krazy90: calls $6
*** RIVER *** [9c Ah 7s 9d] [Td]
Apanage: checks
Krazy90: bets $6
Apanage: folds
Uncalled bet ($6) returned to Krazy90
Krazy90 collected $35.50 from pot
Krazy90: doesn't show hand
*** SUMMARY ***
Total pot $36 | Rake $0.50
Board [9c Ah 7s 9d Td]
Seat 4: Apanage (big blind) folded on the River
Seat 5: Krazy90 (button) (small blind) collected ($35.50)


