PokerStars Hand #172224605872:  Hold'em Limit ($3/$6 USD) - 2017/06/25 12:38:30 ET
Table 'Haldus II' 6-max Seat #3 is the button
Seat 3: MobutuSeSe ($108.52 in chips)
Seat 4: Actionni13 ($150 in chips)
MobutuSeSe: posts small blind $1
Actionni13: posts big blind $3
*** HOLE CARDS ***
MobutuSeSe: raises $3 to $6
Actionni13: raises $3 to $9
MobutuSeSe: calls $3
*** FLOP *** [2s Ac Qh]
Actionni13: bets $3
MobutuSeSe: calls $3
*** TURN *** [2s Ac Qh] [7s]
Actionni13: bets $6
MobutuSeSe: raises $6 to $12
Krazy90 joins the table at seat #5
Actionni13: folds
Uncalled bet ($6) returned to MobutuSeSe
MobutuSeSe collected $35.50 from pot
*** SUMMARY ***
Total pot $36 | Rake $0.50
Board [2s Ac Qh 7s]
Seat 3: MobutuSeSe (button) (small blind) collected ($35.50)
Seat 4: Actionni13 (big blind) folded on the Turn


PokerStars Hand #172224602133:  Hold'em Limit ($3/$6 USD) - 2017/06/25 12:38:25 ET
Table 'Haldus II' 6-max Seat #4 is the button
Seat 3: MobutuSeSe ($107.52 in chips)
Seat 4: Actionni13 ($151 in chips)
Actionni13: posts small blind $1
MobutuSeSe: posts big blind $3
*** HOLE CARDS ***
Actionni13: folds
Uncalled bet ($2) returned to MobutuSeSe
MobutuSeSe collected $2 from pot
*** SUMMARY ***
Total pot $2 | Rake $0
Seat 3: MobutuSeSe (big blind) collected ($2)
Seat 4: Actionni13 (button) (small blind) folded before Flop


PokerStars Hand #172224594075:  Hold'em Limit ($3/$6 USD) - 2017/06/25 12:38:14 ET
Table 'Haldus II' 6-max Seat #3 is the button
Seat 3: MobutuSeSe ($108.52 in chips)
Seat 4: Actionni13 ($150 in chips)
MobutuSeSe: posts small blind $1
Actionni13: posts big blind $3
*** HOLE CARDS ***
MobutuSeSe: folds
Uncalled bet ($2) returned to Actionni13
Actionni13 collected $2 from pot
Actionni13: doesn't show hand
*** SUMMARY ***
Total pot $2 | Rake $0
Seat 3: MobutuSeSe (button) (small blind) folded before Flop
Seat 4: Actionni13 (big blind) collected ($2)


PokerStars Hand #172226582672:  Hold'em Limit ($3/$6 USD) - 2017/06/25 13:22:40 ET
Table 'Haldus II' 6-max Seat #3 is the button
Seat 3: MobutuSeSe ($90 in chips)
Seat 4: Actionni13 ($328.01 in chips)
MobutuSeSe: posts small blind $1
Actionni13: posts big blind $3
*** HOLE CARDS ***
MobutuSeSe: raises $3 to $6
Actionni13: folds
Uncalled bet ($3) returned to MobutuSeSe
MobutuSeSe collected $6 from pot
*** SUMMARY ***
Total pot $6 | Rake $0
Seat 3: MobutuSeSe (button) (small blind) collected ($6)
Seat 4: Actionni13 (big blind) folded before Flop


PokerStars Hand #172226591246:  Hold'em Limit ($3/$6 USD) - 2017/06/25 13:22:50 ET
Table 'Haldus II' 6-max Seat #4 is the button
Seat 3: MobutuSeSe ($93 in chips)
Seat 4: Actionni13 ($325.01 in chips)
Actionni13: posts small blind $1
MobutuSeSe: posts big blind $3
*** HOLE CARDS ***
Actionni13: folds
Uncalled bet ($2) returned to MobutuSeSe
MobutuSeSe collected $2 from pot
*** SUMMARY ***
Total pot $2 | Rake $0
Seat 3: MobutuSeSe (big blind) collected ($2)
Seat 4: Actionni13 (button) (small blind) folded before Flop


PokerStars Hand #172226600683:  Hold'em Limit ($3/$6 USD) - 2017/06/25 13:23:01 ET
Table 'Haldus II' 6-max Seat #3 is the button
Seat 3: MobutuSeSe ($94 in chips)
Seat 4: Actionni13 ($324.01 in chips)
MobutuSeSe: posts small blind $1
Actionni13: posts big blind $3
*** HOLE CARDS ***
MobutuSeSe: raises $3 to $6
Actionni13: calls $3
*** FLOP *** [Qh Ks 2s]
Actionni13: checks
MobutuSeSe: bets $3
Actionni13: raises $3 to $6
MobutuSeSe: calls $3
*** TURN *** [Qh Ks 2s] [Kc]
Actionni13: bets $6
MobutuSeSe: folds
Uncalled bet ($6) returned to Actionni13
Actionni13 collected $23.52 from pot
Actionni13: doesn't show hand
*** SUMMARY ***
Total pot $24 | Rake $0.48
Board [Qh Ks 2s Kc]
Seat 3: MobutuSeSe (button) (small blind) folded on the Turn
Seat 4: Actionni13 (big blind) collected ($23.52)


PokerStars Hand #172226648792:  Hold'em Limit ($3/$6 USD) - 2017/06/25 13:23:59 ET
Table 'Haldus II' 6-max Seat #4 is the button
Seat 3: MobutuSeSe ($82 in chips)
Seat 4: Actionni13 ($335.53 in chips)
Actionni13: posts small blind $1
MobutuSeSe: posts big blind $3
*** HOLE CARDS ***
Actionni13: raises $3 to $6
MobutuSeSe: calls $3
*** FLOP *** [6d 2s As]
MobutuSeSe: checks
Actionni13: bets $3
MobutuSeSe: calls $3
*** TURN *** [6d 2s As] [6h]
MobutuSeSe: checks
Actionni13: checks
*** RIVER *** [6d 2s As 6h] [5c]
MobutuSeSe: bets $6
Actionni13: raises $6 to $12
MobutuSeSe: folds
Uncalled bet ($6) returned to Actionni13
Actionni13 collected $29.50 from pot
Actionni13: doesn't show hand
*** SUMMARY ***
Total pot $30 | Rake $0.50
Board [6d 2s As 6h 5c]
Seat 3: MobutuSeSe (big blind) folded on the River
Seat 4: Actionni13 (button) (small blind) collected ($29.50)


PokerStars Hand #172226703208:  Hold'em Limit ($3/$6 USD) - 2017/06/25 13:25:05 ET
Table 'Haldus II' 6-max Seat #4 is the button
Seat 3: MobutuSeSe ($70 in chips)
Seat 4: Actionni13 ($347.03 in chips)
Actionni13: posts small blind $1
MobutuSeSe: posts big blind $3
*** HOLE CARDS ***
Actionni13: folds
Uncalled bet ($2) returned to MobutuSeSe
MobutuSeSe collected $2 from pot
*** SUMMARY ***
Total pot $2 | Rake $0
Seat 3: MobutuSeSe (big blind) collected ($2)
Seat 4: Actionni13 (button) (small blind) folded before Flop


PokerStars Hand #172226687426:  Hold'em Limit ($3/$6 USD) - 2017/06/25 13:24:46 ET
Table 'Haldus II' 6-max Seat #3 is the button
Seat 3: MobutuSeSe ($67 in chips)
Seat 4: Actionni13 ($350.03 in chips)
MobutuSeSe: posts small blind $1
Actionni13: posts big blind $3
*** HOLE CARDS ***
MobutuSeSe: raises $3 to $6
Actionni13: folds
Uncalled bet ($3) returned to MobutuSeSe
MobutuSeSe collected $6 from pot
*** SUMMARY ***
Total pot $6 | Rake $0
Seat 3: MobutuSeSe (button) (small blind) collected ($6)
Seat 4: Actionni13 (big blind) folded before Flop


PokerStars Hand #172226708221:  Hold'em Limit ($3/$6 USD) - 2017/06/25 13:25:11 ET
Table 'Haldus II' 6-max Seat #3 is the button
Seat 3: MobutuSeSe ($71 in chips)
Seat 4: Actionni13 ($346.03 in chips)
MobutuSeSe: posts small blind $1
Actionni13: posts big blind $3
*** HOLE CARDS ***
MobutuSeSe: raises $3 to $6
Actionni13: calls $3
*** FLOP *** [Jd 9d Ah]
Actionni13: checks
MobutuSeSe: bets $3
Actionni13: raises $3 to $6
MobutuSeSe: raises $3 to $9
Actionni13: calls $3
*** TURN *** [Jd 9d Ah] [4h]
Actionni13: checks
MobutuSeSe: bets $6
Actionni13: calls $6
*** RIVER *** [Jd 9d Ah 4h] [Tc]
Actionni13: checks
MobutuSeSe: bets $6
Actionni13: folds
Uncalled bet ($6) returned to MobutuSeSe
MobutuSeSe collected $41.50 from pot
*** SUMMARY ***
Total pot $42 | Rake $0.50
Board [Jd 9d Ah 4h Tc]
Seat 3: MobutuSeSe (button) (small blind) collected ($41.50)
Seat 4: Actionni13 (big blind) folded on the River


PokerStars Hand #172226771409:  Hold'em Limit ($3/$6 USD) - 2017/06/25 13:26:27 ET
Table 'Haldus II' 6-max Seat #4 is the button
Seat 3: MobutuSeSe ($91.50 in chips)
Seat 4: Actionni13 ($325.03 in chips)
Actionni13: posts small blind $1
MobutuSeSe: posts big blind $3
*** HOLE CARDS ***
Actionni13: raises $3 to $6
MobutuSeSe: calls $3
*** FLOP *** [As 5d 2c]
MobutuSeSe: checks
Actionni13: bets $3
MobutuSeSe: raises $3 to $6
Actionni13: calls $3
*** TURN *** [As 5d 2c] [Js]
MobutuSeSe: bets $6
Actionni13: folds
Uncalled bet ($6) returned to MobutuSeSe
MobutuSeSe collected $23.52 from pot
*** SUMMARY ***
Total pot $24 | Rake $0.48
Board [As 5d 2c Js]
Seat 3: MobutuSeSe (big blind) collected ($23.52)
Seat 4: Actionni13 (button) (small blind) folded on the Turn


PokerStars Hand #172228258981:  Hold'em Limit ($3/$6 USD) - 2017/06/25 13:56:38 ET
Table 'Haldus II' 6-max Seat #4 is the button
Seat 4: caliberblue ($139.53 in chips)
Seat 6: sippo83 ($175.80 in chips)
Apanage joins the table at seat #1
caliberblue: posts small blind $1
sippo83: posts big blind $3
*** HOLE CARDS ***
caliberblue: folds
Uncalled bet ($2) returned to sippo83
sippo83 collected $2 from pot
*** SUMMARY ***
Total pot $2 | Rake $0
Seat 4: caliberblue (button) (small blind) folded before Flop
Seat 6: sippo83 (big blind) collected ($2)


PokerStars Hand #172228250913:  Hold'em Limit ($3/$6 USD) - 2017/06/25 13:56:24 ET
Table 'Haldus II' 6-max Seat #6 is the button
Seat 4: caliberblue ($142.53 in chips)
Seat 6: sippo83 ($172.80 in chips)
sippo83: posts small blind $1
AzureCaper: is sitting out
caliberblue: posts big blind $3
*** HOLE CARDS ***
sippo83: raises $3 to $6
AzureCaper leaves the table
caliberblue: folds
Uncalled bet ($3) returned to sippo83
sippo83 collected $6 from pot
*** SUMMARY ***
Total pot $6 | Rake $0
Seat 4: caliberblue (big blind) folded before Flop
Seat 6: sippo83 (button) (small blind) collected ($6)


PokerStars Hand #172235623717:  Hold'em Limit ($3/$6 USD) - 2017/06/25 16:20:53 ET
Table 'Haldus II' 6-max Seat #6 is the button
Seat 5: scorpio04 ($298.86 in chips)
Seat 6: RaisemyNut$ ($116.94 in chips)
RaisemyNut$: posts small blind $1
Rednaxela05: is sitting out
scorpio04: posts big blind $3
*** HOLE CARDS ***
Rednaxela05 leaves the table
RaisemyNut$: raises $3 to $6
scorpio04: calls $3
*** FLOP *** [5c Js 4s]
scorpio04: checks
RaisemyNut$: bets $3
scorpio04: raises $3 to $6
RaisemyNut$: calls $3
*** TURN *** [5c Js 4s] [Qs]
scorpio04: bets $6
RaisemyNut$: raises $6 to $12
scorpio04: raises $6 to $18
RaisemyNut$: calls $6
*** RIVER *** [5c Js 4s Qs] [9c]
scorpio04: bets $6
RaisemyNut$: calls $6
*** SHOW DOWN ***
scorpio04: shows [8s 5s] (a flush, Queen high)
RaisemyNut$: mucks hand
scorpio04 collected $71.50 from pot
*** SUMMARY ***
Total pot $72 | Rake $0.50
Board [5c Js 4s Qs 9c]
Seat 5: scorpio04 (big blind) showed [8s 5s] and won ($71.50) with a flush, Queen high
Seat 6: RaisemyNut$ (button) (small blind) mucked


PokerStars Hand #172243338475:  Hold'em Limit ($3/$6 USD) - 2017/06/25 19:18:52 ET
Table 'Haldus II' 6-max Seat #2 is the button
Seat 1: RaisemyNut$ ($151.65 in chips)
Seat 2: hassan67 ($113.08 in chips)
hassan67: posts small blind $1
SonneUndMond: is sitting out
RaisemyNut$: posts big blind $3
*** HOLE CARDS ***
hassan67: raises $3 to $6
RaisemyNut$: calls $3
*** FLOP *** [Qd As Td]
RaisemyNut$: checks
hassan67: bets $3
RaisemyNut$: folds
Uncalled bet ($3) returned to hassan67
hassan67 collected $11.76 from pot
hassan67: doesn't show hand
SonneUndMond leaves the table
*** SUMMARY ***
Total pot $12 | Rake $0.24
Board [Qd As Td]
Seat 1: RaisemyNut$ (big blind) folded on the Flop
Seat 2: hassan67 (button) (small blind) collected ($11.76)


PokerStars Hand #172243344593:  Hold'em Limit ($3/$6 USD) - 2017/06/25 19:19:03 ET
Table 'Haldus II' 6-max Seat #1 is the button
Seat 1: RaisemyNut$ ($145.65 in chips)
Seat 2: hassan67 ($118.84 in chips)
RaisemyNut$: posts small blind $1
hassan67: posts big blind $3
*** HOLE CARDS ***
RaisemyNut$: raises $3 to $6
hassan67: calls $3
*** FLOP *** [5s 9d 7d]
hassan67: checks
RaisemyNut$: bets $3
hassan67: raises $3 to $6
RaisemyNut$: calls $3
*** TURN *** [5s 9d 7d] [3h]
hassan67: bets $6
RaisemyNut$: calls $6
*** RIVER *** [5s 9d 7d 3h] [Qd]
hassan67: bets $6
RaisemyNut$: folds
Uncalled bet ($6) returned to hassan67
hassan67 collected $35.50 from pot
hassan67: doesn't show hand
*** SUMMARY ***
Total pot $36 | Rake $0.50
Board [5s 9d 7d 3h Qd]
Seat 1: RaisemyNut$ (button) (small blind) folded on the River
Seat 2: hassan67 (big blind) collected ($35.50)


PokerStars Hand #172243360405:  Hold'em Limit ($3/$6 USD) - 2017/06/25 19:19:32 ET
Table 'Haldus II' 6-max Seat #2 is the button
Seat 1: RaisemyNut$ ($127.65 in chips)
Seat 2: hassan67 ($136.34 in chips)
hassan67: posts small blind $1
RaisemyNut$: posts big blind $3
*** HOLE CARDS ***
hassan67: raises $3 to $6
RaisemyNut$: raises $3 to $9
hassan67: calls $3
*** FLOP *** [4s Jd Ks]
RaisemyNut$: bets $3
hassan67: raises $3 to $6
RaisemyNut$: folds
Uncalled bet ($3) returned to hassan67
hassan67 collected $23.52 from pot
hassan67: doesn't show hand
*** SUMMARY ***
Total pot $24 | Rake $0.48
Board [4s Jd Ks]
Seat 1: RaisemyNut$ (big blind) folded on the Flop
Seat 2: hassan67 (button) (small blind) collected ($23.52)


PokerStars Hand #172243369321:  Hold'em Limit ($3/$6 USD) - 2017/06/25 19:19:48 ET
Table 'Haldus II' 6-max Seat #1 is the button
Seat 1: RaisemyNut$ ($115.65 in chips)
Seat 2: hassan67 ($147.86 in chips)
RaisemyNut$: posts small blind $1
hassan67: posts big blind $3
*** HOLE CARDS ***
RaisemyNut$: raises $3 to $6
hassan67: calls $3
*** FLOP *** [As Js Qh]
hassan67: checks
RaisemyNut$: bets $3
hassan67: calls $3
*** TURN *** [As Js Qh] [8h]
hassan67: checks
RaisemyNut$: checks
*** RIVER *** [As Js Qh 8h] [6s]
hassan67: bets $6
RaisemyNut$: calls $6
*** SHOW DOWN ***
hassan67: shows [8d Jd] (two pair, Jacks and Eights)
RaisemyNut$: mucks hand
hassan67 collected $29.50 from pot
*** SUMMARY ***
Total pot $30 | Rake $0.50
Board [As Js Qh 8h 6s]
Seat 1: RaisemyNut$ (button) (small blind) mucked
Seat 2: hassan67 (big blind) showed [8d Jd] and won ($29.50) with two pair, Jacks and Eights


PokerStars Hand #172243411657:  Hold'em Limit ($3/$6 USD) - 2017/06/25 19:21:03 ET
Table 'Haldus II' 6-max Seat #1 is the button
Seat 1: RaisemyNut$ ($115.15 in chips)
Seat 2: hassan67 ($147.36 in chips)
RaisemyNut$: posts small blind $1
hassan67: posts big blind $3
*** HOLE CARDS ***
RaisemyNut$: raises $3 to $6
hassan67: folds
Uncalled bet ($3) returned to RaisemyNut$
RaisemyNut$ collected $6 from pot
RaisemyNut$: doesn't show hand
*** SUMMARY ***
Total pot $6 | Rake $0
Seat 1: RaisemyNut$ (button) (small blind) collected ($6)
Seat 2: hassan67 (big blind) folded before Flop


PokerStars Hand #172243398355:  Hold'em Limit ($3/$6 USD) - 2017/06/25 19:20:39 ET
Table 'Haldus II' 6-max Seat #2 is the button
Seat 1: RaisemyNut$ ($100.65 in chips)
Seat 2: hassan67 ($162.36 in chips)
hassan67: posts small blind $1
RaisemyNut$: posts big blind $3
*** HOLE CARDS ***
hassan67: raises $3 to $6
RaisemyNut$: calls $3
*** FLOP *** [5c 7s 5h]
RaisemyNut$: checks
hassan67: bets $3
RaisemyNut$: calls $3
*** TURN *** [5c 7s 5h] [2c]
RaisemyNut$: checks
hassan67: checks
*** RIVER *** [5c 7s 5h 2c] [4h]
RaisemyNut$: bets $6
angelsite911 joins the table at seat #3
hassan67: calls $6
*** SHOW DOWN ***
RaisemyNut$: shows [4d Kh] (two pair, Fives and Fours)
hassan67: mucks hand
RaisemyNut$ collected $29.50 from pot
*** SUMMARY ***
Total pot $30 | Rake $0.50
Board [5c 7s 5h 2c 4h]
Seat 1: RaisemyNut$ (big blind) showed [4d Kh] and won ($29.50) with two pair, Fives and Fours
Seat 2: hassan67 (button) (small blind) mucked


