PokerStars Hand #163014924527:  Hold'em Limit ($3/$6 USD) - 2016/12/15 22:50:56 ET
Table 'Hale-Bopp' 10-max Seat #5 is the button
Seat 1: LifeisagameX ($84 in chips)
Seat 5: FabronxRJ ($86.76 in chips)
FabronxRJ: posts small blind $1
LifeisagameX: posts big blind $3
*** HOLE CARDS ***
FabronxRJ: folds
Uncalled bet ($2) returned to LifeisagameX
LifeisagameX collected $2 from pot
LifeisagameX: doesn't show hand
*** SUMMARY ***
Total pot $2 | Rake $0
Seat 1: LifeisagameX (big blind) collected ($2)
Seat 5: FabronxRJ (button) (small blind) folded before Flop


PokerStars Hand #163014950540:  Hold'em Limit ($3/$6 USD) - 2016/12/15 22:52:14 ET
Table 'Hale-Bopp' 10-max Seat #1 is the button
Seat 1: LifeisagameX ($84 in chips)
Seat 5: FabronxRJ ($88.26 in chips)
LifeisagameX: posts small blind $1
FabronxRJ: posts big blind $3
*** HOLE CARDS ***
LifeisagameX: folds
Uncalled bet ($2) returned to FabronxRJ
FabronxRJ collected $2 from pot
FabronxRJ: doesn't show hand
*** SUMMARY ***
Total pot $2 | Rake $0
Seat 1: LifeisagameX (button) (small blind) folded before Flop
Seat 5: FabronxRJ (big blind) collected ($2)


PokerStars Hand #163014953495:  Hold'em Limit ($3/$6 USD) - 2016/12/15 22:52:23 ET
Table 'Hale-Bopp' 10-max Seat #5 is the button
Seat 1: LifeisagameX ($84 in chips)
Seat 5: FabronxRJ ($89.26 in chips)
FabronxRJ: posts small blind $1
LifeisagameX: posts big blind $3
*** HOLE CARDS ***
FabronxRJ: raises $3 to $6
LifeisagameX: calls $3
*** FLOP *** [6h Jh 8h]
LifeisagameX: checks
FabronxRJ: checks
*** TURN *** [6h Jh 8h] [Th]
LifeisagameX: bets $6
FabronxRJ: folds
Uncalled bet ($6) returned to LifeisagameX
LifeisagameX collected $11.76 from pot
LifeisagameX: doesn't show hand
*** SUMMARY ***
Total pot $12 | Rake $0.24
Board [6h Jh 8h Th]
Seat 1: LifeisagameX (big blind) collected ($11.76)
Seat 5: FabronxRJ (button) (small blind) folded on the Turn


PokerStars Hand #163014927726:  Hold'em Limit ($3/$6 USD) - 2016/12/15 22:51:05 ET
Table 'Hale-Bopp' 10-max Seat #1 is the button
Seat 1: LifeisagameX ($85 in chips)
Seat 5: FabronxRJ ($85.76 in chips)
LifeisagameX: posts small blind $1
FabronxRJ: posts big blind $3
*** HOLE CARDS ***
LifeisagameX: raises $3 to $6
FabronxRJ: raises $3 to $9
LifeisagameX: calls $3
*** FLOP *** [7c 5d 6h]
FabronxRJ: bets $3
LifeisagameX: raises $3 to $6
FabronxRJ: calls $3
*** TURN *** [7c 5d 6h] [Qh]
FabronxRJ: checks
LifeisagameX: bets $6
FabronxRJ: folds
Uncalled bet ($6) returned to LifeisagameX
LifeisagameX collected $29.50 from pot
LifeisagameX: doesn't show hand
*** SUMMARY ***
Total pot $30 | Rake $0.50
Board [7c 5d 6h Qh]
Seat 1: LifeisagameX (button) (small blind) collected ($29.50)
Seat 5: FabronxRJ (big blind) folded on the Turn


PokerStars Hand #163014961504:  Hold'em Limit ($3/$6 USD) - 2016/12/15 22:52:46 ET
Table 'Hale-Bopp' 10-max Seat #1 is the button
Seat 1: LifeisagameX ($89.76 in chips)
Seat 5: FabronxRJ ($83.26 in chips)
LifeisagameX: posts small blind $1
FabronxRJ: posts big blind $3
*** HOLE CARDS ***
LifeisagameX: raises $3 to $6
FabronxRJ: raises $3 to $9
LifeisagameX: calls $3
*** FLOP *** [3d 8c Qc]
FabronxRJ: checks
LifeisagameX: checks
*** TURN *** [3d 8c Qc] [6h]
FabronxRJ: bets $6
LifeisagameX: calls $6
*** RIVER *** [3d 8c Qc 6h] [Ts]
FabronxRJ: bets $6
LifeisagameX: raises $6 to $12
FabronxRJ: calls $6
*** SHOW DOWN ***
LifeisagameX: shows [9s 7d] (a straight, Six to Ten)
FabronxRJ: mucks hand
LifeisagameX collected $53.50 from pot
*** SUMMARY ***
Total pot $54 | Rake $0.50
Board [3d 8c Qc 6h Ts]
Seat 1: LifeisagameX (button) (small blind) showed [9s 7d] and won ($53.50) with a straight, Six to Ten
Seat 5: FabronxRJ (big blind) mucked


PokerStars Hand #163014974015:  Hold'em Limit ($3/$6 USD) - 2016/12/15 22:53:24 ET
Table 'Hale-Bopp' 10-max Seat #5 is the button
Seat 1: LifeisagameX ($116.26 in chips)
Seat 5: FabronxRJ ($56.26 in chips)
FabronxRJ: posts small blind $1
LifeisagameX: posts big blind $3
*** HOLE CARDS ***
FabronxRJ: raises $3 to $6
LifeisagameX: calls $3
*** FLOP *** [Th Jc 8c]
LifeisagameX: checks
FabronxRJ: bets $3
LifeisagameX: raises $3 to $6
FabronxRJ: raises $3 to $9
LifeisagameX: raises $3 to $12
Betting is capped
FabronxRJ: calls $3
*** TURN *** [Th Jc 8c] [4s]
LifeisagameX: bets $6
FabronxRJ: calls $6
*** RIVER *** [Th Jc 8c 4s] [Kh]
LifeisagameX: bets $6
FabronxRJ: folds
Uncalled bet ($6) returned to LifeisagameX
LifeisagameX collected $47.50 from pot
LifeisagameX: doesn't show hand
*** SUMMARY ***
Total pot $48 | Rake $0.50
Board [Th Jc 8c 4s Kh]
Seat 1: LifeisagameX (big blind) collected ($47.50)
Seat 5: FabronxRJ (button) (small blind) folded on the River


