PokerStars Hand #161217372965:  Hold'em Limit ($3/$6 USD) - 2016/11/10 20:45:00 ET
Table 'Hale-Bopp' 6-max Seat #3 is the button
Seat 1: Brama Br ($119 in chips)
Seat 3: Zooshark ($109.38 in chips)
Zooshark: posts small blind $1
Brama Br: posts big blind $3
*** HOLE CARDS ***
Zooshark: raises $3 to $6
Brama Br: calls $3
*** FLOP *** [Qs Kh Jd]
Brama Br: checks
Zooshark: bets $3
Brama Br: calls $3
*** TURN *** [Qs Kh Jd] [Ad]
Brama Br: checks
Zooshark: checks
*** RIVER *** [Qs Kh Jd Ad] [Qd]
Brama Br: checks
Zooshark: bets $6
Brama Br: folds
Uncalled bet ($6) returned to Zooshark
Zooshark collected $17.64 from pot
Zooshark: doesn't show hand
*** SUMMARY ***
Total pot $18 | Rake $0.36
Board [Qs Kh Jd Ad Qd]
Seat 1: Brama Br (big blind) folded on the River
Seat 3: Zooshark (button) (small blind) collected ($17.64)


PokerStars Hand #161217366185:  Hold'em Limit ($3/$6 USD) - 2016/11/10 20:44:45 ET
Table 'Hale-Bopp' 6-max Seat #1 is the button
Seat 1: Brama Br ($120 in chips)
Seat 3: Zooshark ($108.38 in chips)
Brama Br: posts small blind $1
Zooshark: posts big blind $3
*** HOLE CARDS ***
Brama Br: folds
Uncalled bet ($2) returned to Zooshark
Zooshark collected $2 from pot
Zooshark: doesn't show hand
*** SUMMARY ***
Total pot $2 | Rake $0
Seat 1: Brama Br (button) (small blind) folded before Flop
Seat 3: Zooshark (big blind) collected ($2)


PokerStars Hand #161217385929:  Hold'em Limit ($3/$6 USD) - 2016/11/10 20:45:30 ET
Table 'Hale-Bopp' 6-max Seat #1 is the button
Seat 1: Brama Br ($110 in chips)
Seat 3: Zooshark ($118.02 in chips)
Brama Br: posts small blind $1
Zooshark: posts big blind $3
*** HOLE CARDS ***
HAL9QQQ joins the table at seat #4
Brama Br: raises $3 to $6
GoliafUa leaves the table
Zooshark: calls $3
*** FLOP *** [9d Qh Js]
Zooshark: bets $3
Brama Br: raises $3 to $6
Zooshark: calls $3
*** TURN *** [9d Qh Js] [5d]
Zooshark: checks
Brama Br: bets $6
Zooshark: raises $6 to $12
Brama Br: calls $6
*** RIVER *** [9d Qh Js 5d] [6d]
Zooshark: bets $6
Brama Br: calls $6
*** SHOW DOWN ***
Zooshark: shows [5s 5h] (three of a kind, Fives)
Brama Br: mucks hand
Zooshark collected $59.50 from pot
*** SUMMARY ***
Total pot $60 | Rake $0.50
Board [9d Qh Js 5d 6d]
Seat 1: Brama Br (button) (small blind) mucked
Seat 3: Zooshark (big blind) showed [5s 5h] and won ($59.50) with three of a kind, Fives


PokerStars Hand #161221355775:  Hold'em Limit ($3/$6 USD) - 2016/11/10 23:50:24 ET
Table 'Hale-Bopp' 6-max Seat #1 is the button
Seat 1: Brama Br ($319.91 in chips)
Seat 4: jackRizzar ($749.22 in chips)
Brama Br: posts small blind $1
jackRizzar: posts big blind $3
*** HOLE CARDS ***
Brama Br: raises $3 to $6
jackRizzar: folds
Uncalled bet ($3) returned to Brama Br
Brama Br collected $6 from pot
Brama Br: doesn't show hand
*** SUMMARY ***
Total pot $6 | Rake $0
Seat 1: Brama Br (button) (small blind) collected ($6)
Seat 4: jackRizzar (big blind) folded before Flop


