PokerStars Hand #164091967376:  Hold'em Limit ($3/$6 USD) - 2017/01/05 15:46:20 ET
Table 'Hale-Bopp' 6-max Seat #4 is the button
Seat 4: Flose1007 ($120 in chips)
Seat 5: dragon1893 ($150 in chips)
Flose1007: posts small blind $1
dragon1893: posts big blind $3
*** HOLE CARDS ***
Flose1007: raises $3 to $6
dragon1893: calls $3
*** FLOP *** [4s 6s 5c]
dragon1893: checks
Flose1007: checks
*** TURN *** [4s 6s 5c] [9d]
dragon1893: checks
Flose1007: checks
*** RIVER *** [4s 6s 5c 9d] [Kd]
dragon1893: checks
Flose1007: checks
*** SHOW DOWN ***
dragon1893: shows [Qh Td] (high card King)
Flose1007: shows [4d 3c] (a pair of Fours)
Flose1007 collected $11.76 from pot
*** SUMMARY ***
Total pot $12 | Rake $0.24
Board [4s 6s 5c 9d Kd]
Seat 4: Flose1007 (button) (small blind) showed [4d 3c] and won ($11.76) with a pair of Fours
Seat 5: dragon1893 (big blind) showed [Qh Td] and lost with high card King


PokerStars Hand #164092010831:  Hold'em Limit ($3/$6 USD) - 2017/01/05 15:47:04 ET
Table 'Hale-Bopp' 6-max Seat #4 is the button
Seat 4: Flose1007 ($132.40 in chips)
Seat 5: dragon1893 ($153 in chips)
Flose1007: posts small blind $1
dragon1893: posts big blind $3
*** HOLE CARDS ***
Flose1007: folds
Uncalled bet ($2) returned to dragon1893
dragon1893 collected $2 from pot
dragon1893: doesn't show hand
*** SUMMARY ***
Total pot $2 | Rake $0
Seat 4: Flose1007 (button) (small blind) folded before Flop
Seat 5: dragon1893 (big blind) collected ($2)


PokerStars Hand #164092004306:  Hold'em Limit ($3/$6 USD) - 2017/01/05 15:46:57 ET
Table 'Hale-Bopp' 6-max Seat #5 is the button
Seat 4: Flose1007 ($135.40 in chips)
Seat 5: dragon1893 ($150 in chips)
dragon1893: posts small blind $1
Flose1007: posts big blind $3
*** HOLE CARDS ***
dragon1893: raises $3 to $6
Flose1007: folds
Uncalled bet ($3) returned to dragon1893
dragon1893 collected $6 from pot
dragon1893: doesn't show hand
*** SUMMARY ***
Total pot $6 | Rake $0
Seat 4: Flose1007 (big blind) folded before Flop
Seat 5: dragon1893 (button) (small blind) collected ($6)


PokerStars Hand #164091990572:  Hold'em Limit ($3/$6 USD) - 2017/01/05 15:46:43 ET
Table 'Hale-Bopp' 6-max Seat #4 is the button
Seat 4: Flose1007 ($126.76 in chips)
Seat 5: dragon1893 ($150 in chips)
Flose1007: posts small blind $1
dragon1893: posts big blind $3
*** HOLE CARDS ***
Flose1007: raises $3 to $6
dragon1893: calls $3
*** FLOP *** [4h Jh 4s]
dragon1893: checks
Flose1007: bets $3
dragon1893: calls $3
*** TURN *** [4h Jh 4s] [Kc]
dragon1893: checks
Flose1007: bets $6
dragon1893: folds
Uncalled bet ($6) returned to Flose1007
Flose1007 collected $17.64 from pot
*** SUMMARY ***
Total pot $18 | Rake $0.36
Board [4h Jh 4s Kc]
Seat 4: Flose1007 (button) (small blind) collected ($17.64)
Seat 5: dragon1893 (big blind) folded on the Turn


PokerStars Hand #164091986187:  Hold'em Limit ($3/$6 USD) - 2017/01/05 15:46:39 ET
Table 'Hale-Bopp' 6-max Seat #5 is the button
Seat 4: Flose1007 ($125.76 in chips)
Seat 5: dragon1893 ($150 in chips)
dragon1893: posts small blind $1
Flose1007: posts big blind $3
*** HOLE CARDS ***
dragon1893: folds
Uncalled bet ($2) returned to Flose1007
Flose1007 collected $2 from pot
*** SUMMARY ***
Total pot $2 | Rake $0
Seat 4: Flose1007 (big blind) collected ($2)
Seat 5: dragon1893 (button) (small blind) folded before Flop


PokerStars Hand #164092020870:  Hold'em Limit ($3/$6 USD) - 2017/01/05 15:47:13 ET
Table 'Hale-Bopp' 6-max Seat #4 is the button
Seat 4: Flose1007 ($132.40 in chips)
Seat 5: dragon1893 ($153 in chips)
Flose1007: posts small blind $1
dragon1893: posts big blind $3
*** HOLE CARDS ***
Flose1007: folds
Uncalled bet ($2) returned to dragon1893
dragon1893 collected $2 from pot
dragon1893: doesn't show hand
*** SUMMARY ***
Total pot $2 | Rake $0
Seat 4: Flose1007 (button) (small blind) folded before Flop
Seat 5: dragon1893 (big blind) collected ($2)


PokerStars Hand #164092015998:  Hold'em Limit ($3/$6 USD) - 2017/01/05 15:47:09 ET
Table 'Hale-Bopp' 6-max Seat #5 is the button
Seat 4: Flose1007 ($131.40 in chips)
Seat 5: dragon1893 ($154 in chips)
dragon1893: posts small blind $1
Flose1007: posts big blind $3
*** HOLE CARDS ***
dragon1893: folds
Uncalled bet ($2) returned to Flose1007
Flose1007 collected $2 from pot
*** SUMMARY ***
Total pot $2 | Rake $0
Seat 4: Flose1007 (big blind) collected ($2)
Seat 5: dragon1893 (button) (small blind) folded before Flop


PokerStars Hand #164092049025:  Hold'em Limit ($3/$6 USD) - 2017/01/05 15:47:42 ET
Table 'Hale-Bopp' 6-max Seat #5 is the button
Seat 4: Flose1007 ($127.40 in chips)
Seat 5: dragon1893 ($158 in chips)
dragon1893: posts small blind $1
Flose1007: posts big blind $3
*** HOLE CARDS ***
dragon1893: raises $3 to $6
Flose1007: folds
Uncalled bet ($3) returned to dragon1893
dragon1893 collected $6 from pot
dragon1893: doesn't show hand
*** SUMMARY ***
Total pot $6 | Rake $0
Seat 4: Flose1007 (big blind) folded before Flop
Seat 5: dragon1893 (button) (small blind) collected ($6)


PokerStars Hand #164092043380:  Hold'em Limit ($3/$6 USD) - 2017/01/05 15:47:36 ET
Table 'Hale-Bopp' 6-max Seat #4 is the button
Seat 4: Flose1007 ($128.40 in chips)
Seat 5: dragon1893 ($157 in chips)
Flose1007: posts small blind $1
dragon1893: posts big blind $3
*** HOLE CARDS ***
Flose1007: folds
Uncalled bet ($2) returned to dragon1893
dragon1893 collected $2 from pot
dragon1893: doesn't show hand
*** SUMMARY ***
Total pot $2 | Rake $0
Seat 4: Flose1007 (button) (small blind) folded before Flop
Seat 5: dragon1893 (big blind) collected ($2)


PokerStars Hand #164092038317:  Hold'em Limit ($3/$6 USD) - 2017/01/05 15:47:31 ET
Table 'Hale-Bopp' 6-max Seat #5 is the button
Seat 4: Flose1007 ($127.40 in chips)
Seat 5: dragon1893 ($158 in chips)
dragon1893: posts small blind $1
Flose1007: posts big blind $3
*** HOLE CARDS ***
dragon1893: folds
Uncalled bet ($2) returned to Flose1007
Flose1007 collected $2 from pot
*** SUMMARY ***
Total pot $2 | Rake $0
Seat 4: Flose1007 (big blind) collected ($2)
Seat 5: dragon1893 (button) (small blind) folded before Flop


PokerStars Hand #164092033785:  Hold'em Limit ($3/$6 USD) - 2017/01/05 15:47:26 ET
Table 'Hale-Bopp' 6-max Seat #4 is the button
Seat 4: Flose1007 ($128.40 in chips)
Seat 5: dragon1893 ($157 in chips)
Flose1007: posts small blind $1
dragon1893: posts big blind $3
*** HOLE CARDS ***
Flose1007: folds
Uncalled bet ($2) returned to dragon1893
dragon1893 collected $2 from pot
dragon1893: doesn't show hand
*** SUMMARY ***
Total pot $2 | Rake $0
Seat 4: Flose1007 (button) (small blind) folded before Flop
Seat 5: dragon1893 (big blind) collected ($2)


PokerStars Hand #164092027136:  Hold'em Limit ($3/$6 USD) - 2017/01/05 15:47:20 ET
Table 'Hale-Bopp' 6-max Seat #5 is the button
Seat 4: Flose1007 ($131.40 in chips)
Seat 5: dragon1893 ($154 in chips)
dragon1893: posts small blind $1
Flose1007: posts big blind $3
*** HOLE CARDS ***
dragon1893: raises $3 to $6
Flose1007: folds
Uncalled bet ($3) returned to dragon1893
dragon1893 collected $6 from pot
dragon1893: doesn't show hand
*** SUMMARY ***
Total pot $6 | Rake $0
Seat 4: Flose1007 (big blind) folded before Flop
Seat 5: dragon1893 (button) (small blind) collected ($6)


PokerStars Hand #164092130274:  Hold'em Limit ($3/$6 USD) - 2017/01/05 15:49:03 ET
Table 'Hale-Bopp' 6-max Seat #5 is the button
Seat 4: Flose1007 ($138.56 in chips)
Seat 5: dragon1893 ($150 in chips)
dragon1893: posts small blind $1
Flose1007: posts big blind $3
*** HOLE CARDS ***
dragon1893: raises $3 to $6
Flose1007: folds
Uncalled bet ($3) returned to dragon1893
dragon1893 collected $6 from pot
dragon1893: doesn't show hand
*** SUMMARY ***
Total pot $6 | Rake $0
Seat 4: Flose1007 (big blind) folded before Flop
Seat 5: dragon1893 (button) (small blind) collected ($6)


PokerStars Hand #164092102238:  Hold'em Limit ($3/$6 USD) - 2017/01/05 15:48:35 ET
Table 'Hale-Bopp' 6-max Seat #4 is the button
Seat 4: Flose1007 ($127.04 in chips)
Seat 5: dragon1893 ($157.76 in chips)
Flose1007: posts small blind $1
dragon1893: posts big blind $3
*** HOLE CARDS ***
Flose1007: calls $2
dragon1893: raises $3 to $6
Flose1007: calls $3
*** FLOP *** [4s 8s 7h]
dragon1893: bets $3
Flose1007: raises $3 to $6
dragon1893: calls $3
*** TURN *** [4s 8s 7h] [Td]
dragon1893: checks
Flose1007: checks
*** RIVER *** [4s 8s 7h Td] [6h]
dragon1893: checks
Flose1007: bets $6
dragon1893: folds
Uncalled bet ($6) returned to Flose1007
Flose1007 collected $23.52 from pot
*** SUMMARY ***
Total pot $24 | Rake $0.48
Board [4s 8s 7h Td 6h]
Seat 4: Flose1007 (button) (small blind) collected ($23.52)
Seat 5: dragon1893 (big blind) folded on the River


PokerStars Hand #164092090106:  Hold'em Limit ($3/$6 USD) - 2017/01/05 15:48:23 ET
Table 'Hale-Bopp' 6-max Seat #5 is the button
Seat 4: Flose1007 ($133.04 in chips)
Seat 5: dragon1893 ($152 in chips)
dragon1893: posts small blind $1
Flose1007: posts big blind $3
*** HOLE CARDS ***
dragon1893: raises $3 to $6
Flose1007: calls $3
*** FLOP *** [9s 4d 4h]
Flose1007: checks
dragon1893: bets $3
Flose1007: folds
Uncalled bet ($3) returned to dragon1893
dragon1893 collected $11.76 from pot
dragon1893: doesn't show hand
*** SUMMARY ***
Total pot $12 | Rake $0.24
Board [9s 4d 4h]
Seat 4: Flose1007 (big blind) folded on the Flop
Seat 5: dragon1893 (button) (small blind) collected ($11.76)


PokerStars Hand #164092055362:  Hold'em Limit ($3/$6 USD) - 2017/01/05 15:47:48 ET
Table 'Hale-Bopp' 6-max Seat #4 is the button
Seat 4: Flose1007 ($124.40 in chips)
Seat 5: dragon1893 ($161 in chips)
Flose1007: posts small blind $1
dragon1893: posts big blind $3
*** HOLE CARDS ***
Flose1007: raises $3 to $6
dragon1893: calls $3
*** FLOP *** [3s 4h Th]
dragon1893: checks
Flose1007: bets $3
dragon1893: calls $3
*** TURN *** [3s 4h Th] [4c]
dragon1893: checks
Flose1007: checks
*** RIVER *** [3s 4h Th 4c] [8h]
dragon1893: checks
Flose1007: bets $6
dragon1893: folds
Uncalled bet ($6) returned to Flose1007
Flose1007 collected $17.64 from pot
*** SUMMARY ***
Total pot $18 | Rake $0.36
Board [3s 4h Th 4c 8h]
Seat 4: Flose1007 (button) (small blind) collected ($17.64)
Seat 5: dragon1893 (big blind) folded on the River


PokerStars Hand #164092141199:  Hold'em Limit ($3/$6 USD) - 2017/01/05 15:49:14 ET
Table 'Hale-Bopp' 6-max Seat #5 is the button
Seat 4: Flose1007 ($138.56 in chips)
Seat 5: dragon1893 ($150 in chips)
dragon1893: posts small blind $1
Flose1007: posts big blind $3
*** HOLE CARDS ***
dragon1893: raises $3 to $6
Flose1007: folds
Uncalled bet ($3) returned to dragon1893
dragon1893 collected $6 from pot
dragon1893: doesn't show hand
*** SUMMARY ***
Total pot $6 | Rake $0
Seat 4: Flose1007 (big blind) folded before Flop
Seat 5: dragon1893 (button) (small blind) collected ($6)


PokerStars Hand #164092136445:  Hold'em Limit ($3/$6 USD) - 2017/01/05 15:49:09 ET
Table 'Hale-Bopp' 6-max Seat #4 is the button
Seat 4: Flose1007 ($135.56 in chips)
Seat 5: dragon1893 ($153 in chips)
Flose1007: posts small blind $1
dragon1893: posts big blind $3
*** HOLE CARDS ***
Flose1007: raises $3 to $6
dragon1893: folds
Uncalled bet ($3) returned to Flose1007
Flose1007 collected $6 from pot
*** SUMMARY ***
Total pot $6 | Rake $0
Seat 4: Flose1007 (button) (small blind) collected ($6)
Seat 5: dragon1893 (big blind) folded before Flop


PokerStars Hand #164092179067:  Hold'em Limit ($3/$6 USD) - 2017/01/05 15:49:52 ET
Table 'Hale-Bopp' 6-max Seat #5 is the button
Seat 4: Flose1007 ($124.32 in chips)
Seat 5: dragon1893 ($163.50 in chips)
dragon1893: posts small blind $1
Flose1007: posts big blind $3
*** HOLE CARDS ***
dragon1893: raises $3 to $6
Flose1007: calls $3
*** FLOP *** [6s 6c Qh]
Flose1007: checks
dragon1893: bets $3
Flose1007: calls $3
*** TURN *** [6s 6c Qh] [7s]
Flose1007: checks
dragon1893: bets $6
Flose1007: calls $6
*** RIVER *** [6s 6c Qh 7s] [8c]
Flose1007: checks
dragon1893: bets $6
Flose1007: calls $6
*** SHOW DOWN ***
dragon1893: shows [Qd 5c] (two pair, Queens and Sixes)
Flose1007: shows [Qc 9h] (two pair, Queens and Sixes - Nine kicker)
Flose1007 collected $41.50 from pot
*** SUMMARY ***
Total pot $42 | Rake $0.50
Board [6s 6c Qh 7s 8c]
Seat 4: Flose1007 (big blind) showed [Qc 9h] and won ($41.50) with two pair, Queens and Sixes
Seat 5: dragon1893 (button) (small blind) showed [Qd 5c] and lost with two pair, Queens and Sixes


PokerStars Hand #164092170959:  Hold'em Limit ($3/$6 USD) - 2017/01/05 15:49:43 ET
Table 'Hale-Bopp' 6-max Seat #4 is the button
Seat 4: Flose1007 ($118.56 in chips)
Seat 5: dragon1893 ($169.50 in chips)
Flose1007: posts small blind $1
dragon1893: posts big blind $3
*** HOLE CARDS ***
Flose1007: raises $3 to $6
dragon1893: calls $3
*** FLOP *** [7s Jh Ac]
dragon1893: checks
Flose1007: bets $3
dragon1893: folds
Uncalled bet ($3) returned to Flose1007
Flose1007 collected $11.76 from pot
*** SUMMARY ***
Total pot $12 | Rake $0.24
Board [7s Jh Ac]
Seat 4: Flose1007 (button) (small blind) collected ($11.76)
Seat 5: dragon1893 (big blind) folded on the Flop


PokerStars Hand #164092166167:  Hold'em Limit ($3/$6 USD) - 2017/01/05 15:49:39 ET
Table 'Hale-Bopp' 6-max Seat #5 is the button
Seat 4: Flose1007 ($117.56 in chips)
Seat 5: dragon1893 ($170.50 in chips)
dragon1893: posts small blind $1
Flose1007: posts big blind $3
*** HOLE CARDS ***
dragon1893: folds
Uncalled bet ($2) returned to Flose1007
Flose1007 collected $2 from pot
*** SUMMARY ***
Total pot $2 | Rake $0
Seat 4: Flose1007 (big blind) collected ($2)
Seat 5: dragon1893 (button) (small blind) folded before Flop


PokerStars Hand #164092148215:  Hold'em Limit ($3/$6 USD) - 2017/01/05 15:49:21 ET
Table 'Hale-Bopp' 6-max Seat #4 is the button
Seat 4: Flose1007 ($135.56 in chips)
Seat 5: dragon1893 ($153 in chips)
Flose1007: posts small blind $1
dragon1893: posts big blind $3
*** HOLE CARDS ***
Flose1007: raises $3 to $6
dragon1893: calls $3
*** FLOP *** [Ts Qh Ks]
dragon1893: checks
Flose1007: checks
*** TURN *** [Ts Qh Ks] [8c]
dragon1893: bets $6
Flose1007: calls $6
*** RIVER *** [Ts Qh Ks 8c] [Th]
dragon1893: bets $6
Flose1007: calls $6
*** SHOW DOWN ***
dragon1893: shows [8s Kh] (two pair, Kings and Tens)
Flose1007: mucks hand
dragon1893 collected $35.50 from pot
*** SUMMARY ***
Total pot $36 | Rake $0.50
Board [Ts Qh Ks 8c Th]
Seat 4: Flose1007 (button) (small blind) mucked
Seat 5: dragon1893 (big blind) showed [8s Kh] and won ($35.50) with two pair, Kings and Tens


PokerStars Hand #164092198778:  Hold'em Limit ($3/$6 USD) - 2017/01/05 15:50:11 ET
Table 'Hale-Bopp' 6-max Seat #4 is the button
Seat 4: Flose1007 ($144.82 in chips)
Seat 5: dragon1893 ($150 in chips)
Flose1007: posts small blind $1
dragon1893: posts big blind $3
*** HOLE CARDS ***
Flose1007: raises $3 to $6
dragon1893: calls $3
*** FLOP *** [8d 4c Ad]
dragon1893: checks
Flose1007: bets $3
dragon1893: calls $3
*** TURN *** [8d 4c Ad] [4h]
dragon1893: checks
Flose1007: checks
*** RIVER *** [8d 4c Ad 4h] [7d]
dragon1893: checks
Flose1007: bets $6
dragon1893: calls $6
*** SHOW DOWN ***
Flose1007: shows [As 9h] (two pair, Aces and Fours)
dragon1893: mucks hand
Flose1007 collected $29.50 from pot
*** SUMMARY ***
Total pot $30 | Rake $0.50
Board [8d 4c Ad 4h 7d]
Seat 4: Flose1007 (button) (small blind) showed [As 9h] and won ($29.50) with two pair, Aces and Fours
Seat 5: dragon1893 (big blind) mucked


