PokerStars Hand #170255800094:  Hold'em Limit ($3/$6 USD) - 2017/05/11 4:04:38 ET
Table 'Halley' 6-max Seat #4 is the button
Seat 2: igorkabmw ($50.76 in chips)
Seat 4: Agrotait ($66 in chips)
Agrotait: posts small blind $1
igorkabmw: posts big blind $3
*** HOLE CARDS ***
Agrotait: raises $3 to $6
igorkabmw: calls $3
*** FLOP *** [Qc 8h As]
igorkabmw: checks
Agrotait: bets $3
igorkabmw: calls $3
*** TURN *** [Qc 8h As] [Qh]
igorkabmw: checks
Agrotait: checks
*** RIVER *** [Qc 8h As Qh] [Js]
igorkabmw: bets $6
MTails joins the table at seat #1
Agrotait: calls $6
*** SHOW DOWN ***
igorkabmw: shows [Ac 4c] (two pair, Aces and Queens)
Agrotait: mucks hand
igorkabmw collected $29.50 from pot
*** SUMMARY ***
Total pot $30 | Rake $0.50
Board [Qc 8h As Qh Js]
Seat 2: igorkabmw (big blind) showed [Ac 4c] and won ($29.50) with two pair, Aces and Queens
Seat 4: Agrotait (button) (small blind) mucked


PokerStars Hand #170255821511:  Hold'em Limit ($3/$6 USD) - 2017/05/11 4:05:48 ET
Table 'Halley' 6-max Seat #2 is the button
Seat 2: igorkabmw ($65.26 in chips)
Seat 4: Agrotait ($72 in chips)
igorkabmw: posts small blind $1
Agrotait: posts big blind $3
*** HOLE CARDS ***
igorkabmw: calls $2
Agrotait: raises $3 to $6
igorkabmw: calls $3
*** FLOP *** [8d Ad Qs]
Agrotait: bets $3
igorkabmw: calls $3
*** TURN *** [8d Ad Qs] [7d]
Agrotait: checks
igorkabmw: checks
*** RIVER *** [8d Ad Qs 7d] [8h]
Agrotait: checks
igorkabmw: checks
*** SHOW DOWN ***
Agrotait: shows [6h 6c] (two pair, Eights and Sixes)
igorkabmw: shows [Qc Ks] (two pair, Queens and Eights)
igorkabmw collected $17.64 from pot
*** SUMMARY ***
Total pot $18 | Rake $0.36
Board [8d Ad Qs 7d 8h]
Seat 2: igorkabmw (button) (small blind) showed [Qc Ks] and won ($17.64) with two pair, Queens and Eights
Seat 4: Agrotait (big blind) showed [6h 6c] and lost with two pair, Eights and Sixes


PokerStars Hand #170255913547:  Hold'em Limit ($3/$6 USD) - 2017/05/11 4:10:44 ET
Table 'Halley' 6-max Seat #4 is the button
Seat 3: Fantomet ($176.89 in chips)
Seat 4: Agrotait ($92.66 in chips)
Agrotait: posts small blind $1
Fantomet: posts big blind $3
*** HOLE CARDS ***
Agrotait: raises $3 to $6
Fantomet: raises $3 to $9
Agrotait: calls $3
*** FLOP *** [2s Th 3s]
Fantomet: bets $3
Agrotait: calls $3
*** TURN *** [2s Th 3s] [9s]
Fantomet: bets $6
Agrotait: folds
Uncalled bet ($6) returned to Fantomet
Fantomet collected $23.52 from pot
Fantomet: shows [9c 9h] (three of a kind, Nines)
*** SUMMARY ***
Total pot $24 | Rake $0.48
Board [2s Th 3s 9s]
Seat 3: Fantomet (big blind) collected ($23.52)
Seat 4: Agrotait (button) (small blind) folded on the Turn


PokerStars Hand #170255910115:  Hold'em Limit ($3/$6 USD) - 2017/05/11 4:10:33 ET
Table 'Halley' 6-max Seat #3 is the button
Seat 3: Fantomet ($173.89 in chips)
Seat 4: Agrotait ($95.66 in chips)
Fantomet: posts small blind $1
Agrotait: posts big blind $3
*** HOLE CARDS ***
Fantomet: raises $3 to $6
igorkabmw leaves the table
Agrotait: folds
Uncalled bet ($3) returned to Fantomet
Fantomet collected $6 from pot
*** SUMMARY ***
Total pot $6 | Rake $0
Seat 3: Fantomet (button) (small blind) collected ($6)
Seat 4: Agrotait (big blind) folded before Flop


PokerStars Hand #170255921131:  Hold'em Limit ($3/$6 USD) - 2017/05/11 4:11:08 ET
Table 'Halley' 6-max Seat #3 is the button
Seat 3: Fantomet ($188.41 in chips)
Seat 4: Agrotait ($80.66 in chips)
Fantomet: posts small blind $1
Agrotait: posts big blind $3
*** HOLE CARDS ***
Fantomet: raises $3 to $6
Agrotait: calls $3
*** FLOP *** [4c Js 7d]
Agrotait: checks
Fantomet: checks
*** TURN *** [4c Js 7d] [Qc]
Agrotait: checks
Fantomet: bets $6
Agrotait: folds
Uncalled bet ($6) returned to Fantomet
Fantomet collected $11.76 from pot
*** SUMMARY ***
Total pot $12 | Rake $0.24
Board [4c Js 7d Qc]
Seat 3: Fantomet (button) (small blind) collected ($11.76)
Seat 4: Agrotait (big blind) folded on the Turn


PokerStars Hand #170255930173:  Hold'em Limit ($3/$6 USD) - 2017/05/11 4:11:37 ET
Table 'Halley' 6-max Seat #3 is the button
Seat 3: Fantomet ($191.17 in chips)
Seat 4: Agrotait ($77.66 in chips)
Fantomet: posts small blind $1
Agrotait: posts big blind $3
*** HOLE CARDS ***
Fantomet: folds
Uncalled bet ($2) returned to Agrotait
Agrotait collected $2 from pot
Agrotait: doesn't show hand
*** SUMMARY ***
Total pot $2 | Rake $0
Seat 3: Fantomet (button) (small blind) folded before Flop
Seat 4: Agrotait (big blind) collected ($2)


PokerStars Hand #170255928064:  Hold'em Limit ($3/$6 USD) - 2017/05/11 4:11:30 ET
Table 'Halley' 6-max Seat #4 is the button
Seat 3: Fantomet ($194.17 in chips)
Seat 4: Agrotait ($74.66 in chips)
Agrotait: posts small blind $1
Fantomet: posts big blind $3
*** HOLE CARDS ***
Agrotait: raises $3 to $6
Fantomet: folds
Uncalled bet ($3) returned to Agrotait
Agrotait collected $6 from pot
Agrotait: doesn't show hand
*** SUMMARY ***
Total pot $6 | Rake $0
Seat 3: Fantomet (big blind) folded before Flop
Seat 4: Agrotait (button) (small blind) collected ($6)


PokerStars Hand #170255931718:  Hold'em Limit ($3/$6 USD) - 2017/05/11 4:11:42 ET
Table 'Halley' 6-max Seat #4 is the button
Seat 3: Fantomet ($190.17 in chips)
Seat 4: Agrotait ($78.66 in chips)
Agrotait: posts small blind $1
Fantomet: posts big blind $3
*** HOLE CARDS ***
Agrotait: raises $3 to $6
Fantomet: calls $3
*** FLOP *** [9h 2s 6s]
Fantomet: checks
Agrotait: bets $3
Fantomet: folds
Uncalled bet ($3) returned to Agrotait
Agrotait collected $11.76 from pot
Agrotait: doesn't show hand
*** SUMMARY ***
Total pot $12 | Rake $0.24
Board [9h 2s 6s]
Seat 3: Fantomet (big blind) folded on the Flop
Seat 4: Agrotait (button) (small blind) collected ($11.76)


PokerStars Hand #170255957281:  Hold'em Limit ($3/$6 USD) - 2017/05/11 4:13:04 ET
Table 'Halley' 6-max Seat #4 is the button
Seat 3: Fantomet ($175.17 in chips)
Seat 4: Agrotait ($93.06 in chips)
Agrotait: posts small blind $1
Fantomet: posts big blind $3
*** HOLE CARDS ***
Agrotait: raises $3 to $6
Fantomet: folds
Uncalled bet ($3) returned to Agrotait
Agrotait collected $6 from pot
Agrotait: doesn't show hand
*** SUMMARY ***
Total pot $6 | Rake $0
Seat 3: Fantomet (big blind) folded before Flop
Seat 4: Agrotait (button) (small blind) collected ($6)


PokerStars Hand #170255943025:  Hold'em Limit ($3/$6 USD) - 2017/05/11 4:12:18 ET
Table 'Halley' 6-max Seat #3 is the button
Seat 3: Fantomet ($184.17 in chips)
Seat 4: Agrotait ($84.42 in chips)
Fantomet: posts small blind $1
Agrotait: posts big blind $3
*** HOLE CARDS ***
Fantomet: raises $3 to $6
Agrotait: raises $3 to $9
Fantomet: calls $3
*** FLOP *** [Ah Qh Ac]
Agrotait: bets $3
Fantomet: folds
Uncalled bet ($3) returned to Agrotait
Agrotait collected $17.64 from pot
Agrotait: doesn't show hand
*** SUMMARY ***
Total pot $18 | Rake $0.36
Board [Ah Qh Ac]
Seat 3: Fantomet (button) (small blind) folded on the Flop
Seat 4: Agrotait (big blind) collected ($17.64)


PokerStars Hand #170255959612:  Hold'em Limit ($3/$6 USD) - 2017/05/11 4:13:11 ET
Table 'Halley' 6-max Seat #3 is the button
Seat 3: Fantomet ($172.17 in chips)
Seat 4: Agrotait ($96.06 in chips)
Fantomet: posts small blind $1
Agrotait: posts big blind $3
*** HOLE CARDS ***
Fantomet: raises $3 to $6
Agrotait: folds
Uncalled bet ($3) returned to Fantomet
Fantomet collected $6 from pot
*** SUMMARY ***
Total pot $6 | Rake $0
Seat 3: Fantomet (button) (small blind) collected ($6)
Seat 4: Agrotait (big blind) folded before Flop


PokerStars Hand #170255964502:  Hold'em Limit ($3/$6 USD) - 2017/05/11 4:13:27 ET
Table 'Halley' 6-max Seat #3 is the button
Seat 3: Fantomet ($176.17 in chips)
Seat 4: Agrotait ($92.06 in chips)
Fantomet: posts small blind $1
Agrotait: posts big blind $3
*** HOLE CARDS ***
Fantomet: raises $3 to $6
Agrotait: calls $3
*** FLOP *** [8d 5d Ac]
Agrotait: checks
Fantomet: bets $3
Agrotait: calls $3
*** TURN *** [8d 5d Ac] [6s]
Agrotait: bets $6
Fantomet: calls $6
*** RIVER *** [8d 5d Ac 6s] [Qh]
Agrotait: checks
Fantomet: checks
*** SHOW DOWN ***
Agrotait: shows [6h 9h] (a pair of Sixes)
Fantomet: mucks hand
Agrotait collected $29.50 from pot
*** SUMMARY ***
Total pot $30 | Rake $0.50
Board [8d 5d Ac 6s Qh]
Seat 3: Fantomet (button) (small blind) mucked
Seat 4: Agrotait (big blind) showed [6h 9h] and won ($29.50) with a pair of Sixes


PokerStars Hand #170255978271:  Hold'em Limit ($3/$6 USD) - 2017/05/11 4:14:11 ET
Table 'Halley' 6-max Seat #4 is the button
Seat 3: Fantomet ($161.17 in chips)
Seat 4: Agrotait ($106.56 in chips)
Agrotait: posts small blind $1
Fantomet: posts big blind $3
*** HOLE CARDS ***
Agrotait: raises $3 to $6
Fantomet: calls $3
*** FLOP *** [4s 2h 7c]
Fantomet: checks
Agrotait: checks
*** TURN *** [4s 2h 7c] [Qh]
Fantomet: checks
Agrotait: bets $6
Fantomet: folds
Uncalled bet ($6) returned to Agrotait
Agrotait collected $11.76 from pot
Agrotait: doesn't show hand
*** SUMMARY ***
Total pot $12 | Rake $0.24
Board [4s 2h 7c Qh]
Seat 3: Fantomet (big blind) folded on the Turn
Seat 4: Agrotait (button) (small blind) collected ($11.76)


PokerStars Hand #170255986780:  Hold'em Limit ($3/$6 USD) - 2017/05/11 4:14:38 ET
Table 'Halley' 6-max Seat #3 is the button
Seat 3: Fantomet ($155.17 in chips)
Seat 4: Agrotait ($112.32 in chips)
Fantomet: posts small blind $1
Agrotait: posts big blind $3
*** HOLE CARDS ***
Fantomet: raises $3 to $6
Agrotait: calls $3
*** FLOP *** [5s 4h Ks]
kiwi/mike joins the table at seat #6
Agrotait: checks
Fantomet: bets $3
Agrotait: raises $3 to $6
Fantomet: calls $3
*** TURN *** [5s 4h Ks] [Ts]
Agrotait: bets $6
Fantomet: folds
Uncalled bet ($6) returned to Agrotait
Agrotait collected $23.52 from pot
Agrotait: doesn't show hand
*** SUMMARY ***
Total pot $24 | Rake $0.48
Board [5s 4h Ks Ts]
Seat 3: Fantomet (button) (small blind) folded on the Turn
Seat 4: Agrotait (big blind) collected ($23.52)


PokerStars Hand #170256090904:  Hold'em Limit ($3/$6 USD) - 2017/05/11 4:20:06 ET
Table 'Halley' 6-max Seat #3 is the button
Seat 3: Fantomet ($158.49 in chips)
Seat 4: Agrotait ($161.28 in chips)
iupeli will be allowed to play after the button
Fantomet: posts small blind $1
Agrotait: posts big blind $3
*** HOLE CARDS ***
Fantomet: raises $3 to $6
Agrotait: calls $3
*** FLOP *** [6s 6c As]
Agrotait: checks
Fantomet: checks
*** TURN *** [6s 6c As] [2c]
Agrotait: bets $6
Fantomet: folds
Uncalled bet ($6) returned to Agrotait
Agrotait collected $11.76 from pot
Agrotait: doesn't show hand
*** SUMMARY ***
Total pot $12 | Rake $0.24
Board [6s 6c As 2c]
Seat 3: Fantomet (button) (small blind) folded on the Turn
Seat 4: Agrotait (big blind) collected ($11.76)


PokerStars Hand #170256303807:  Hold'em Limit ($3/$6 USD) - 2017/05/11 4:30:57 ET
Table 'Halley' 6-max Seat #2 is the button
Seat 2: iupeli ($129.95 in chips)
Seat 4: Agrotait ($151.38 in chips)
iupeli: posts small blind $1
Fantomet: is sitting out
Agrotait: posts big blind $3
*** HOLE CARDS ***
iupeli: raises $3 to $6
Agrotait: calls $3
*** FLOP *** [Qh 3h 7s]
Fantomet leaves the table
Agrotait: checks
iupeli: bets $3
Agrotait: folds
Uncalled bet ($3) returned to iupeli
iupeli collected $11.76 from pot
iupeli: doesn't show hand
*** SUMMARY ***
Total pot $12 | Rake $0.24
Board [Qh 3h 7s]
Seat 2: iupeli (button) (small blind) collected ($11.76)
Seat 4: Agrotait (big blind) folded on the Flop


PokerStars Hand #170256312625:  Hold'em Limit ($3/$6 USD) - 2017/05/11 4:31:23 ET
Table 'Halley' 6-max Seat #4 is the button
Seat 2: iupeli ($135.71 in chips)
Seat 4: Agrotait ($145.38 in chips)
Agrotait: posts small blind $1
iupeli: posts big blind $3
*** HOLE CARDS ***
Agrotait: raises $3 to $6
iupeli: folds
Uncalled bet ($3) returned to Agrotait
Agrotait collected $6 from pot
Agrotait: doesn't show hand
*** SUMMARY ***
Total pot $6 | Rake $0
Seat 2: iupeli (big blind) folded before Flop
Seat 4: Agrotait (button) (small blind) collected ($6)


