PokerStars Hand #151755320606:  Hold'em Limit ($3/$6 USD) - 2016/04/11 6:56:41 ET
Table 'Halley' 10-max Seat #4 is the button
Seat 4: 5PRUT5 ($32.70 in chips)
Seat 5: ct-650 ($150 in chips)
5PRUT5: posts small blind $1
ct-650: posts big blind $3
*** HOLE CARDS ***
5PRUT5: calls $2
ct-650: raises $3 to $6
5PRUT5: calls $3
*** FLOP *** [Ts Jc 9c]
ct-650: bets $3
5PRUT5: calls $3
*** TURN *** [Ts Jc 9c] [6s]
ct-650: checks
5PRUT5: bets $6
ct-650: folds
Uncalled bet ($6) returned to 5PRUT5
5PRUT5 collected $17.64 from pot
5PRUT5: doesn't show hand
*** SUMMARY ***
Total pot $18 | Rake $0.36
Board [Ts Jc 9c 6s]
Seat 4: 5PRUT5 (button) (small blind) collected ($17.64)
Seat 5: ct-650 (big blind) folded on the Turn


PokerStars Hand #151755318779:  Hold'em Limit ($3/$6 USD) - 2016/04/11 6:56:36 ET
Table 'Halley' 10-max Seat #5 is the button
Seat 4: 5PRUT5 ($31.70 in chips)
Seat 5: ct-650 ($151 in chips)
ct-650: posts small blind $1
5PRUT5: posts big blind $3
*** HOLE CARDS ***
ct-650: folds
Uncalled bet ($2) returned to 5PRUT5
5PRUT5 collected $2 from pot
5PRUT5: doesn't show hand
*** SUMMARY ***
Total pot $2 | Rake $0
Seat 4: 5PRUT5 (big blind) collected ($2)
Seat 5: ct-650 (button) (small blind) folded before Flop


PokerStars Hand #151755342514:  Hold'em Limit ($3/$6 USD) - 2016/04/11 6:57:36 ET
Table 'Halley' 10-max Seat #4 is the button
Seat 4: 5PRUT5 ($22.23 in chips)
Seat 5: ct-650 ($158.80 in chips)
5PRUT5: posts small blind $1
ct-650: posts big blind $3
*** HOLE CARDS ***
5PRUT5: raises $3 to $6
ct-650: raises $3 to $9
5PRUT5: raises $3 to $12
Betting is capped
ct-650: calls $3
*** FLOP *** [2h Qs Qc]
ct-650: bets $3
5PRUT5: raises $3 to $6
ct-650: raises $3 to $9
5PRUT5: raises $1.23 to $10.23 and is all-in
Betting is capped
ct-650: calls $1.23
*** TURN *** [2h Qs Qc] [Jh]
*** RIVER *** [2h Qs Qc Jh] [6h]
*** SHOW DOWN ***
ct-650: shows [Ks Qh] (three of a kind, Queens)
5PRUT5: shows [Js Ad] (two pair, Queens and Jacks)
ct-650 collected $43.96 from pot
*** SUMMARY ***
Total pot $44.46 | Rake $0.50
Board [2h Qs Qc Jh 6h]
Seat 4: 5PRUT5 (button) (small blind) showed [Js Ad] and lost with two pair, Queens and Jacks
Seat 5: ct-650 (big blind) showed [Ks Qh] and won ($43.96) with three of a kind, Queens


PokerStars Hand #151755337068:  Hold'em Limit ($3/$6 USD) - 2016/04/11 6:57:22 ET
Table 'Halley' 10-max Seat #5 is the button
Seat 4: 5PRUT5 ($11.34 in chips)
Seat 5: ct-650 ($170.14 in chips)
ct-650: posts small blind $1
5PRUT5: posts big blind $3
*** HOLE CARDS ***
ct-650: raises $3 to $6
5PRUT5: raises $3 to $9
ct-650: raises $3 to $12
Betting is capped
5PRUT5: calls $2.34 and is all-in
Uncalled bet ($0.66) returned to ct-650
*** FLOP *** [3h As Td]
*** TURN *** [3h As Td] [5c]
*** RIVER *** [3h As Td 5c] [3s]
*** SHOW DOWN ***
5PRUT5: shows [Qh 9c] (a pair of Threes)
ct-650: shows [Jc 9d] (a pair of Threes - lower kicker)
5PRUT5 collected $22.23 from pot
*** SUMMARY ***
Total pot $22.68 | Rake $0.45
Board [3h As Td 5c 3s]
Seat 4: 5PRUT5 (big blind) showed [Qh 9c] and won ($22.23) with a pair of Threes
Seat 5: ct-650 (button) (small blind) showed [Jc 9d] and lost with a pair of Threes


PokerStars Hand #151755330996:  Hold'em Limit ($3/$6 USD) - 2016/04/11 6:57:07 ET
Table 'Halley' 10-max Seat #4 is the button
Seat 4: 5PRUT5 ($20.34 in chips)
Seat 5: ct-650 ($161.50 in chips)
5PRUT5: posts small blind $1
ct-650: posts big blind $3
*** HOLE CARDS ***
5PRUT5: raises $3 to $6
ct-650: calls $3
*** FLOP *** [6s Ts 9h]
ct-650: checks
5PRUT5: bets $3
ct-650: calls $3
*** TURN *** [6s Ts 9h] [7c]
ct-650: checks
5PRUT5: checks
*** RIVER *** [6s Ts 9h 7c] [3c]
ct-650: bets $6
5PRUT5: folds
Uncalled bet ($6) returned to ct-650
ct-650 collected $17.64 from pot
*** SUMMARY ***
Total pot $18 | Rake $0.36
Board [6s Ts 9h 7c 3c]
Seat 4: 5PRUT5 (button) (small blind) folded on the River
Seat 5: ct-650 (big blind) collected ($17.64)


PokerStars Hand #151755325526:  Hold'em Limit ($3/$6 USD) - 2016/04/11 6:56:53 ET
Table 'Halley' 10-max Seat #5 is the button
Seat 4: 5PRUT5 ($41.34 in chips)
Seat 5: ct-650 ($141 in chips)
ct-650: posts small blind $1
5PRUT5: posts big blind $3
*** HOLE CARDS ***
ct-650: raises $3 to $6
5PRUT5: calls $3
*** FLOP *** [Qc 9h As]
5PRUT5: checks
ct-650: bets $3
5PRUT5: calls $3
*** TURN *** [Qc 9h As] [7h]
5PRUT5: checks
ct-650: bets $6
5PRUT5: calls $6
*** RIVER *** [Qc 9h As 7h] [2d]
5PRUT5: checks
ct-650: bets $6
5PRUT5: calls $6
*** SHOW DOWN ***
ct-650: shows [9s Ac] (two pair, Aces and Nines)
5PRUT5: mucks hand
ct-650 collected $41.50 from pot
*** SUMMARY ***
Total pot $42 | Rake $0.50
Board [Qc 9h As 7h 2d]
Seat 4: 5PRUT5 (big blind) mucked
Seat 5: ct-650 (button) (small blind) showed [9s Ac] and won ($41.50) with two pair, Aces and Nines


