PokerStars Hand #148427111292:  Hold'em Limit ($3/$6 USD) - 2016/02/07 20:46:50 ET
Table 'Halleria' 2-max Seat #1 is the button
Seat 1: phillip844 ($11.76 in chips)
Seat 2: elifnur2008 ($149.50 in chips)
phillip844: posts small blind $1
elifnur2008: posts big blind $3
*** HOLE CARDS ***
phillip844: calls $2
elifnur2008: checks
*** FLOP *** [Jc Qd Qh]
elifnur2008: checks
phillip844: checks
*** TURN *** [Jc Qd Qh] [7s]
elifnur2008: bets $6
phillip844: calls $6
*** RIVER *** [Jc Qd Qh 7s] [3h]
elifnur2008: bets $6
phillip844: folds
Uncalled bet ($6) returned to elifnur2008
elifnur2008 collected $17.64 from pot
elifnur2008: doesn't show hand
*** SUMMARY ***
Total pot $18 | Rake $0.36
Board [Jc Qd Qh 7s 3h]
Seat 1: phillip844 (button) (small blind) folded on the River
Seat 2: elifnur2008 (big blind) collected ($17.64)


PokerStars Hand #148427100863:  Hold'em Limit ($3/$6 USD) - 2016/02/07 20:46:28 ET
Table 'Halleria' 2-max Seat #2 is the button
Seat 1: phillip844 ($41.76 in chips)
Seat 2: elifnur2008 ($120 in chips)
elifnur2008: posts small blind $1
phillip844: posts big blind $3
*** HOLE CARDS ***
elifnur2008: raises $3 to $6
phillip844: raises $3 to $9
elifnur2008: calls $3
*** FLOP *** [Qc 2c Jd]
phillip844: bets $3
elifnur2008: calls $3
*** TURN *** [Qc 2c Jd] [3h]
phillip844: bets $6
elifnur2008: raises $6 to $12
phillip844: calls $6
*** RIVER *** [Qc 2c Jd 3h] [3c]
phillip844: checks
elifnur2008: bets $6
phillip844: calls $6
*** SHOW DOWN ***
elifnur2008: shows [Jc 2h] (two pair, Jacks and Threes)
phillip844: mucks hand
elifnur2008 collected $59.50 from pot
*** SUMMARY ***
Total pot $60 | Rake $0.50
Board [Qc 2c Jd 3h 3c]
Seat 1: phillip844 (big blind) mucked
Seat 2: elifnur2008 (button) (small blind) showed [Jc 2h] and won ($59.50) with two pair, Jacks and Threes


