PokerStars Hand #174325670336:  Hold'em Limit ($3/$6 USD) - 2017/08/14 11:53:54 ET
Table 'Haltia' 6-max Seat #6 is the button
Seat 1: Velbor107 ($290 in chips)
Seat 6: igmade ($129.64 in chips)
igmade: posts small blind $1
Velbor107: posts big blind $3
*** HOLE CARDS ***
igmade: folds
Uncalled bet ($2) returned to Velbor107
Velbor107 collected $2 from pot
*** SUMMARY ***
Total pot $2 | Rake $0
Seat 1: Velbor107 (big blind) collected ($2)
Seat 6: igmade (button) (small blind) folded before Flop


PokerStars Hand #174325666175:  Hold'em Limit ($3/$6 USD) - 2017/08/14 11:53:47 ET
Table 'Haltia' 6-max Seat #1 is the button
Seat 1: Velbor107 ($291 in chips)
Seat 6: igmade ($128.64 in chips)
Velbor107: posts small blind $1
igmade: posts big blind $3
*** HOLE CARDS ***
Velbor107: folds
Uncalled bet ($2) returned to igmade
igmade collected $2 from pot
igmade: doesn't show hand
*** SUMMARY ***
Total pot $2 | Rake $0
Seat 1: Velbor107 (button) (small blind) folded before Flop
Seat 6: igmade (big blind) collected ($2)


PokerStars Hand #174325649447:  Hold'em Limit ($3/$6 USD) - 2017/08/14 11:53:18 ET
Table 'Haltia' 6-max Seat #6 is the button
Seat 1: Velbor107 ($300 in chips)
Seat 6: igmade ($120 in chips)
igmade: posts small blind $1
Velbor107: posts big blind $3
*** HOLE CARDS ***
igmade: raises $3 to $6
Velbor107: calls $3
*** FLOP *** [Jh Kh 7s]
Velbor107: bets $3
igmade: raises $3 to $6
Velbor107: folds
Uncalled bet ($3) returned to igmade
igmade collected $17.64 from pot
igmade: doesn't show hand
*** SUMMARY ***
Total pot $18 | Rake $0.36
Board [Jh Kh 7s]
Seat 1: Velbor107 (big blind) folded on the Flop
Seat 6: igmade (button) (small blind) collected ($17.64)


PokerStars Hand #174325713173:  Hold'em Limit ($3/$6 USD) - 2017/08/14 11:54:58 ET
Table 'Haltia' 6-max Seat #6 is the button
Seat 1: Velbor107 ($296.76 in chips)
Seat 6: igmade ($122.64 in chips)
igmade: posts small blind $1
Velbor107: posts big blind $3
*** HOLE CARDS ***
igmade: folds
Uncalled bet ($2) returned to Velbor107
Velbor107 collected $2 from pot
*** SUMMARY ***
Total pot $2 | Rake $0
Seat 1: Velbor107 (big blind) collected ($2)
Seat 6: igmade (button) (small blind) folded before Flop


PokerStars Hand #174325700085:  Hold'em Limit ($3/$6 USD) - 2017/08/14 11:54:35 ET
Table 'Haltia' 6-max Seat #1 is the button
Seat 1: Velbor107 ($297.76 in chips)
Seat 6: igmade ($121.64 in chips)
Velbor107: posts small blind $1
igmade: posts big blind $3
*** HOLE CARDS ***
Velbor107: folds
Uncalled bet ($2) returned to igmade
igmade collected $2 from pot
igmade: doesn't show hand
*** SUMMARY ***
Total pot $2 | Rake $0
Seat 1: Velbor107 (button) (small blind) folded before Flop
Seat 6: igmade (big blind) collected ($2)


PokerStars Hand #174325697531:  Hold'em Limit ($3/$6 USD) - 2017/08/14 11:54:31 ET
Table 'Haltia' 6-max Seat #6 is the button
Seat 1: Velbor107 ($296.76 in chips)
Seat 6: igmade ($122.64 in chips)
igmade: posts small blind $1
Velbor107: posts big blind $3
*** HOLE CARDS ***
igmade: folds
Uncalled bet ($2) returned to Velbor107
Velbor107 collected $2 from pot
*** SUMMARY ***
Total pot $2 | Rake $0
Seat 1: Velbor107 (big blind) collected ($2)
Seat 6: igmade (button) (small blind) folded before Flop


PokerStars Hand #174325674406:  Hold'em Limit ($3/$6 USD) - 2017/08/14 11:54:02 ET
Table 'Haltia' 6-max Seat #1 is the button
Seat 1: Velbor107 ($291 in chips)
Seat 6: igmade ($128.64 in chips)
Velbor107: posts small blind $1
igmade: posts big blind $3
*** HOLE CARDS ***
Velbor107: raises $3 to $6
igmade: calls $3
*** FLOP *** [Kc 9s Jc]
igmade: checks
Velbor107: checks
*** TURN *** [Kc 9s Jc] [Tc]
igmade: checks
Velbor107: bets $6
igmade: folds
Uncalled bet ($6) returned to Velbor107
Velbor107 collected $11.76 from pot
*** SUMMARY ***
Total pot $12 | Rake $0.24
Board [Kc 9s Jc Tc]
Seat 1: Velbor107 (button) (small blind) collected ($11.76)
Seat 6: igmade (big blind) folded on the Turn


PokerStars Hand #174325718149:  Hold'em Limit ($3/$6 USD) - 2017/08/14 11:55:07 ET
Table 'Haltia' 6-max Seat #1 is the button
Seat 1: Velbor107 ($297.76 in chips)
Seat 6: igmade ($121.64 in chips)
Velbor107: posts small blind $1
igmade: posts big blind $3
*** HOLE CARDS ***
Velbor107: raises $3 to $6
igmade: calls $3
*** FLOP *** [4d 9c Qc]
igmade: checks
Velbor107: bets $3
igmade: calls $3
*** TURN *** [4d 9c Qc] [2s]
igmade: checks
Velbor107: bets $6
igmade: raises $6 to $12
Velbor107: calls $6
*** RIVER *** [4d 9c Qc 2s] [9s]
igmade: bets $6
Velbor107: calls $6
*** SHOW DOWN ***
igmade: shows [9h Qs] (a full house, Nines full of Queens)
Velbor107: mucks hand
igmade collected $53.50 from pot
*** SUMMARY ***
Total pot $54 | Rake $0.50
Board [4d 9c Qc 2s 9s]
Seat 1: Velbor107 (button) (small blind) mucked
Seat 6: igmade (big blind) showed [9h Qs] and won ($53.50) with a full house, Nines full of Queens


PokerStars Hand #174325740395:  Hold'em Limit ($3/$6 USD) - 2017/08/14 11:55:52 ET
Table 'Haltia' 6-max Seat #6 is the button
Seat 1: Velbor107 ($270.76 in chips)
Seat 6: igmade ($148.14 in chips)
igmade: posts small blind $1
Velbor107: posts big blind $3
*** HOLE CARDS ***
igmade: calls $2
Velbor107: raises $3 to $6
igmade: calls $3
*** FLOP *** [Th Ah 8d]
Velbor107: bets $3
igmade: raises $3 to $6
Velbor107: calls $3
*** TURN *** [Th Ah 8d] [5d]
Velbor107: checks
igmade: checks
*** RIVER *** [Th Ah 8d 5d] [2c]
vestimokrec joins the table at seat #2
Velbor107: bets $6
igmade: calls $6
*** SHOW DOWN ***
Velbor107: shows [9d 7d] (high card Ace)
igmade: shows [Td 9s] (a pair of Tens)
igmade collected $35.50 from pot
*** SUMMARY ***
Total pot $36 | Rake $0.50
Board [Th Ah 8d 5d 2c]
Seat 1: Velbor107 (big blind) showed [9d 7d] and lost with high card Ace
Seat 6: igmade (button) (small blind) showed [Td 9s] and won ($35.50) with a pair of Tens


PokerStars Hand #174325850004:  Hold'em Limit ($3/$6 USD) - 2017/08/14 11:59:29 ET
Table 'Haltia' 6-max Seat #3 is the button
Seat 1: Velbor107 ($271.38 in chips)
Seat 3: HAOYUN88888 ($24.63 in chips)
HAOYUN88888: posts small blind $1
Velbor107: posts big blind $3
*** HOLE CARDS ***
HAOYUN88888: raises $3 to $6
Velbor107: calls $3
*** FLOP *** [3d Qs 3h]
Velbor107: checks
HAOYUN88888: bets $3
Velbor107: calls $3
*** TURN *** [3d Qs 3h] [Qh]
Velbor107: checks
HAOYUN88888: checks
*** RIVER *** [3d Qs 3h Qh] [6c]
Velbor107: bets $6
HAOYUN88888: calls $6
*** SHOW DOWN ***
Velbor107: shows [Qd 2d] (a full house, Queens full of Threes)
HAOYUN88888: mucks hand
Velbor107 collected $29.50 from pot
*** SUMMARY ***
Total pot $30 | Rake $0.50
Board [3d Qs 3h Qh 6c]
Seat 1: Velbor107 (big blind) showed [Qd 2d] and won ($29.50) with a full house, Queens full of Threes
Seat 3: HAOYUN88888 (button) (small blind) mucked


PokerStars Hand #174325841277:  Hold'em Limit ($3/$6 USD) - 2017/08/14 11:59:12 ET
Table 'Haltia' 6-max Seat #1 is the button
Seat 1: Velbor107 ($268.38 in chips)
Seat 3: HAOYUN88888 ($27.63 in chips)
Velbor107: posts small blind $1
HAOYUN88888: posts big blind $3
*** HOLE CARDS ***
vestimokrec leaves the table
Velbor107: raises $3 to $6
HAOYUN88888: folds
Uncalled bet ($3) returned to Velbor107
Velbor107 collected $6 from pot
*** SUMMARY ***
Total pot $6 | Rake $0
Seat 1: Velbor107 (button) (small blind) collected ($6)
Seat 3: HAOYUN88888 (big blind) folded before Flop


PokerStars Hand #174325876528:  Hold'em Limit ($3/$6 USD) - 2017/08/14 12:00:21 ET
Table 'Haltia' 6-max Seat #3 is the button
Seat 1: Velbor107 ($276.25 in chips)
Seat 3: HAOYUN88888 ($18.87 in chips)
HAOYUN88888: posts small blind $1
Velbor107: posts big blind $3
*** HOLE CARDS ***
HAOYUN88888: raises $3 to $6
Velbor107: raises $3 to $9
HAOYUN88888: calls $3
*** FLOP *** [5c 7h Th]
Velbor107: bets $3
HAOYUN88888: raises $3 to $6
Velbor107: raises $3 to $9
HAOYUN88888: raises $0.87 to $9.87 and is all-in
Betting is capped
Velbor107: calls $0.87
*** TURN *** [5c 7h Th] [Ks]
*** RIVER *** [5c 7h Th Ks] [Qc]
*** SHOW DOWN ***
Velbor107: shows [9c 9h] (a pair of Nines)
HAOYUN88888: shows [As 3s] (high card Ace)
Velbor107 collected $37.24 from pot
*** SUMMARY ***
Total pot $37.74 | Rake $0.50
Board [5c 7h Th Ks Qc]
Seat 1: Velbor107 (big blind) showed [9c 9h] and won ($37.24) with a pair of Nines
Seat 3: HAOYUN88888 (button) (small blind) showed [As 3s] and lost with high card Ace


PokerStars Hand #174325865888:  Hold'em Limit ($3/$6 USD) - 2017/08/14 12:00:00 ET
Table 'Haltia' 6-max Seat #1 is the button
Seat 1: Velbor107 ($285.88 in chips)
Seat 3: HAOYUN88888 ($9.63 in chips)
Velbor107: posts small blind $1
HAOYUN88888: posts big blind $3
*** HOLE CARDS ***
Velbor107: raises $3 to $6
HAOYUN88888: raises $3 to $9
Velbor107: raises $3 to $12
Betting is capped
HAOYUN88888: calls $0.63 and is all-in
Uncalled bet ($2.37) returned to Velbor107
*** FLOP *** [Qh 8h Kh]
*** TURN *** [Qh 8h Kh] [8s]
*** RIVER *** [Qh 8h Kh 8s] [6h]
*** SHOW DOWN ***
HAOYUN88888: shows [Jh Kd] (a flush, King high)
Velbor107: shows [9s Qs] (two pair, Queens and Eights)
HAOYUN88888 collected $18.87 from pot
*** SUMMARY ***
Total pot $19.26 | Rake $0.39
Board [Qh 8h Kh 8s 6h]
Seat 1: Velbor107 (button) (small blind) showed [9s Qs] and lost with two pair, Queens and Eights
Seat 3: HAOYUN88888 (big blind) showed [Jh Kd] and won ($18.87) with a flush, King high


PokerStars Hand #174326174418:  Hold'em Limit ($3/$6 USD) - 2017/08/14 12:08:53 ET
Table 'Haltia' 6-max Seat #1 is the button
Seat 1: Velbor107 ($294.62 in chips)
Seat 4: NewRocker ($114.39 in chips)
Velbor107: posts small blind $1
vestimokrec joins the table at seat #5
NewRocker: posts big blind $3
*** HOLE CARDS ***
Velbor107: raises $3 to $6
NewRocker: calls $3
*** FLOP *** [3c 2c Ah]
NewRocker: checks
Velbor107: bets $3
NewRocker: raises $3 to $6
Velbor107: calls $3
*** TURN *** [3c 2c Ah] [Qc]
NewRocker: bets $6
Velbor107: raises $6 to $12
NewRocker: calls $6
*** RIVER *** [3c 2c Ah Qc] [9h]
NewRocker: checks
Velbor107: bets $6
NewRocker: calls $6
*** SHOW DOWN ***
Velbor107: shows [8c Td] (high card Ace)
NewRocker: shows [As 2h] (two pair, Aces and Deuces)
NewRocker collected $59.50 from pot
*** SUMMARY ***
Total pot $60 | Rake $0.50
Board [3c 2c Ah Qc 9h]
Seat 1: Velbor107 (button) (small blind) showed [8c Td] and lost with high card Ace
Seat 4: NewRocker (big blind) showed [As 2h] and won ($59.50) with two pair, Aces and Deuces


PokerStars Hand #174326346070:  Hold'em Limit ($3/$6 USD) - 2017/08/14 12:13:46 ET
Table 'Haltia' 6-max Seat #1 is the button
Seat 1: Velbor107 ($268 in chips)
Seat 6: Fantomet ($110 in chips)
Velbor107: posts small blind $1
Luanto 14: is sitting out
vestimokrec: is sitting out
Fantomet: posts big blind $3
*** HOLE CARDS ***
Velbor107: raises $3 to $6
vestimokrec leaves the table
Fantomet: folds
Uncalled bet ($3) returned to Velbor107
Luanto 14 leaves the table
Velbor107 collected $6 from pot
*** SUMMARY ***
Total pot $6 | Rake $0
Seat 1: Velbor107 (button) (small blind) collected ($6)
Seat 6: Fantomet (big blind) folded before Flop


PokerStars Hand #174326354660:  Hold'em Limit ($3/$6 USD) - 2017/08/14 12:14:00 ET
Table 'Haltia' 6-max Seat #1 is the button
Seat 1: Velbor107 ($272 in chips)
Seat 6: Fantomet ($106 in chips)
Velbor107: posts small blind $1
Fantomet: posts big blind $3
*** HOLE CARDS ***
Velbor107: folds
Uncalled bet ($2) returned to Fantomet
Fantomet collected $2 from pot
*** SUMMARY ***
Total pot $2 | Rake $0
Seat 1: Velbor107 (button) (small blind) folded before Flop
Seat 6: Fantomet (big blind) collected ($2)


PokerStars Hand #174326349195:  Hold'em Limit ($3/$6 USD) - 2017/08/14 12:13:51 ET
Table 'Haltia' 6-max Seat #6 is the button
Seat 1: Velbor107 ($271 in chips)
Seat 6: Fantomet ($107 in chips)
Fantomet: posts small blind $1
Velbor107: posts big blind $3
*** HOLE CARDS ***
Fantomet: folds
Uncalled bet ($2) returned to Velbor107
Velbor107 collected $2 from pot
*** SUMMARY ***
Total pot $2 | Rake $0
Seat 1: Velbor107 (big blind) collected ($2)
Seat 6: Fantomet (button) (small blind) folded before Flop


PokerStars Hand #174326357189:  Hold'em Limit ($3/$6 USD) - 2017/08/14 12:14:04 ET
Table 'Haltia' 6-max Seat #6 is the button
Seat 1: Velbor107 ($271 in chips)
Seat 6: Fantomet ($107 in chips)
Fantomet: posts small blind $1
Velbor107: posts big blind $3
*** HOLE CARDS ***
Fantomet: raises $3 to $6
Velbor107: raises $3 to $9
Fantomet: calls $3
*** FLOP *** [4h Ah Td]
Velbor107: bets $3
Fantomet: calls $3
*** TURN *** [4h Ah Td] [8d]
Velbor107: bets $6
Fantomet: raises $6 to $12
Velbor107: raises $6 to $18
Fantomet: calls $6
*** RIVER *** [4h Ah Td 8d] [Kc]
Velbor107: bets $6
Fantomet: calls $6
*** SHOW DOWN ***
Velbor107: shows [4d 4s] (three of a kind, Fours)
Fantomet: mucks hand
Velbor107 collected $71.50 from pot
*** SUMMARY ***
Total pot $72 | Rake $0.50
Board [4h Ah Td 8d Kc]
Seat 1: Velbor107 (big blind) showed [4d 4s] and won ($71.50) with three of a kind, Fours
Seat 6: Fantomet (button) (small blind) mucked


PokerStars Hand #174326376641:  Hold'em Limit ($3/$6 USD) - 2017/08/14 12:14:37 ET
Table 'Haltia' 6-max Seat #1 is the button
Seat 1: Velbor107 ($306.50 in chips)
Seat 6: Fantomet ($71 in chips)
Velbor107: posts small blind $1
Fantomet: posts big blind $3
*** HOLE CARDS ***
Velbor107: raises $3 to $6
Fantomet: calls $3
*** FLOP *** [4c As 6h]
Fantomet: checks
Velbor107: checks
*** TURN *** [4c As 6h] [8h]
Fantomet: bets $6
Velbor107: calls $6
*** RIVER *** [4c As 6h 8h] [3d]
Fantomet: bets $6
Velbor107: calls $6
*** SHOW DOWN ***
Fantomet: shows [4s Js] (a pair of Fours)
Velbor107: shows [Ks Kd] (a pair of Kings)
Velbor107 collected $35.50 from pot
*** SUMMARY ***
Total pot $36 | Rake $0.50
Board [4c As 6h 8h 3d]
Seat 1: Velbor107 (button) (small blind) showed [Ks Kd] and won ($35.50) with a pair of Kings
Seat 6: Fantomet (big blind) showed [4s Js] and lost with a pair of Fours


PokerStars Hand #174326400079:  Hold'em Limit ($3/$6 USD) - 2017/08/14 12:15:17 ET
Table 'Haltia' 6-max Seat #6 is the button
Seat 1: Velbor107 ($324 in chips)
Seat 6: Fantomet ($53 in chips)
Fantomet: posts small blind $1
Velbor107: posts big blind $3
*** HOLE CARDS ***
Fantomet: raises $3 to $6
Velbor107: folds
Uncalled bet ($3) returned to Fantomet
Fantomet collected $6 from pot
*** SUMMARY ***
Total pot $6 | Rake $0
Seat 1: Velbor107 (big blind) folded before Flop
Seat 6: Fantomet (button) (small blind) collected ($6)


PokerStars Hand #174326405806:  Hold'em Limit ($3/$6 USD) - 2017/08/14 12:15:26 ET
Table 'Haltia' 6-max Seat #1 is the button
Seat 1: Velbor107 ($321 in chips)
Seat 6: Fantomet ($56 in chips)
Velbor107: posts small blind $1
Fantomet: posts big blind $3
*** HOLE CARDS ***
Velbor107: folds
Uncalled bet ($2) returned to Fantomet
Fantomet collected $2 from pot
*** SUMMARY ***
Total pot $2 | Rake $0
Seat 1: Velbor107 (button) (small blind) folded before Flop
Seat 6: Fantomet (big blind) collected ($2)


PokerStars Hand #174326408986:  Hold'em Limit ($3/$6 USD) - 2017/08/14 12:15:32 ET
Table 'Haltia' 6-max Seat #6 is the button
Seat 1: Velbor107 ($320 in chips)
Seat 6: Fantomet ($57 in chips)
Fantomet: posts small blind $1
Velbor107: posts big blind $3
*** HOLE CARDS ***
Fantomet: raises $3 to $6
Velbor107: calls $3
*** FLOP *** [8h 4c 7c]
Velbor107: checks
Fantomet: bets $3
Velbor107: calls $3
*** TURN *** [8h 4c 7c] [2h]
Velbor107: checks
Fantomet: bets $6
Velbor107: calls $6
*** RIVER *** [8h 4c 7c 2h] [Jh]
Velbor107: checks
Fantomet: checks
*** SHOW DOWN ***
Velbor107: shows [Ks 5s] (high card King)
Fantomet: shows [Qh Ac] (high card Ace)
Fantomet collected $29.50 from pot
*** SUMMARY ***
Total pot $30 | Rake $0.50
Board [8h 4c 7c 2h Jh]
Seat 1: Velbor107 (big blind) showed [Ks 5s] and lost with high card King
Seat 6: Fantomet (button) (small blind) showed [Qh Ac] and won ($29.50) with high card Ace


PokerStars Hand #174326425169:  Hold'em Limit ($3/$6 USD) - 2017/08/14 12:15:59 ET
Table 'Haltia' 6-max Seat #1 is the button
Seat 1: Velbor107 ($305 in chips)
Seat 6: Fantomet ($71.50 in chips)
Velbor107: posts small blind $1
Fantomet: posts big blind $3
*** HOLE CARDS ***
Velbor107: raises $3 to $6
Fantomet: folds
Uncalled bet ($3) returned to Velbor107
Velbor107 collected $6 from pot
*** SUMMARY ***
Total pot $6 | Rake $0
Seat 1: Velbor107 (button) (small blind) collected ($6)
Seat 6: Fantomet (big blind) folded before Flop


PokerStars Hand #174326429165:  Hold'em Limit ($3/$6 USD) - 2017/08/14 12:16:05 ET
Table 'Haltia' 6-max Seat #6 is the button
Seat 1: Velbor107 ($308 in chips)
Seat 6: Fantomet ($68.50 in chips)
Fantomet: posts small blind $1
Velbor107: posts big blind $3
*** HOLE CARDS ***
Fantomet: folds
Uncalled bet ($2) returned to Velbor107
Velbor107 collected $2 from pot
*** SUMMARY ***
Total pot $2 | Rake $0
Seat 1: Velbor107 (big blind) collected ($2)
Seat 6: Fantomet (button) (small blind) folded before Flop


PokerStars Hand #174326450736:  Hold'em Limit ($3/$6 USD) - 2017/08/14 12:16:42 ET
Table 'Haltia' 6-max Seat #6 is the button
Seat 1: Velbor107 ($332.50 in chips)
Seat 6: Fantomet ($43.50 in chips)
Fantomet: posts small blind $1
Velbor107: posts big blind $3
*** HOLE CARDS ***
Fantomet: raises $3 to $6
Velbor107: folds
Uncalled bet ($3) returned to Fantomet
Fantomet collected $6 from pot
*** SUMMARY ***
Total pot $6 | Rake $0
Seat 1: Velbor107 (big blind) folded before Flop
Seat 6: Fantomet (button) (small blind) collected ($6)


PokerStars Hand #174326432254:  Hold'em Limit ($3/$6 USD) - 2017/08/14 12:16:11 ET
Table 'Haltia' 6-max Seat #1 is the button
Seat 1: Velbor107 ($309 in chips)
Seat 6: Fantomet ($67.50 in chips)
Velbor107: posts small blind $1
Fantomet: posts big blind $3
*** HOLE CARDS ***
Velbor107: raises $3 to $6
Fantomet: raises $3 to $9
Velbor107: calls $3
*** FLOP *** [7h 7s 6c]
Fantomet: bets $3
Velbor107: calls $3
*** TURN *** [7h 7s 6c] [Qc]
Fantomet: bets $6
Velbor107: calls $6
*** RIVER *** [7h 7s 6c Qc] [2s]
Fantomet: bets $6
Velbor107: calls $6
*** SHOW DOWN ***
Fantomet: shows [Ac 3c] (a pair of Sevens)
Velbor107: shows [6h Jc] (two pair, Sevens and Sixes)
Velbor107 collected $47.50 from pot
*** SUMMARY ***
Total pot $48 | Rake $0.50
Board [7h 7s 6c Qc 2s]
Seat 1: Velbor107 (button) (small blind) showed [6h Jc] and won ($47.50) with two pair, Sevens and Sixes
Seat 6: Fantomet (big blind) showed [Ac 3c] and lost with a pair of Sevens


PokerStars Hand #174326454385:  Hold'em Limit ($3/$6 USD) - 2017/08/14 12:16:48 ET
Table 'Haltia' 6-max Seat #1 is the button
Seat 1: Velbor107 ($329.50 in chips)
Seat 6: Fantomet ($46.50 in chips)
Velbor107: posts small blind $1
Fantomet: posts big blind $3
*** HOLE CARDS ***
Velbor107: folds
Uncalled bet ($2) returned to Fantomet
Fantomet collected $2 from pot
*** SUMMARY ***
Total pot $2 | Rake $0
Seat 1: Velbor107 (button) (small blind) folded before Flop
Seat 6: Fantomet (big blind) collected ($2)


PokerStars Hand #174326473807:  Hold'em Limit ($3/$6 USD) - 2017/08/14 12:17:21 ET
Table 'Haltia' 6-max Seat #1 is the button
Seat 1: Velbor107 ($307.50 in chips)
Seat 6: Fantomet ($68 in chips)
Velbor107: posts small blind $1
Fantomet: posts big blind $3
*** HOLE CARDS ***
Velbor107: folds
Uncalled bet ($2) returned to Fantomet
Fantomet collected $2 from pot
*** SUMMARY ***
Total pot $2 | Rake $0
Seat 1: Velbor107 (button) (small blind) folded before Flop
Seat 6: Fantomet (big blind) collected ($2)


PokerStars Hand #174326457575:  Hold'em Limit ($3/$6 USD) - 2017/08/14 12:16:53 ET
Table 'Haltia' 6-max Seat #6 is the button
Seat 1: Velbor107 ($328.50 in chips)
Seat 6: Fantomet ($47.50 in chips)
Fantomet: posts small blind $1
Velbor107: posts big blind $3
*** HOLE CARDS ***
Fantomet: raises $3 to $6
Velbor107: calls $3
*** FLOP *** [4h 7s Td]
Velbor107: checks
Fantomet: bets $3
Velbor107: calls $3
*** TURN *** [4h 7s Td] [7d]
Velbor107: checks
Fantomet: bets $6
Velbor107: calls $6
*** RIVER *** [4h 7s Td 7d] [7c]
Velbor107: checks
Fantomet: bets $6
Velbor107: calls $6
*** SHOW DOWN ***
Fantomet: shows [6s Ts] (a full house, Sevens full of Tens)
Velbor107: mucks hand
Fantomet collected $41.50 from pot
*** SUMMARY ***
Total pot $42 | Rake $0.50
Board [4h 7s Td 7d 7c]
Seat 1: Velbor107 (big blind) mucked
Seat 6: Fantomet (button) (small blind) showed [6s Ts] and won ($41.50) with a full house, Sevens full of Tens


PokerStars Hand #174326478039:  Hold'em Limit ($3/$6 USD) - 2017/08/14 12:17:28 ET
Table 'Haltia' 6-max Seat #6 is the button
Seat 1: Velbor107 ($306.50 in chips)
Seat 6: Fantomet ($69 in chips)
Fantomet: posts small blind $1
Velbor107: posts big blind $3
*** HOLE CARDS ***
Fantomet: raises $3 to $6
Velbor107: calls $3
*** FLOP *** [3d 7h Th]
Velbor107: checks
Fantomet: bets $3
igmade joins the table at seat #5
Velbor107: folds
Uncalled bet ($3) returned to Fantomet
Fantomet collected $11.76 from pot
*** SUMMARY ***
Total pot $12 | Rake $0.24
Board [3d 7h Th]
Seat 1: Velbor107 (big blind) folded on the Flop
Seat 6: Fantomet (button) (small blind) collected ($11.76)


PokerStars Hand #174326663952:  Hold'em Limit ($3/$6 USD) - 2017/08/14 12:22:39 ET
Table 'Haltia' 6-max Seat #2 is the button
Seat 2: Luanto 14 ($185.04 in chips)
Seat 5: igmade ($35.56 in chips)
Luanto 14: posts small blind $1
igmade: posts big blind $3
*** HOLE CARDS ***
Luanto 14: raises $3 to $6
igmade: raises $3 to $9
Luanto 14: calls $3
*** FLOP *** [7h 3h 7c]
igmade: bets $3
Luanto 14: calls $3
*** TURN *** [7h 3h 7c] [3c]
igmade: bets $6
Luanto 14: calls $6
*** RIVER *** [7h 3h 7c 3c] [As]
igmade: bets $6
Luanto 14: calls $6
*** SHOW DOWN ***
igmade: shows [Ah 2c] (two pair, Aces and Sevens)
Luanto 14: mucks hand
igmade collected $47.50 from pot
*** SUMMARY ***
Total pot $48 | Rake $0.50
Board [7h 3h 7c 3c As]
Seat 2: Luanto 14 (button) (small blind) mucked
Seat 5: igmade (big blind) showed [Ah 2c] and won ($47.50) with two pair, Aces and Sevens


PokerStars Hand #174326656252:  Hold'em Limit ($3/$6 USD) - 2017/08/14 12:22:27 ET
Table 'Haltia' 6-max Seat #5 is the button
Seat 2: Luanto 14 ($173.52 in chips)
Seat 5: igmade ($47.56 in chips)
igmade: posts small blind $1
Velbor107: is sitting out
Luanto 14: posts big blind $3
*** HOLE CARDS ***
igmade: raises $3 to $6
Velbor107 leaves the table
Luanto 14: calls $3
*** FLOP *** [8s Kc 4c]
Luanto 14: checks
igmade: bets $3
Luanto 14: raises $3 to $6
igmade: calls $3
*** TURN *** [8s Kc 4c] [3d]
Luanto 14: bets $6
igmade: folds
Uncalled bet ($6) returned to Luanto 14
Luanto 14 collected $23.52 from pot
Luanto 14: doesn't show hand
*** SUMMARY ***
Total pot $24 | Rake $0.48
Board [8s Kc 4c 3d]
Seat 2: Luanto 14 (big blind) collected ($23.52)
Seat 5: igmade (button) (small blind) folded on the Turn


PokerStars Hand #174326686782:  Hold'em Limit ($3/$6 USD) - 2017/08/14 12:23:18 ET
Table 'Haltia' 6-max Seat #2 is the button
Seat 2: Luanto 14 ($187.54 in chips)
Seat 5: igmade ($32.06 in chips)
Luanto 14: posts small blind $1
igmade: posts big blind $3
*** HOLE CARDS ***
Luanto 14: raises $3 to $6
igmade: calls $3
*** FLOP *** [Ac 2s 2c]
igmade: checks
Luanto 14: checks
*** TURN *** [Ac 2s 2c] [5d]
igmade: bets $6
Luanto 14: calls $6
*** RIVER *** [Ac 2s 2c 5d] [Kc]
igmade: bets $6
Luanto 14: calls $6
*** SHOW DOWN ***
igmade: shows [Td 4c] (a pair of Deuces)
Luanto 14: shows [7c Ah] (two pair, Aces and Deuces)
Luanto 14 collected $35.50 from pot
*** SUMMARY ***
Total pot $36 | Rake $0.50
Board [Ac 2s 2c 5d Kc]
Seat 2: Luanto 14 (button) (small blind) showed [7c Ah] and won ($35.50) with two pair, Aces and Deuces
Seat 5: igmade (big blind) showed [Td 4c] and lost with a pair of Deuces


PokerStars Hand #174326675720:  Hold'em Limit ($3/$6 USD) - 2017/08/14 12:22:59 ET
Table 'Haltia' 6-max Seat #5 is the button
Seat 2: Luanto 14 ($161.04 in chips)
Seat 5: igmade ($59.06 in chips)
igmade: posts small blind $1
Luanto 14: posts big blind $3
vestimokrec joins the table at seat #6
*** HOLE CARDS ***
igmade: raises $3 to $6
Luanto 14: calls $3
*** FLOP *** [Ks Jh 5s]
Luanto 14: checks
igmade: bets $3
Luanto 14: calls $3
*** TURN *** [Ks Jh 5s] [Qh]
Luanto 14: checks
igmade: bets $6
Luanto 14: calls $6
*** RIVER *** [Ks Jh 5s Qh] [8h]
Luanto 14: checks
igmade: bets $6
Luanto 14: raises $6 to $12
igmade: calls $6
*** SHOW DOWN ***
Luanto 14: shows [5h 9h] (a flush, Queen high)
igmade: mucks hand
Luanto 14 collected $53.50 from pot
*** SUMMARY ***
Total pot $54 | Rake $0.50
Board [Ks Jh 5s Qh 8h]
Seat 2: Luanto 14 (big blind) showed [5h 9h] and won ($53.50) with a flush, Queen high
Seat 5: igmade (button) (small blind) mucked


PokerStars Hand #174327633283:  Hold'em Limit ($3/$6 USD) - 2017/08/14 12:49:20 ET
Table 'Haltia' 6-max Seat #4 is the button
Seat 1: Acidstorm200 ($8.65 in chips)
Seat 4: Velbor107 ($315.16 in chips)
Velbor107: posts small blind $1
ToDaFelt: is sitting out
Acidstorm200: posts big blind $3
*** HOLE CARDS ***
Velbor107: folds
Uncalled bet ($2) returned to Acidstorm200
Acidstorm200 collected $2 from pot
Acidstorm200: doesn't show hand
*** SUMMARY ***
Total pot $2 | Rake $0
Seat 1: Acidstorm200 (big blind) collected ($2)
Seat 4: Velbor107 (button) (small blind) folded before Flop


