PokerStars Hand #147732018919:  Hold'em Limit ($3/$6 USD) - 2016/01/26 16:57:07 ET
Table 'Haltia II' 6-max Seat #3 is the button
Seat 2: Fibonachy ($38.47 in chips)
Seat 3: AzureCaper ($72 in chips)
AzureCaper: posts small blind $1
Pandakey: is sitting out
Fibonachy: posts big blind $3
*** HOLE CARDS ***
AzureCaper: raises $3 to $6
Fibonachy: calls $3
*** FLOP *** [Qs As Kh]
Fibonachy: checks
AzureCaper: bets $3
Fibonachy: calls $3
*** TURN *** [Qs As Kh] [8h]
Fibonachy: checks
AzureCaper: checks
*** RIVER *** [Qs As Kh 8h] [5h]
Fibonachy: bets $6
AzureCaper: folds
Uncalled bet ($6) returned to Fibonachy
Fibonachy collected $17.64 from pot
Fibonachy: doesn't show hand
*** SUMMARY ***
Total pot $18 | Rake $0.36
Board [Qs As Kh 8h 5h]
Seat 2: Fibonachy (big blind) collected ($17.64)
Seat 3: AzureCaper (button) (small blind) folded on the River


PokerStars Hand #147732034738:  Hold'em Limit ($3/$6 USD) - 2016/01/26 16:57:27 ET
Table 'Haltia II' 6-max Seat #2 is the button
Seat 2: Fibonachy ($47.11 in chips)
Seat 3: AzureCaper ($72 in chips)
Fibonachy: posts small blind $1
AzureCaper: posts big blind $3
*** HOLE CARDS ***
Fibonachy: raises $3 to $6
AzureCaper: folds
Uncalled bet ($3) returned to Fibonachy
Fibonachy collected $6 from pot
Fibonachy: doesn't show hand
*** SUMMARY ***
Total pot $6 | Rake $0
Seat 2: Fibonachy (button) (small blind) collected ($6)
Seat 3: AzureCaper (big blind) folded before Flop


PokerStars Hand #147732120725:  Hold'em Limit ($3/$6 USD) - 2016/01/26 16:58:55 ET
Table 'Haltia II' 6-max Seat #6 is the button
Seat 3: AzureCaper ($76 in chips)
Seat 6: LWNS ($67 in chips)
LWNS: posts small blind $1
AzureCaper: posts big blind $3
*** HOLE CARDS ***
Fibonachy leaves the table
LWNS: folds
Uncalled bet ($2) returned to AzureCaper
AzureCaper collected $2 from pot
AzureCaper: doesn't show hand
*** SUMMARY ***
Total pot $2 | Rake $0
Seat 3: AzureCaper (big blind) collected ($2)
Seat 6: LWNS (button) (small blind) folded before Flop


PokerStars Hand #147732126001:  Hold'em Limit ($3/$6 USD) - 2016/01/26 16:59:01 ET
Table 'Haltia II' 6-max Seat #3 is the button
Seat 3: AzureCaper ($77 in chips)
Seat 6: LWNS ($66 in chips)
AzureCaper: posts small blind $1
LWNS: posts big blind $3
*** HOLE CARDS ***
AzureCaper: raises $3 to $6
LWNS: calls $3
*** FLOP *** [9s Kc Tc]
LWNS: checks
AzureCaper: bets $3
LWNS: raises $3 to $6
AzureCaper: raises $3 to $9
LWNS: calls $3
*** TURN *** [9s Kc Tc] [9h]
LWNS: checks
AzureCaper: bets $6
LWNS: folds
Uncalled bet ($6) returned to AzureCaper
AzureCaper collected $29.50 from pot
AzureCaper: doesn't show hand
*** SUMMARY ***
Total pot $30 | Rake $0.50
Board [9s Kc Tc 9h]
Seat 3: AzureCaper (button) (small blind) collected ($29.50)
Seat 6: LWNS (big blind) folded on the Turn


PokerStars Hand #147732157342:  Hold'em Limit ($3/$6 USD) - 2016/01/26 16:59:37 ET
Table 'Haltia II' 6-max Seat #3 is the button
Seat 3: AzureCaper ($91.25 in chips)
Seat 6: LWNS ($50.75 in chips)
AzureCaper: posts small blind $1
LWNS: posts big blind $3
*** HOLE CARDS ***
AzureCaper: folds
Uncalled bet ($2) returned to LWNS
LWNS collected $2 from pot
LWNS: doesn't show hand
*** SUMMARY ***
Total pot $2 | Rake $0
Seat 3: AzureCaper (button) (small blind) folded before Flop
Seat 6: LWNS (big blind) collected ($2)


PokerStars Hand #147732141288:  Hold'em Limit ($3/$6 USD) - 2016/01/26 16:59:18 ET
Table 'Haltia II' 6-max Seat #6 is the button
Seat 3: AzureCaper ($91.50 in chips)
Seat 6: LWNS ($51 in chips)
LWNS: posts small blind $1
AzureCaper: posts big blind $3
*** HOLE CARDS ***
LWNS: raises $3 to $6
AzureCaper: calls $3
*** FLOP *** [8c 5h 2c]
AzureCaper: checks
LWNS: bets $3
AzureCaper: calls $3
*** TURN *** [8c 5h 2c] [3h]
AzureCaper: checks
LWNS: bets $6
AzureCaper: calls $6
*** RIVER *** [8c 5h 2c 3h] [4s]
AzureCaper: bets $6
LWNS: calls $6
*** SHOW DOWN ***
AzureCaper: shows [Ac 9d] (a straight, Ace to Five)
LWNS: shows [As 8s] (a straight, Ace to Five)
AzureCaper collected $20.75 from pot
LWNS collected $20.75 from pot
*** SUMMARY ***
Total pot $42 | Rake $0.50
Board [8c 5h 2c 3h 4s]
Seat 3: AzureCaper (big blind) showed [Ac 9d] and won ($20.75) with a straight, Ace to Five
Seat 6: LWNS (button) (small blind) showed [As 8s] and won ($20.75) with a straight, Ace to Five


PokerStars Hand #147732047574:  Hold'em Limit ($3/$6 USD) - 2016/01/26 16:57:42 ET
Table 'Haltia II' 6-max Seat #2 is the button
Seat 2: Fibonachy ($51.11 in chips)
Seat 3: AzureCaper ($72 in chips)
Fibonachy: posts small blind $1
AzureCaper: posts big blind $3
*** HOLE CARDS ***
Fibonachy: folds
Uncalled bet ($2) returned to AzureCaper
AzureCaper collected $2 from pot
AzureCaper: doesn't show hand
*** SUMMARY ***
Total pot $2 | Rake $0
Seat 2: Fibonachy (button) (small blind) folded before Flop
Seat 3: AzureCaper (big blind) collected ($2)


PokerStars Hand #147732041255:  Hold'em Limit ($3/$6 USD) - 2016/01/26 16:57:34 ET
Table 'Haltia II' 6-max Seat #3 is the button
Seat 2: Fibonachy ($50.11 in chips)
Seat 3: AzureCaper ($72 in chips)
AzureCaper: posts small blind $1
Fibonachy: posts big blind $3
*** HOLE CARDS ***
AzureCaper: folds
Uncalled bet ($2) returned to Fibonachy
Fibonachy collected $2 from pot
Fibonachy: doesn't show hand
*** SUMMARY ***
Total pot $2 | Rake $0
Seat 2: Fibonachy (big blind) collected ($2)
Seat 3: AzureCaper (button) (small blind) folded before Flop


PokerStars Hand #147732056817:  Hold'em Limit ($3/$6 USD) - 2016/01/26 16:57:53 ET
Table 'Haltia II' 6-max Seat #2 is the button
Seat 2: Fibonachy ($47.11 in chips)
Seat 3: AzureCaper ($76 in chips)
Fibonachy: posts small blind $1
AzureCaper: posts big blind $3
*** HOLE CARDS ***
Fibonachy: folds
Uncalled bet ($2) returned to AzureCaper
AzureCaper collected $2 from pot
AzureCaper: doesn't show hand
*** SUMMARY ***
Total pot $2 | Rake $0
Seat 2: Fibonachy (button) (small blind) folded before Flop
Seat 3: AzureCaper (big blind) collected ($2)


PokerStars Hand #147732051836:  Hold'em Limit ($3/$6 USD) - 2016/01/26 16:57:47 ET
Table 'Haltia II' 6-max Seat #3 is the button
Seat 2: Fibonachy ($50.11 in chips)
Seat 3: AzureCaper ($73 in chips)
AzureCaper: posts small blind $1
Fibonachy: posts big blind $3
*** HOLE CARDS ***
AzureCaper: raises $3 to $6
Fibonachy: folds
Uncalled bet ($3) returned to AzureCaper
AzureCaper collected $6 from pot
AzureCaper: doesn't show hand
*** SUMMARY ***
Total pot $6 | Rake $0
Seat 2: Fibonachy (big blind) folded before Flop
Seat 3: AzureCaper (button) (small blind) collected ($6)


PokerStars Hand #147732060918:  Hold'em Limit ($3/$6 USD) - 2016/01/26 16:57:58 ET
Table 'Haltia II' 6-max Seat #3 is the button
Seat 2: Fibonachy ($46.11 in chips)
Seat 3: AzureCaper ($77 in chips)
AzureCaper: posts small blind $1
Fibonachy: posts big blind $3
*** HOLE CARDS ***
AzureCaper: raises $3 to $6
LWNS joins the table at seat #6
Fibonachy: folds
Uncalled bet ($3) returned to AzureCaper
AzureCaper collected $6 from pot
AzureCaper: doesn't show hand
*** SUMMARY ***
Total pot $6 | Rake $0
Seat 2: Fibonachy (big blind) folded before Flop
Seat 3: AzureCaper (button) (small blind) collected ($6)


PokerStars Hand #147732070171:  Hold'em Limit ($3/$6 USD) - 2016/01/26 16:58:04 ET
Table 'Haltia II' 6-max Seat #2 is the button
Seat 2: Fibonachy ($43.11 in chips)
Seat 3: AzureCaper ($80 in chips)
Fibonachy: posts small blind $1
AzureCaper: posts big blind $3
*** HOLE CARDS ***
Fibonachy: raises $3 to $6
AzureCaper: folds
Uncalled bet ($3) returned to Fibonachy
Fibonachy collected $6 from pot
Fibonachy: doesn't show hand
*** SUMMARY ***
Total pot $6 | Rake $0
Seat 2: Fibonachy (button) (small blind) collected ($6)
Seat 3: AzureCaper (big blind) folded before Flop


PokerStars Hand #147733535981:  Hold'em Limit ($3/$6 USD) - 2016/01/26 17:22:15 ET
Table 'Haltia II' 6-max Seat #5 is the button
Seat 5: Pandakey ($89.50 in chips)
Seat 6: PayMyAudiR8 ($83.88 in chips)
Pandakey: posts small blind $1
PayMyAudiR8: posts big blind $3
*** HOLE CARDS ***
Pandakey: folds
Uncalled bet ($2) returned to PayMyAudiR8
PayMyAudiR8 collected $2 from pot
PayMyAudiR8: doesn't show hand
*** SUMMARY ***
Total pot $2 | Rake $0
Seat 5: Pandakey (button) (small blind) folded before Flop
Seat 6: PayMyAudiR8 (big blind) collected ($2)


PokerStars Hand #147733494489:  Hold'em Limit ($3/$6 USD) - 2016/01/26 17:21:33 ET
Table 'Haltia II' 6-max Seat #6 is the button
Seat 5: Pandakey ($113.50 in chips)
Seat 6: PayMyAudiR8 ($60.38 in chips)
PayMyAudiR8: posts small blind $1
Pandakey: posts big blind $3
*** HOLE CARDS ***
PayMyAudiR8: raises $3 to $6
Pandakey: raises $3 to $9
PayMyAudiR8: calls $3
*** FLOP *** [4d 6c 2d]
Pandakey: bets $3
PayMyAudiR8: raises $3 to $6
Pandakey: raises $3 to $9
PayMyAudiR8: calls $3
*** TURN *** [4d 6c 2d] [4s]
Pandakey: checks
PayMyAudiR8: checks
*** RIVER *** [4d 6c 2d 4s] [3c]
Pandakey: checks
PayMyAudiR8: bets $6
Pandakey: calls $6
*** SHOW DOWN ***
PayMyAudiR8: shows [5h Kc] (a straight, Deuce to Six)
Pandakey: mucks hand
PayMyAudiR8 collected $47.50 from pot
*** SUMMARY ***
Total pot $48 | Rake $0.50
Board [4d 6c 2d 4s 3c]
Seat 5: Pandakey (big blind) mucked
Seat 6: PayMyAudiR8 (button) (small blind) showed [5h Kc] and won ($47.50) with a straight, Deuce to Six


PokerStars Hand #147733540374:  Hold'em Limit ($3/$6 USD) - 2016/01/26 17:22:19 ET
Table 'Haltia II' 6-max Seat #6 is the button
Seat 5: Pandakey ($88.50 in chips)
Seat 6: PayMyAudiR8 ($84.88 in chips)
PayMyAudiR8: posts small blind $1
Pandakey: posts big blind $3
*** HOLE CARDS ***
PayMyAudiR8: raises $3 to $6
Pandakey: raises $3 to $9
PayMyAudiR8: calls $3
*** FLOP *** [2c 3c 6c]
Pandakey: bets $3
PayMyAudiR8: raises $3 to $6
Pandakey: raises $3 to $9
PayMyAudiR8: calls $3
*** TURN *** [2c 3c 6c] [2s]
Pandakey: bets $6
PayMyAudiR8: calls $6
*** RIVER *** [2c 3c 6c 2s] [9s]
Pandakey: bets $6
PayMyAudiR8: calls $6
*** SHOW DOWN ***
Pandakey: shows [7c 7h] (two pair, Sevens and Deuces)
PayMyAudiR8: shows [4h 5s] (a straight, Deuce to Six)
PayMyAudiR8 collected $59.50 from pot
*** SUMMARY ***
Total pot $60 | Rake $0.50
Board [2c 3c 6c 2s 9s]
Seat 5: Pandakey (big blind) showed [7c 7h] and lost with two pair, Sevens and Deuces
Seat 6: PayMyAudiR8 (button) (small blind) showed [4h 5s] and won ($59.50) with a straight, Deuce to Six


PokerStars Hand #147733562562:  Hold'em Limit ($3/$6 USD) - 2016/01/26 17:22:42 ET
Table 'Haltia II' 6-max Seat #5 is the button
Seat 5: Pandakey ($58.50 in chips)
Seat 6: PayMyAudiR8 ($114.38 in chips)
Pandakey: posts small blind $1
PayMyAudiR8: posts big blind $3
*** HOLE CARDS ***
Pandakey: raises $3 to $6
PayMyAudiR8: calls $3
*** FLOP *** [9h Qd 2c]
PayMyAudiR8: checks
Pandakey: bets $3
PayMyAudiR8: folds
Uncalled bet ($3) returned to Pandakey
Pandakey collected $11.76 from pot
Pandakey: doesn't show hand
*** SUMMARY ***
Total pot $12 | Rake $0.24
Board [9h Qd 2c]
Seat 5: Pandakey (button) (small blind) collected ($11.76)
Seat 6: PayMyAudiR8 (big blind) folded on the Flop


PokerStars Hand #147733571103:  Hold'em Limit ($3/$6 USD) - 2016/01/26 17:22:51 ET
Table 'Haltia II' 6-max Seat #6 is the button
Seat 5: Pandakey ($64.26 in chips)
Seat 6: PayMyAudiR8 ($108.38 in chips)
PayMyAudiR8: posts small blind $1
Pandakey: posts big blind $3
*** HOLE CARDS ***
PayMyAudiR8: folds
Uncalled bet ($2) returned to Pandakey
Pandakey collected $2 from pot
Pandakey: doesn't show hand
*** SUMMARY ***
Total pot $2 | Rake $0
Seat 5: Pandakey (big blind) collected ($2)
Seat 6: PayMyAudiR8 (button) (small blind) folded before Flop


PokerStars Hand #147734251883:  Hold'em Limit ($3/$6 USD) - 2016/01/26 17:33:03 ET
Table 'Haltia II' 6-max Seat #2 is the button
Seat 2: Onkinator ($610.84 in chips)
Seat 3: AzureCaper ($72 in chips)
Onkinator: posts small blind $1
AzureCaper: posts big blind $3
*** HOLE CARDS ***
Onkinator: folds
Uncalled bet ($2) returned to AzureCaper
AzureCaper collected $2 from pot
AzureCaper: doesn't show hand
Pandakey leaves the table
*** SUMMARY ***
Total pot $2 | Rake $0
Seat 2: Onkinator (button) (small blind) folded before Flop
Seat 3: AzureCaper (big blind) collected ($2)


PokerStars Hand #147734239413:  Hold'em Limit ($3/$6 USD) - 2016/01/26 17:32:50 ET
Table 'Haltia II' 6-max Seat #3 is the button
Seat 2: Onkinator ($602.20 in chips)
Seat 3: AzureCaper ($72 in chips)
AzureCaper: posts small blind $1
Pandakey: is sitting out
Onkinator: posts big blind $3
*** HOLE CARDS ***
AzureCaper: raises $3 to $6
Onkinator: raises $3 to $9
AzureCaper: calls $3
*** FLOP *** [Kc 4h Ac]
Onkinator: bets $3
AzureCaper: folds
Uncalled bet ($3) returned to Onkinator
Onkinator collected $17.64 from pot
Onkinator: doesn't show hand
*** SUMMARY ***
Total pot $18 | Rake $0.36
Board [Kc 4h Ac]
Seat 2: Onkinator (big blind) collected ($17.64)
Seat 3: AzureCaper (button) (small blind) folded on the Flop


PokerStars Hand #147734256392:  Hold'em Limit ($3/$6 USD) - 2016/01/26 17:33:07 ET
Table 'Haltia II' 6-max Seat #3 is the button
Seat 2: Onkinator ($609.84 in chips)
Seat 3: AzureCaper ($73 in chips)
AzureCaper: posts small blind $1
Onkinator: posts big blind $3
*** HOLE CARDS ***
AzureCaper: raises $3 to $6
Onkinator: calls $3
*** FLOP *** [Jh 2c As]
Onkinator: checks
AzureCaper: bets $3
Onkinator: folds
Uncalled bet ($3) returned to AzureCaper
AzureCaper collected $11.76 from pot
AzureCaper: doesn't show hand
*** SUMMARY ***
Total pot $12 | Rake $0.24
Board [Jh 2c As]
Seat 2: Onkinator (big blind) folded on the Flop
Seat 3: AzureCaper (button) (small blind) collected ($11.76)


PokerStars Hand #147734290172:  Hold'em Limit ($3/$6 USD) - 2016/01/26 17:33:40 ET
Table 'Haltia II' 6-max Seat #3 is the button
Seat 2: Onkinator ($594.84 in chips)
Seat 3: AzureCaper ($87.40 in chips)
AzureCaper: posts small blind $1
Onkinator: posts big blind $3
*** HOLE CARDS ***
AzureCaper: folds
Uncalled bet ($2) returned to Onkinator
Onkinator collected $2 from pot
Onkinator: doesn't show hand
*** SUMMARY ***
Total pot $2 | Rake $0
Seat 2: Onkinator (big blind) collected ($2)
Seat 3: AzureCaper (button) (small blind) folded before Flop


PokerStars Hand #147734280350:  Hold'em Limit ($3/$6 USD) - 2016/01/26 17:33:31 ET
Table 'Haltia II' 6-max Seat #2 is the button
Seat 2: Onkinator ($603.84 in chips)
Seat 3: AzureCaper ($78.76 in chips)
Onkinator: posts small blind $1
AzureCaper: posts big blind $3
*** HOLE CARDS ***
Onkinator: raises $3 to $6
AzureCaper: calls $3
*** FLOP *** [Ac 5d Th]
AzureCaper: checks
Onkinator: bets $3
AzureCaper: raises $3 to $6
Onkinator: folds
Uncalled bet ($3) returned to AzureCaper
AzureCaper collected $17.64 from pot
AzureCaper: doesn't show hand
*** SUMMARY ***
Total pot $18 | Rake $0.36
Board [Ac 5d Th]
Seat 2: Onkinator (button) (small blind) folded on the Flop
Seat 3: AzureCaper (big blind) collected ($17.64)


PokerStars Hand #147734294724:  Hold'em Limit ($3/$6 USD) - 2016/01/26 17:33:45 ET
Table 'Haltia II' 6-max Seat #2 is the button
Seat 2: Onkinator ($595.84 in chips)
Seat 3: AzureCaper ($86.40 in chips)
Onkinator: posts small blind $1
AzureCaper: posts big blind $3
*** HOLE CARDS ***
Onkinator: folds
Uncalled bet ($2) returned to AzureCaper
AzureCaper collected $2 from pot
AzureCaper: doesn't show hand
*** SUMMARY ***
Total pot $2 | Rake $0
Seat 2: Onkinator (button) (small blind) folded before Flop
Seat 3: AzureCaper (big blind) collected ($2)


PokerStars Hand #147734299054:  Hold'em Limit ($3/$6 USD) - 2016/01/26 17:33:49 ET
Table 'Haltia II' 6-max Seat #3 is the button
Seat 2: Onkinator ($594.84 in chips)
Seat 3: AzureCaper ($87.40 in chips)
AzureCaper: posts small blind $1
Onkinator: posts big blind $3
*** HOLE CARDS ***
AzureCaper: raises $3 to $6
Onkinator: calls $3
*** FLOP *** [Qs 7d 7h]
Onkinator: checks
AzureCaper: bets $3
Onkinator: folds
Uncalled bet ($3) returned to AzureCaper
AzureCaper collected $11.76 from pot
AzureCaper: doesn't show hand
*** SUMMARY ***
Total pot $12 | Rake $0.24
Board [Qs 7d 7h]
Seat 2: Onkinator (big blind) folded on the Flop
Seat 3: AzureCaper (button) (small blind) collected ($11.76)


PokerStars Hand #147734314276:  Hold'em Limit ($3/$6 USD) - 2016/01/26 17:34:04 ET
Table 'Haltia II' 6-max Seat #2 is the button
Seat 2: Onkinator ($588.84 in chips)
Seat 3: AzureCaper ($93.16 in chips)
Onkinator: posts small blind $1
AzureCaper: posts big blind $3
*** HOLE CARDS ***
Onkinator: raises $3 to $6
AzureCaper: calls $3
*** FLOP *** [2s Th Jc]
AzureCaper: checks
Onkinator: bets $3
AzureCaper: folds
Uncalled bet ($3) returned to Onkinator
Onkinator collected $11.76 from pot
Onkinator: doesn't show hand
*** SUMMARY ***
Total pot $12 | Rake $0.24
Board [2s Th Jc]
Seat 2: Onkinator (button) (small blind) collected ($11.76)
Seat 3: AzureCaper (big blind) folded on the Flop


PokerStars Hand #147734329251:  Hold'em Limit ($3/$6 USD) - 2016/01/26 17:34:19 ET
Table 'Haltia II' 6-max Seat #3 is the button
Seat 2: Onkinator ($594.60 in chips)
Seat 3: AzureCaper ($87.16 in chips)
AzureCaper: posts small blind $1
Onkinator: posts big blind $3
*** HOLE CARDS ***
AzureCaper: raises $3 to $6
Onkinator: calls $3
*** FLOP *** [6d Th 7h]
Onkinator: checks
AzureCaper: bets $3
Onkinator: calls $3
*** TURN *** [6d Th 7h] [As]
Onkinator: checks
AzureCaper: bets $6
Onkinator: folds
Uncalled bet ($6) returned to AzureCaper
AzureCaper collected $17.64 from pot
AzureCaper: doesn't show hand
*** SUMMARY ***
Total pot $18 | Rake $0.36
Board [6d Th 7h As]
Seat 2: Onkinator (big blind) folded on the Turn
Seat 3: AzureCaper (button) (small blind) collected ($17.64)


PokerStars Hand #147734340840:  Hold'em Limit ($3/$6 USD) - 2016/01/26 17:34:31 ET
Table 'Haltia II' 6-max Seat #2 is the button
Seat 2: Onkinator ($585.60 in chips)
Seat 3: AzureCaper ($95.80 in chips)
Onkinator: posts small blind $1
AzureCaper: posts big blind $3
*** HOLE CARDS ***
Onkinator: raises $3 to $6
AzureCaper: raises $3 to $9
Onkinator: calls $3
*** FLOP *** [Qd 5h 9d]
AzureCaper: bets $3
Onkinator: folds
Uncalled bet ($3) returned to AzureCaper
AzureCaper collected $17.64 from pot
AzureCaper: doesn't show hand
Domenl joins the table at seat #6
*** SUMMARY ***
Total pot $18 | Rake $0.36
Board [Qd 5h 9d]
Seat 2: Onkinator (button) (small blind) folded on the Flop
Seat 3: AzureCaper (big blind) collected ($17.64)


PokerStars Hand #147735640494:  Hold'em Limit ($3/$6 USD) - 2016/01/26 17:57:57 ET
Table 'Haltia II' 6-max Seat #2 is the button
Seat 2: Onkinator ($545.84 in chips)
Seat 6: GRAILKO ($222.81 in chips)
Onkinator: posts small blind $1
GRAILKO: posts big blind $3
*** HOLE CARDS ***
Onkinator: raises $3 to $6
GRAILKO: folds
Uncalled bet ($3) returned to Onkinator
Onkinator collected $6 from pot
Onkinator: doesn't show hand
*** SUMMARY ***
Total pot $6 | Rake $0
Seat 2: Onkinator (button) (small blind) collected ($6)
Seat 6: GRAILKO (big blind) folded before Flop


