PokerStars Hand #159242766134:  Hold'em Limit ($3/$6 USD) - 2016/09/29 10:07:23 ET
Table 'Haltia II' 6-max Seat #2 is the button
Seat 1: frazerchi ($33 in chips)
Seat 2: kolaz03 ($72 in chips)
kolaz03: posts small blind $1
frazerchi: posts big blind $3
*** HOLE CARDS ***
kolaz03: raises $3 to $6
frazerchi: folds
Uncalled bet ($3) returned to kolaz03
kolaz03 collected $6 from pot
kolaz03: doesn't show hand
*** SUMMARY ***
Total pot $6 | Rake $0
Seat 1: frazerchi (big blind) folded before Flop
Seat 2: kolaz03 (button) (small blind) collected ($6)


PokerStars Hand #159242771607:  Hold'em Limit ($3/$6 USD) - 2016/09/29 10:07:33 ET
Table 'Haltia II' 6-max Seat #1 is the button
Seat 1: frazerchi ($30 in chips)
Seat 2: kolaz03 ($75 in chips)
frazerchi: posts small blind $1
kolaz03: posts big blind $3
*** HOLE CARDS ***
frazerchi: raises $3 to $6
kolaz03: raises $3 to $9
frazerchi: calls $3
*** FLOP *** [4s Kd As]
kolaz03: bets $3
frazerchi: folds
Uncalled bet ($3) returned to kolaz03
kolaz03 collected $17.64 from pot
kolaz03: doesn't show hand
*** SUMMARY ***
Total pot $18 | Rake $0.36
Board [4s Kd As]
Seat 1: frazerchi (button) (small blind) folded on the Flop
Seat 2: kolaz03 (big blind) collected ($17.64)


PokerStars Hand #159242782467:  Hold'em Limit ($3/$6 USD) - 2016/09/29 10:07:51 ET
Table 'Haltia II' 6-max Seat #2 is the button
Seat 1: frazerchi ($21 in chips)
Seat 2: kolaz03 ($83.64 in chips)
kolaz03: posts small blind $1
frazerchi: posts big blind $3
*** HOLE CARDS ***
kolaz03: folds
Uncalled bet ($2) returned to frazerchi
frazerchi collected $2 from pot
*** SUMMARY ***
Total pot $2 | Rake $0
Seat 1: frazerchi (big blind) collected ($2)
Seat 2: kolaz03 (button) (small blind) folded before Flop


PokerStars Hand #159242758294:  Hold'em Limit ($3/$6 USD) - 2016/09/29 10:07:10 ET
Table 'Haltia II' 6-max Seat #1 is the button
Seat 1: frazerchi ($30 in chips)
Seat 2: kolaz03 ($72 in chips)
frazerchi: posts small blind $1
kolaz03: posts big blind $3
*** HOLE CARDS ***
frazerchi: raises $3 to $6
kolaz03: folds
Uncalled bet ($3) returned to frazerchi
frazerchi collected $6 from pot
frazerchi: doesn't show hand
*** SUMMARY ***
Total pot $6 | Rake $0
Seat 1: frazerchi (button) (small blind) collected ($6)
Seat 2: kolaz03 (big blind) folded before Flop


PokerStars Hand #159242787119:  Hold'em Limit ($3/$6 USD) - 2016/09/29 10:07:59 ET
Table 'Haltia II' 6-max Seat #1 is the button
Seat 1: frazerchi ($22 in chips)
Seat 2: kolaz03 ($82.64 in chips)
frazerchi: posts small blind $1
kolaz03: posts big blind $3
*** HOLE CARDS ***
frazerchi: raises $3 to $6
kolaz03: calls $3
*** FLOP *** [Ad 5s Kh]
kolaz03: checks
frazerchi: bets $3
kolaz03: calls $3
*** TURN *** [Ad 5s Kh] [6s]
kolaz03: checks
frazerchi: bets $6
kolaz03: raises $6 to $12
frazerchi: raises $1 to $13 and is all-in
kolaz03: calls $1
*** RIVER *** [Ad 5s Kh 6s] [7c]
*** SHOW DOWN ***
kolaz03: shows [Td 5h] (a pair of Fives)
frazerchi: shows [Qc 7d] (a pair of Sevens)
frazerchi collected $43.50 from pot
*** SUMMARY ***
Total pot $44 | Rake $0.50
Board [Ad 5s Kh 6s 7c]
Seat 1: frazerchi (button) (small blind) showed [Qc 7d] and won ($43.50) with a pair of Sevens
Seat 2: kolaz03 (big blind) showed [Td 5h] and lost with a pair of Fives


PokerStars Hand #159242852906:  Hold'em Limit ($3/$6 USD) - 2016/09/29 10:09:52 ET
Table 'Haltia II' 6-max Seat #2 is the button
Seat 1: frazerchi ($66.88 in chips)
Seat 2: kolaz03 ($72 in chips)
kolaz03: posts small blind $1
frazerchi: posts big blind $3
*** HOLE CARDS ***
kolaz03: folds
Uncalled bet ($2) returned to frazerchi
frazerchi collected $2 from pot
*** SUMMARY ***
Total pot $2 | Rake $0
Seat 1: frazerchi (big blind) collected ($2)
Seat 2: kolaz03 (button) (small blind) folded before Flop


PokerStars Hand #159242820167:  Hold'em Limit ($3/$6 USD) - 2016/09/29 10:08:56 ET
Table 'Haltia II' 6-max Seat #2 is the button
Seat 1: frazerchi ($43.50 in chips)
Seat 2: kolaz03 ($72 in chips)
kolaz03: posts small blind $1
frazerchi: posts big blind $3
*** HOLE CARDS ***
kolaz03: raises $3 to $6
frazerchi: calls $3
*** FLOP *** [2s 4s Kh]
frazerchi: checks
kolaz03: bets $3
frazerchi: calls $3
*** TURN *** [2s 4s Kh] [Qs]
frazerchi: checks
kolaz03: bets $6
frazerchi: raises $6 to $12
kolaz03: calls $6
*** RIVER *** [2s 4s Kh Qs] [5d]
frazerchi: bets $6
kolaz03: folds
Uncalled bet ($6) returned to frazerchi
frazerchi collected $41.50 from pot
frazerchi: doesn't show hand
*** SUMMARY ***
Total pot $42 | Rake $0.50
Board [2s 4s Kh Qs 5d]
Seat 1: frazerchi (big blind) collected ($41.50)
Seat 2: kolaz03 (button) (small blind) folded on the River


PokerStars Hand #159242844045:  Hold'em Limit ($3/$6 USD) - 2016/09/29 10:09:37 ET
Table 'Haltia II' 6-max Seat #1 is the button
Seat 1: frazerchi ($64 in chips)
Seat 2: kolaz03 ($72 in chips)
frazerchi: posts small blind $1
kolaz03: posts big blind $3
*** HOLE CARDS ***
frazerchi: calls $2
kolaz03: checks
*** FLOP *** [8d 3s 9s]
kolaz03: checks
frazerchi: bets $3
kolaz03: folds
Uncalled bet ($3) returned to frazerchi
frazerchi collected $5.88 from pot
*** SUMMARY ***
Total pot $6 | Rake $0.12
Board [8d 3s 9s]
Seat 1: frazerchi (button) (small blind) collected ($5.88)
Seat 2: kolaz03 (big blind) folded on the Flop


PokerStars Hand #159242884416:  Hold'em Limit ($3/$6 USD) - 2016/09/29 10:10:46 ET
Table 'Haltia II' 6-max Seat #1 is the button
Seat 1: frazerchi ($89.38 in chips)
Seat 2: kolaz03 ($72 in chips)
frazerchi: posts small blind $1
kolaz03: posts big blind $3
*** HOLE CARDS ***
frazerchi: raises $3 to $6
kolaz03: calls $3
*** FLOP *** [9d 3d 5d]
kolaz03: checks
frazerchi: bets $3
kolaz03: raises $3 to $6
frazerchi: folds
Uncalled bet ($3) returned to kolaz03
kolaz03 collected $17.64 from pot
kolaz03: doesn't show hand
*** SUMMARY ***
Total pot $18 | Rake $0.36
Board [9d 3d 5d]
Seat 1: frazerchi (button) (small blind) folded on the Flop
Seat 2: kolaz03 (big blind) collected ($17.64)


PokerStars Hand #159242859812:  Hold'em Limit ($3/$6 USD) - 2016/09/29 10:10:04 ET
Table 'Haltia II' 6-max Seat #1 is the button
Seat 1: frazerchi ($67.88 in chips)
Seat 2: kolaz03 ($72 in chips)
frazerchi: posts small blind $1
kolaz03: posts big blind $3
*** HOLE CARDS ***
frazerchi: raises $3 to $6
kolaz03: calls $3
*** FLOP *** [Tc Jd Ad]
kolaz03: checks
frazerchi: bets $3
kolaz03: calls $3
*** TURN *** [Tc Jd Ad] [7c]
kolaz03: checks
frazerchi: bets $6
kolaz03: calls $6
*** RIVER *** [Tc Jd Ad 7c] [3h]
kolaz03: checks
frazerchi: bets $6
kolaz03: calls $6
*** SHOW DOWN ***
frazerchi: shows [3s Ac] (two pair, Aces and Threes)
kolaz03: mucks hand
frazerchi collected $41.50 from pot
*** SUMMARY ***
Total pot $42 | Rake $0.50
Board [Tc Jd Ad 7c 3h]
Seat 1: frazerchi (button) (small blind) showed [3s Ac] and won ($41.50) with two pair, Aces and Threes
Seat 2: kolaz03 (big blind) mucked


PokerStars Hand #159242880594:  Hold'em Limit ($3/$6 USD) - 2016/09/29 10:10:39 ET
Table 'Haltia II' 6-max Seat #2 is the button
Seat 1: frazerchi ($88.38 in chips)
Seat 2: kolaz03 ($72 in chips)
kolaz03: posts small blind $1
frazerchi: posts big blind $3
*** HOLE CARDS ***
kolaz03: folds
Uncalled bet ($2) returned to frazerchi
frazerchi collected $2 from pot
*** SUMMARY ***
Total pot $2 | Rake $0
Seat 1: frazerchi (big blind) collected ($2)
Seat 2: kolaz03 (button) (small blind) folded before Flop


PokerStars Hand #159242899430:  Hold'em Limit ($3/$6 USD) - 2016/09/29 10:11:12 ET
Table 'Haltia II' 6-max Seat #2 is the button
Seat 1: frazerchi ($80.38 in chips)
Seat 2: kolaz03 ($80.64 in chips)
kolaz03: posts small blind $1
frazerchi: posts big blind $3
*** HOLE CARDS ***
kolaz03: raises $3 to $6
frazerchi: calls $3
*** FLOP *** [Qs Qc Qd]
frazerchi: checks
kolaz03: bets $3
frazerchi: calls $3
*** TURN *** [Qs Qc Qd] [Td]
frazerchi: checks
kolaz03: bets $6
frazerchi: calls $6
*** RIVER *** [Qs Qc Qd Td] [7c]
frazerchi: checks
kolaz03: checks
*** SHOW DOWN ***
frazerchi: shows [Ad Jd] (three of a kind, Queens)
kolaz03: mucks hand
frazerchi collected $29.50 from pot
*** SUMMARY ***
Total pot $30 | Rake $0.50
Board [Qs Qc Qd Td 7c]
Seat 1: frazerchi (big blind) showed [Ad Jd] and won ($29.50) with three of a kind, Queens
Seat 2: kolaz03 (button) (small blind) mucked


PokerStars Hand #159242948109:  Hold'em Limit ($3/$6 USD) - 2016/09/29 10:12:35 ET
Table 'Haltia II' 6-max Seat #2 is the button
Seat 1: frazerchi ($93.88 in chips)
Seat 2: kolaz03 ($73 in chips)
kolaz03: posts small blind $1
frazerchi: posts big blind $3
*** HOLE CARDS ***
kolaz03: raises $3 to $6
frazerchi: calls $3
*** FLOP *** [4d Ad 2s]
frazerchi: bets $3
kolaz03: calls $3
*** TURN *** [4d Ad 2s] [Ts]
frazerchi: bets $6
kolaz03: raises $6 to $12
frazerchi: folds
Uncalled bet ($6) returned to kolaz03
kolaz03 collected $29.50 from pot
kolaz03: doesn't show hand
*** SUMMARY ***
Total pot $30 | Rake $0.50
Board [4d Ad 2s Ts]
Seat 1: frazerchi (big blind) folded on the Turn
Seat 2: kolaz03 (button) (small blind) collected ($29.50)


PokerStars Hand #159242967954:  Hold'em Limit ($3/$6 USD) - 2016/09/29 10:13:09 ET
Table 'Haltia II' 6-max Seat #1 is the button
Seat 1: frazerchi ($78.88 in chips)
Seat 2: kolaz03 ($87.50 in chips)
frazerchi: posts small blind $1
kolaz03: posts big blind $3
*** HOLE CARDS ***
frazerchi: folds
Uncalled bet ($2) returned to kolaz03
kolaz03 collected $2 from pot
kolaz03: doesn't show hand
*** SUMMARY ***
Total pot $2 | Rake $0
Seat 1: frazerchi (button) (small blind) folded before Flop
Seat 2: kolaz03 (big blind) collected ($2)


PokerStars Hand #159242939944:  Hold'em Limit ($3/$6 USD) - 2016/09/29 10:12:21 ET
Table 'Haltia II' 6-max Seat #2 is the button
Seat 1: frazerchi ($93.88 in chips)
Seat 2: kolaz03 ($73 in chips)
kolaz03: posts small blind $1
frazerchi: posts big blind $3
*** HOLE CARDS ***
kolaz03: folds
Uncalled bet ($2) returned to frazerchi
frazerchi collected $2 from pot
*** SUMMARY ***
Total pot $2 | Rake $0
Seat 1: frazerchi (big blind) collected ($2)
Seat 2: kolaz03 (button) (small blind) folded before Flop


PokerStars Hand #159242987142:  Hold'em Limit ($3/$6 USD) - 2016/09/29 10:13:42 ET
Table 'Haltia II' 6-max Seat #2 is the button
Seat 1: frazerchi ($77.88 in chips)
Seat 2: kolaz03 ($88.50 in chips)
kolaz03: posts small blind $1
frazerchi: posts big blind $3
*** HOLE CARDS ***
kolaz03: raises $3 to $6
frazerchi: calls $3
*** FLOP *** [5s 3d Tc]
frazerchi: checks
kolaz03: bets $3
frazerchi: folds
Uncalled bet ($3) returned to kolaz03
kolaz03 collected $11.76 from pot
kolaz03: doesn't show hand
*** SUMMARY ***
Total pot $12 | Rake $0.24
Board [5s 3d Tc]
Seat 1: frazerchi (big blind) folded on the Flop
Seat 2: kolaz03 (button) (small blind) collected ($11.76)


PokerStars Hand #159242981595:  Hold'em Limit ($3/$6 USD) - 2016/09/29 10:13:32 ET
Table 'Haltia II' 6-max Seat #1 is the button
Seat 1: frazerchi ($78.88 in chips)
Seat 2: kolaz03 ($87.50 in chips)
frazerchi: posts small blind $1
kolaz03: posts big blind $3
*** HOLE CARDS ***
frazerchi: folds
Uncalled bet ($2) returned to kolaz03
kolaz03 collected $2 from pot
kolaz03: doesn't show hand
*** SUMMARY ***
Total pot $2 | Rake $0
Seat 1: frazerchi (button) (small blind) folded before Flop
Seat 2: kolaz03 (big blind) collected ($2)


PokerStars Hand #159242973890:  Hold'em Limit ($3/$6 USD) - 2016/09/29 10:13:19 ET
Table 'Haltia II' 6-max Seat #2 is the button
Seat 1: frazerchi ($77.88 in chips)
Seat 2: kolaz03 ($88.50 in chips)
kolaz03: posts small blind $1
frazerchi: posts big blind $3
*** HOLE CARDS ***
kolaz03: folds
Uncalled bet ($2) returned to frazerchi
frazerchi collected $2 from pot
*** SUMMARY ***
Total pot $2 | Rake $0
Seat 1: frazerchi (big blind) collected ($2)
Seat 2: kolaz03 (button) (small blind) folded before Flop


PokerStars Hand #159243018164:  Hold'em Limit ($3/$6 USD) - 2016/09/29 10:14:35 ET
Table 'Haltia II' 6-max Seat #2 is the button
Seat 1: frazerchi ($83.40 in chips)
Seat 2: kolaz03 ($82.26 in chips)
kolaz03: posts small blind $1
frazerchi: posts big blind $3
*** HOLE CARDS ***
kolaz03: raises $3 to $6
frazerchi: calls $3
*** FLOP *** [5d 9c 2d]
frazerchi: checks
kolaz03: bets $3
frazerchi: folds
Uncalled bet ($3) returned to kolaz03
kolaz03 collected $11.76 from pot
kolaz03: doesn't show hand
*** SUMMARY ***
Total pot $12 | Rake $0.24
Board [5d 9c 2d]
Seat 1: frazerchi (big blind) folded on the Flop
Seat 2: kolaz03 (button) (small blind) collected ($11.76)


PokerStars Hand #159242999494:  Hold'em Limit ($3/$6 USD) - 2016/09/29 10:14:03 ET
Table 'Haltia II' 6-max Seat #1 is the button
Seat 1: frazerchi ($71.88 in chips)
Seat 2: kolaz03 ($94.26 in chips)
frazerchi: posts small blind $1
kolaz03: posts big blind $3
*** HOLE CARDS ***
frazerchi: raises $3 to $6
kolaz03: raises $3 to $9
frazerchi: calls $3
*** FLOP *** [5d Kd Js]
kolaz03: bets $3
frazerchi: raises $3 to $6
kolaz03: folds
Uncalled bet ($3) returned to frazerchi
frazerchi collected $23.52 from pot
*** SUMMARY ***
Total pot $24 | Rake $0.48
Board [5d Kd Js]
Seat 1: frazerchi (button) (small blind) collected ($23.52)
Seat 2: kolaz03 (big blind) folded on the Flop


PokerStars Hand #159243040485:  Hold'em Limit ($3/$6 USD) - 2016/09/29 10:15:13 ET
Table 'Haltia II' 6-max Seat #1 is the button
Seat 1: frazerchi ($77.40 in chips)
Seat 2: kolaz03 ($88.02 in chips)
frazerchi: posts small blind $1
kolaz03: posts big blind $3
*** HOLE CARDS ***
frazerchi: folds
Uncalled bet ($2) returned to kolaz03
kolaz03 collected $2 from pot
kolaz03: doesn't show hand
*** SUMMARY ***
Total pot $2 | Rake $0
Seat 1: frazerchi (button) (small blind) folded before Flop
Seat 2: kolaz03 (big blind) collected ($2)


PokerStars Hand #159243044899:  Hold'em Limit ($3/$6 USD) - 2016/09/29 10:15:20 ET
Table 'Haltia II' 6-max Seat #2 is the button
Seat 1: frazerchi ($76.40 in chips)
Seat 2: kolaz03 ($89.02 in chips)
kolaz03: posts small blind $1
frazerchi: posts big blind $3
*** HOLE CARDS ***
kolaz03: raises $3 to $6
frazerchi: calls $3
*** FLOP *** [Js 2d 3s]
frazerchi: bets $3
kolaz03: folds
Uncalled bet ($3) returned to frazerchi
frazerchi collected $11.76 from pot
*** SUMMARY ***
Total pot $12 | Rake $0.24
Board [Js 2d 3s]
Seat 1: frazerchi (big blind) collected ($11.76)
Seat 2: kolaz03 (button) (small blind) folded on the Flop


PokerStars Hand #159243055881:  Hold'em Limit ($3/$6 USD) - 2016/09/29 10:15:39 ET
Table 'Haltia II' 6-max Seat #1 is the button
Seat 1: frazerchi ($82.16 in chips)
Seat 2: kolaz03 ($83.02 in chips)
frazerchi: posts small blind $1
kolaz03: posts big blind $3
*** HOLE CARDS ***
frazerchi: raises $3 to $6
kolaz03: calls $3
*** FLOP *** [7s Ad 3d]
kolaz03: checks
frazerchi: bets $3
kolaz03: calls $3
*** TURN *** [7s Ad 3d] [2h]
kolaz03: checks
frazerchi: bets $6
kolaz03: calls $6
*** RIVER *** [7s Ad 3d 2h] [5c]
kolaz03: checks
frazerchi: bets $6
kolaz03: raises $6 to $12
frazerchi: calls $6
*** SHOW DOWN ***
kolaz03: shows [7h 4s] (a straight, Ace to Five)
frazerchi: mucks hand
kolaz03 collected $53.50 from pot
*** SUMMARY ***
Total pot $54 | Rake $0.50
Board [7s Ad 3d 2h 5c]
Seat 1: frazerchi (button) (small blind) mucked
Seat 2: kolaz03 (big blind) showed [7h 4s] and won ($53.50) with a straight, Ace to Five


PokerStars Hand #159243093747:  Hold'em Limit ($3/$6 USD) - 2016/09/29 10:16:43 ET
Table 'Haltia II' 6-max Seat #2 is the button
Seat 1: frazerchi ($62.80 in chips)
Seat 2: kolaz03 ($101.52 in chips)
kolaz03: posts small blind $1
frazerchi: posts big blind $3
*** HOLE CARDS ***
kolaz03: raises $3 to $6
frazerchi: calls $3
*** FLOP *** [4d 3d 6d]
frazerchi: checks
kolaz03: bets $3
frazerchi: raises $3 to $6
kolaz03: calls $3
*** TURN *** [4d 3d 6d] [Ad]
frazerchi: bets $6
kolaz03: folds
Uncalled bet ($6) returned to frazerchi
frazerchi collected $23.52 from pot
frazerchi: doesn't show hand
*** SUMMARY ***
Total pot $24 | Rake $0.48
Board [4d 3d 6d Ad]
Seat 1: frazerchi (big blind) collected ($23.52)
Seat 2: kolaz03 (button) (small blind) folded on the Turn


PokerStars Hand #159243089771:  Hold'em Limit ($3/$6 USD) - 2016/09/29 10:16:36 ET
Table 'Haltia II' 6-max Seat #1 is the button
Seat 1: frazerchi ($63.80 in chips)
Seat 2: kolaz03 ($100.52 in chips)
frazerchi: posts small blind $1
kolaz03: posts big blind $3
*** HOLE CARDS ***
frazerchi: folds
Uncalled bet ($2) returned to kolaz03
kolaz03 collected $2 from pot
kolaz03: doesn't show hand
*** SUMMARY ***
Total pot $2 | Rake $0
Seat 1: frazerchi (button) (small blind) folded before Flop
Seat 2: kolaz03 (big blind) collected ($2)


PokerStars Hand #159243078975:  Hold'em Limit ($3/$6 USD) - 2016/09/29 10:16:18 ET
Table 'Haltia II' 6-max Seat #2 is the button
Seat 1: frazerchi ($55.16 in chips)
Seat 2: kolaz03 ($109.52 in chips)
kolaz03: posts small blind $1
frazerchi: posts big blind $3
*** HOLE CARDS ***
kolaz03: raises $3 to $6
frazerchi: calls $3
*** FLOP *** [6h 9h 6d]
frazerchi: checks
kolaz03: bets $3
frazerchi: raises $3 to $6
kolaz03: folds
Uncalled bet ($3) returned to frazerchi
frazerchi collected $17.64 from pot
*** SUMMARY ***
Total pot $18 | Rake $0.36
Board [6h 9h 6d]
Seat 1: frazerchi (big blind) collected ($17.64)
Seat 2: kolaz03 (button) (small blind) folded on the Flop


PokerStars Hand #159243104839:  Hold'em Limit ($3/$6 USD) - 2016/09/29 10:17:02 ET
Table 'Haltia II' 6-max Seat #1 is the button
Seat 1: frazerchi ($74.32 in chips)
Seat 2: kolaz03 ($89.52 in chips)
frazerchi: posts small blind $1
kolaz03: posts big blind $3
*** HOLE CARDS ***
frazerchi: calls $2
kolaz03: raises $3 to $6
frazerchi: calls $3
*** FLOP *** [2s 2d 5d]
kolaz03: bets $3
frazerchi: calls $3
*** TURN *** [2s 2d 5d] [Ks]
kolaz03: bets $6
frazerchi: folds
Uncalled bet ($6) returned to kolaz03
kolaz03 collected $17.64 from pot
kolaz03: doesn't show hand
*** SUMMARY ***
Total pot $18 | Rake $0.36
Board [2s 2d 5d Ks]
Seat 1: frazerchi (button) (small blind) folded on the Turn
Seat 2: kolaz03 (big blind) collected ($17.64)


PokerStars Hand #159243129825:  Hold'em Limit ($3/$6 USD) - 2016/09/29 10:17:44 ET
Table 'Haltia II' 6-max Seat #1 is the button
Seat 1: frazerchi ($59.32 in chips)
Seat 2: kolaz03 ($103.92 in chips)
frazerchi: posts small blind $1
kolaz03: posts big blind $3
*** HOLE CARDS ***
frazerchi: raises $3 to $6
kolaz03: folds
Uncalled bet ($3) returned to frazerchi
frazerchi collected $6 from pot
frazerchi: doesn't show hand
*** SUMMARY ***
Total pot $6 | Rake $0
Seat 1: frazerchi (button) (small blind) collected ($6)
Seat 2: kolaz03 (big blind) folded before Flop


PokerStars Hand #159243116096:  Hold'em Limit ($3/$6 USD) - 2016/09/29 10:17:21 ET
Table 'Haltia II' 6-max Seat #2 is the button
Seat 1: frazerchi ($65.32 in chips)
Seat 2: kolaz03 ($98.16 in chips)
kolaz03: posts small blind $1
frazerchi: posts big blind $3
*** HOLE CARDS ***
kolaz03: raises $3 to $6
frazerchi: calls $3
*** FLOP *** [2d 5c 9h]
frazerchi: checks
kolaz03: bets $3
frazerchi: folds
Uncalled bet ($3) returned to kolaz03
kolaz03 collected $11.76 from pot
kolaz03: doesn't show hand
*** SUMMARY ***
Total pot $12 | Rake $0.24
Board [2d 5c 9h]
Seat 1: frazerchi (big blind) folded on the Flop
Seat 2: kolaz03 (button) (small blind) collected ($11.76)


PokerStars Hand #159243135838:  Hold'em Limit ($3/$6 USD) - 2016/09/29 10:17:54 ET
Table 'Haltia II' 6-max Seat #2 is the button
Seat 1: frazerchi ($62.32 in chips)
Seat 2: kolaz03 ($100.92 in chips)
kolaz03: posts small blind $1
frazerchi: posts big blind $3
*** HOLE CARDS ***
kolaz03: raises $3 to $6
frazerchi: calls $3
*** FLOP *** [5s As Kd]
frazerchi: bets $3
kolaz03: folds
Uncalled bet ($3) returned to frazerchi
frazerchi collected $11.76 from pot
frazerchi: doesn't show hand
*** SUMMARY ***
Total pot $12 | Rake $0.24
Board [5s As Kd]
Seat 1: frazerchi (big blind) collected ($11.76)
Seat 2: kolaz03 (button) (small blind) folded on the Flop


PokerStars Hand #159243149152:  Hold'em Limit ($3/$6 USD) - 2016/09/29 10:18:17 ET
Table 'Haltia II' 6-max Seat #2 is the button
Seat 1: frazerchi ($67.08 in chips)
Seat 2: kolaz03 ($95.92 in chips)
kolaz03: posts small blind $1
frazerchi: posts big blind $3
*** HOLE CARDS ***
kolaz03: folds
Uncalled bet ($2) returned to frazerchi
frazerchi collected $2 from pot
frazerchi: doesn't show hand
*** SUMMARY ***
Total pot $2 | Rake $0
Seat 1: frazerchi (big blind) collected ($2)
Seat 2: kolaz03 (button) (small blind) folded before Flop


PokerStars Hand #159243145655:  Hold'em Limit ($3/$6 USD) - 2016/09/29 10:18:11 ET
Table 'Haltia II' 6-max Seat #1 is the button
Seat 1: frazerchi ($68.08 in chips)
Seat 2: kolaz03 ($94.92 in chips)
frazerchi: posts small blind $1
kolaz03: posts big blind $3
*** HOLE CARDS ***
frazerchi: folds
Uncalled bet ($2) returned to kolaz03
kolaz03 collected $2 from pot
kolaz03: doesn't show hand
*** SUMMARY ***
Total pot $2 | Rake $0
Seat 1: frazerchi (button) (small blind) folded before Flop
Seat 2: kolaz03 (big blind) collected ($2)


PokerStars Hand #159243175830:  Hold'em Limit ($3/$6 USD) - 2016/09/29 10:19:02 ET
Table 'Haltia II' 6-max Seat #2 is the button
Seat 1: frazerchi ($50.08 in chips)
Seat 2: kolaz03 ($112.42 in chips)
kolaz03: posts small blind $1
frazerchi: posts big blind $3
*** HOLE CARDS ***
kolaz03: folds
Uncalled bet ($2) returned to frazerchi
frazerchi collected $2 from pot
*** SUMMARY ***
Total pot $2 | Rake $0
Seat 1: frazerchi (big blind) collected ($2)
Seat 2: kolaz03 (button) (small blind) folded before Flop


PokerStars Hand #159243172576:  Hold'em Limit ($3/$6 USD) - 2016/09/29 10:18:56 ET
Table 'Haltia II' 6-max Seat #1 is the button
Seat 1: frazerchi ($51.08 in chips)
Seat 2: kolaz03 ($111.42 in chips)
frazerchi: posts small blind $1
kolaz03: posts big blind $3
*** HOLE CARDS ***
frazerchi: folds
Uncalled bet ($2) returned to kolaz03
kolaz03 collected $2 from pot
kolaz03: doesn't show hand
*** SUMMARY ***
Total pot $2 | Rake $0
Seat 1: frazerchi (button) (small blind) folded before Flop
Seat 2: kolaz03 (big blind) collected ($2)


PokerStars Hand #159243169009:  Hold'em Limit ($3/$6 USD) - 2016/09/29 10:18:50 ET
Table 'Haltia II' 6-max Seat #2 is the button
Seat 1: frazerchi ($50.08 in chips)
Seat 2: kolaz03 ($112.42 in chips)
kolaz03: posts small blind $1
frazerchi: posts big blind $3
*** HOLE CARDS ***
kolaz03: folds
Uncalled bet ($2) returned to frazerchi
frazerchi collected $2 from pot
frazerchi: doesn't show hand
*** SUMMARY ***
Total pot $2 | Rake $0
Seat 1: frazerchi (big blind) collected ($2)
Seat 2: kolaz03 (button) (small blind) folded before Flop


PokerStars Hand #159243152432:  Hold'em Limit ($3/$6 USD) - 2016/09/29 10:18:22 ET
Table 'Haltia II' 6-max Seat #1 is the button
Seat 1: frazerchi ($68.08 in chips)
Seat 2: kolaz03 ($94.92 in chips)
frazerchi: posts small blind $1
kolaz03: posts big blind $3
*** HOLE CARDS ***
frazerchi: raises $3 to $6
kolaz03: raises $3 to $9
frazerchi: calls $3
*** FLOP *** [Jh Qd 5c]
kolaz03: bets $3
frazerchi: calls $3
*** TURN *** [Jh Qd 5c] [4s]
kolaz03: checks
frazerchi: checks
*** RIVER *** [Jh Qd 5c 4s] [Qs]
kolaz03: checks
frazerchi: bets $6
kolaz03: calls $6
*** SHOW DOWN ***
frazerchi: shows [8h 7h] (a pair of Queens)
kolaz03: shows [8d Ah] (a pair of Queens - Ace kicker)
kolaz03 collected $35.50 from pot
*** SUMMARY ***
Total pot $36 | Rake $0.50
Board [Jh Qd 5c 4s Qs]
Seat 1: frazerchi (button) (small blind) showed [8h 7h] and lost with a pair of Queens
Seat 2: kolaz03 (big blind) showed [8d Ah] and won ($35.50) with a pair of Queens


PokerStars Hand #159243196294:  Hold'em Limit ($3/$6 USD) - 2016/09/29 10:19:37 ET
Table 'Haltia II' 6-max Seat #1 is the button
Seat 1: frazerchi ($42.08 in chips)
Seat 2: kolaz03 ($120.18 in chips)
frazerchi: posts small blind $1
kolaz03: posts big blind $3
*** HOLE CARDS ***
frazerchi: raises $3 to $6
kolaz03: folds
Uncalled bet ($3) returned to frazerchi
frazerchi collected $6 from pot
pukuotukxx89 joins the table at seat #3
frazerchi: doesn't show hand
*** SUMMARY ***
Total pot $6 | Rake $0
Seat 1: frazerchi (button) (small blind) collected ($6)
Seat 2: kolaz03 (big blind) folded before Flop


PokerStars Hand #159243191661:  Hold'em Limit ($3/$6 USD) - 2016/09/29 10:19:29 ET
Table 'Haltia II' 6-max Seat #2 is the button
Seat 1: frazerchi ($45.08 in chips)
Seat 2: kolaz03 ($117.18 in chips)
kolaz03: posts small blind $1
frazerchi: posts big blind $3
*** HOLE CARDS ***
kolaz03: raises $3 to $6
frazerchi: folds
Uncalled bet ($3) returned to kolaz03
kolaz03 collected $6 from pot
kolaz03: doesn't show hand
*** SUMMARY ***
Total pot $6 | Rake $0
Seat 1: frazerchi (big blind) folded before Flop
Seat 2: kolaz03 (button) (small blind) collected ($6)


PokerStars Hand #159243179294:  Hold'em Limit ($3/$6 USD) - 2016/09/29 10:19:08 ET
Table 'Haltia II' 6-max Seat #1 is the button
Seat 1: frazerchi ($51.08 in chips)
Seat 2: kolaz03 ($111.42 in chips)
frazerchi: posts small blind $1
kolaz03: posts big blind $3
*** HOLE CARDS ***
frazerchi: raises $3 to $6
kolaz03: calls $3
*** FLOP *** [4c 9c 5c]
kolaz03: checks
frazerchi: checks
*** TURN *** [4c 9c 5c] [5d]
kolaz03: checks
frazerchi: checks
*** RIVER *** [4c 9c 5c 5d] [7d]
kolaz03: bets $6
frazerchi: folds
Uncalled bet ($6) returned to kolaz03
kolaz03 collected $11.76 from pot
kolaz03: doesn't show hand
*** SUMMARY ***
Total pot $12 | Rake $0.24
Board [4c 9c 5c 5d 7d]
Seat 1: frazerchi (button) (small blind) folded on the River
Seat 2: kolaz03 (big blind) collected ($11.76)


PokerStars Hand #159243716713:  Hold'em Limit ($3/$6 USD) - 2016/09/29 10:34:21 ET
Table 'Haltia II' 6-max Seat #5 is the button
Seat 4: @92gara42@ ($374.97 in chips)
Seat 5: Pete81 ($72.28 in chips)
Pete81: posts small blind $1
@92gara42@: posts big blind $3
*** HOLE CARDS ***
Pete81: raises $3 to $6
@92gara42@: calls $3
*** FLOP *** [Qc 9h Ks]
frazerchi leaves the table
@92gara42@: folds
Pete81 collected $11.76 from pot
Pete81: doesn't show hand
@92gara42@ leaves the table
*** SUMMARY ***
Total pot $12 | Rake $0.24
Board [Qc 9h Ks]
Seat 4: @92gara42@ (big blind) folded on the Flop
Seat 5: Pete81 (button) (small blind) collected ($11.76)


