PokerStars Hand #162296335339:  Hold'em Limit ($3/$6 USD) - 2016/12/02 12:22:04 ET
Table 'Haltia' 10-max Seat #5 is the button
Seat 5: danne_111 ($53 in chips)
Seat 6: Agrotait ($78.76 in chips)
danne_111: posts small blind $1
Agrotait: posts big blind $3
*** HOLE CARDS ***
danne_111: raises $3 to $6
Agrotait: calls $3
*** FLOP *** [Jc 4c 6h]
Agrotait: checks
danne_111: bets $3
Agrotait: calls $3
*** TURN *** [Jc 4c 6h] [5c]
Agrotait: checks
danne_111: bets $6
Agrotait: raises $6 to $12
danne_111: calls $6
*** RIVER *** [Jc 4c 6h 5c] [3s]
Agrotait: bets $6
danne_111: calls $6
*** SHOW DOWN ***
Agrotait: shows [8s 7d] (a straight, Four to Eight)
danne_111: mucks hand
Agrotait collected $53.50 from pot
*** SUMMARY ***
Total pot $54 | Rake $0.50
Board [Jc 4c 6h 5c 3s]
Seat 5: danne_111 (button) (small blind) mucked
Seat 6: Agrotait (big blind) showed [8s 7d] and won ($53.50) with a straight, Four to Eight


PokerStars Hand #162296377078:  Hold'em Limit ($3/$6 USD) - 2016/12/02 12:22:55 ET
Table 'Haltia' 10-max Seat #6 is the button
Seat 5: danne_111 ($26 in chips)
Seat 6: Agrotait ($105.26 in chips)
Agrotait: posts small blind $1
danne_111: posts big blind $3
*** HOLE CARDS ***
Agrotait: raises $3 to $6
danne_111: raises $3 to $9
Agrotait: calls $3
*** FLOP *** [Qh 3s Th]
danne_111: bets $3
Agrotait: raises $3 to $6
danne_111: calls $3
*** TURN *** [Qh 3s Th] [2c]
danne_111: checks
Agrotait: checks
*** RIVER *** [Qh 3s Th 2c] [5c]
danne_111: bets $6
Agrotait: calls $6
*** SHOW DOWN ***
danne_111: shows [Js Qd] (a pair of Queens)
Agrotait: mucks hand
danne_111 collected $41.50 from pot
*** SUMMARY ***
Total pot $42 | Rake $0.50
Board [Qh 3s Th 2c 5c]
Seat 5: danne_111 (big blind) showed [Js Qd] and won ($41.50) with a pair of Queens
Seat 6: Agrotait (button) (small blind) mucked


PokerStars Hand #162296418553:  Hold'em Limit ($3/$6 USD) - 2016/12/02 12:23:47 ET
Table 'Haltia' 10-max Seat #6 is the button
Seat 5: danne_111 ($52.26 in chips)
Seat 6: Agrotait ($78.26 in chips)
Agrotait: posts small blind $1
danne_111: posts big blind $3
*** HOLE CARDS ***
Agrotait: raises $3 to $6
danne_111: folds
Uncalled bet ($3) returned to Agrotait
Agrotait collected $6 from pot
Agrotait: doesn't show hand
*** SUMMARY ***
Total pot $6 | Rake $0
Seat 5: danne_111 (big blind) folded before Flop
Seat 6: Agrotait (button) (small blind) collected ($6)


PokerStars Hand #162296399232:  Hold'em Limit ($3/$6 USD) - 2016/12/02 12:23:23 ET
Table 'Haltia' 10-max Seat #5 is the button
Seat 5: danne_111 ($46.50 in chips)
Seat 6: Agrotait ($84.26 in chips)
danne_111: posts small blind $1
Agrotait: posts big blind $3
*** HOLE CARDS ***
danne_111: raises $3 to $6
Agrotait: calls $3
*** FLOP *** [7s 9c Td]
Agrotait: checks
danne_111: bets $3
Agrotait: folds
Uncalled bet ($3) returned to danne_111
danne_111 collected $11.76 from pot
danne_111: doesn't show hand
*** SUMMARY ***
Total pot $12 | Rake $0.24
Board [7s 9c Td]
Seat 5: danne_111 (button) (small blind) collected ($11.76)
Seat 6: Agrotait (big blind) folded on the Flop


PokerStars Hand #162296425196:  Hold'em Limit ($3/$6 USD) - 2016/12/02 12:23:55 ET
Table 'Haltia' 10-max Seat #5 is the button
Seat 5: danne_111 ($49.26 in chips)
Seat 6: Agrotait ($81.26 in chips)
danne_111: posts small blind $1
Agrotait: posts big blind $3
*** HOLE CARDS ***
danne_111: folds
Uncalled bet ($2) returned to Agrotait
Agrotait collected $2 from pot
Agrotait: doesn't show hand
*** SUMMARY ***
Total pot $2 | Rake $0
Seat 5: danne_111 (button) (small blind) folded before Flop
Seat 6: Agrotait (big blind) collected ($2)


PokerStars Hand #162296430068:  Hold'em Limit ($3/$6 USD) - 2016/12/02 12:24:01 ET
Table 'Haltia' 10-max Seat #6 is the button
Seat 5: danne_111 ($48.26 in chips)
Seat 6: Agrotait ($82.26 in chips)
Agrotait: posts small blind $1
danne_111: posts big blind $3
*** HOLE CARDS ***
Agrotait: raises $3 to $6
danne_111: calls $3
*** FLOP *** [4d Ah 4h]
danne_111: checks
Agrotait: bets $3
danne_111: folds
Uncalled bet ($3) returned to Agrotait
Agrotait collected $11.76 from pot
Agrotait: doesn't show hand
*** SUMMARY ***
Total pot $12 | Rake $0.24
Board [4d Ah 4h]
Seat 5: danne_111 (big blind) folded on the Flop
Seat 6: Agrotait (button) (small blind) collected ($11.76)


PokerStars Hand #162296450832:  Hold'em Limit ($3/$6 USD) - 2016/12/02 12:24:26 ET
Table 'Haltia' 10-max Seat #5 is the button
Seat 5: danne_111 ($42.26 in chips)
Seat 6: Agrotait ($88.02 in chips)
danne_111: posts small blind $1
Agrotait: posts big blind $3
*** HOLE CARDS ***
danne_111: folds
Uncalled bet ($2) returned to Agrotait
Agrotait collected $2 from pot
Agrotait: doesn't show hand
*** SUMMARY ***
Total pot $2 | Rake $0
Seat 5: danne_111 (button) (small blind) folded before Flop
Seat 6: Agrotait (big blind) collected ($2)


PokerStars Hand #162296455165:  Hold'em Limit ($3/$6 USD) - 2016/12/02 12:24:31 ET
Table 'Haltia' 10-max Seat #6 is the button
Seat 5: danne_111 ($41.26 in chips)
Seat 6: Agrotait ($89.02 in chips)
Agrotait: posts small blind $1
danne_111: posts big blind $3
*** HOLE CARDS ***
Agrotait: raises $3 to $6
danne_111: calls $3
*** FLOP *** [9c 2h 4d]
danne_111: checks
Agrotait: bets $3
danne_111: calls $3
*** TURN *** [9c 2h 4d] [Qd]
danne_111: checks
Agrotait: bets $6
danne_111: raises $6 to $12
Agrotait: calls $6
*** RIVER *** [9c 2h 4d Qd] [8d]
danne_111: bets $6
Agrotait: folds
Uncalled bet ($6) returned to danne_111
danne_111 collected $41.50 from pot
danne_111: doesn't show hand
*** SUMMARY ***
Total pot $42 | Rake $0.50
Board [9c 2h 4d Qd 8d]
Seat 5: danne_111 (big blind) collected ($41.50)
Seat 6: Agrotait (button) (small blind) folded on the River


PokerStars Hand #162296491774:  Hold'em Limit ($3/$6 USD) - 2016/12/02 12:25:16 ET
Table 'Haltia' 10-max Seat #5 is the button
Seat 5: danne_111 ($61.76 in chips)
Seat 6: Agrotait ($68.02 in chips)
danne_111: posts small blind $1
Agrotait: posts big blind $3
*** HOLE CARDS ***
danne_111: folds
Uncalled bet ($2) returned to Agrotait
Agrotait collected $2 from pot
Agrotait: doesn't show hand
*** SUMMARY ***
Total pot $2 | Rake $0
Seat 5: danne_111 (button) (small blind) folded before Flop
Seat 6: Agrotait (big blind) collected ($2)


PokerStars Hand #162296496499:  Hold'em Limit ($3/$6 USD) - 2016/12/02 12:25:22 ET
Table 'Haltia' 10-max Seat #6 is the button
Seat 5: danne_111 ($60.76 in chips)
Seat 6: Agrotait ($69.02 in chips)
Agrotait: posts small blind $1
danne_111: posts big blind $3
*** HOLE CARDS ***
Agrotait: raises $3 to $6
danne_111: calls $3
*** FLOP *** [Tc 7d Ts]
danne_111: checks
Agrotait: bets $3
danne_111: calls $3
*** TURN *** [Tc 7d Ts] [Jd]
danne_111: checks
Agrotait: checks
*** RIVER *** [Tc 7d Ts Jd] [As]
danne_111: bets $6
Agrotait: calls $6
*** SHOW DOWN ***
danne_111: shows [Ah 3h] (two pair, Aces and Tens)
Agrotait: shows [8c Ac] (two pair, Aces and Tens)
danne_111 collected $14.75 from pot
Agrotait collected $14.75 from pot
*** SUMMARY ***
Total pot $30 | Rake $0.50
Board [Tc 7d Ts Jd As]
Seat 5: danne_111 (big blind) showed [Ah 3h] and won ($14.75) with two pair, Aces and Tens
Seat 6: Agrotait (button) (small blind) showed [8c Ac] and won ($14.75) with two pair, Aces and Tens


PokerStars Hand #162296554790:  Hold'em Limit ($3/$6 USD) - 2016/12/02 12:26:33 ET
Table 'Haltia' 10-max Seat #5 is the button
Seat 5: danne_111 ($60.51 in chips)
Seat 6: Agrotait ($68.77 in chips)
danne_111: posts small blind $1
Agrotait: posts big blind $3
*** HOLE CARDS ***
danne_111: folds
Uncalled bet ($2) returned to Agrotait
Agrotait collected $2 from pot
Agrotait: doesn't show hand
*** SUMMARY ***
Total pot $2 | Rake $0
Seat 5: danne_111 (button) (small blind) folded before Flop
Seat 6: Agrotait (big blind) collected ($2)


PokerStars Hand #162296559527:  Hold'em Limit ($3/$6 USD) - 2016/12/02 12:26:39 ET
Table 'Haltia' 10-max Seat #6 is the button
Seat 5: danne_111 ($59.51 in chips)
Seat 6: Agrotait ($69.77 in chips)
Agrotait: posts small blind $1
danne_111: posts big blind $3
*** HOLE CARDS ***
Agrotait: raises $3 to $6
danne_111: calls $3
*** FLOP *** [4s 2h 9h]
danne_111: checks
Agrotait: bets $3
danne_111: calls $3
*** TURN *** [4s 2h 9h] [4d]
danne_111: checks
Agrotait: checks
*** RIVER *** [4s 2h 9h 4d] [Tc]
danne_111: bets $6
Agrotait: calls $6
*** SHOW DOWN ***
danne_111: shows [Ts Jd] (two pair, Tens and Fours)
Agrotait: mucks hand
danne_111 collected $29.50 from pot
*** SUMMARY ***
Total pot $30 | Rake $0.50
Board [4s 2h 9h 4d Tc]
Seat 5: danne_111 (big blind) showed [Ts Jd] and won ($29.50) with two pair, Tens and Fours
Seat 6: Agrotait (button) (small blind) mucked


PokerStars Hand #162296609230:  Hold'em Limit ($3/$6 USD) - 2016/12/02 12:27:40 ET
Table 'Haltia' 10-max Seat #5 is the button
Seat 5: danne_111 ($74.01 in chips)
Seat 6: Agrotait ($72 in chips)
danne_111: posts small blind $1
Agrotait: posts big blind $3
*** HOLE CARDS ***
danne_111: folds
Uncalled bet ($2) returned to Agrotait
Agrotait collected $2 from pot
Agrotait: doesn't show hand
*** SUMMARY ***
Total pot $2 | Rake $0
Seat 5: danne_111 (button) (small blind) folded before Flop
Seat 6: Agrotait (big blind) collected ($2)


PokerStars Hand #162296613699:  Hold'em Limit ($3/$6 USD) - 2016/12/02 12:27:46 ET
Table 'Haltia' 10-max Seat #6 is the button
Seat 5: danne_111 ($73.01 in chips)
Seat 6: Agrotait ($73 in chips)
frmaroni joins the table at seat #1
Agrotait: posts small blind $1
danne_111: posts big blind $3
*** HOLE CARDS ***
RockKillerTY joins the table at seat #7
Agrotait: raises $3 to $6
danne_111: calls $3
*** FLOP *** [Th 3d 5s]
danne_111: checks
Agrotait: bets $3
danne_111: raises $3 to $6
Agrotait: calls $3
*** TURN *** [Th 3d 5s] [Ah]
danne_111: bets $6
Agrotait: raises $6 to $12
danne_111: calls $6
*** RIVER *** [Th 3d 5s Ah] [5h]
danne_111: checks
Agrotait: checks
*** SHOW DOWN ***
danne_111: shows [Td 4d] (two pair, Tens and Fives)
Agrotait: shows [6s Ac] (two pair, Aces and Fives)
Agrotait collected $47.50 from pot
*** SUMMARY ***
Total pot $48 | Rake $0.50
Board [Th 3d 5s Ah 5h]
Seat 5: danne_111 (big blind) showed [Td 4d] and lost with two pair, Tens and Fives
Seat 6: Agrotait (button) (small blind) showed [6s Ac] and won ($47.50) with two pair, Aces and Fives


PokerStars Hand #162296661218:  Hold'em Limit ($3/$6 USD) - 2016/12/02 12:28:44 ET
Table 'Haltia' 10-max Seat #5 is the button
Seat 5: danne_111 ($49.01 in chips)
Seat 6: Agrotait ($96.50 in chips)
danne_111: posts small blind $1
Agrotait: posts big blind $3
*** HOLE CARDS ***
danne_111: folds
Uncalled bet ($2) returned to Agrotait
Agrotait collected $2 from pot
Agrotait: doesn't show hand
*** SUMMARY ***
Total pot $2 | Rake $0
Seat 5: danne_111 (button) (small blind) folded before Flop
Seat 6: Agrotait (big blind) collected ($2)


PokerStars Hand #162297457191:  Hold'em Limit ($3/$6 USD) - 2016/12/02 12:44:52 ET
Table 'Haltia' 10-max Seat #6 is the button
Seat 1: frmaroni ($102.38 in chips)
Seat 6: Agrotait ($89.98 in chips)
Agrotait: posts small blind $1
RockKillerTY: is sitting out
frmaroni: posts big blind $3
*** HOLE CARDS ***
Agrotait: raises $3 to $6
frmaroni: calls $3
*** FLOP *** [2h Td 6s]
frmaroni: checks
Agrotait: bets $3
frmaroni: calls $3
*** TURN *** [2h Td 6s] [Qs]
frmaroni: checks
RockKillerTY leaves the table
Agrotait: checks
*** RIVER *** [2h Td 6s Qs] [8s]
frmaroni: checks
Agrotait: bets $6
frmaroni: calls $6
*** SHOW DOWN ***
Agrotait: shows [Jd 6h] (a pair of Sixes)
frmaroni: shows [As 8d] (a pair of Eights)
frmaroni collected $29.50 from pot
*** SUMMARY ***
Total pot $30 | Rake $0.50
Board [2h Td 6s Qs 8s]
Seat 1: frmaroni (big blind) showed [As 8d] and won ($29.50) with a pair of Eights
Seat 6: Agrotait (button) (small blind) showed [Jd 6h] and lost with a pair of Sixes


