PokerStars Hand #171310675064:  Hold'em Limit ($3/$6 USD) - 2017/06/03 21:04:50 ET
Table 'Hamal' 6-max Seat #6 is the button
Seat 4: DimaZips ($126.54 in chips)
Seat 6: mylifeluvsol ($78.02 in chips)
mylifeluvsol: posts small blind $1
DimaZips: posts big blind $3
*** HOLE CARDS ***
mylifeluvsol: folds
Uncalled bet ($2) returned to DimaZips
DimaZips collected $2 from pot
DimaZips: doesn't show hand
*** SUMMARY ***
Total pot $2 | Rake $0
Seat 4: DimaZips (big blind) collected ($2)
Seat 6: mylifeluvsol (button) (small blind) folded before Flop


PokerStars Hand #171310673241:  Hold'em Limit ($3/$6 USD) - 2017/06/03 21:04:46 ET
Table 'Hamal' 6-max Seat #4 is the button
Seat 4: DimaZips ($127.54 in chips)
Seat 6: mylifeluvsol ($77.02 in chips)
DimaZips: posts small blind $1
mylifeluvsol: posts big blind $3
*** HOLE CARDS ***
DimaZips: folds
Uncalled bet ($2) returned to mylifeluvsol
mylifeluvsol collected $2 from pot
mylifeluvsol: doesn't show hand
*** SUMMARY ***
Total pot $2 | Rake $0
Seat 4: DimaZips (button) (small blind) folded before Flop
Seat 6: mylifeluvsol (big blind) collected ($2)


PokerStars Hand #171310671132:  Hold'em Limit ($3/$6 USD) - 2017/06/03 21:04:41 ET
Table 'Hamal' 6-max Seat #6 is the button
Seat 4: DimaZips ($126.54 in chips)
Seat 6: mylifeluvsol ($78.02 in chips)
mylifeluvsol: posts small blind $1
DimaZips: posts big blind $3
*** HOLE CARDS ***
mylifeluvsol: folds
Uncalled bet ($2) returned to DimaZips
DimaZips collected $2 from pot
DimaZips: doesn't show hand
*** SUMMARY ***
Total pot $2 | Rake $0
Seat 4: DimaZips (big blind) collected ($2)
Seat 6: mylifeluvsol (button) (small blind) folded before Flop


PokerStars Hand #171310679988:  Hold'em Limit ($3/$6 USD) - 2017/06/03 21:05:02 ET
Table 'Hamal' 6-max Seat #6 is the button
Seat 4: DimaZips ($126.54 in chips)
Seat 6: mylifeluvsol ($78.02 in chips)
mylifeluvsol: posts small blind $1
DimaZips: posts big blind $3
*** HOLE CARDS ***
mylifeluvsol: folds
Uncalled bet ($2) returned to DimaZips
DimaZips collected $2 from pot
DimaZips: doesn't show hand
*** SUMMARY ***
Total pot $2 | Rake $0
Seat 4: DimaZips (big blind) collected ($2)
Seat 6: mylifeluvsol (button) (small blind) folded before Flop


PokerStars Hand #171310677580:  Hold'em Limit ($3/$6 USD) - 2017/06/03 21:04:56 ET
Table 'Hamal' 6-max Seat #4 is the button
Seat 4: DimaZips ($127.54 in chips)
Seat 6: mylifeluvsol ($77.02 in chips)
DimaZips: posts small blind $1
mylifeluvsol: posts big blind $3
*** HOLE CARDS ***
DimaZips: folds
Uncalled bet ($2) returned to mylifeluvsol
mylifeluvsol collected $2 from pot
mylifeluvsol: doesn't show hand
*** SUMMARY ***
Total pot $2 | Rake $0
Seat 4: DimaZips (button) (small blind) folded before Flop
Seat 6: mylifeluvsol (big blind) collected ($2)


PokerStars Hand #171310684532:  Hold'em Limit ($3/$6 USD) - 2017/06/03 21:05:13 ET
Table 'Hamal' 6-max Seat #6 is the button
Seat 4: DimaZips ($130.54 in chips)
Seat 6: mylifeluvsol ($74.02 in chips)
mylifeluvsol: posts small blind $1
DimaZips: posts big blind $3
*** HOLE CARDS ***
mylifeluvsol: folds
Uncalled bet ($2) returned to DimaZips
DimaZips collected $2 from pot
DimaZips: doesn't show hand
*** SUMMARY ***
Total pot $2 | Rake $0
Seat 4: DimaZips (big blind) collected ($2)
Seat 6: mylifeluvsol (button) (small blind) folded before Flop


PokerStars Hand #171310682240:  Hold'em Limit ($3/$6 USD) - 2017/06/03 21:05:07 ET
Table 'Hamal' 6-max Seat #4 is the button
Seat 4: DimaZips ($127.54 in chips)
Seat 6: mylifeluvsol ($77.02 in chips)
DimaZips: posts small blind $1
mylifeluvsol: posts big blind $3
*** HOLE CARDS ***
DimaZips: raises $3 to $6
mylifeluvsol: folds
Uncalled bet ($3) returned to DimaZips
DimaZips collected $6 from pot
DimaZips: doesn't show hand
*** SUMMARY ***
Total pot $6 | Rake $0
Seat 4: DimaZips (button) (small blind) collected ($6)
Seat 6: mylifeluvsol (big blind) folded before Flop


PokerStars Hand #171310686446:  Hold'em Limit ($3/$6 USD) - 2017/06/03 21:05:17 ET
Table 'Hamal' 6-max Seat #4 is the button
Seat 4: DimaZips ($131.54 in chips)
Seat 6: mylifeluvsol ($73.02 in chips)
DimaZips: posts small blind $1
mylifeluvsol: posts big blind $3
*** HOLE CARDS ***
DimaZips: raises $3 to $6
mylifeluvsol: calls $3
*** FLOP *** [4c 2d 3s]
mylifeluvsol: checks
DimaZips: checks
*** TURN *** [4c 2d 3s] [5c]
mylifeluvsol: checks
DimaZips: checks
*** RIVER *** [4c 2d 3s 5c] [3c]
mylifeluvsol: checks
DimaZips: checks
*** SHOW DOWN ***
mylifeluvsol: shows [9d Kh] (a pair of Threes)
DimaZips: mucks hand
mylifeluvsol collected $11.76 from pot
*** SUMMARY ***
Total pot $12 | Rake $0.24
Board [4c 2d 3s 5c 3c]
Seat 4: DimaZips (button) (small blind) mucked
Seat 6: mylifeluvsol (big blind) showed [9d Kh] and won ($11.76) with a pair of Threes


PokerStars Hand #171310700296:  Hold'em Limit ($3/$6 USD) - 2017/06/03 21:05:50 ET
Table 'Hamal' 6-max Seat #4 is the button
Seat 4: DimaZips ($119.54 in chips)
Seat 6: mylifeluvsol ($84.54 in chips)
DimaZips: posts small blind $1
mylifeluvsol: posts big blind $3
*** HOLE CARDS ***
DimaZips: folds
Uncalled bet ($2) returned to mylifeluvsol
mylifeluvsol collected $2 from pot
mylifeluvsol: doesn't show hand
*** SUMMARY ***
Total pot $2 | Rake $0
Seat 4: DimaZips (button) (small blind) folded before Flop
Seat 6: mylifeluvsol (big blind) collected ($2)


PokerStars Hand #171310693399:  Hold'em Limit ($3/$6 USD) - 2017/06/03 21:05:34 ET
Table 'Hamal' 6-max Seat #6 is the button
Seat 4: DimaZips ($125.54 in chips)
Seat 6: mylifeluvsol ($78.78 in chips)
mylifeluvsol: posts small blind $1
DimaZips: posts big blind $3
*** HOLE CARDS ***
mylifeluvsol: raises $3 to $6
DimaZips: calls $3
*** FLOP *** [Ah 2h Js]
DimaZips: checks
mylifeluvsol: checks
*** TURN *** [Ah 2h Js] [7c]
DimaZips: checks
mylifeluvsol: bets $6
DimaZips: folds
Uncalled bet ($6) returned to mylifeluvsol
mylifeluvsol collected $11.76 from pot
mylifeluvsol: doesn't show hand
*** SUMMARY ***
Total pot $12 | Rake $0.24
Board [Ah 2h Js 7c]
Seat 4: DimaZips (big blind) folded on the Turn
Seat 6: mylifeluvsol (button) (small blind) collected ($11.76)


PokerStars Hand #171310705837:  Hold'em Limit ($3/$6 USD) - 2017/06/03 21:06:04 ET
Table 'Hamal' 6-max Seat #4 is the button
Seat 4: DimaZips ($115.54 in chips)
Seat 6: mylifeluvsol ($88.54 in chips)
DimaZips: posts small blind $1
mylifeluvsol: posts big blind $3
*** HOLE CARDS ***
DimaZips: folds
Uncalled bet ($2) returned to mylifeluvsol
mylifeluvsol collected $2 from pot
mylifeluvsol: doesn't show hand
*** SUMMARY ***
Total pot $2 | Rake $0
Seat 4: DimaZips (button) (small blind) folded before Flop
Seat 6: mylifeluvsol (big blind) collected ($2)


PokerStars Hand #171310702709:  Hold'em Limit ($3/$6 USD) - 2017/06/03 21:05:56 ET
Table 'Hamal' 6-max Seat #6 is the button
Seat 4: DimaZips ($118.54 in chips)
Seat 6: mylifeluvsol ($85.54 in chips)
mylifeluvsol: posts small blind $1
DimaZips: posts big blind $3
*** HOLE CARDS ***
mylifeluvsol: raises $3 to $6
DimaZips: folds
Uncalled bet ($3) returned to mylifeluvsol
mylifeluvsol collected $6 from pot
mylifeluvsol: doesn't show hand
*** SUMMARY ***
Total pot $6 | Rake $0
Seat 4: DimaZips (big blind) folded before Flop
Seat 6: mylifeluvsol (button) (small blind) collected ($6)


PokerStars Hand #171310709750:  Hold'em Limit ($3/$6 USD) - 2017/06/03 21:06:13 ET
Table 'Hamal' 6-max Seat #4 is the button
Seat 4: DimaZips ($115.54 in chips)
Seat 6: mylifeluvsol ($88.54 in chips)
DimaZips: posts small blind $1
mylifeluvsol: posts big blind $3
*** HOLE CARDS ***
DimaZips: folds
Uncalled bet ($2) returned to mylifeluvsol
mylifeluvsol collected $2 from pot
mylifeluvsol: doesn't show hand
*** SUMMARY ***
Total pot $2 | Rake $0
Seat 4: DimaZips (button) (small blind) folded before Flop
Seat 6: mylifeluvsol (big blind) collected ($2)


PokerStars Hand #171310707764:  Hold'em Limit ($3/$6 USD) - 2017/06/03 21:06:08 ET
Table 'Hamal' 6-max Seat #6 is the button
Seat 4: DimaZips ($114.54 in chips)
Seat 6: mylifeluvsol ($89.54 in chips)
mylifeluvsol: posts small blind $1
DimaZips: posts big blind $3
*** HOLE CARDS ***
mylifeluvsol: folds
Uncalled bet ($2) returned to DimaZips
DimaZips collected $2 from pot
DimaZips: doesn't show hand
*** SUMMARY ***
Total pot $2 | Rake $0
Seat 4: DimaZips (big blind) collected ($2)
Seat 6: mylifeluvsol (button) (small blind) folded before Flop


PokerStars Hand #171310715073:  Hold'em Limit ($3/$6 USD) - 2017/06/03 21:06:26 ET
Table 'Hamal' 6-max Seat #4 is the button
Seat 4: DimaZips ($111.54 in chips)
Seat 6: mylifeluvsol ($92.54 in chips)
RienoB911 joins the table at seat #3
DimaZips: posts small blind $1
mylifeluvsol: posts big blind $3
*** HOLE CARDS ***
DimaZips: folds
Uncalled bet ($2) returned to mylifeluvsol
mylifeluvsol collected $2 from pot
mylifeluvsol: doesn't show hand
*** SUMMARY ***
Total pot $2 | Rake $0
Seat 4: DimaZips (button) (small blind) folded before Flop
Seat 6: mylifeluvsol (big blind) collected ($2)


PokerStars Hand #171310712027:  Hold'em Limit ($3/$6 USD) - 2017/06/03 21:06:19 ET
Table 'Hamal' 6-max Seat #6 is the button
Seat 4: DimaZips ($114.54 in chips)
Seat 6: mylifeluvsol ($89.54 in chips)
mylifeluvsol: posts small blind $1
DimaZips: posts big blind $3
*** HOLE CARDS ***
mylifeluvsol: raises $3 to $6
DimaZips: folds
Uncalled bet ($3) returned to mylifeluvsol
mylifeluvsol collected $6 from pot
mylifeluvsol: doesn't show hand
*** SUMMARY ***
Total pot $6 | Rake $0
Seat 4: DimaZips (big blind) folded before Flop
Seat 6: mylifeluvsol (button) (small blind) collected ($6)


PokerStars Hand #171310743239:  Hold'em Limit ($3/$6 USD) - 2017/06/03 21:07:33 ET
Table 'Hamal' 6-max Seat #6 is the button
Seat 4: DimaZips ($132.89 in chips)
Seat 6: mylifeluvsol ($104.82 in chips)
mylifeluvsol: posts small blind $1
DimaZips: posts big blind $3
*** HOLE CARDS ***
mylifeluvsol: folds
Uncalled bet ($2) returned to DimaZips
RienoB911 leaves the table
DimaZips collected $2 from pot
DimaZips: doesn't show hand
*** SUMMARY ***
Total pot $2 | Rake $0
Seat 4: DimaZips (big blind) collected ($2)
Seat 6: mylifeluvsol (button) (small blind) folded before Flop


PokerStars Hand #171310750357:  Hold'em Limit ($3/$6 USD) - 2017/06/03 21:07:50 ET
Table 'Hamal' 6-max Seat #6 is the button
Seat 4: DimaZips ($139.65 in chips)
Seat 6: mylifeluvsol ($97.82 in chips)
mylifeluvsol: posts small blind $1
DimaZips: posts big blind $3
*** HOLE CARDS ***
mylifeluvsol: raises $3 to $6
DimaZips: folds
Uncalled bet ($3) returned to mylifeluvsol
mylifeluvsol collected $6 from pot
mylifeluvsol: doesn't show hand
*** SUMMARY ***
Total pot $6 | Rake $0
Seat 4: DimaZips (big blind) folded before Flop
Seat 6: mylifeluvsol (button) (small blind) collected ($6)


PokerStars Hand #171310745653:  Hold'em Limit ($3/$6 USD) - 2017/06/03 21:07:39 ET
Table 'Hamal' 6-max Seat #4 is the button
Seat 4: DimaZips ($133.89 in chips)
Seat 6: mylifeluvsol ($103.82 in chips)
DimaZips: posts small blind $1
mylifeluvsol: posts big blind $3
*** HOLE CARDS ***
DimaZips: raises $3 to $6
mylifeluvsol: calls $3
*** FLOP *** [Kc 2s 8c]
mylifeluvsol: checks
DimaZips: bets $3
mylifeluvsol: folds
Uncalled bet ($3) returned to DimaZips
DimaZips collected $11.76 from pot
DimaZips: doesn't show hand
*** SUMMARY ***
Total pot $12 | Rake $0.24
Board [Kc 2s 8c]
Seat 4: DimaZips (button) (small blind) collected ($11.76)
Seat 6: mylifeluvsol (big blind) folded on the Flop


PokerStars Hand #171310754968:  Hold'em Limit ($3/$6 USD) - 2017/06/03 21:08:01 ET
Table 'Hamal' 6-max Seat #6 is the button
Seat 4: DimaZips ($135.65 in chips)
Seat 6: mylifeluvsol ($101.82 in chips)
mylifeluvsol: posts small blind $1
DimaZips: posts big blind $3
*** HOLE CARDS ***
mylifeluvsol: folds
Uncalled bet ($2) returned to DimaZips
DimaZips collected $2 from pot
DimaZips: doesn't show hand
*** SUMMARY ***
Total pot $2 | Rake $0
Seat 4: DimaZips (big blind) collected ($2)
Seat 6: mylifeluvsol (button) (small blind) folded before Flop


PokerStars Hand #171310753083:  Hold'em Limit ($3/$6 USD) - 2017/06/03 21:07:57 ET
Table 'Hamal' 6-max Seat #4 is the button
Seat 4: DimaZips ($136.65 in chips)
Seat 6: mylifeluvsol ($100.82 in chips)
DimaZips: posts small blind $1
mylifeluvsol: posts big blind $3
*** HOLE CARDS ***
DimaZips: folds
Uncalled bet ($2) returned to mylifeluvsol
mylifeluvsol collected $2 from pot
mylifeluvsol: doesn't show hand
*** SUMMARY ***
Total pot $2 | Rake $0
Seat 4: DimaZips (button) (small blind) folded before Flop
Seat 6: mylifeluvsol (big blind) collected ($2)


PokerStars Hand #171310770946:  Hold'em Limit ($3/$6 USD) - 2017/06/03 21:08:40 ET
Table 'Hamal' 6-max Seat #4 is the button
Seat 4: DimaZips ($140.65 in chips)
Seat 6: mylifeluvsol ($96.82 in chips)
DimaZips: posts small blind $1
mylifeluvsol: posts big blind $3
*** HOLE CARDS ***
DimaZips: raises $3 to $6
mylifeluvsol: raises $3 to $9
DimaZips: calls $3
*** FLOP *** [As 4s 8s]
mylifeluvsol: checks
DimaZips: checks
*** TURN *** [As 4s 8s] [9h]
mylifeluvsol: checks
DimaZips: checks
*** RIVER *** [As 4s 8s 9h] [2d]
mylifeluvsol: checks
DimaZips: checks
*** SHOW DOWN ***
mylifeluvsol: shows [7s 7h] (a pair of Sevens)
DimaZips: mucks hand
mylifeluvsol collected $17.64 from pot
*** SUMMARY ***
Total pot $18 | Rake $0.36
Board [As 4s 8s 9h 2d]
Seat 4: DimaZips (button) (small blind) mucked
Seat 6: mylifeluvsol (big blind) showed [7s 7h] and won ($17.64) with a pair of Sevens


PokerStars Hand #171310763426:  Hold'em Limit ($3/$6 USD) - 2017/06/03 21:08:22 ET
Table 'Hamal' 6-max Seat #4 is the button
Seat 4: DimaZips ($140.65 in chips)
Seat 6: mylifeluvsol ($96.82 in chips)
DimaZips: posts small blind $1
mylifeluvsol: posts big blind $3
*** HOLE CARDS ***
DimaZips: folds
Uncalled bet ($2) returned to mylifeluvsol
mylifeluvsol collected $2 from pot
mylifeluvsol: doesn't show hand
*** SUMMARY ***
Total pot $2 | Rake $0
Seat 4: DimaZips (button) (small blind) folded before Flop
Seat 6: mylifeluvsol (big blind) collected ($2)


PokerStars Hand #171310760955:  Hold'em Limit ($3/$6 USD) - 2017/06/03 21:08:16 ET
Table 'Hamal' 6-max Seat #6 is the button
Seat 4: DimaZips ($139.65 in chips)
Seat 6: mylifeluvsol ($97.82 in chips)
mylifeluvsol: posts small blind $1
DimaZips: posts big blind $3
*** HOLE CARDS ***
mylifeluvsol: folds
Uncalled bet ($2) returned to DimaZips
DimaZips collected $2 from pot
DimaZips: doesn't show hand
*** SUMMARY ***
Total pot $2 | Rake $0
Seat 4: DimaZips (big blind) collected ($2)
Seat 6: mylifeluvsol (button) (small blind) folded before Flop


PokerStars Hand #171310765278:  Hold'em Limit ($3/$6 USD) - 2017/06/03 21:08:26 ET
Table 'Hamal' 6-max Seat #6 is the button
Seat 4: DimaZips ($139.65 in chips)
Seat 6: mylifeluvsol ($97.82 in chips)
mylifeluvsol: posts small blind $1
DimaZips: posts big blind $3
*** HOLE CARDS ***
mylifeluvsol: folds
Uncalled bet ($2) returned to DimaZips
DimaZips collected $2 from pot
DimaZips: doesn't show hand
*** SUMMARY ***
Total pot $2 | Rake $0
Seat 4: DimaZips (big blind) collected ($2)
Seat 6: mylifeluvsol (button) (small blind) folded before Flop


PokerStars Hand #171310757619:  Hold'em Limit ($3/$6 USD) - 2017/06/03 21:08:08 ET
Table 'Hamal' 6-max Seat #4 is the button
Seat 4: DimaZips ($136.65 in chips)
Seat 6: mylifeluvsol ($100.82 in chips)
DimaZips: posts small blind $1
mylifeluvsol: posts big blind $3
*** HOLE CARDS ***
DimaZips: raises $3 to $6
mylifeluvsol: folds
Uncalled bet ($3) returned to DimaZips
DimaZips collected $6 from pot
DimaZips: doesn't show hand
*** SUMMARY ***
Total pot $6 | Rake $0
Seat 4: DimaZips (button) (small blind) collected ($6)
Seat 6: mylifeluvsol (big blind) folded before Flop


PokerStars Hand #171310782240:  Hold'em Limit ($3/$6 USD) - 2017/06/03 21:09:07 ET
Table 'Hamal' 6-max Seat #6 is the button
Seat 4: DimaZips ($131.65 in chips)
Seat 6: mylifeluvsol ($105.46 in chips)
mylifeluvsol: posts small blind $1
DimaZips: posts big blind $3
*** HOLE CARDS ***
mylifeluvsol: calls $2
DimaZips: checks
*** FLOP *** [5c 9s 5h]
zidanecastro joins the table at seat #3
DimaZips: checks
mylifeluvsol: bets $3
DimaZips: folds
Uncalled bet ($3) returned to mylifeluvsol
mylifeluvsol collected $5.88 from pot
mylifeluvsol: doesn't show hand
*** SUMMARY ***
Total pot $6 | Rake $0.12
Board [5c 9s 5h]
Seat 4: DimaZips (big blind) folded on the Flop
Seat 6: mylifeluvsol (button) (small blind) collected ($5.88)


PokerStars Hand #171310793159:  Hold'em Limit ($3/$6 USD) - 2017/06/03 21:09:34 ET
Table 'Hamal' 6-max Seat #4 is the button
Seat 4: DimaZips ($128.65 in chips)
Seat 6: mylifeluvsol ($108.34 in chips)
DimaZips: posts small blind $1
mylifeluvsol: posts big blind $3
*** HOLE CARDS ***
DimaZips: raises $3 to $6
mylifeluvsol: folds
Uncalled bet ($3) returned to DimaZips
DimaZips collected $6 from pot
DimaZips: doesn't show hand
*** SUMMARY ***
Total pot $6 | Rake $0
Seat 4: DimaZips (button) (small blind) collected ($6)
Seat 6: mylifeluvsol (big blind) folded before Flop


PokerStars Hand #171310842214:  Hold'em Limit ($3/$6 USD) - 2017/06/03 21:11:33 ET
Table 'Hamal' 6-max Seat #6 is the button
Seat 4: DimaZips ($123.65 in chips)
Seat 6: mylifeluvsol ($120.62 in chips)
mylifeluvsol: posts small blind $1
DimaZips: posts big blind $3
*** HOLE CARDS ***
mylifeluvsol: raises $3 to $6
DimaZips: calls $3
*** FLOP *** [Ks 3c Qh]
DimaZips: checks
mylifeluvsol: checks
*** TURN *** [Ks 3c Qh] [Tc]
DimaZips: bets $6
mylifeluvsol: calls $6
*** RIVER *** [Ks 3c Qh Tc] [5d]
DimaZips: bets $6
mylifeluvsol: folds
Uncalled bet ($6) returned to DimaZips
DimaZips collected $23.52 from pot
DimaZips: doesn't show hand
*** SUMMARY ***
Total pot $24 | Rake $0.48
Board [Ks 3c Qh Tc 5d]
Seat 4: DimaZips (big blind) collected ($23.52)
Seat 6: mylifeluvsol (button) (small blind) folded on the River


PokerStars Hand #171310875404:  Hold'em Limit ($3/$6 USD) - 2017/06/03 21:12:54 ET
Table 'Hamal' 6-max Seat #6 is the button
Seat 4: DimaZips ($117.81 in chips)
Seat 6: mylifeluvsol ($125 in chips)
mylifeluvsol: posts small blind $1
DimaZips: posts big blind $3
*** HOLE CARDS ***
mylifeluvsol: folds
Uncalled bet ($2) returned to DimaZips
DimaZips collected $2 from pot
DimaZips: doesn't show hand
*** SUMMARY ***
Total pot $2 | Rake $0
Seat 4: DimaZips (big blind) collected ($2)
Seat 6: mylifeluvsol (button) (small blind) folded before Flop


PokerStars Hand #171310872374:  Hold'em Limit ($3/$6 USD) - 2017/06/03 21:12:46 ET
Table 'Hamal' 6-max Seat #4 is the button
Seat 4: DimaZips ($114.81 in chips)
Seat 6: mylifeluvsol ($128 in chips)
DimaZips: posts small blind $1
mylifeluvsol: posts big blind $3
*** HOLE CARDS ***
DimaZips: raises $3 to $6
mylifeluvsol: folds
Uncalled bet ($3) returned to DimaZips
DimaZips collected $6 from pot
DimaZips: doesn't show hand
*** SUMMARY ***
Total pot $6 | Rake $0
Seat 4: DimaZips (button) (small blind) collected ($6)
Seat 6: mylifeluvsol (big blind) folded before Flop


PokerStars Hand #171310855694:  Hold'em Limit ($3/$6 USD) - 2017/06/03 21:12:06 ET
Table 'Hamal' 6-max Seat #6 is the button
Seat 4: DimaZips ($143.81 in chips)
Seat 6: mylifeluvsol ($99.62 in chips)
mylifeluvsol: posts small blind $1
DimaZips: posts big blind $3
*** HOLE CARDS ***
mylifeluvsol: folds
Uncalled bet ($2) returned to DimaZips
DimaZips collected $2 from pot
DimaZips: doesn't show hand
*** SUMMARY ***
Total pot $2 | Rake $0
Seat 4: DimaZips (big blind) collected ($2)
Seat 6: mylifeluvsol (button) (small blind) folded before Flop


PokerStars Hand #171310880005:  Hold'em Limit ($3/$6 USD) - 2017/06/03 21:13:05 ET
Table 'Hamal' 6-max Seat #6 is the button
Seat 4: DimaZips ($117.81 in chips)
Seat 6: mylifeluvsol ($125 in chips)
mylifeluvsol: posts small blind $1
DimaZips: posts big blind $3
*** HOLE CARDS ***
mylifeluvsol: folds
Uncalled bet ($2) returned to DimaZips
DimaZips collected $2 from pot
DimaZips: doesn't show hand
*** SUMMARY ***
Total pot $2 | Rake $0
Seat 4: DimaZips (big blind) collected ($2)
Seat 6: mylifeluvsol (button) (small blind) folded before Flop


PokerStars Hand #171310877564:  Hold'em Limit ($3/$6 USD) - 2017/06/03 21:12:59 ET
Table 'Hamal' 6-max Seat #4 is the button
Seat 4: DimaZips ($118.81 in chips)
Seat 6: mylifeluvsol ($124 in chips)
DimaZips: posts small blind $1
mylifeluvsol: posts big blind $3
*** HOLE CARDS ***
DimaZips: folds
Uncalled bet ($2) returned to mylifeluvsol
mylifeluvsol collected $2 from pot
mylifeluvsol: doesn't show hand
*** SUMMARY ***
Total pot $2 | Rake $0
Seat 4: DimaZips (button) (small blind) folded before Flop
Seat 6: mylifeluvsol (big blind) collected ($2)


PokerStars Hand #171310857769:  Hold'em Limit ($3/$6 USD) - 2017/06/03 21:12:11 ET
Table 'Hamal' 6-max Seat #4 is the button
Seat 4: DimaZips ($144.81 in chips)
Seat 6: mylifeluvsol ($98.62 in chips)
DimaZips: posts small blind $1
mylifeluvsol: posts big blind $3
*** HOLE CARDS ***
DimaZips: raises $3 to $6
mylifeluvsol: calls $3
*** FLOP *** [8d Jd Js]
mylifeluvsol: checks
DimaZips: bets $3
mylifeluvsol: calls $3
*** TURN *** [8d Jd Js] [2s]
mylifeluvsol: checks
DimaZips: bets $6
mylifeluvsol: raises $6 to $12
DimaZips: calls $6
*** RIVER *** [8d Jd Js 2s] [Qd]
mylifeluvsol: bets $6
DimaZips: calls $6
*** SHOW DOWN ***
mylifeluvsol: shows [Jh 8c] (a full house, Jacks full of Eights)
DimaZips: mucks hand
mylifeluvsol collected $53.50 from pot
*** SUMMARY ***
Total pot $54 | Rake $0.50
Board [8d Jd Js 2s Qd]
Seat 4: DimaZips (button) (small blind) mucked
Seat 6: mylifeluvsol (big blind) showed [Jh 8c] and won ($53.50) with a full house, Jacks full of Eights


PokerStars Hand #171310867443:  Hold'em Limit ($3/$6 USD) - 2017/06/03 21:12:35 ET
Table 'Hamal' 6-max Seat #6 is the button
Seat 4: DimaZips ($117.81 in chips)
Seat 6: mylifeluvsol ($125.12 in chips)
mylifeluvsol: posts small blind $1
DimaZips: posts big blind $3
*** HOLE CARDS ***
mylifeluvsol: calls $2
DimaZips: checks
*** FLOP *** [5d 2s Ks]
DimaZips: checks
mylifeluvsol: bets $3
DimaZips: folds
Uncalled bet ($3) returned to mylifeluvsol
mylifeluvsol collected $5.88 from pot
mylifeluvsol: doesn't show hand
*** SUMMARY ***
Total pot $6 | Rake $0.12
Board [5d 2s Ks]
Seat 4: DimaZips (big blind) folded on the Flop
Seat 6: mylifeluvsol (button) (small blind) collected ($5.88)


PokerStars Hand #171310881943:  Hold'em Limit ($3/$6 USD) - 2017/06/03 21:13:10 ET
Table 'Hamal' 6-max Seat #4 is the button
Seat 4: DimaZips ($118.81 in chips)
Seat 6: mylifeluvsol ($124 in chips)
DimaZips: posts small blind $1
mylifeluvsol: posts big blind $3
*** HOLE CARDS ***
DimaZips: raises $3 to $6
mylifeluvsol: folds
Uncalled bet ($3) returned to DimaZips
DimaZips collected $6 from pot
DimaZips: doesn't show hand
MForce007 joins the table at seat #1
*** SUMMARY ***
Total pot $6 | Rake $0
Seat 4: DimaZips (button) (small blind) collected ($6)
Seat 6: mylifeluvsol (big blind) folded before Flop


