PokerStars Hand #146400793904:  Hold'em Limit ($3/$6 USD) - 2016/01/03 13:03:11 ET
Table 'Hamal IV' 2-max Seat #1 is the button
Seat 1: ChicagoBull4 ($40.76 in chips)
Seat 2: Necromadx ($196.90 in chips)
ChicagoBull4: posts small blind $1
Necromadx: posts big blind $3
*** HOLE CARDS ***
ChicagoBull4: folds
Uncalled bet ($2) returned to Necromadx
Necromadx collected $2 from pot
Necromadx: doesn't show hand
*** SUMMARY ***
Total pot $2 | Rake $0
Seat 1: ChicagoBull4 (button) (small blind) folded before Flop
Seat 2: Necromadx (big blind) collected ($2)


PokerStars Hand #146400778133:  Hold'em Limit ($3/$6 USD) - 2016/01/03 13:02:57 ET
Table 'Hamal IV' 2-max Seat #2 is the button
Seat 1: ChicagoBull4 ($46.76 in chips)
Seat 2: Necromadx ($191.14 in chips)
Necromadx: posts small blind $1
ChicagoBull4: posts big blind $3
*** HOLE CARDS ***
Necromadx: raises $3 to $6
ChicagoBull4: calls $3
*** FLOP *** [6s 9h 8h]
ChicagoBull4: checks
Necromadx: bets $3
ChicagoBull4: folds
Uncalled bet ($3) returned to Necromadx
Necromadx collected $11.76 from pot
Necromadx: doesn't show hand
*** SUMMARY ***
Total pot $12 | Rake $0.24
Board [6s 9h 8h]
Seat 1: ChicagoBull4 (big blind) folded on the Flop
Seat 2: Necromadx (button) (small blind) collected ($11.76)


PokerStars Hand #146400764344:  Hold'em Limit ($3/$6 USD) - 2016/01/03 13:02:45 ET
Table 'Hamal IV' 2-max Seat #1 is the button
Seat 1: ChicagoBull4 ($47.76 in chips)
Seat 2: Necromadx ($190.14 in chips)
ChicagoBull4: posts small blind $1
Necromadx: posts big blind $3
*** HOLE CARDS ***
ChicagoBull4: folds
Uncalled bet ($2) returned to Necromadx
Necromadx collected $2 from pot
Necromadx: doesn't show hand
*** SUMMARY ***
Total pot $2 | Rake $0
Seat 1: ChicagoBull4 (button) (small blind) folded before Flop
Seat 2: Necromadx (big blind) collected ($2)


PokerStars Hand #146400800100:  Hold'em Limit ($3/$6 USD) - 2016/01/03 13:03:16 ET
Table 'Hamal IV' 2-max Seat #2 is the button
Seat 1: ChicagoBull4 ($39.76 in chips)
Seat 2: Necromadx ($197.90 in chips)
Necromadx: posts small blind $1
ChicagoBull4: posts big blind $3
*** HOLE CARDS ***
Necromadx: raises $3 to $6
ChicagoBull4: raises $3 to $9
Necromadx: calls $3
*** FLOP *** [4s Ah Kh]
ChicagoBull4: bets $3
Necromadx: calls $3
*** TURN *** [4s Ah Kh] [9s]
ChicagoBull4: checks
Necromadx: checks
*** RIVER *** [4s Ah Kh 9s] [Qs]
ChicagoBull4: checks
Necromadx: bets $6
ChicagoBull4: calls $6
*** SHOW DOWN ***
Necromadx: shows [2h Kc] (a pair of Kings)
ChicagoBull4: mucks hand
Necromadx collected $35.50 from pot
*** SUMMARY ***
Total pot $36 | Rake $0.50
Board [4s Ah Kh 9s Qs]
Seat 1: ChicagoBull4 (big blind) mucked
Seat 2: Necromadx (button) (small blind) showed [2h Kc] and won ($35.50) with a pair of Kings


PokerStars Hand #146400846959:  Hold'em Limit ($3/$6 USD) - 2016/01/03 13:03:58 ET
Table 'Hamal IV' 2-max Seat #1 is the button
Seat 1: ChicagoBull4 ($21.76 in chips)
Seat 2: Necromadx ($215.40 in chips)
ChicagoBull4: posts small blind $1
Necromadx: posts big blind $3
*** HOLE CARDS ***
ChicagoBull4: calls $2
Necromadx: raises $3 to $6
ChicagoBull4: calls $3
*** FLOP *** [4c 3h Td]
Necromadx: bets $3
ChicagoBull4: calls $3
*** TURN *** [4c 3h Td] [3s]
Necromadx: bets $6
ChicagoBull4: calls $6
*** RIVER *** [4c 3h Td 3s] [5c]
Necromadx: checks
ChicagoBull4: bets $6
Necromadx: raises $6 to $12
ChicagoBull4: calls $0.76 and is all-in
Uncalled bet ($5.24) returned to Necromadx
*** SHOW DOWN ***
Necromadx: shows [Ac 7d] (a pair of Threes)
ChicagoBull4: shows [7h 5d] (two pair, Fives and Threes)
ChicagoBull4 collected $43.02 from pot
*** SUMMARY ***
Total pot $43.52 | Rake $0.50
Board [4c 3h Td 3s 5c]
Seat 1: ChicagoBull4 (button) (small blind) showed [7h 5d] and won ($43.02) with two pair, Fives and Threes
Seat 2: Necromadx (big blind) showed [Ac 7d] and lost with a pair of Threes


PokerStars Hand #146400921678:  Hold'em Limit ($3/$6 USD) - 2016/01/03 13:05:03 ET
Table 'Hamal IV' 2-max Seat #2 is the button
Seat 1: ChicagoBull4 ($10.02 in chips)
Seat 2: Necromadx ($225.64 in chips)
Necromadx: posts small blind $1
ChicagoBull4: posts big blind $3
*** HOLE CARDS ***
Necromadx: folds
Uncalled bet ($2) returned to ChicagoBull4
ChicagoBull4 collected $2 from pot
ChicagoBull4: doesn't show hand
*** SUMMARY ***
Total pot $2 | Rake $0
Seat 1: ChicagoBull4 (big blind) collected ($2)
Seat 2: Necromadx (button) (small blind) folded before Flop


PokerStars Hand #146400894097:  Hold'em Limit ($3/$6 USD) - 2016/01/03 13:04:39 ET
Table 'Hamal IV' 2-max Seat #1 is the button
Seat 1: ChicagoBull4 ($28.02 in chips)
Seat 2: Necromadx ($208.14 in chips)
ChicagoBull4: posts small blind $1
Necromadx: posts big blind $3
*** HOLE CARDS ***
ChicagoBull4: raises $3 to $6
Necromadx: calls $3
*** FLOP *** [Qs 9h Kd]
Necromadx: checks
ChicagoBull4: bets $3
Necromadx: raises $3 to $6
ChicagoBull4: calls $3
*** TURN *** [Qs 9h Kd] [2h]
Necromadx: bets $6
ChicagoBull4: calls $6
*** RIVER *** [Qs 9h Kd 2h] [Jd]
Necromadx: bets $6
ChicagoBull4: folds
Uncalled bet ($6) returned to Necromadx
Necromadx collected $35.50 from pot
Necromadx: doesn't show hand
*** SUMMARY ***
Total pot $36 | Rake $0.50
Board [Qs 9h Kd 2h Jd]
Seat 1: ChicagoBull4 (button) (small blind) folded on the River
Seat 2: Necromadx (big blind) collected ($35.50)


PokerStars Hand #146400873893:  Hold'em Limit ($3/$6 USD) - 2016/01/03 13:04:21 ET
Table 'Hamal IV' 2-max Seat #2 is the button
Seat 1: ChicagoBull4 ($43.02 in chips)
Seat 2: Necromadx ($193.64 in chips)
Necromadx: posts small blind $1
ChicagoBull4: posts big blind $3
*** HOLE CARDS ***
Necromadx: raises $3 to $6
ChicagoBull4: calls $3
*** FLOP *** [2h 6c 8h]
ChicagoBull4: bets $3
Necromadx: calls $3
*** TURN *** [2h 6c 8h] [3c]
ChicagoBull4: bets $6
Necromadx: calls $6
*** RIVER *** [2h 6c 8h 3c] [8d]
ChicagoBull4: checks
Necromadx: checks
*** SHOW DOWN ***
ChicagoBull4: shows [5d 7d] (a pair of Eights)
Necromadx: shows [9d Ac] (a pair of Eights - Ace kicker)
Necromadx collected $29.50 from pot
*** SUMMARY ***
Total pot $30 | Rake $0.50
Board [2h 6c 8h 3c 8d]
Seat 1: ChicagoBull4 (big blind) showed [5d 7d] and lost with a pair of Eights
Seat 2: Necromadx (button) (small blind) showed [9d Ac] and won ($29.50) with a pair of Eights


PokerStars Hand #146400932459:  Hold'em Limit ($3/$6 USD) - 2016/01/03 13:05:13 ET
Table 'Hamal IV' 2-max Seat #2 is the button
Seat 1: ChicagoBull4 ($10.02 in chips)
Seat 2: Necromadx ($225.64 in chips)
Necromadx: posts small blind $1
ChicagoBull4: posts big blind $3
*** HOLE CARDS ***
Necromadx: raises $3 to $6
ChicagoBull4: raises $3 to $9
Necromadx: raises $3 to $12
Betting is capped
ChicagoBull4: calls $1.02 and is all-in
Uncalled bet ($1.98) returned to Necromadx
*** FLOP *** [Ts 6d 8h]
*** TURN *** [Ts 6d 8h] [2c]
*** RIVER *** [Ts 6d 8h 2c] [Jd]
*** SHOW DOWN ***
ChicagoBull4: shows [As 7h] (high card Ace)
Necromadx: shows [4h Kc] (high card King)
ChicagoBull4 collected $19.64 from pot
*** SUMMARY ***
Total pot $20.04 | Rake $0.40
Board [Ts 6d 8h 2c Jd]
Seat 1: ChicagoBull4 (big blind) showed [As 7h] and won ($19.64) with high card Ace
Seat 2: Necromadx (button) (small blind) showed [4h Kc] and lost with high card King


PokerStars Hand #146400927457:  Hold'em Limit ($3/$6 USD) - 2016/01/03 13:05:09 ET
Table 'Hamal IV' 2-max Seat #1 is the button
Seat 1: ChicagoBull4 ($11.02 in chips)
Seat 2: Necromadx ($224.64 in chips)
ChicagoBull4: posts small blind $1
Necromadx: posts big blind $3
*** HOLE CARDS ***
ChicagoBull4: folds
Uncalled bet ($2) returned to Necromadx
Necromadx collected $2 from pot
Necromadx: doesn't show hand
*** SUMMARY ***
Total pot $2 | Rake $0
Seat 1: ChicagoBull4 (button) (small blind) folded before Flop
Seat 2: Necromadx (big blind) collected ($2)


PokerStars Hand #146400947226:  Hold'em Limit ($3/$6 USD) - 2016/01/03 13:05:26 ET
Table 'Hamal IV' 2-max Seat #1 is the button
Seat 1: ChicagoBull4 ($19.64 in chips)
Seat 2: Necromadx ($215.62 in chips)
ChicagoBull4: posts small blind $1
Necromadx: posts big blind $3
*** HOLE CARDS ***
ChicagoBull4: folds
Uncalled bet ($2) returned to Necromadx
Necromadx collected $2 from pot
Necromadx: doesn't show hand
*** SUMMARY ***
Total pot $2 | Rake $0
Seat 1: ChicagoBull4 (button) (small blind) folded before Flop
Seat 2: Necromadx (big blind) collected ($2)


PokerStars Hand #146400952680:  Hold'em Limit ($3/$6 USD) - 2016/01/03 13:05:31 ET
Table 'Hamal IV' 2-max Seat #2 is the button
Seat 1: ChicagoBull4 ($18.64 in chips)
Seat 2: Necromadx ($216.62 in chips)
Necromadx: posts small blind $1
ChicagoBull4: posts big blind $3
*** HOLE CARDS ***
Necromadx: raises $3 to $6
ChicagoBull4: raises $3 to $9
Necromadx: calls $3
*** FLOP *** [7h 3c 3s]
ChicagoBull4: bets $3
Necromadx: calls $3
*** TURN *** [7h 3c 3s] [4c]
ChicagoBull4: bets $6
Necromadx: folds
Uncalled bet ($6) returned to ChicagoBull4
ChicagoBull4 collected $23.52 from pot
ChicagoBull4: doesn't show hand
*** SUMMARY ***
Total pot $24 | Rake $0.48
Board [7h 3c 3s 4c]
Seat 1: ChicagoBull4 (big blind) collected ($23.52)
Seat 2: Necromadx (button) (small blind) folded on the Turn


PokerStars Hand #146401000566:  Hold'em Limit ($3/$6 USD) - 2016/01/03 13:06:13 ET
Table 'Hamal IV' 2-max Seat #1 is the button
Seat 1: ChicagoBull4 ($60.82 in chips)
Seat 2: Necromadx ($173.46 in chips)
ChicagoBull4: posts small blind $1
Necromadx: posts big blind $3
*** HOLE CARDS ***
ChicagoBull4: folds
Uncalled bet ($2) returned to Necromadx
Necromadx collected $2 from pot
Necromadx: doesn't show hand
*** SUMMARY ***
Total pot $2 | Rake $0
Seat 1: ChicagoBull4 (button) (small blind) folded before Flop
Seat 2: Necromadx (big blind) collected ($2)


PokerStars Hand #146400995772:  Hold'em Limit ($3/$6 USD) - 2016/01/03 13:06:09 ET
Table 'Hamal IV' 2-max Seat #2 is the button
Seat 1: ChicagoBull4 ($59.82 in chips)
Seat 2: Necromadx ($174.46 in chips)
Necromadx: posts small blind $1
ChicagoBull4: posts big blind $3
*** HOLE CARDS ***
Necromadx: folds
Uncalled bet ($2) returned to ChicagoBull4
ChicagoBull4 collected $2 from pot
ChicagoBull4: doesn't show hand
*** SUMMARY ***
Total pot $2 | Rake $0
Seat 1: ChicagoBull4 (big blind) collected ($2)
Seat 2: Necromadx (button) (small blind) folded before Flop


PokerStars Hand #146400968500:  Hold'em Limit ($3/$6 USD) - 2016/01/03 13:05:45 ET
Table 'Hamal IV' 2-max Seat #1 is the button
Seat 1: ChicagoBull4 ($30.16 in chips)
Seat 2: Necromadx ($204.62 in chips)
ChicagoBull4: posts small blind $1
Necromadx: posts big blind $3
*** HOLE CARDS ***
ChicagoBull4: calls $2
Necromadx: raises $3 to $6
ChicagoBull4: calls $3
*** FLOP *** [7s 6s Qc]
Necromadx: bets $3
ChicagoBull4: calls $3
*** TURN *** [7s 6s Qc] [9h]
Necromadx: bets $6
ChicagoBull4: raises $6 to $12
Necromadx: raises $6 to $18
ChicagoBull4: raises $3.16 to $21.16 and is all-in
Betting is capped
Necromadx: calls $3.16
*** RIVER *** [7s 6s Qc 9h] [8h]
*** SHOW DOWN ***
Necromadx: shows [9c 7c] (two pair, Nines and Sevens)
ChicagoBull4: shows [Qd 8s] (two pair, Queens and Eights)
ChicagoBull4 collected $59.82 from pot
*** SUMMARY ***
Total pot $60.32 | Rake $0.50
Board [7s 6s Qc 9h 8h]
Seat 1: ChicagoBull4 (button) (small blind) showed [Qd 8s] and won ($59.82) with two pair, Queens and Eights
Seat 2: Necromadx (big blind) showed [9c 7c] and lost with two pair, Nines and Sevens


PokerStars Hand #146401069689:  Hold'em Limit ($3/$6 USD) - 2016/01/03 13:07:15 ET
Table 'Hamal IV' 2-max Seat #2 is the button
Seat 1: ChicagoBull4 ($68.46 in chips)
Seat 2: Necromadx ($165.46 in chips)
Necromadx: posts small blind $1
ChicagoBull4: posts big blind $3
*** HOLE CARDS ***
Necromadx: folds
Uncalled bet ($2) returned to ChicagoBull4
ChicagoBull4 collected $2 from pot
ChicagoBull4: doesn't show hand
*** SUMMARY ***
Total pot $2 | Rake $0
Seat 1: ChicagoBull4 (big blind) collected ($2)
Seat 2: Necromadx (button) (small blind) folded before Flop


PokerStars Hand #146401028052:  Hold'em Limit ($3/$6 USD) - 2016/01/03 13:06:38 ET
Table 'Hamal IV' 2-max Seat #1 is the button
Seat 1: ChicagoBull4 ($65.58 in chips)
Seat 2: Necromadx ($168.46 in chips)
ChicagoBull4: posts small blind $1
Necromadx: posts big blind $3
*** HOLE CARDS ***
ChicagoBull4: calls $2
Necromadx: checks
*** FLOP *** [3h 6h Qh]
Necromadx: checks
ChicagoBull4: bets $3
Necromadx: folds
Uncalled bet ($3) returned to ChicagoBull4
ChicagoBull4 collected $5.88 from pot
ChicagoBull4: doesn't show hand
*** SUMMARY ***
Total pot $6 | Rake $0.12
Board [3h 6h Qh]
Seat 1: ChicagoBull4 (button) (small blind) collected ($5.88)
Seat 2: Necromadx (big blind) folded on the Flop


PokerStars Hand #146401005397:  Hold'em Limit ($3/$6 USD) - 2016/01/03 13:06:18 ET
Table 'Hamal IV' 2-max Seat #2 is the button
Seat 1: ChicagoBull4 ($59.82 in chips)
Seat 2: Necromadx ($174.46 in chips)
Necromadx: posts small blind $1
ChicagoBull4: posts big blind $3
*** HOLE CARDS ***
Necromadx: raises $3 to $6
ChicagoBull4: calls $3
*** FLOP *** [As Kh 7s]
ChicagoBull4: bets $3
Necromadx: folds
Uncalled bet ($3) returned to ChicagoBull4
ChicagoBull4 collected $11.76 from pot
ChicagoBull4: doesn't show hand
*** SUMMARY ***
Total pot $12 | Rake $0.24
Board [As Kh 7s]
Seat 1: ChicagoBull4 (big blind) collected ($11.76)
Seat 2: Necromadx (button) (small blind) folded on the Flop


PokerStars Hand #146401119917:  Hold'em Limit ($3/$6 USD) - 2016/01/03 13:08:00 ET
Table 'Hamal IV' 2-max Seat #2 is the button
Seat 1: ChicagoBull4 ($51.46 in chips)
Seat 2: Necromadx ($181.96 in chips)
Necromadx: posts small blind $1
ChicagoBull4: posts big blind $3
*** HOLE CARDS ***
Necromadx: raises $3 to $6
ChicagoBull4: calls $3
*** FLOP *** [4d 2c 6c]
ChicagoBull4: checks
Necromadx: bets $3
ChicagoBull4: raises $3 to $6
Necromadx: calls $3
*** TURN *** [4d 2c 6c] [Td]
ChicagoBull4: bets $6
Necromadx: calls $6
*** RIVER *** [4d 2c 6c Td] [9s]
ChicagoBull4: bets $6
Necromadx: calls $6
*** SHOW DOWN ***
ChicagoBull4: shows [6s 8s] (a pair of Sixes)
Necromadx: mucks hand
ChicagoBull4 collected $47.50 from pot
*** SUMMARY ***
Total pot $48 | Rake $0.50
Board [4d 2c 6c Td 9s]
Seat 1: ChicagoBull4 (big blind) showed [6s 8s] and won ($47.50) with a pair of Sixes
Seat 2: Necromadx (button) (small blind) mucked


PokerStars Hand #146401082311:  Hold'em Limit ($3/$6 USD) - 2016/01/03 13:07:27 ET
Table 'Hamal IV' 2-max Seat #1 is the button
Seat 1: ChicagoBull4 ($69.46 in chips)
Seat 2: Necromadx ($164.46 in chips)
ChicagoBull4: posts small blind $1
Necromadx: posts big blind $3
*** HOLE CARDS ***
ChicagoBull4: raises $3 to $6
Necromadx: raises $3 to $9
ChicagoBull4: calls $3
*** FLOP *** [Js 4c 3c]
Necromadx: bets $3
ChicagoBull4: calls $3
*** TURN *** [Js 4c 3c] [As]
Necromadx: bets $6
ChicagoBull4: calls $6
*** RIVER *** [Js 4c 3c As] [Qs]
Necromadx: bets $6
ChicagoBull4: folds
Uncalled bet ($6) returned to Necromadx
Necromadx collected $35.50 from pot
Necromadx: doesn't show hand
*** SUMMARY ***
Total pot $36 | Rake $0.50
Board [Js 4c 3c As Qs]
Seat 1: ChicagoBull4 (button) (small blind) folded on the River
Seat 2: Necromadx (big blind) collected ($35.50)


PokerStars Hand #146401141633:  Hold'em Limit ($3/$6 USD) - 2016/01/03 13:08:20 ET
Table 'Hamal IV' 2-max Seat #1 is the button
Seat 1: ChicagoBull4 ($74.96 in chips)
Seat 2: Necromadx ($157.96 in chips)
ChicagoBull4: posts small blind $1
Necromadx: posts big blind $3
*** HOLE CARDS ***
ChicagoBull4: raises $3 to $6
Necromadx: calls $3
*** FLOP *** [2c 4d 7s]
Necromadx: checks
ChicagoBull4: bets $3
Necromadx: calls $3
*** TURN *** [2c 4d 7s] [Jd]
Necromadx: checks
ChicagoBull4: bets $6
Necromadx: calls $6
*** RIVER *** [2c 4d 7s Jd] [5h]
Necromadx: checks
ChicagoBull4: bets $6
Necromadx: calls $6
*** SHOW DOWN ***
ChicagoBull4: shows [Ac 4s] (a pair of Fours)
Necromadx: mucks hand
ChicagoBull4 collected $41.50 from pot
*** SUMMARY ***
Total pot $42 | Rake $0.50
Board [2c 4d 7s Jd 5h]
Seat 1: ChicagoBull4 (button) (small blind) showed [Ac 4s] and won ($41.50) with a pair of Fours
Seat 2: Necromadx (big blind) mucked


PokerStars Hand #146401169562:  Hold'em Limit ($3/$6 USD) - 2016/01/03 13:08:45 ET
Table 'Hamal IV' 2-max Seat #2 is the button
Seat 1: ChicagoBull4 ($95.46 in chips)
Seat 2: Necromadx ($136.96 in chips)
Necromadx: posts small blind $1
ChicagoBull4: posts big blind $3
*** HOLE CARDS ***
Necromadx: raises $3 to $6
ChicagoBull4: calls $3
*** FLOP *** [7h Jc 2s]
ChicagoBull4: bets $3
Necromadx: raises $3 to $6
ChicagoBull4: calls $3
*** TURN *** [7h Jc 2s] [Js]
ChicagoBull4: checks
Necromadx: checks
*** RIVER *** [7h Jc 2s Js] [7c]
ChicagoBull4: bets $6
Necromadx: calls $6
*** SHOW DOWN ***
ChicagoBull4: shows [9s Tc] (two pair, Jacks and Sevens)
Necromadx: shows [3s Qs] (two pair, Jacks and Sevens - Queen kicker)
Necromadx collected $35.50 from pot
*** SUMMARY ***
Total pot $36 | Rake $0.50
Board [7h Jc 2s Js 7c]
Seat 1: ChicagoBull4 (big blind) showed [9s Tc] and lost with two pair, Jacks and Sevens
Seat 2: Necromadx (button) (small blind) showed [3s Qs] and won ($35.50) with two pair, Jacks and Sevens


PokerStars Hand #146401193301:  Hold'em Limit ($3/$6 USD) - 2016/01/03 13:09:06 ET
Table 'Hamal IV' 2-max Seat #1 is the button
Seat 1: ChicagoBull4 ($77.46 in chips)
Seat 2: Necromadx ($154.46 in chips)
ChicagoBull4: posts small blind $1
Necromadx: posts big blind $3
*** HOLE CARDS ***
ChicagoBull4: raises $3 to $6
Necromadx: calls $3
*** FLOP *** [Kd 5c Ad]
Necromadx: checks
ChicagoBull4: bets $3
Necromadx: folds
Uncalled bet ($3) returned to ChicagoBull4
ChicagoBull4 collected $11.76 from pot
ChicagoBull4: doesn't show hand
*** SUMMARY ***
Total pot $12 | Rake $0.24
Board [Kd 5c Ad]
Seat 1: ChicagoBull4 (button) (small blind) collected ($11.76)
Seat 2: Necromadx (big blind) folded on the Flop


