PokerStars Hand #144861623194:  Hold'em Limit ($3/$6 USD) - 2015/12/05 10:59:50 ET
Table 'Hamal II' 2-max Seat #2 is the button
Seat 1: yur4ok ($109.31 in chips)
Seat 2: cbarnes ($524.33 in chips)
cbarnes: posts small blind $1
yur4ok: posts big blind $3
*** HOLE CARDS ***
cbarnes: raises $3 to $6
yur4ok: raises $3 to $9
cbarnes: calls $3
*** FLOP *** [7h 5c Th]
yur4ok: bets $3
cbarnes: raises $3 to $6
yur4ok: raises $3 to $9
cbarnes: calls $3
*** TURN *** [7h 5c Th] [Jd]
yur4ok: bets $6
cbarnes: calls $6
*** RIVER *** [7h 5c Th Jd] [5d]
yur4ok: bets $6
cbarnes: folds
Uncalled bet ($6) returned to yur4ok
yur4ok collected $47.50 from pot
yur4ok: doesn't show hand
*** SUMMARY ***
Total pot $48 | Rake $0.50
Board [7h 5c Th Jd 5d]
Seat 1: yur4ok (big blind) collected ($47.50)
Seat 2: cbarnes (button) (small blind) folded on the River


PokerStars Hand #144861594851:  Hold'em Limit ($3/$6 USD) - 2015/12/05 10:59:04 ET
Table 'Hamal II' 2-max Seat #2 is the button
Seat 1: yur4ok ($92.03 in chips)
Seat 2: cbarnes ($542.33 in chips)
cbarnes: posts small blind $1
yur4ok: posts big blind $3
*** HOLE CARDS ***
cbarnes: raises $3 to $6
yur4ok: calls $3
*** FLOP *** [9d Ad Jh]
yur4ok: checks
cbarnes: bets $3
yur4ok: raises $3 to $6
cbarnes: calls $3
*** TURN *** [9d Ad Jh] [Ts]
yur4ok: bets $6
cbarnes: folds
Uncalled bet ($6) returned to yur4ok
yur4ok collected $23.52 from pot
yur4ok: doesn't show hand
*** SUMMARY ***
Total pot $24 | Rake $0.48
Board [9d Ad Jh Ts]
Seat 1: yur4ok (big blind) collected ($23.52)
Seat 2: cbarnes (button) (small blind) folded on the Turn


