PokerStars Hand #174986561553:  Hold'em Limit ($3/$6 USD) - 2017/08/30 13:14:52 ET
Table 'Hamal' 6-max Seat #3 is the button
Seat 3: B_Ray21 ($148.18 in chips)
Seat 4: B_loJkl ($154.40 in chips)
B_Ray21: posts small blind $1
B_loJkl: posts big blind $3
*** HOLE CARDS ***
B_Ray21: folds
Uncalled bet ($2) returned to B_loJkl
B_loJkl collected $2 from pot
B_loJkl: doesn't show hand
*** SUMMARY ***
Total pot $2 | Rake $0
Seat 3: B_Ray21 (button) (small blind) folded before Flop
Seat 4: B_loJkl (big blind) collected ($2)


PokerStars Hand #174986532467:  Hold'em Limit ($3/$6 USD) - 2017/08/30 13:14:11 ET
Table 'Hamal' 6-max Seat #4 is the button
Seat 3: B_Ray21 ($139.54 in chips)
Seat 4: B_loJkl ($163.40 in chips)
B_loJkl: posts small blind $1
B_Ray21: posts big blind $3
*** HOLE CARDS ***
B_loJkl: raises $3 to $6
B_Ray21: calls $3
*** FLOP *** [2d 6h 3s]
B_Ray21: checks
B_loJkl: bets $3
B_Ray21: calls $3
*** TURN *** [2d 6h 3s] [2h]
B_Ray21: checks
B_loJkl: checks
*** RIVER *** [2d 6h 3s 2h] [Ks]
B_Ray21: checks
B_loJkl: checks
*** SHOW DOWN ***
B_Ray21: shows [4h Qs] (a pair of Deuces)
B_loJkl: mucks hand
B_Ray21 collected $17.64 from pot
*** SUMMARY ***
Total pot $18 | Rake $0.36
Board [2d 6h 3s 2h Ks]
Seat 3: B_Ray21 (big blind) showed [4h Qs] and won ($17.64) with a pair of Deuces
Seat 4: B_loJkl (button) (small blind) mucked


PokerStars Hand #174986579147:  Hold'em Limit ($3/$6 USD) - 2017/08/30 13:15:16 ET
Table 'Hamal' 6-max Seat #3 is the button
Seat 3: B_Ray21 ($155.82 in chips)
Seat 4: B_loJkl ($146.40 in chips)
B_Ray21: posts small blind $1
B_loJkl: posts big blind $3
*** HOLE CARDS ***
B_Ray21: folds
Uncalled bet ($2) returned to B_loJkl
B_loJkl collected $2 from pot
B_loJkl: doesn't show hand
*** SUMMARY ***
Total pot $2 | Rake $0
Seat 3: B_Ray21 (button) (small blind) folded before Flop
Seat 4: B_loJkl (big blind) collected ($2)


PokerStars Hand #174986565495:  Hold'em Limit ($3/$6 USD) - 2017/08/30 13:14:57 ET
Table 'Hamal' 6-max Seat #4 is the button
Seat 3: B_Ray21 ($147.18 in chips)
Seat 4: B_loJkl ($155.40 in chips)
B_loJkl: posts small blind $1
B_Ray21: posts big blind $3
*** HOLE CARDS ***
B_loJkl: raises $3 to $6
B_Ray21: raises $3 to $9
B_loJkl: calls $3
*** FLOP *** [Ah 9h 7d]
B_Ray21: bets $3
B_loJkl: folds
Uncalled bet ($3) returned to B_Ray21
B_Ray21 collected $17.64 from pot
B_Ray21: doesn't show hand
*** SUMMARY ***
Total pot $18 | Rake $0.36
Board [Ah 9h 7d]
Seat 3: B_Ray21 (big blind) collected ($17.64)
Seat 4: B_loJkl (button) (small blind) folded on the Flop


PokerStars Hand #174986621832:  Hold'em Limit ($3/$6 USD) - 2017/08/30 13:16:15 ET
Table 'Hamal' 6-max Seat #3 is the button
Seat 3: B_Ray21 ($133.82 in chips)
Seat 4: B_loJkl ($167.90 in chips)
B_Ray21: posts small blind $1
B_loJkl: posts big blind $3
*** HOLE CARDS ***
B_Ray21: calls $2
B_loJkl: raises $3 to $6
B_Ray21: calls $3
*** FLOP *** [2s 8d Td]
B_loJkl: bets $3
B_Ray21: folds
Uncalled bet ($3) returned to B_loJkl
B_loJkl collected $11.76 from pot
B_loJkl: doesn't show hand
*** SUMMARY ***
Total pot $12 | Rake $0.24
Board [2s 8d Td]
Seat 3: B_Ray21 (button) (small blind) folded on the Flop
Seat 4: B_loJkl (big blind) collected ($11.76)


PokerStars Hand #174986645479:  Hold'em Limit ($3/$6 USD) - 2017/08/30 13:16:48 ET
Table 'Hamal' 6-max Seat #4 is the button
Seat 3: B_Ray21 ($127.82 in chips)
Seat 4: B_loJkl ($173.66 in chips)
B_loJkl: posts small blind $1
B_Ray21: posts big blind $3
*** HOLE CARDS ***
B_loJkl: raises $3 to $6
B_Ray21: folds
Uncalled bet ($3) returned to B_loJkl
B_loJkl collected $6 from pot
B_loJkl: doesn't show hand
*** SUMMARY ***
Total pot $6 | Rake $0
Seat 3: B_Ray21 (big blind) folded before Flop
Seat 4: B_loJkl (button) (small blind) collected ($6)


PokerStars Hand #174986583414:  Hold'em Limit ($3/$6 USD) - 2017/08/30 13:15:22 ET
Table 'Hamal' 6-max Seat #4 is the button
Seat 3: B_Ray21 ($154.82 in chips)
Seat 4: B_loJkl ($147.40 in chips)
B_loJkl: posts small blind $1
B_Ray21: posts big blind $3
*** HOLE CARDS ***
B_loJkl: raises $3 to $6
B_Ray21: calls $3
*** FLOP *** [4c 8s 5s]
B_Ray21: checks
B_loJkl: bets $3
B_Ray21: calls $3
*** TURN *** [4c 8s 5s] [2s]
B_Ray21: checks
B_loJkl: bets $6
B_Ray21: calls $6
*** RIVER *** [4c 8s 5s 2s] [6d]
B_Ray21: checks
B_loJkl: bets $6
B_Ray21: calls $6
*** SHOW DOWN ***
B_loJkl: shows [9d 7h] (a straight, Five to Nine)
B_Ray21: mucks hand
B_loJkl collected $41.50 from pot
*** SUMMARY ***
Total pot $42 | Rake $0.50
Board [4c 8s 5s 2s 6d]
Seat 3: B_Ray21 (big blind) mucked
Seat 4: B_loJkl (button) (small blind) showed [9d 7h] and won ($41.50) with a straight, Five to Nine


PokerStars Hand #174986651067:  Hold'em Limit ($3/$6 USD) - 2017/08/30 13:16:55 ET
Table 'Hamal' 6-max Seat #3 is the button
Seat 3: B_Ray21 ($124.82 in chips)
Seat 4: B_loJkl ($176.66 in chips)
B_Ray21: posts small blind $1
B_loJkl: posts big blind $3
*** HOLE CARDS ***
B_Ray21: raises $3 to $6
B_loJkl: folds
Uncalled bet ($3) returned to B_Ray21
B_Ray21 collected $6 from pot
B_Ray21: doesn't show hand
*** SUMMARY ***
Total pot $6 | Rake $0
Seat 3: B_Ray21 (button) (small blind) collected ($6)
Seat 4: B_loJkl (big blind) folded before Flop


PokerStars Hand #174986687845:  Hold'em Limit ($3/$6 USD) - 2017/08/30 13:17:47 ET
Table 'Hamal' 6-max Seat #3 is the button
Seat 3: B_Ray21 ($142.32 in chips)
Seat 4: B_loJkl ($158.66 in chips)
B_Ray21: posts small blind $1
B_loJkl: posts big blind $3
*** HOLE CARDS ***
B_Ray21: folds
Uncalled bet ($2) returned to B_loJkl
B_loJkl collected $2 from pot
B_loJkl: doesn't show hand
*** SUMMARY ***
Total pot $2 | Rake $0
Seat 3: B_Ray21 (button) (small blind) folded before Flop
Seat 4: B_loJkl (big blind) collected ($2)


PokerStars Hand #174986683512:  Hold'em Limit ($3/$6 USD) - 2017/08/30 13:17:41 ET
Table 'Hamal' 6-max Seat #4 is the button
Seat 3: B_Ray21 ($141.32 in chips)
Seat 4: B_loJkl ($159.66 in chips)
B_loJkl: posts small blind $1
B_Ray21: posts big blind $3
*** HOLE CARDS ***
B_loJkl: folds
Uncalled bet ($2) returned to B_Ray21
B_Ray21 collected $2 from pot
B_Ray21: doesn't show hand
*** SUMMARY ***
Total pot $2 | Rake $0
Seat 3: B_Ray21 (big blind) collected ($2)
Seat 4: B_loJkl (button) (small blind) folded before Flop


PokerStars Hand #174986679230:  Hold'em Limit ($3/$6 USD) - 2017/08/30 13:17:35 ET
Table 'Hamal' 6-max Seat #3 is the button
Seat 3: B_Ray21 ($142.32 in chips)
Seat 4: B_loJkl ($158.66 in chips)
B_Ray21: posts small blind $1
B_loJkl: posts big blind $3
*** HOLE CARDS ***
B_Ray21: folds
Uncalled bet ($2) returned to B_loJkl
B_loJkl collected $2 from pot
B_loJkl: doesn't show hand
*** SUMMARY ***
Total pot $2 | Rake $0
Seat 3: B_Ray21 (button) (small blind) folded before Flop
Seat 4: B_loJkl (big blind) collected ($2)


PokerStars Hand #174986657507:  Hold'em Limit ($3/$6 USD) - 2017/08/30 13:17:04 ET
Table 'Hamal' 6-max Seat #4 is the button
Seat 3: B_Ray21 ($127.82 in chips)
Seat 4: B_loJkl ($173.66 in chips)
B_loJkl: posts small blind $1
B_Ray21: posts big blind $3
*** HOLE CARDS ***
B_loJkl: raises $3 to $6
B_Ray21: calls $3
*** FLOP *** [2c 8d 9s]
B_Ray21: checks
B_loJkl: bets $3
B_Ray21: calls $3
*** TURN *** [2c 8d 9s] [6c]
B_Ray21: checks
B_loJkl: bets $6
B_Ray21: calls $6
*** RIVER *** [2c 8d 9s 6c] [Js]
B_Ray21: checks
B_loJkl: checks
*** SHOW DOWN ***
B_Ray21: shows [Qs 8h] (a pair of Eights)
B_loJkl: mucks hand
B_Ray21 collected $29.50 from pot
*** SUMMARY ***
Total pot $30 | Rake $0.50
Board [2c 8d 9s 6c Js]
Seat 3: B_Ray21 (big blind) showed [Qs 8h] and won ($29.50) with a pair of Eights
Seat 4: B_loJkl (button) (small blind) mucked


PokerStars Hand #174986717061:  Hold'em Limit ($3/$6 USD) - 2017/08/30 13:18:27 ET
Table 'Hamal' 6-max Seat #3 is the button
Seat 3: B_Ray21 ($173.82 in chips)
Seat 4: B_loJkl ($126.66 in chips)
B_Ray21: posts small blind $1
B_loJkl: posts big blind $3
*** HOLE CARDS ***
B_Ray21: folds
Uncalled bet ($2) returned to B_loJkl
B_loJkl collected $2 from pot
B_loJkl: doesn't show hand
*** SUMMARY ***
Total pot $2 | Rake $0
Seat 3: B_Ray21 (button) (small blind) folded before Flop
Seat 4: B_loJkl (big blind) collected ($2)


PokerStars Hand #174986692697:  Hold'em Limit ($3/$6 USD) - 2017/08/30 13:17:53 ET
Table 'Hamal' 6-max Seat #4 is the button
Seat 3: B_Ray21 ($141.32 in chips)
Seat 4: B_loJkl ($159.66 in chips)
B_loJkl: posts small blind $1
B_Ray21: posts big blind $3
*** HOLE CARDS ***
B_loJkl: raises $3 to $6
B_Ray21: calls $3
*** FLOP *** [7s 8s 4h]
B_Ray21: bets $3
B_loJkl: calls $3
*** TURN *** [7s 8s 4h] [7h]
B_Ray21: bets $6
B_loJkl: raises $6 to $12
B_Ray21: raises $6 to $18
B_loJkl: calls $6
*** RIVER *** [7s 8s 4h 7h] [Jc]
B_Ray21: bets $6
B_loJkl: calls $6
*** SHOW DOWN ***
B_Ray21: shows [6h 5h] (a straight, Four to Eight)
B_loJkl: mucks hand
B_Ray21 collected $65.50 from pot
*** SUMMARY ***
Total pot $66 | Rake $0.50
Board [7s 8s 4h 7h Jc]
Seat 3: B_Ray21 (big blind) showed [6h 5h] and won ($65.50) with a straight, Four to Eight
Seat 4: B_loJkl (button) (small blind) mucked


PokerStars Hand #174986748635:  Hold'em Limit ($3/$6 USD) - 2017/08/30 13:19:11 ET
Table 'Hamal' 6-max Seat #3 is the button
Seat 3: B_Ray21 ($163.82 in chips)
Seat 4: B_loJkl ($136.30 in chips)
B_Ray21: posts small blind $1
B_loJkl: posts big blind $3
*** HOLE CARDS ***
B_Ray21: raises $3 to $6
B_loJkl: calls $3
*** FLOP *** [9s Kd 7h]
B_loJkl: checks
B_Ray21: bets $3
B_loJkl: folds
Uncalled bet ($3) returned to B_Ray21
B_Ray21 collected $11.76 from pot
B_Ray21: doesn't show hand
*** SUMMARY ***
Total pot $12 | Rake $0.24
Board [9s Kd 7h]
Seat 3: B_Ray21 (button) (small blind) collected ($11.76)
Seat 4: B_loJkl (big blind) folded on the Flop


PokerStars Hand #174986721510:  Hold'em Limit ($3/$6 USD) - 2017/08/30 13:18:33 ET
Table 'Hamal' 6-max Seat #4 is the button
Seat 3: B_Ray21 ($172.82 in chips)
Seat 4: B_loJkl ($127.66 in chips)
B_loJkl: posts small blind $1
B_Ray21: posts big blind $3
*** HOLE CARDS ***
B_loJkl: raises $3 to $6
B_Ray21: calls $3
*** FLOP *** [Jc As Qh]
B_Ray21: checks
yayaya joins the table at seat #1
B_loJkl: bets $3
B_Ray21: calls $3
*** TURN *** [Jc As Qh] [4d]
B_Ray21: checks
B_loJkl: bets $6
B_Ray21: folds
Uncalled bet ($6) returned to B_loJkl
B_loJkl collected $17.64 from pot
B_loJkl: doesn't show hand
*** SUMMARY ***
Total pot $18 | Rake $0.36
Board [Jc As Qh 4d]
Seat 3: B_Ray21 (big blind) folded on the Turn
Seat 4: B_loJkl (button) (small blind) collected ($17.64)


PokerStars Hand #174989611171:  Hold'em Limit ($3/$6 USD) - 2017/08/30 14:23:54 ET
Table 'Hamal' 6-max Seat #6 is the button
Seat 2: favete lin ($106.93 in chips)
Seat 6: belik555 ($90 in chips)
belik555: posts small blind $1
favete lin: posts big blind $3
*** HOLE CARDS ***
belik555: raises $3 to $6
favete lin: calls $3
*** FLOP *** [8s 6c 9s]
favete lin: checks
belik555: checks
*** TURN *** [8s 6c 9s] [3s]
favete lin: bets $6
belik555: folds
Uncalled bet ($6) returned to favete lin
favete lin collected $11.76 from pot
favete lin: doesn't show hand
*** SUMMARY ***
Total pot $12 | Rake $0.24
Board [8s 6c 9s 3s]
Seat 2: favete lin (big blind) collected ($11.76)
Seat 6: belik555 (button) (small blind) folded on the Turn


