PokerStars Hand #171303037229:  Hold'em Limit ($3/$6 USD) - 2017/06/03 17:22:22 ET
Table 'Hamal' 6-max Seat #1 is the button
Seat 1: davyyyyyyy ($90.16 in chips)
Seat 2: EVBET ($300 in chips)
davyyyyyyy: posts small blind $1
EVBET: posts big blind $3
*** HOLE CARDS ***
davyyyyyyy: calls $2
EVBET: checks
*** FLOP *** [Td 5c 6h]
EVBET: checks
davyyyyyyy: bets $3
EVBET: calls $3
*** TURN *** [Td 5c 6h] [Ad]
EVBET: checks
davyyyyyyy: checks
*** RIVER *** [Td 5c 6h Ad] [7c]
EVBET: bets $6
davyyyyyyy: calls $6
*** SHOW DOWN ***
EVBET: shows [2s 4s] (high card Ace)
davyyyyyyy: shows [8c Ts] (a pair of Tens)
davyyyyyyy collected $23.52 from pot
*** SUMMARY ***
Total pot $24 | Rake $0.48
Board [Td 5c 6h Ad 7c]
Seat 1: davyyyyyyy (button) (small blind) showed [8c Ts] and won ($23.52) with a pair of Tens
Seat 2: EVBET (big blind) showed [2s 4s] and lost with high card Ace


PokerStars Hand #171303056518:  Hold'em Limit ($3/$6 USD) - 2017/06/03 17:22:50 ET
Table 'Hamal' 6-max Seat #2 is the button
Seat 1: davyyyyyyy ($101.68 in chips)
Seat 2: EVBET ($288 in chips)
EVBET: posts small blind $1
davyyyyyyy: posts big blind $3
*** HOLE CARDS ***
EVBET: raises $3 to $6
davyyyyyyy: calls $3
*** FLOP *** [Kd Ad 7s]
davyyyyyyy: checks
EVBET: bets $3
davyyyyyyy: calls $3
*** TURN *** [Kd Ad 7s] [Qs]
davyyyyyyy: checks
EVBET: bets $6
davyyyyyyy: calls $6
*** RIVER *** [Kd Ad 7s Qs] [6c]
davyyyyyyy: checks
EVBET: bets $6
davyyyyyyy: calls $6
*** SHOW DOWN ***
EVBET: shows [Kh Ts] (a pair of Kings)
davyyyyyyy: mucks hand
EVBET collected $41.50 from pot
*** SUMMARY ***
Total pot $42 | Rake $0.50
Board [Kd Ad 7s Qs 6c]
Seat 1: davyyyyyyy (big blind) mucked
Seat 2: EVBET (button) (small blind) showed [Kh Ts] and won ($41.50) with a pair of Kings


PokerStars Hand #171303081984:  Hold'em Limit ($3/$6 USD) - 2017/06/03 17:23:26 ET
Table 'Hamal' 6-max Seat #2 is the button
Seat 1: davyyyyyyy ($83.68 in chips)
Seat 2: EVBET ($305.50 in chips)
EVBET: posts small blind $1
davyyyyyyy: posts big blind $3
*** HOLE CARDS ***
EVBET: raises $3 to $6
davyyyyyyy: calls $3
*** FLOP *** [2c 4s 3d]
davyyyyyyy: checks
EVBET: bets $3
davyyyyyyy: folds
Uncalled bet ($3) returned to EVBET
EVBET collected $11.76 from pot
EVBET: doesn't show hand
*** SUMMARY ***
Total pot $12 | Rake $0.24
Board [2c 4s 3d]
Seat 1: davyyyyyyy (big blind) folded on the Flop
Seat 2: EVBET (button) (small blind) collected ($11.76)


PokerStars Hand #171303076443:  Hold'em Limit ($3/$6 USD) - 2017/06/03 17:23:18 ET
Table 'Hamal' 6-max Seat #1 is the button
Seat 1: davyyyyyyy ($80.68 in chips)
Seat 2: EVBET ($308.50 in chips)
davyyyyyyy: posts small blind $1
EVBET: posts big blind $3
*** HOLE CARDS ***
davyyyyyyy: raises $3 to $6
EVBET: folds
Uncalled bet ($3) returned to davyyyyyyy
davyyyyyyy collected $6 from pot
*** SUMMARY ***
Total pot $6 | Rake $0
Seat 1: davyyyyyyy (button) (small blind) collected ($6)
Seat 2: EVBET (big blind) folded before Flop


PokerStars Hand #171303125765:  Hold'em Limit ($3/$6 USD) - 2017/06/03 17:24:30 ET
Table 'Hamal' 6-max Seat #2 is the button
Seat 1: davyyyyyyy ($62.68 in chips)
Seat 2: EVBET ($325.76 in chips)
EVBET: posts small blind $1
davyyyyyyy: posts big blind $3
*** HOLE CARDS ***
EVBET: folds
Uncalled bet ($2) returned to davyyyyyyy
davyyyyyyy collected $2 from pot
*** SUMMARY ***
Total pot $2 | Rake $0
Seat 1: davyyyyyyy (big blind) collected ($2)
Seat 2: EVBET (button) (small blind) folded before Flop


PokerStars Hand #171303089792:  Hold'em Limit ($3/$6 USD) - 2017/06/03 17:23:38 ET
Table 'Hamal' 6-max Seat #1 is the button
Seat 1: davyyyyyyy ($77.68 in chips)
Seat 2: EVBET ($311.26 in chips)
davyyyyyyy: posts small blind $1
EVBET: posts big blind $3
*** HOLE CARDS ***
davyyyyyyy: raises $3 to $6
EVBET: calls $3
*** FLOP *** [9h 7d As]
EVBET: checks
davyyyyyyy: bets $3
EVBET: calls $3
*** TURN *** [9h 7d As] [Ac]
EVBET: checks
davyyyyyyy: checks
*** RIVER *** [9h 7d As Ac] [Th]
EVBET: bets $6
davyyyyyyy: calls $6
*** SHOW DOWN ***
EVBET: shows [7h Ts] (two pair, Aces and Tens)
davyyyyyyy: mucks hand
EVBET collected $29.50 from pot
*** SUMMARY ***
Total pot $30 | Rake $0.50
Board [9h 7d As Ac Th]
Seat 1: davyyyyyyy (button) (small blind) mucked
Seat 2: EVBET (big blind) showed [7h Ts] and won ($29.50) with two pair, Aces and Tens


PokerStars Hand #171303132349:  Hold'em Limit ($3/$6 USD) - 2017/06/03 17:24:39 ET
Table 'Hamal' 6-max Seat #2 is the button
Seat 1: davyyyyyyy ($62.68 in chips)
Seat 2: EVBET ($325.76 in chips)
EVBET: posts small blind $1
davyyyyyyy: posts big blind $3
*** HOLE CARDS ***
EVBET: raises $3 to $6
davyyyyyyy: folds
Uncalled bet ($3) returned to EVBET
EVBET collected $6 from pot
EVBET: doesn't show hand
*** SUMMARY ***
Total pot $6 | Rake $0
Seat 1: davyyyyyyy (big blind) folded before Flop
Seat 2: EVBET (button) (small blind) collected ($6)


PokerStars Hand #171303129190:  Hold'em Limit ($3/$6 USD) - 2017/06/03 17:24:35 ET
Table 'Hamal' 6-max Seat #1 is the button
Seat 1: davyyyyyyy ($63.68 in chips)
Seat 2: EVBET ($324.76 in chips)
davyyyyyyy: posts small blind $1
EVBET: posts big blind $3
*** HOLE CARDS ***
davyyyyyyy: folds
Uncalled bet ($2) returned to EVBET
EVBET collected $2 from pot
EVBET: doesn't show hand
*** SUMMARY ***
Total pot $2 | Rake $0
Seat 1: davyyyyyyy (button) (small blind) folded before Flop
Seat 2: EVBET (big blind) collected ($2)


PokerStars Hand #171303183017:  Hold'em Limit ($3/$6 USD) - 2017/06/03 17:25:53 ET
Table 'Hamal' 6-max Seat #1 is the button
Seat 1: davyyyyyyy ($81.18 in chips)
Seat 2: EVBET ($306.76 in chips)
davyyyyyyy: posts small blind $1
EVBET: posts big blind $3
*** HOLE CARDS ***
davyyyyyyy: raises $3 to $6
EVBET: folds
Uncalled bet ($3) returned to davyyyyyyy
davyyyyyyy collected $6 from pot
*** SUMMARY ***
Total pot $6 | Rake $0
Seat 1: davyyyyyyy (button) (small blind) collected ($6)
Seat 2: EVBET (big blind) folded before Flop


PokerStars Hand #171303173816:  Hold'em Limit ($3/$6 USD) - 2017/06/03 17:25:39 ET
Table 'Hamal' 6-max Seat #2 is the button
Seat 1: davyyyyyyy ($80.18 in chips)
Seat 2: EVBET ($307.76 in chips)
EVBET: posts small blind $1
davyyyyyyy: posts big blind $3
*** HOLE CARDS ***
manly70 joins the table at seat #6
EVBET: folds
Uncalled bet ($2) returned to davyyyyyyy
davyyyyyyy collected $2 from pot
*** SUMMARY ***
Total pot $2 | Rake $0
Seat 1: davyyyyyyy (big blind) collected ($2)
Seat 2: EVBET (button) (small blind) folded before Flop


PokerStars Hand #171303136604:  Hold'em Limit ($3/$6 USD) - 2017/06/03 17:24:45 ET
Table 'Hamal' 6-max Seat #1 is the button
Seat 1: davyyyyyyy ($59.68 in chips)
Seat 2: EVBET ($328.76 in chips)
davyyyyyyy: posts small blind $1
EVBET: posts big blind $3
*** HOLE CARDS ***
davyyyyyyy: raises $3 to $6
EVBET: calls $3
*** FLOP *** [Kh 2c 4d]
EVBET: checks
davyyyyyyy: bets $3
EVBET: calls $3
*** TURN *** [Kh 2c 4d] [9h]
EVBET: checks
davyyyyyyy: bets $6
EVBET: calls $6
*** RIVER *** [Kh 2c 4d 9h] [6s]
EVBET: checks
davyyyyyyy: bets $6
EVBET: calls $6
*** SHOW DOWN ***
davyyyyyyy: shows [As Ks] (a pair of Kings)
EVBET: mucks hand
davyyyyyyy collected $41.50 from pot
*** SUMMARY ***
Total pot $42 | Rake $0.50
Board [Kh 2c 4d 9h 6s]
Seat 1: davyyyyyyy (button) (small blind) showed [As Ks] and won ($41.50) with a pair of Kings
Seat 2: EVBET (big blind) mucked


PokerStars Hand #171307744149:  Hold'em Limit ($3/$6 USD) - 2017/06/03 19:23:33 ET
Table 'Hamal' 6-max Seat #4 is the button
Seat 1: Velbor107 ($362.03 in chips)
Seat 4: Ebby78 ($98.05 in chips)
Ebby78: posts small blind $1
Velbor107: posts big blind $3
*** HOLE CARDS ***
Ebby78: raises $3 to $6
Velbor107: calls $3
*** FLOP *** [5d Kh 9c]
Velbor107: checks
Ebby78: bets $3
Velbor107: folds
Uncalled bet ($3) returned to Ebby78
Ebby78 collected $11.76 from pot
Ebby78: doesn't show hand
*** SUMMARY ***
Total pot $12 | Rake $0.24
Board [5d Kh 9c]
Seat 1: Velbor107 (big blind) folded on the Flop
Seat 4: Ebby78 (button) (small blind) collected ($11.76)


PokerStars Hand #171307737926:  Hold'em Limit ($3/$6 USD) - 2017/06/03 19:23:22 ET
Table 'Hamal' 6-max Seat #1 is the button
Seat 1: Velbor107 ($363.03 in chips)
Seat 4: Ebby78 ($97.05 in chips)
Velbor107: posts small blind $1
Ebby78: posts big blind $3
*** HOLE CARDS ***
Velbor107: folds
Uncalled bet ($2) returned to Ebby78
Ebby78 collected $2 from pot
Ebby78: doesn't show hand
*** SUMMARY ***
Total pot $2 | Rake $0
Seat 1: Velbor107 (button) (small blind) folded before Flop
Seat 4: Ebby78 (big blind) collected ($2)


PokerStars Hand #171307733858:  Hold'em Limit ($3/$6 USD) - 2017/06/03 19:23:15 ET
Table 'Hamal' 6-max Seat #4 is the button
Seat 1: Velbor107 ($362.03 in chips)
Seat 4: Ebby78 ($98.05 in chips)
Ebby78: posts small blind $1
LordBorzi II: is sitting out
Velbor107: posts big blind $3
*** HOLE CARDS ***
LordBorzi II leaves the table
Ebby78: folds
Uncalled bet ($2) returned to Velbor107
Velbor107 collected $2 from pot
*** SUMMARY ***
Total pot $2 | Rake $0
Seat 1: Velbor107 (big blind) collected ($2)
Seat 4: Ebby78 (button) (small blind) folded before Flop


PokerStars Hand #171307751844:  Hold'em Limit ($3/$6 USD) - 2017/06/03 19:23:46 ET
Table 'Hamal' 6-max Seat #1 is the button
Seat 1: Velbor107 ($356.03 in chips)
Seat 4: Ebby78 ($103.81 in chips)
Velbor107: posts small blind $1
Ebby78: posts big blind $3
*** HOLE CARDS ***
Velbor107: raises $3 to $6
Ebby78: raises $3 to $9
Velbor107: calls $3
*** FLOP *** [7c 5h Th]
Ebby78: bets $3
Velbor107: calls $3
*** TURN *** [7c 5h Th] [4d]
Ebby78: bets $6
Velbor107: raises $6 to $12
Ebby78: calls $6
*** RIVER *** [7c 5h Th 4d] [2d]
Ebby78: checks
Velbor107: bets $6
Ebby78: calls $6
*** SHOW DOWN ***
Velbor107: shows [Ts 6h] (a pair of Tens)
Ebby78: mucks hand
Auge72 joins the table at seat #6
Velbor107 collected $59.50 from pot
*** SUMMARY ***
Total pot $60 | Rake $0.50
Board [7c 5h Th 4d 2d]
Seat 1: Velbor107 (button) (small blind) showed [Ts 6h] and won ($59.50) with a pair of Tens
Seat 4: Ebby78 (big blind) mucked


