PokerStars Hand #153510421775:  Hold'em Limit ($3/$6 USD) - 2016/05/18 17:04:06 ET
Table 'Hamal' 6-max Seat #5 is the button
Seat 5: mixidix ($34.18 in chips)
Seat 6: TbIP-TbIP 88 ($92.50 in chips)
mixidix: posts small blind $1
TbIP-TbIP 88: posts big blind $3
*** HOLE CARDS ***
mixidix: folds
Uncalled bet ($2) returned to TbIP-TbIP 88
TbIP-TbIP 88 collected $2 from pot
TbIP-TbIP 88: doesn't show hand
*** SUMMARY ***
Total pot $2 | Rake $0
Seat 5: mixidix (button) (small blind) folded before Flop
Seat 6: TbIP-TbIP 88 (big blind) collected ($2)


PokerStars Hand #153510393110:  Hold'em Limit ($3/$6 USD) - 2016/05/18 17:03:34 ET
Table 'Hamal' 6-max Seat #6 is the button
Seat 5: mixidix ($55.18 in chips)
Seat 6: TbIP-TbIP 88 ($72 in chips)
TbIP-TbIP 88: posts small blind $1
mixidix: posts big blind $3
*** HOLE CARDS ***
LolDnkaments joins the table at seat #1
TbIP-TbIP 88: raises $3 to $6
mixidix: calls $3
*** FLOP *** [8d 9h Th]
mixidix: checks
TbIP-TbIP 88: bets $3
mixidix: calls $3
*** TURN *** [8d 9h Th] [2d]
verde7 joins the table at seat #3
mixidix: checks
TbIP-TbIP 88: bets $6
mixidix: calls $6
*** RIVER *** [8d 9h Th 2d] [9s]
mixidix: checks
TbIP-TbIP 88: bets $6
mixidix: calls $6
*** SHOW DOWN ***
TbIP-TbIP 88: shows [Qs Js] (a straight, Eight to Queen)
mixidix: mucks hand
TbIP-TbIP 88 collected $41.50 from pot
*** SUMMARY ***
Total pot $42 | Rake $0.50
Board [8d 9h Th 2d 9s]
Seat 5: mixidix (big blind) mucked
Seat 6: TbIP-TbIP 88 (button) (small blind) showed [Qs Js] and won ($41.50) with a straight, Eight to Queen


PokerStars Hand #153511419959:  Hold'em Limit ($3/$6 USD) - 2016/05/18 17:22:31 ET
Table 'Hamal' 6-max Seat #1 is the button
Seat 1: LolDnkaments ($112.10 in chips)
Seat 3: verde7 ($136 in chips)
Mr. X1825 will be allowed to play after the button
vestimokrec will be allowed to play after the button
LolDnkaments: posts small blind $1
Big_M: is sitting out
verde7: posts big blind $3
*** HOLE CARDS ***
LolDnkaments: raises $3 to $6
verde7: calls $3
*** FLOP *** [8c Th 4h]
verde7: checks
LolDnkaments: bets $3
verde7: calls $3
*** TURN *** [8c Th 4h] [3c]
verde7: checks
LolDnkaments: bets $6
verde7: raises $6 to $12
LolDnkaments: calls $6
*** RIVER *** [8c Th 4h 3c] [Qd]
verde7: bets $6
LolDnkaments: calls $6
*** SHOW DOWN ***
verde7: shows [Td Qs] (two pair, Queens and Tens)
LolDnkaments: mucks hand
verde7 collected $53.50 from pot
*** SUMMARY ***
Total pot $54 | Rake $0.50
Board [8c Th 4h 3c Qd]
Seat 1: LolDnkaments (button) (small blind) mucked
Seat 3: verde7 (big blind) showed [Td Qs] and won ($53.50) with two pair, Queens and Tens


