PokerStars Hand #165736928093:  Hold'em Limit ($3/$6 USD) - 2017/02/05 14:26:46 ET
Table 'Hamal II' 6-max Seat #5 is the button
Seat 3: Tanja 070887 ($119 in chips)
Seat 5: GoliafUa ($121 in chips)
GoliafUa: posts small blind $1
Tanja 070887: posts big blind $3
*** HOLE CARDS ***
GoliafUa: folds
Uncalled bet ($2) returned to Tanja 070887
Tanja 070887 collected $2 from pot
Tanja 070887: doesn't show hand
vestimokrec joins the table at seat #4
*** SUMMARY ***
Total pot $2 | Rake $0
Seat 3: Tanja 070887 (big blind) collected ($2)
Seat 5: GoliafUa (button) (small blind) folded before Flop


PokerStars Hand #165736910192:  Hold'em Limit ($3/$6 USD) - 2017/02/05 14:26:30 ET
Table 'Hamal II' 6-max Seat #3 is the button
Seat 3: Tanja 070887 ($120 in chips)
Seat 5: GoliafUa ($120 in chips)
Tanja 070887: posts small blind $1
GoliafUa: posts big blind $3
*** HOLE CARDS ***
Tanja 070887: folds
Uncalled bet ($2) returned to GoliafUa
GoliafUa collected $2 from pot
GoliafUa: doesn't show hand
*** SUMMARY ***
Total pot $2 | Rake $0
Seat 3: Tanja 070887 (button) (small blind) folded before Flop
Seat 5: GoliafUa (big blind) collected ($2)


PokerStars Hand #165737073090:  Hold'em Limit ($3/$6 USD) - 2017/02/05 14:28:55 ET
Table 'Hamal II' 6-max Seat #4 is the button
Seat 3: Tanja 070887 ($147.29 in chips)
Seat 4: vestimokrec ($87.46 in chips)
vestimokrec: posts small blind $1
hairy1961 joins the table at seat #6
Tanja 070887: posts big blind $3
*** HOLE CARDS ***
vestimokrec: raises $3 to $6
Tanja 070887: folds
Uncalled bet ($3) returned to vestimokrec
vestimokrec collected $6 from pot
vestimokrec: doesn't show hand
*** SUMMARY ***
Total pot $6 | Rake $0
Seat 3: Tanja 070887 (big blind) folded before Flop
Seat 4: vestimokrec (button) (small blind) collected ($6)


PokerStars Hand #165737191296:  Hold'em Limit ($3/$6 USD) - 2017/02/05 14:30:41 ET
Table 'Hamal II' 6-max Seat #6 is the button
Seat 4: vestimokrec ($109.84 in chips)
Seat 6: hairy1961 ($25.76 in chips)
hairy1961: posts small blind $1
vestimokrec: posts big blind $3
*** HOLE CARDS ***
hairy1961: raises $3 to $6
vestimokrec: folds
Uncalled bet ($3) returned to hairy1961
hairy1961 collected $6 from pot
*** SUMMARY ***
Total pot $6 | Rake $0
Seat 4: vestimokrec (big blind) folded before Flop
Seat 6: hairy1961 (button) (small blind) collected ($6)


PokerStars Hand #165737140650:  Hold'em Limit ($3/$6 USD) - 2017/02/05 14:29:55 ET
Table 'Hamal II' 6-max Seat #6 is the button
Seat 4: vestimokrec ($112.84 in chips)
Seat 6: hairy1961 ($23 in chips)
hairy1961: posts small blind $1
vestimokrec: posts big blind $3
*** HOLE CARDS ***
hairy1961: raises $3 to $6
vestimokrec: calls $3
*** FLOP *** [9s Qd 7s]
vestimokrec: checks
hairy1961: bets $3
vestimokrec: folds
Uncalled bet ($3) returned to hairy1961
hairy1961 collected $11.76 from pot
*** SUMMARY ***
Total pot $12 | Rake $0.24
Board [9s Qd 7s]
Seat 4: vestimokrec (big blind) folded on the Flop
Seat 6: hairy1961 (button) (small blind) collected ($11.76)


PokerStars Hand #165737290386:  Hold'em Limit ($3/$6 USD) - 2017/02/05 14:32:06 ET
Table 'Hamal II' 6-max Seat #4 is the button
Seat 4: vestimokrec ($129.98 in chips)
Seat 6: hairy1961 ($4.76 in chips)
vestimokrec: posts small blind $1
hairy1961: posts big blind $3
*** HOLE CARDS ***
vestimokrec: raises $3 to $6
hairy1961: calls $1.76 and is all-in
Uncalled bet ($1.24) returned to vestimokrec
*** FLOP *** [6h 9h Jd]
*** TURN *** [6h 9h Jd] [Jh]
*** RIVER *** [6h 9h Jd Jh] [3c]
*** SHOW DOWN ***
hairy1961: shows [9c Td] (two pair, Jacks and Nines)
vestimokrec: shows [7h Ks] (a pair of Jacks)
hairy1961 collected $9.33 from pot
*** SUMMARY ***
Total pot $9.52 | Rake $0.19
Board [6h 9h Jd Jh 3c]
Seat 4: vestimokrec (button) (small blind) showed [7h Ks] and lost with a pair of Jacks
Seat 6: hairy1961 (big blind) showed [9c Td] and won ($9.33) with two pair, Jacks and Nines


PokerStars Hand #165737230284:  Hold'em Limit ($3/$6 USD) - 2017/02/05 14:31:14 ET
Table 'Hamal II' 6-max Seat #6 is the button
Seat 4: vestimokrec ($115.48 in chips)
Seat 6: hairy1961 ($19.76 in chips)
hairy1961: posts small blind $1
vestimokrec: posts big blind $3
*** HOLE CARDS ***
hairy1961: raises $3 to $6
vestimokrec: calls $3
*** FLOP *** [5s 3s Ah]
vestimokrec: checks
hairy1961: bets $3
vestimokrec: calls $3
*** TURN *** [5s 3s Ah] [Qc]
vestimokrec: checks
hairy1961: checks
*** RIVER *** [5s 3s Ah Qc] [5h]
vestimokrec: bets $6
hairy1961: calls $6
*** SHOW DOWN ***
vestimokrec: shows [4c Qh] (two pair, Queens and Fives)
hairy1961: mucks hand
vestimokrec collected $29.50 from pot
*** SUMMARY ***
Total pot $30 | Rake $0.50
Board [5s 3s Ah Qc 5h]
Seat 4: vestimokrec (big blind) showed [4c Qh] and won ($29.50) with two pair, Queens and Fives
Seat 6: hairy1961 (button) (small blind) mucked


PokerStars Hand #165737305023:  Hold'em Limit ($3/$6 USD) - 2017/02/05 14:32:19 ET
Table 'Hamal II' 6-max Seat #6 is the button
Seat 4: vestimokrec ($125.22 in chips)
Seat 6: hairy1961 ($9.33 in chips)
hairy1961: posts small blind $1
vestimokrec: posts big blind $3
*** HOLE CARDS ***
hairy1961: raises $3 to $6
vestimokrec: calls $3
*** FLOP *** [9s 2d 6h]
vestimokrec: checks
hairy1961: bets $3
vestimokrec: raises $3 to $6
hairy1961: calls $0.33 and is all-in
Uncalled bet ($2.67) returned to vestimokrec
*** TURN *** [9s 2d 6h] [Qc]
*** RIVER *** [9s 2d 6h Qc] [Ac]
*** SHOW DOWN ***
vestimokrec: shows [5d 5s] (a pair of Fives)
hairy1961: shows [Js Th] (high card Ace)
vestimokrec collected $18.29 from pot
*** SUMMARY ***
Total pot $18.66 | Rake $0.37
Board [9s 2d 6h Qc Ac]
Seat 4: vestimokrec (big blind) showed [5d 5s] and won ($18.29) with a pair of Fives
Seat 6: hairy1961 (button) (small blind) showed [Js Th] and lost with high card Ace


