PokerStars Hand #157697499970:  Hold'em Limit ($3/$6 USD) - 2016/08/24 18:04:55 ET
Table 'Hamal' 6-max Seat #3 is the button
Seat 3: JonasDK ($47.41 in chips)
Seat 5: TinaTurner72 ($120 in chips)
JonasDK: posts small blind $1
TinaTurner72: posts big blind $3
*** HOLE CARDS ***
JonasDK: raises $3 to $6
TinaTurner72: calls $3
*** FLOP *** [Tc Js 6d]
TinaTurner72: checks
JonasDK: checks
*** TURN *** [Tc Js 6d] [5h]
TinaTurner72: checks
JonasDK: checks
*** RIVER *** [Tc Js 6d 5h] [5c]
TinaTurner72: checks
JonasDK: checks
*** SHOW DOWN ***
TinaTurner72: shows [Qh 4h] (a pair of Fives)
JonasDK: shows [Kc 2d] (a pair of Fives - King kicker)
JonasDK collected $11.76 from pot
*** SUMMARY ***
Total pot $12 | Rake $0.24
Board [Tc Js 6d 5h 5c]
Seat 3: JonasDK (button) (small blind) showed [Kc 2d] and won ($11.76) with a pair of Fives
Seat 5: TinaTurner72 (big blind) showed [Qh 4h] and lost with a pair of Fives


PokerStars Hand #157697522102:  Hold'em Limit ($3/$6 USD) - 2016/08/24 18:05:27 ET
Table 'Hamal' 6-max Seat #5 is the button
Seat 3: JonasDK ($53.17 in chips)
Seat 5: TinaTurner72 ($114 in chips)
TinaTurner72: posts small blind $1
JonasDK: posts big blind $3
*** HOLE CARDS ***
TinaTurner72: raises $3 to $6
JonasDK: raises $3 to $9
TinaTurner72: raises $3 to $12
Betting is capped
JonasDK: calls $3
*** FLOP *** [Ac 2d Kc]
JonasDK: checks
TinaTurner72: bets $3
JonasDK: calls $3
*** TURN *** [Ac 2d Kc] [8d]
JonasDK: checks
TinaTurner72: checks
*** RIVER *** [Ac 2d Kc 8d] [Ad]
JonasDK: checks
TinaTurner72: checks
*** SHOW DOWN ***
JonasDK: shows [Ts Js] (a pair of Aces)
TinaTurner72: shows [Qs Qh] (two pair, Aces and Queens)
TinaTurner72 collected $29.50 from pot
*** SUMMARY ***
Total pot $30 | Rake $0.50
Board [Ac 2d Kc 8d Ad]
Seat 3: JonasDK (big blind) showed [Ts Js] and lost with a pair of Aces
Seat 5: TinaTurner72 (button) (small blind) showed [Qs Qh] and won ($29.50) with two pair, Aces and Queens


PokerStars Hand #157697598601:  Hold'em Limit ($3/$6 USD) - 2016/08/24 18:07:17 ET
Table 'Hamal' 6-max Seat #3 is the button
Seat 3: JonasDK ($64.49 in chips)
Seat 5: TinaTurner72 ($101.32 in chips)
JonasDK: posts small blind $1
TinaTurner72: posts big blind $3
*** HOLE CARDS ***
JonasDK: folds
Uncalled bet ($2) returned to TinaTurner72
TinaTurner72 collected $2 from pot
TinaTurner72: doesn't show hand
*** SUMMARY ***
Total pot $2 | Rake $0
Seat 3: JonasDK (button) (small blind) folded before Flop
Seat 5: TinaTurner72 (big blind) collected ($2)


PokerStars Hand #157697581262:  Hold'em Limit ($3/$6 USD) - 2016/08/24 18:06:52 ET
Table 'Hamal' 6-max Seat #5 is the button
Seat 3: JonasDK ($37.99 in chips)
Seat 5: TinaTurner72 ($128.32 in chips)
TinaTurner72: posts small blind $1
JonasDK: posts big blind $3
*** HOLE CARDS ***
TinaTurner72: raises $3 to $6
JonasDK: calls $3
*** FLOP *** [4h 5s Kh]
JonasDK: checks
TinaTurner72: bets $3
JonasDK: calls $3
*** TURN *** [4h 5s Kh] [Qs]
JonasDK: checks
TinaTurner72: bets $6
JonasDK: calls $6
*** RIVER *** [4h 5s Kh Qs] [Js]
JonasDK: checks
TinaTurner72: bets $6
JonasDK: raises $6 to $12
TinaTurner72: calls $6
*** SHOW DOWN ***
JonasDK: shows [Td As] (a straight, Ten to Ace)
TinaTurner72: mucks hand
JonasDK collected $53.50 from pot
*** SUMMARY ***
Total pot $54 | Rake $0.50
Board [4h 5s Kh Qs Js]
Seat 3: JonasDK (big blind) showed [Td As] and won ($53.50) with a straight, Ten to Ace
Seat 5: TinaTurner72 (button) (small blind) mucked


PokerStars Hand #157697560783:  Hold'em Limit ($3/$6 USD) - 2016/08/24 18:06:23 ET
Table 'Hamal' 6-max Seat #3 is the button
Seat 3: JonasDK ($38.17 in chips)
Seat 5: TinaTurner72 ($128.50 in chips)
JonasDK: posts small blind $1
TinaTurner72: posts big blind $3
*** HOLE CARDS ***
JonasDK: raises $3 to $6
TinaTurner72: calls $3
*** FLOP *** [5c Qs 2c]
TinaTurner72: checks
JonasDK: bets $3
TinaTurner72: calls $3
*** TURN *** [5c Qs 2c] [Jd]
TinaTurner72: checks
JonasDK: checks
*** RIVER *** [5c Qs 2c Jd] [2d]
TinaTurner72: checks
JonasDK: checks
*** SHOW DOWN ***
TinaTurner72: shows [3c Kh] (a pair of Deuces)
JonasDK: shows [3d Ks] (a pair of Deuces)
TinaTurner72 collected $8.82 from pot
JonasDK collected $8.82 from pot
*** SUMMARY ***
Total pot $18 | Rake $0.36
Board [5c Qs 2c Jd 2d]
Seat 3: JonasDK (button) (small blind) showed [3d Ks] and won ($8.82) with a pair of Deuces
Seat 5: TinaTurner72 (big blind) showed [3c Kh] and won ($8.82) with a pair of Deuces


PokerStars Hand #157697626949:  Hold'em Limit ($3/$6 USD) - 2016/08/24 18:07:58 ET
Table 'Hamal' 6-max Seat #5 is the button
Seat 3: JonasDK ($50.49 in chips)
Seat 5: TinaTurner72 ($114.84 in chips)
TinaTurner72: posts small blind $1
JonasDK: posts big blind $3
*** HOLE CARDS ***
TinaTurner72: raises $3 to $6
JonasDK: folds
Uncalled bet ($3) returned to TinaTurner72
TinaTurner72 collected $6 from pot
TinaTurner72: doesn't show hand
*** SUMMARY ***
Total pot $6 | Rake $0
Seat 3: JonasDK (big blind) folded before Flop
Seat 5: TinaTurner72 (button) (small blind) collected ($6)


PokerStars Hand #157697623993:  Hold'em Limit ($3/$6 USD) - 2016/08/24 18:07:53 ET
Table 'Hamal' 6-max Seat #3 is the button
Seat 3: JonasDK ($51.49 in chips)
Seat 5: TinaTurner72 ($113.84 in chips)
JonasDK: posts small blind $1
TinaTurner72: posts big blind $3
*** HOLE CARDS ***
JonasDK: folds
Uncalled bet ($2) returned to TinaTurner72
TinaTurner72 collected $2 from pot
TinaTurner72: doesn't show hand
*** SUMMARY ***
Total pot $2 | Rake $0
Seat 3: JonasDK (button) (small blind) folded before Flop
Seat 5: TinaTurner72 (big blind) collected ($2)


PokerStars Hand #157697604355:  Hold'em Limit ($3/$6 USD) - 2016/08/24 18:07:25 ET
Table 'Hamal' 6-max Seat #5 is the button
Seat 3: JonasDK ($63.49 in chips)
Seat 5: TinaTurner72 ($102.32 in chips)
TinaTurner72: posts small blind $1
JonasDK: posts big blind $3
*** HOLE CARDS ***
TinaTurner72: raises $3 to $6
JonasDK: calls $3
*** FLOP *** [Qc 4c 3h]
JonasDK: checks
TinaTurner72: bets $3
JonasDK: raises $3 to $6
TinaTurner72: calls $3
*** TURN *** [Qc 4c 3h] [Ah]
JonasDK: checks
TinaTurner72: bets $6
JonasDK: folds
Uncalled bet ($6) returned to TinaTurner72
TinaTurner72 collected $23.52 from pot
TinaTurner72: doesn't show hand
*** SUMMARY ***
Total pot $24 | Rake $0.48
Board [Qc 4c 3h Ah]
Seat 3: JonasDK (big blind) folded on the Turn
Seat 5: TinaTurner72 (button) (small blind) collected ($23.52)


