PokerStars Hand #157867198030:  Hold'em Limit ($3/$6 USD) - 2016/08/28 18:08:05 ET
Table 'Hamburga' 6-max Seat #3 is the button
Seat 1: crash19867 ($120 in chips)
Seat 3: simper11 ($124 in chips)
simper11: posts small blind $1
crash19867: posts big blind $3
*** HOLE CARDS ***
simper11: raises $3 to $6
crash19867: raises $3 to $9
simper11: calls $3
*** FLOP *** [2h 4h 3d]
crash19867: bets $3
simper11: calls $3
*** TURN *** [2h 4h 3d] [Jh]
crash19867: bets $6
simper11: raises $6 to $12
crash19867: calls $6
*** RIVER *** [2h 4h 3d Jh] [6h]
crash19867: checks
simper11: bets $6
crash19867: calls $6
*** SHOW DOWN ***
simper11: shows [Qc Ah] (a flush, Ace high)
crash19867: mucks hand
simper11 collected $59.50 from pot
*** SUMMARY ***
Total pot $60 | Rake $0.50
Board [2h 4h 3d Jh 6h]
Seat 1: crash19867 (big blind) mucked
Seat 3: simper11 (button) (small blind) showed [Qc Ah] and won ($59.50) with a flush, Ace high


PokerStars Hand #157867210421:  Hold'em Limit ($3/$6 USD) - 2016/08/28 18:08:23 ET
Table 'Hamburga' 6-max Seat #1 is the button
Seat 1: crash19867 ($90 in chips)
Seat 3: simper11 ($153.50 in chips)
crash19867: posts small blind $1
simper11: posts big blind $3
*** HOLE CARDS ***
crash19867: raises $3 to $6
simper11: calls $3
*** FLOP *** [4c 5h Ks]
simper11: checks
crash19867: bets $3
simper11: raises $3 to $6
crash19867: calls $3
*** TURN *** [4c 5h Ks] [2c]
simper11: bets $6
crash19867: raises $6 to $12
simper11: calls $6
*** RIVER *** [4c 5h Ks 2c] [3h]
simper11: checks
crash19867: bets $6
simper11: folds
Uncalled bet ($6) returned to crash19867
crash19867 collected $47.50 from pot
crash19867: doesn't show hand
*** SUMMARY ***
Total pot $48 | Rake $0.50
Board [4c 5h Ks 2c 3h]
Seat 1: crash19867 (button) (small blind) collected ($47.50)
Seat 3: simper11 (big blind) folded on the River


PokerStars Hand #157867789561:  Hold'em Limit ($3/$6 USD) - 2016/08/28 18:21:21 ET
Table 'Hamburga' 6-max Seat #3 is the button
Seat 3: simper11 ($146.66 in chips)
Seat 5: JSDM8682 ($104 in chips)
janfff will be allowed to play after the button
simper11: posts small blind $1
JSDM8682: posts big blind $3
*** HOLE CARDS ***
simper11: raises $3 to $6
JSDM8682: calls $3
*** FLOP *** [Jd Ac 2h]
JSDM8682: checks
simper11: bets $3
JSDM8682: folds
Uncalled bet ($3) returned to simper11
simper11 collected $11.76 from pot
simper11: doesn't show hand
*** SUMMARY ***
Total pot $12 | Rake $0.24
Board [Jd Ac 2h]
Seat 3: simper11 (button) (small blind) collected ($11.76)
Seat 5: JSDM8682 (big blind) folded on the Flop


PokerStars Hand #157868444532:  Hold'em Limit ($3/$6 USD) - 2016/08/28 18:37:46 ET
Table 'Hamburga' 6-max Seat #2 is the button
Seat 2: happyyak ($117.75 in chips)
Seat 3: simper11 ($163.14 in chips)
happyyak: posts small blind $1
simper11: posts big blind $3
*** HOLE CARDS ***
happyyak: folds
Uncalled bet ($2) returned to simper11
Zubasa07 leaves the table
simper11 collected $2 from pot
simper11: doesn't show hand
*** SUMMARY ***
Total pot $2 | Rake $0
Seat 2: happyyak (button) (small blind) folded before Flop
Seat 3: simper11 (big blind) collected ($2)


PokerStars Hand #157868439733:  Hold'em Limit ($3/$6 USD) - 2016/08/28 18:37:38 ET
Table 'Hamburga' 6-max Seat #3 is the button
Seat 2: happyyak ($116.75 in chips)
Seat 3: simper11 ($164.14 in chips)
simper11: posts small blind $1
Zubasa07: is sitting out
crash19867: is sitting out
Velbor107: is sitting out
happyyak: posts big blind $3
*** HOLE CARDS ***
crash19867 leaves the table
simper11: folds
Uncalled bet ($2) returned to happyyak
happyyak collected $2 from pot
happyyak: doesn't show hand
*** SUMMARY ***
Total pot $2 | Rake $0
Seat 2: happyyak (big blind) collected ($2)
Seat 3: simper11 (button) (small blind) folded before Flop


PokerStars Hand #157869047436:  Hold'em Limit ($3/$6 USD) - 2016/08/28 18:53:15 ET
Table 'Hamburga' 6-max Seat #1 is the button
Seat 1: Velbor107 ($304.66 in chips)
Seat 3: simper11 ($153.91 in chips)
Velbor107: posts small blind $1
happyyak: is sitting out
simper11: posts big blind $3
*** HOLE CARDS ***
Velbor107: raises $3 to $6
simper11: calls $3
*** FLOP *** [8d Ac 7h]
simper11: checks
happyyak leaves the table
Velbor107: bets $3
simper11: raises $3 to $6
Velbor107: folds
Uncalled bet ($3) returned to simper11
simper11 collected $17.64 from pot
simper11: doesn't show hand
*** SUMMARY ***
Total pot $18 | Rake $0.36
Board [8d Ac 7h]
Seat 1: Velbor107 (button) (small blind) folded on the Flop
Seat 3: simper11 (big blind) collected ($17.64)


