PokerStars Hand #165714237011:  Hold'em Limit ($3/$6 USD) - 2017/02/05 7:18:47 ET
Table 'Hameenlinna' 10-max Seat #8 is the button
Seat 1: xywz089 ($168.74 in chips)
Seat 8: VolkovDmitri ($131.52 in chips)
VolkovDmitri: posts small blind $1
xywz089: posts big blind $3
*** HOLE CARDS ***
VolkovDmitri: raises $3 to $6
xywz089: raises $3 to $9
VolkovDmitri: calls $3
*** FLOP *** [5d Qc 9h]
xywz089 is disconnected
xywz089 is connected
xywz089: bets $3
VolkovDmitri: folds
Uncalled bet ($3) returned to xywz089
xywz089 collected $17.64 from pot
*** SUMMARY ***
Total pot $18 | Rake $0.36
Board [5d Qc 9h]
Seat 1: xywz089 (big blind) collected ($17.64)
Seat 8: VolkovDmitri (button) (small blind) folded on the Flop


PokerStars Hand #165714222167:  Hold'em Limit ($3/$6 USD) - 2017/02/05 7:18:24 ET
Table 'Hameenlinna' 10-max Seat #1 is the button
Seat 1: xywz089 ($180.74 in chips)
Seat 8: VolkovDmitri ($120 in chips)
xywz089: posts small blind $1
VolkovDmitri: posts big blind $3
*** HOLE CARDS ***
xywz089: raises $3 to $6
VolkovDmitri: calls $3
*** FLOP *** [5d Kh 6c]
VolkovDmitri: checks
xywz089: bets $3
VolkovDmitri: raises $3 to $6
xywz089: calls $3
*** TURN *** [5d Kh 6c] [Qh]
VolkovDmitri: bets $6
xywz089: folds
Uncalled bet ($6) returned to VolkovDmitri
VolkovDmitri collected $23.52 from pot
VolkovDmitri: doesn't show hand
*** SUMMARY ***
Total pot $24 | Rake $0.48
Board [5d Kh 6c Qh]
Seat 1: xywz089 (button) (small blind) folded on the Turn
Seat 8: VolkovDmitri (big blind) collected ($23.52)


PokerStars Hand #165714265001:  Hold'em Limit ($3/$6 USD) - 2017/02/05 7:19:32 ET
Table 'Hameenlinna' 10-max Seat #1 is the button
Seat 1: xywz089 ($177.38 in chips)
Seat 8: VolkovDmitri ($122.52 in chips)
xywz089: posts small blind $1
VolkovDmitri: posts big blind $3
*** HOLE CARDS ***
xywz089: calls $2
VolkovDmitri: raises $3 to $6
xywz089: calls $3
*** FLOP *** [4s 2d 5h]
VolkovDmitri: checks
xywz089: checks
*** TURN *** [4s 2d 5h] [Ks]
VolkovDmitri: checks
xywz089: bets $6
VolkovDmitri: folds
Uncalled bet ($6) returned to xywz089
xywz089 collected $11.76 from pot
*** SUMMARY ***
Total pot $12 | Rake $0.24
Board [4s 2d 5h Ks]
Seat 1: xywz089 (button) (small blind) collected ($11.76)
Seat 8: VolkovDmitri (big blind) folded on the Turn


PokerStars Hand #165714285705:  Hold'em Limit ($3/$6 USD) - 2017/02/05 7:20:04 ET
Table 'Hameenlinna' 10-max Seat #8 is the button
Seat 1: xywz089 ($183.14 in chips)
Seat 8: VolkovDmitri ($120 in chips)
VolkovDmitri: posts small blind $1
xywz089 is disconnected
xywz089 is connected
xywz089: posts big blind $3
*** HOLE CARDS ***
VolkovDmitri: raises $3 to $6
xywz089: calls $3
*** FLOP *** [Th 9s 6c]
xywz089: checks
VolkovDmitri: bets $3
xywz089: calls $3
*** TURN *** [Th 9s 6c] [8h]
xywz089: checks
VolkovDmitri: bets $6
xywz089 is disconnected
xywz089 is connected
xywz089: folds
Uncalled bet ($6) returned to VolkovDmitri
VolkovDmitri collected $17.64 from pot
VolkovDmitri: doesn't show hand
*** SUMMARY ***
Total pot $18 | Rake $0.36
Board [Th 9s 6c 8h]
Seat 1: xywz089 (big blind) folded on the Turn
Seat 8: VolkovDmitri (button) (small blind) collected ($17.64)


PokerStars Hand #165714335036:  Hold'em Limit ($3/$6 USD) - 2017/02/05 7:21:22 ET
Table 'Hameenlinna' 10-max Seat #1 is the button
Seat 1: xywz089 ($174.14 in chips)
Seat 8: VolkovDmitri ($128.64 in chips)
xywz089: posts small blind $1
VolkovDmitri: posts big blind $3
*** HOLE CARDS ***
xywz089: raises $3 to $6
VolkovDmitri: calls $3
*** FLOP *** [9c 6s 2h]
Faqquer joins the table at seat #2
VolkovDmitri: bets $3
xywz089: calls $3
*** TURN *** [9c 6s 2h] [As]
VolkovDmitri: bets $6
xywz089: raises $6 to $12
VolkovDmitri: calls $6
*** RIVER *** [9c 6s 2h As] [Jc]
VolkovDmitri: checks
xywz089: bets $6
Faqquer leaves the table
VolkovDmitri: calls $6
*** SHOW DOWN ***
xywz089: shows [4s 8s] (high card Ace)
VolkovDmitri: shows [9h Kc] (a pair of Nines)
VolkovDmitri collected $53.50 from pot
*** SUMMARY ***
Total pot $54 | Rake $0.50
Board [9c 6s 2h As Jc]
Seat 1: xywz089 (button) (small blind) showed [4s 8s] and lost with high card Ace
Seat 8: VolkovDmitri (big blind) showed [9h Kc] and won ($53.50) with a pair of Nines


PokerStars Hand #165714398832:  Hold'em Limit ($3/$6 USD) - 2017/02/05 7:23:02 ET
Table 'Hameenlinna' 10-max Seat #8 is the button
Seat 1: xywz089 ($161.54 in chips)
Seat 8: VolkovDmitri ($140.14 in chips)
VolkovDmitri: posts small blind $1
xywz089: posts big blind $3
*** HOLE CARDS ***
VolkovDmitri: raises $3 to $6
xywz089: calls $3
*** FLOP *** [Ks 6h Kd]
xywz089: checks
VolkovDmitri: bets $3
xywz089: calls $3
*** TURN *** [Ks 6h Kd] [Qd]
xywz089: checks
VolkovDmitri: checks
*** RIVER *** [Ks 6h Kd Qd] [7s]
xywz089: bets $6
VolkovDmitri: calls $6
*** SHOW DOWN ***
xywz089: shows [Td 8c] (a pair of Kings)
VolkovDmitri: shows [6d Ac] (two pair, Kings and Sixes)
VolkovDmitri collected $29.50 from pot
*** SUMMARY ***
Total pot $30 | Rake $0.50
Board [Ks 6h Kd Qd 7s]
Seat 1: xywz089 (big blind) showed [Td 8c] and lost with a pair of Kings
Seat 8: VolkovDmitri (button) (small blind) showed [6d Ac] and won ($29.50) with two pair, Kings and Sixes


PokerStars Hand #165714376249:  Hold'em Limit ($3/$6 USD) - 2017/02/05 7:22:27 ET
Table 'Hameenlinna' 10-max Seat #8 is the button
Seat 1: xywz089 ($147.14 in chips)
Seat 8: VolkovDmitri ($155.14 in chips)
VolkovDmitri: posts small blind $1
xywz089: posts big blind $3
*** HOLE CARDS ***
VolkovDmitri: raises $3 to $6
xywz089: calls $3
*** FLOP *** [Qc Js 9c]
xywz089: checks
VolkovDmitri: bets $3
xywz089: calls $3
*** TURN *** [Qc Js 9c] [Jc]
xywz089: checks
VolkovDmitri: checks
*** RIVER *** [Qc Js 9c Jc] [As]
xywz089: checks
VolkovDmitri: checks
*** SHOW DOWN ***
xywz089: shows [Qs 6c] (two pair, Queens and Jacks)
VolkovDmitri: mucks hand
xywz089 collected $17.64 from pot
*** SUMMARY ***
Total pot $18 | Rake $0.36
Board [Qc Js 9c Jc As]
Seat 1: xywz089 (big blind) showed [Qs 6c] and won ($17.64) with two pair, Queens and Jacks
Seat 8: VolkovDmitri (button) (small blind) mucked


PokerStars Hand #165714390808:  Hold'em Limit ($3/$6 USD) - 2017/02/05 7:22:50 ET
Table 'Hameenlinna' 10-max Seat #1 is the button
Seat 1: xywz089 ($155.78 in chips)
Seat 8: VolkovDmitri ($146.14 in chips)
xywz089: posts small blind $1
VolkovDmitri: posts big blind $3
*** HOLE CARDS ***
xywz089: raises $3 to $6
VolkovDmitri: calls $3
*** FLOP *** [4d 2h Js]
VolkovDmitri: checks
xywz089: bets $3
VolkovDmitri: folds
Uncalled bet ($3) returned to xywz089
xywz089 collected $11.76 from pot
*** SUMMARY ***
Total pot $12 | Rake $0.24
Board [4d 2h Js]
Seat 1: xywz089 (button) (small blind) collected ($11.76)
Seat 8: VolkovDmitri (big blind) folded on the Flop


PokerStars Hand #165714418406:  Hold'em Limit ($3/$6 USD) - 2017/02/05 7:23:34 ET
Table 'Hameenlinna' 10-max Seat #1 is the button
Seat 1: xywz089 ($146.54 in chips)
Seat 8: VolkovDmitri ($154.64 in chips)
xywz089: posts small blind $1
VolkovDmitri: posts big blind $3
*** HOLE CARDS ***
xywz089: raises $3 to $6
VolkovDmitri: raises $3 to $9
xywz089: calls $3
*** FLOP *** [Th Td Js]
VolkovDmitri: bets $3
xywz089: calls $3
*** TURN *** [Th Td Js] [9d]
VolkovDmitri: checks
xywz089: checks
*** RIVER *** [Th Td Js 9d] [Ah]
VolkovDmitri: checks
xywz089: checks
*** SHOW DOWN ***
VolkovDmitri: shows [8s 6s] (a pair of Tens)
xywz089: shows [4c 5s] (a pair of Tens)
VolkovDmitri collected $11.76 from pot
xywz089 collected $11.76 from pot
*** SUMMARY ***
Total pot $24 | Rake $0.48
Board [Th Td Js 9d Ah]
Seat 1: xywz089 (button) (small blind) showed [4c 5s] and won ($11.76) with a pair of Tens
Seat 8: VolkovDmitri (big blind) showed [8s 6s] and won ($11.76) with a pair of Tens


PokerStars Hand #165714468030:  Hold'em Limit ($3/$6 USD) - 2017/02/05 7:24:52 ET
Table 'Hameenlinna' 10-max Seat #1 is the button
Seat 1: xywz089 ($166.80 in chips)
Seat 8: VolkovDmitri ($133.40 in chips)
xywz089: posts small blind $1
VolkovDmitri: posts big blind $3
*** HOLE CARDS ***
xywz089: raises $3 to $6
VolkovDmitri: calls $3
*** FLOP *** [6c 7h 6d]
VolkovDmitri: checks
xywz089: bets $3
VolkovDmitri: raises $3 to $6
xywz089: calls $3
*** TURN *** [6c 7h 6d] [Kd]
VolkovDmitri: bets $6
xywz089: raises $6 to $12
VolkovDmitri: calls $6
*** RIVER *** [6c 7h 6d Kd] [8d]
VolkovDmitri: checks
xywz089: bets $6
VolkovDmitri: folds
Uncalled bet ($6) returned to xywz089
xywz089 collected $47.50 from pot
*** SUMMARY ***
Total pot $48 | Rake $0.50
Board [6c 7h 6d Kd 8d]
Seat 1: xywz089 (button) (small blind) collected ($47.50)
Seat 8: VolkovDmitri (big blind) folded on the River


PokerStars Hand #165714447304:  Hold'em Limit ($3/$6 USD) - 2017/02/05 7:24:19 ET
Table 'Hameenlinna' 10-max Seat #8 is the button
Seat 1: xywz089 ($146.30 in chips)
Seat 8: VolkovDmitri ($154.40 in chips)
VolkovDmitri: posts small blind $1
xywz089: posts big blind $3
*** HOLE CARDS ***
VolkovDmitri: raises $3 to $6
xywz089: raises $3 to $9
VolkovDmitri: calls $3
*** FLOP *** [Ks 7h Tc]
xywz089: bets $3
VolkovDmitri: raises $3 to $6
xywz089: calls $3
*** TURN *** [Ks 7h Tc] [Qc]
xywz089: checks
VolkovDmitri: checks
*** RIVER *** [Ks 7h Tc Qc] [8h]
xywz089: bets $6
VolkovDmitri: calls $6
*** SHOW DOWN ***
xywz089: shows [Ts Js] (a pair of Tens)
VolkovDmitri: mucks hand
xywz089 collected $41.50 from pot
*** SUMMARY ***
Total pot $42 | Rake $0.50
Board [Ks 7h Tc Qc 8h]
Seat 1: xywz089 (big blind) showed [Ts Js] and won ($41.50) with a pair of Tens
Seat 8: VolkovDmitri (button) (small blind) mucked


PokerStars Hand #165714500223:  Hold'em Limit ($3/$6 USD) - 2017/02/05 7:25:42 ET
Table 'Hameenlinna' 10-max Seat #8 is the button
Seat 1: xywz089 ($190.30 in chips)
Seat 8: VolkovDmitri ($120 in chips)
VolkovDmitri: posts small blind $1
xywz089: posts big blind $3
*** HOLE CARDS ***
VolkovDmitri: raises $3 to $6
xywz089: raises $3 to $9
VolkovDmitri: raises $3 to $12
Betting is capped
xywz089: calls $3
*** FLOP *** [9h 9s Ac]
xywz089: checks
VolkovDmitri: bets $3
xywz089: calls $3
*** TURN *** [9h 9s Ac] [6h]
xywz089: checks
VolkovDmitri: checks
*** RIVER *** [9h 9s Ac 6h] [3h]
xywz089: checks
VolkovDmitri: checks
*** SHOW DOWN ***
xywz089: shows [Qh Ks] (a pair of Nines)
VolkovDmitri: shows [Ts Tc] (two pair, Tens and Nines)
VolkovDmitri collected $29.50 from pot
*** SUMMARY ***
Total pot $30 | Rake $0.50
Board [9h 9s Ac 6h 3h]
Seat 1: xywz089 (big blind) showed [Qh Ks] and lost with a pair of Nines
Seat 8: VolkovDmitri (button) (small blind) showed [Ts Tc] and won ($29.50) with two pair, Tens and Nines


PokerStars Hand #165714532000:  Hold'em Limit ($3/$6 USD) - 2017/02/05 7:26:33 ET
Table 'Hameenlinna' 10-max Seat #1 is the button
Seat 1: xywz089 ($175.30 in chips)
Seat 8: VolkovDmitri ($134.50 in chips)
xywz089: posts small blind $1
VolkovDmitri: posts big blind $3
*** HOLE CARDS ***
xywz089: raises $3 to $6
VolkovDmitri: calls $3
*** FLOP *** [9c 5h Qs]
VolkovDmitri: checks
xywz089: bets $3
VolkovDmitri: raises $3 to $6
xywz089: calls $3
*** TURN *** [9c 5h Qs] [Qd]
VolkovDmitri: checks
xywz089: checks
*** RIVER *** [9c 5h Qs Qd] [3s]
VolkovDmitri: checks
xywz089: bets $6
VolkovDmitri: folds
Uncalled bet ($6) returned to xywz089
xywz089 collected $23.52 from pot
*** SUMMARY ***
Total pot $24 | Rake $0.48
Board [9c 5h Qs Qd 3s]
Seat 1: xywz089 (button) (small blind) collected ($23.52)
Seat 8: VolkovDmitri (big blind) folded on the River


PokerStars Hand #165714561266:  Hold'em Limit ($3/$6 USD) - 2017/02/05 7:27:19 ET
Table 'Hameenlinna' 10-max Seat #8 is the button
Seat 1: xywz089 ($186.82 in chips)
Seat 8: VolkovDmitri ($122.50 in chips)
VolkovDmitri: posts small blind $1
xywz089: posts big blind $3
*** HOLE CARDS ***
VolkovDmitri: raises $3 to $6
xywz089: calls $3
*** FLOP *** [8s 9s 4s]
xywz089: bets $3
VolkovDmitri: folds
Uncalled bet ($3) returned to xywz089
xywz089 collected $11.76 from pot
*** SUMMARY ***
Total pot $12 | Rake $0.24
Board [8s 9s 4s]
Seat 1: xywz089 (big blind) collected ($11.76)
Seat 8: VolkovDmitri (button) (small blind) folded on the Flop


PokerStars Hand #165714582604:  Hold'em Limit ($3/$6 USD) - 2017/02/05 7:27:52 ET
Table 'Hameenlinna' 10-max Seat #1 is the button
Seat 1: xywz089 ($192.58 in chips)
Seat 8: VolkovDmitri ($120 in chips)
xywz089: posts small blind $1
VolkovDmitri: posts big blind $3
*** HOLE CARDS ***
xywz089: calls $2
VolkovDmitri: raises $3 to $6
xywz089 is disconnected
xywz089 is connected
xywz089: calls $3
*** FLOP *** [Qc 3s 3c]
VolkovDmitri: checks
xywz089: bets $3
VolkovDmitri: raises $3 to $6
xywz089: raises $3 to $9
VolkovDmitri: calls $3
*** TURN *** [Qc 3s 3c] [6c]
VolkovDmitri: checks
xywz089: bets $6
VolkovDmitri: folds
Uncalled bet ($6) returned to xywz089
xywz089 collected $29.50 from pot
*** SUMMARY ***
Total pot $30 | Rake $0.50
Board [Qc 3s 3c 6c]
Seat 1: xywz089 (button) (small blind) collected ($29.50)
Seat 8: VolkovDmitri (big blind) folded on the Turn


PokerStars Hand #165714624184:  Hold'em Limit ($3/$6 USD) - 2017/02/05 7:28:57 ET
Table 'Hameenlinna' 10-max Seat #8 is the button
Seat 1: xywz089 ($207.08 in chips)
Seat 8: VolkovDmitri ($120 in chips)
VolkovDmitri: posts small blind $1
xywz089: posts big blind $3
*** HOLE CARDS ***
VolkovDmitri: raises $3 to $6
xywz089: calls $3
*** FLOP *** [As Qh 5h]
xywz089: bets $3
VolkovDmitri: calls $3
*** TURN *** [As Qh 5h] [3h]
xywz089: bets $6
VolkovDmitri: raises $6 to $12
xywz089: calls $6
*** RIVER *** [As Qh 5h 3h] [2c]
xywz089: bets $6
VolkovDmitri: calls $6
*** SHOW DOWN ***
xywz089: shows [5c Qd] (two pair, Queens and Fives)
VolkovDmitri: mucks hand
xywz089 collected $53.50 from pot
*** SUMMARY ***
Total pot $54 | Rake $0.50
Board [As Qh 5h 3h 2c]
Seat 1: xywz089 (big blind) showed [5c Qd] and won ($53.50) with two pair, Queens and Fives
Seat 8: VolkovDmitri (button) (small blind) mucked


PokerStars Hand #165714709456:  Hold'em Limit ($3/$6 USD) - 2017/02/05 7:31:11 ET
Table 'Hameenlinna' 10-max Seat #8 is the button
Seat 1: xywz089 ($203.58 in chips)
Seat 8: VolkovDmitri ($149.50 in chips)
VolkovDmitri: posts small blind $1
xywz089: posts big blind $3
*** HOLE CARDS ***
VolkovDmitri: raises $3 to $6
xywz089: calls $3
*** FLOP *** [8d 2c 4s]
xywz089: checks
VolkovDmitri: bets $3
xywz089: calls $3
*** TURN *** [8d 2c 4s] [5c]
xywz089: checks
VolkovDmitri: bets $6
xywz089: calls $6
*** RIVER *** [8d 2c 4s 5c] [5s]
xywz089: checks
VolkovDmitri: bets $6
xywz089: calls $6
*** SHOW DOWN ***
VolkovDmitri: shows [6h 7s] (a straight, Four to Eight)
xywz089: mucks hand
VolkovDmitri collected $41.50 from pot
*** SUMMARY ***
Total pot $42 | Rake $0.50
Board [8d 2c 4s 5c 5s]
Seat 1: xywz089 (big blind) mucked
Seat 8: VolkovDmitri (button) (small blind) showed [6h 7s] and won ($41.50) with a straight, Four to Eight


PokerStars Hand #165714669572:  Hold'em Limit ($3/$6 USD) - 2017/02/05 7:30:09 ET
Table 'Hameenlinna' 10-max Seat #1 is the button
Seat 1: xywz089 ($233.58 in chips)
Seat 8: VolkovDmitri ($120 in chips)
xywz089 is disconnected
xywz089 is connected
xywz089: posts small blind $1
VolkovDmitri: posts big blind $3
*** HOLE CARDS ***
xywz089: raises $3 to $6
VolkovDmitri: raises $3 to $9
xywz089: raises $3 to $12
Betting is capped
VolkovDmitri: calls $3
*** FLOP *** [8c Ac Ah]
VolkovDmitri: checks
xywz089: bets $3
VolkovDmitri: raises $3 to $6
xywz089: raises $3 to $9
VolkovDmitri: raises $3 to $12
Betting is capped
xywz089: calls $3
*** TURN *** [8c Ac Ah] [5d]
VolkovDmitri: checks
xywz089: checks
*** RIVER *** [8c Ac Ah 5d] [Jd]
VolkovDmitri: bets $6
xywz089: calls $6
*** SHOW DOWN ***
VolkovDmitri: shows [Jc 9c] (two pair, Aces and Jacks)
xywz089: shows [Qd Kc] (a pair of Aces)
VolkovDmitri collected $59.50 from pot
*** SUMMARY ***
Total pot $60 | Rake $0.50
Board [8c Ac Ah 5d Jd]
Seat 1: xywz089 (button) (small blind) showed [Qd Kc] and lost with a pair of Aces
Seat 8: VolkovDmitri (big blind) showed [Jc 9c] and won ($59.50) with two pair, Aces and Jacks


PokerStars Hand #165714730024:  Hold'em Limit ($3/$6 USD) - 2017/02/05 7:31:43 ET
Table 'Hameenlinna' 10-max Seat #8 is the button
Seat 1: xywz089 ($181.58 in chips)
Seat 8: VolkovDmitri ($171 in chips)
VolkovDmitri: posts small blind $1
xywz089: posts big blind $3
*** HOLE CARDS ***
VolkovDmitri: raises $3 to $6
xywz089: calls $3
*** FLOP *** [5d 7c 2h]
xywz089: bets $3
VolkovDmitri: calls $3
*** TURN *** [5d 7c 2h] [Qs]
xywz089: bets $6
VolkovDmitri: raises $6 to $12
xywz089: calls $6
*** RIVER *** [5d 7c 2h Qs] [Kc]
xywz089: checks
VolkovDmitri: bets $6
xywz089: folds
Uncalled bet ($6) returned to VolkovDmitri
VolkovDmitri collected $41.50 from pot
VolkovDmitri: doesn't show hand
*** SUMMARY ***
Total pot $42 | Rake $0.50
Board [5d 7c 2h Qs Kc]
Seat 1: xywz089 (big blind) folded on the River
Seat 8: VolkovDmitri (button) (small blind) collected ($41.50)


PokerStars Hand #165714779339:  Hold'em Limit ($3/$6 USD) - 2017/02/05 7:33:01 ET
Table 'Hameenlinna' 10-max Seat #8 is the button
Seat 1: xywz089 ($184.08 in chips)
Seat 8: VolkovDmitri ($167.50 in chips)
VolkovDmitri: posts small blind $1
xywz089: posts big blind $3
*** HOLE CARDS ***
VolkovDmitri: raises $3 to $6
xywz089: calls $3
*** FLOP *** [7s 6s 4h]
xywz089: checks
VolkovDmitri: checks
*** TURN *** [7s 6s 4h] [Qs]
xywz089 is disconnected
xywz089 is connected
xywz089: checks
VolkovDmitri: checks
*** RIVER *** [7s 6s 4h Qs] [6d]
xywz089: bets $6
VolkovDmitri: calls $6
*** SHOW DOWN ***
xywz089: shows [7c 8s] (two pair, Sevens and Sixes)
VolkovDmitri: mucks hand
xywz089 collected $23.52 from pot
*** SUMMARY ***
Total pot $24 | Rake $0.48
Board [7s 6s 4h Qs 6d]
Seat 1: xywz089 (big blind) showed [7c 8s] and won ($23.52) with two pair, Sevens and Sixes
Seat 8: VolkovDmitri (button) (small blind) mucked


PokerStars Hand #165714763142:  Hold'em Limit ($3/$6 USD) - 2017/02/05 7:32:35 ET
Table 'Hameenlinna' 10-max Seat #1 is the button
Seat 1: xywz089 ($160.58 in chips)
Seat 8: VolkovDmitri ($191.50 in chips)
xywz089: posts small blind $1
VolkovDmitri: posts big blind $3
*** HOLE CARDS ***
xywz089: raises $3 to $6
VolkovDmitri: raises $3 to $9
xywz089: calls $3
*** FLOP *** [Kh 4s Jd]
VolkovDmitri: bets $3
xywz089: calls $3
*** TURN *** [Kh 4s Jd] [9d]
VolkovDmitri: bets $6
xywz089: raises $6 to $12
VolkovDmitri: calls $6
*** RIVER *** [Kh 4s Jd 9d] [Ts]
VolkovDmitri: checks
xywz089: bets $6
VolkovDmitri: folds
Uncalled bet ($6) returned to xywz089
xywz089 collected $47.50 from pot
*** SUMMARY ***
Total pot $48 | Rake $0.50
Board [Kh 4s Jd 9d Ts]
Seat 1: xywz089 (button) (small blind) collected ($47.50)
Seat 8: VolkovDmitri (big blind) folded on the River


PokerStars Hand #165714811107:  Hold'em Limit ($3/$6 USD) - 2017/02/05 7:33:50 ET
Table 'Hameenlinna' 10-max Seat #8 is the button
Seat 1: xywz089 ($192.60 in chips)
Seat 8: VolkovDmitri ($158.38 in chips)
VolkovDmitri: posts small blind $1
xywz089: posts big blind $3
*** HOLE CARDS ***
VolkovDmitri: raises $3 to $6
xywz089: calls $3
*** FLOP *** [Ac Th Ts]
xywz089: checks
VolkovDmitri: bets $3
xywz089: calls $3
*** TURN *** [Ac Th Ts] [8s]
xywz089: checks
VolkovDmitri: checks
*** RIVER *** [Ac Th Ts 8s] [Ks]
xywz089: bets $6
VolkovDmitri: folds
Uncalled bet ($6) returned to xywz089
xywz089 collected $17.64 from pot
*** SUMMARY ***
Total pot $18 | Rake $0.36
Board [Ac Th Ts 8s Ks]
Seat 1: xywz089 (big blind) collected ($17.64)
Seat 8: VolkovDmitri (button) (small blind) folded on the River


PokerStars Hand #165714804064:  Hold'em Limit ($3/$6 USD) - 2017/02/05 7:33:39 ET
Table 'Hameenlinna' 10-max Seat #1 is the button
Seat 1: xywz089 ($195.60 in chips)
Seat 8: VolkovDmitri ($155.50 in chips)
xywz089: posts small blind $1
VolkovDmitri: posts big blind $3
*** HOLE CARDS ***
xywz089: calls $2
VolkovDmitri: checks
*** FLOP *** [9h Qd 7c]
VolkovDmitri: bets $3
xywz089: folds
Uncalled bet ($3) returned to VolkovDmitri
VolkovDmitri collected $5.88 from pot
VolkovDmitri: doesn't show hand
*** SUMMARY ***
Total pot $6 | Rake $0.12
Board [9h Qd 7c]
Seat 1: xywz089 (button) (small blind) folded on the Flop
Seat 8: VolkovDmitri (big blind) collected ($5.88)


PokerStars Hand #165714825634:  Hold'em Limit ($3/$6 USD) - 2017/02/05 7:34:13 ET
Table 'Hameenlinna' 10-max Seat #1 is the button
Seat 1: xywz089 ($201.24 in chips)
Seat 8: VolkovDmitri ($149.38 in chips)
xywz089: posts small blind $1
VolkovDmitri: posts big blind $3
*** HOLE CARDS ***
xywz089: raises $3 to $6
VolkovDmitri: calls $3
*** FLOP *** [6h 7c 4d]
VolkovDmitri: checks
xywz089: checks
*** TURN *** [6h 7c 4d] [4s]
VolkovDmitri: bets $6
xywz089: calls $6
*** RIVER *** [6h 7c 4d 4s] [5c]
VolkovDmitri: bets $6
xywz089: folds
Uncalled bet ($6) returned to VolkovDmitri
VolkovDmitri collected $23.52 from pot
VolkovDmitri: doesn't show hand
*** SUMMARY ***
Total pot $24 | Rake $0.48
Board [6h 7c 4d 4s 5c]
Seat 1: xywz089 (button) (small blind) folded on the River
Seat 8: VolkovDmitri (big blind) collected ($23.52)


PokerStars Hand #165714844925:  Hold'em Limit ($3/$6 USD) - 2017/02/05 7:34:43 ET
Table 'Hameenlinna' 10-max Seat #1 is the button
Seat 1: xywz089 ($186.24 in chips)
Seat 8: VolkovDmitri ($163.90 in chips)
xywz089: posts small blind $1
VolkovDmitri: posts big blind $3
*** HOLE CARDS ***
xywz089: raises $3 to $6
VolkovDmitri: raises $3 to $9
xywz089: calls $3
*** FLOP *** [7h 9s 3s]
VolkovDmitri: bets $3
xywz089: calls $3
*** TURN *** [7h 9s 3s] [4h]
VolkovDmitri: checks
xywz089: bets $6
VolkovDmitri: calls $6
*** RIVER *** [7h 9s 3s 4h] [Qs]
VolkovDmitri: checks
xywz089: bets $6
VolkovDmitri: raises $6 to $12
xywz089: calls $6
*** SHOW DOWN ***
VolkovDmitri: shows [Qh Jh] (a pair of Queens)
xywz089: shows [8s 9d] (a pair of Nines)
VolkovDmitri collected $59.50 from pot
*** SUMMARY ***
Total pot $60 | Rake $0.50
Board [7h 9s 3s 4h Qs]
Seat 1: xywz089 (button) (small blind) showed [8s 9d] and lost with a pair of Nines
Seat 8: VolkovDmitri (big blind) showed [Qh Jh] and won ($59.50) with a pair of Queens


PokerStars Hand #165714859085:  Hold'em Limit ($3/$6 USD) - 2017/02/05 7:35:05 ET
Table 'Hameenlinna' 10-max Seat #8 is the button
Seat 1: xywz089 ($156.24 in chips)
Seat 8: VolkovDmitri ($193.40 in chips)
VolkovDmitri: posts small blind $1
xywz089: posts big blind $3
*** HOLE CARDS ***
VolkovDmitri: raises $3 to $6
xywz089: raises $3 to $9
VolkovDmitri: calls $3
*** FLOP *** [8d 2s 6d]
xywz089: bets $3
VolkovDmitri: calls $3
*** TURN *** [8d 2s 6d] [Jc]
xywz089: bets $6
VolkovDmitri: folds
Uncalled bet ($6) returned to xywz089
xywz089 collected $23.52 from pot
*** SUMMARY ***
Total pot $24 | Rake $0.48
Board [8d 2s 6d Jc]
Seat 1: xywz089 (big blind) collected ($23.52)
Seat 8: VolkovDmitri (button) (small blind) folded on the Turn


PokerStars Hand #165714840419:  Hold'em Limit ($3/$6 USD) - 2017/02/05 7:34:36 ET
Table 'Hameenlinna' 10-max Seat #8 is the button
Seat 1: xywz089 ($189.24 in chips)
Seat 8: VolkovDmitri ($160.90 in chips)
VolkovDmitri: posts small blind $1
xywz089: posts big blind $3
*** HOLE CARDS ***
VolkovDmitri: raises $3 to $6
xywz089: folds
Uncalled bet ($3) returned to VolkovDmitri
VolkovDmitri collected $6 from pot
VolkovDmitri: doesn't show hand
*** SUMMARY ***
Total pot $6 | Rake $0
Seat 1: xywz089 (big blind) folded before Flop
Seat 8: VolkovDmitri (button) (small blind) collected ($6)


PokerStars Hand #165714876431:  Hold'em Limit ($3/$6 USD) - 2017/02/05 7:35:32 ET
Table 'Hameenlinna' 10-max Seat #1 is the button
Seat 1: xywz089 ($167.76 in chips)
Seat 8: VolkovDmitri ($181.40 in chips)
xywz089: posts small blind $1
VolkovDmitri: posts big blind $3
*** HOLE CARDS ***
xywz089: calls $2
VolkovDmitri: raises $3 to $6
xywz089: calls $3
*** FLOP *** [6s 5c Kd]
VolkovDmitri: bets $3
xywz089: calls $3
*** TURN *** [6s 5c Kd] [7h]
VolkovDmitri: bets $6
xywz089: raises $6 to $12
VolkovDmitri: calls $6
*** RIVER *** [6s 5c Kd 7h] [9h]
VolkovDmitri: checks
xywz089 is disconnected
xywz089 is connected
xywz089: bets $6
VolkovDmitri: folds
Uncalled bet ($6) returned to xywz089
xywz089 collected $41.50 from pot
*** SUMMARY ***
Total pot $42 | Rake $0.50
Board [6s 5c Kd 7h 9h]
Seat 1: xywz089 (button) (small blind) collected ($41.50)
Seat 8: VolkovDmitri (big blind) folded on the River


PokerStars Hand #165714928187:  Hold'em Limit ($3/$6 USD) - 2017/02/05 7:36:52 ET
Table 'Hameenlinna' 10-max Seat #1 is the button
Seat 1: xywz089 ($170.26 in chips)
Seat 8: VolkovDmitri ($177.90 in chips)
xywz089: posts small blind $1
VolkovDmitri: posts big blind $3
*** HOLE CARDS ***
xywz089: raises $3 to $6
VolkovDmitri: folds
Uncalled bet ($3) returned to xywz089
xywz089 collected $6 from pot
*** SUMMARY ***
Total pot $6 | Rake $0
Seat 1: xywz089 (button) (small blind) collected ($6)
Seat 8: VolkovDmitri (big blind) folded before Flop


PokerStars Hand #165714916328:  Hold'em Limit ($3/$6 USD) - 2017/02/05 7:36:34 ET
Table 'Hameenlinna' 10-max Seat #8 is the button
Seat 1: xywz089 ($188.26 in chips)
Seat 8: VolkovDmitri ($160.40 in chips)
VolkovDmitri: posts small blind $1
xywz089: posts big blind $3
*** HOLE CARDS ***
VolkovDmitri: raises $3 to $6
xywz089: calls $3
*** FLOP *** [2h Qc 2s]
xywz089: bets $3
VolkovDmitri: raises $3 to $6
xywz089: calls $3
*** TURN *** [2h Qc 2s] [Ts]
xywz089: checks
VolkovDmitri: checks
*** RIVER *** [2h Qc 2s Ts] [5s]
xywz089: bets $6
VolkovDmitri: calls $6
*** SHOW DOWN ***
xywz089: shows [5c Kd] (two pair, Fives and Deuces)
VolkovDmitri: shows [Tc 4c] (two pair, Tens and Deuces)
VolkovDmitri collected $35.50 from pot
*** SUMMARY ***
Total pot $36 | Rake $0.50
Board [2h Qc 2s Ts 5s]
Seat 1: xywz089 (big blind) showed [5c Kd] and lost with two pair, Fives and Deuces
Seat 8: VolkovDmitri (button) (small blind) showed [Tc 4c] and won ($35.50) with two pair, Tens and Deuces


PokerStars Hand #165714934297:  Hold'em Limit ($3/$6 USD) - 2017/02/05 7:37:01 ET
Table 'Hameenlinna' 10-max Seat #8 is the button
Seat 1: xywz089 ($173.26 in chips)
Seat 8: VolkovDmitri ($174.90 in chips)
VolkovDmitri: posts small blind $1
xywz089: posts big blind $3
*** HOLE CARDS ***
VolkovDmitri: raises $3 to $6
xywz089: calls $3
*** FLOP *** [4c 9h 4d]
xywz089: checks
VolkovDmitri: bets $3
xywz089: calls $3
*** TURN *** [4c 9h 4d] [4s]
xywz089: checks
VolkovDmitri: bets $6
xywz089: calls $6
*** RIVER *** [4c 9h 4d 4s] [2s]
xywz089: checks
VolkovDmitri: bets $6
xywz089: calls $6
*** SHOW DOWN ***
VolkovDmitri: shows [Jh 9s] (a full house, Fours full of Nines)
xywz089: mucks hand
VolkovDmitri collected $41.50 from pot
*** SUMMARY ***
Total pot $42 | Rake $0.50
Board [4c 9h 4d 4s 2s]
Seat 1: xywz089 (big blind) mucked
Seat 8: VolkovDmitri (button) (small blind) showed [Jh 9s] and won ($41.50) with a full house, Fours full of Nines


PokerStars Hand #165714960682:  Hold'em Limit ($3/$6 USD) - 2017/02/05 7:37:41 ET
Table 'Hameenlinna' 10-max Seat #8 is the button
Seat 1: xywz089 ($151.26 in chips)
Seat 8: VolkovDmitri ($196.40 in chips)
VolkovDmitri: posts small blind $1
xywz089: posts big blind $3
*** HOLE CARDS ***
VolkovDmitri: raises $3 to $6
xywz089: folds
Uncalled bet ($3) returned to VolkovDmitri
VolkovDmitri collected $6 from pot
VolkovDmitri: doesn't show hand
*** SUMMARY ***
Total pot $6 | Rake $0
Seat 1: xywz089 (big blind) folded before Flop
Seat 8: VolkovDmitri (button) (small blind) collected ($6)


PokerStars Hand #165714968149:  Hold'em Limit ($3/$6 USD) - 2017/02/05 7:37:53 ET
Table 'Hameenlinna' 10-max Seat #1 is the button
Seat 1: xywz089 ($148.26 in chips)
Seat 8: VolkovDmitri ($199.40 in chips)
xywz089: posts small blind $1
VolkovDmitri: posts big blind $3
*** HOLE CARDS ***
xywz089: raises $3 to $6
VolkovDmitri: raises $3 to $9
xywz089: raises $3 to $12
Betting is capped
VolkovDmitri: calls $3
*** FLOP *** [6s 9d 3s]
VolkovDmitri: bets $3
xywz089: calls $3
*** TURN *** [6s 9d 3s] [Jh]
VolkovDmitri: bets $6
xywz089: raises $6 to $12
VolkovDmitri: calls $6
*** RIVER *** [6s 9d 3s Jh] [4d]
VolkovDmitri: checks
xywz089: bets $6
VolkovDmitri: calls $6
*** SHOW DOWN ***
xywz089: shows [Qd Kh] (high card King)
VolkovDmitri: shows [Kc 3c] (a pair of Threes)
VolkovDmitri collected $65.50 from pot
*** SUMMARY ***
Total pot $66 | Rake $0.50
Board [6s 9d 3s Jh 4d]
Seat 1: xywz089 (button) (small blind) showed [Qd Kh] and lost with high card King
Seat 8: VolkovDmitri (big blind) showed [Kc 3c] and won ($65.50) with a pair of Threes


PokerStars Hand #165714957384:  Hold'em Limit ($3/$6 USD) - 2017/02/05 7:37:36 ET
Table 'Hameenlinna' 10-max Seat #1 is the button
Seat 1: xywz089 ($152.26 in chips)
Seat 8: VolkovDmitri ($195.40 in chips)
xywz089: posts small blind $1
VolkovDmitri: posts big blind $3
*** HOLE CARDS ***
xywz089: folds
Uncalled bet ($2) returned to VolkovDmitri
VolkovDmitri collected $2 from pot
VolkovDmitri: doesn't show hand
*** SUMMARY ***
Total pot $2 | Rake $0
Seat 1: xywz089 (button) (small blind) folded before Flop
Seat 8: VolkovDmitri (big blind) collected ($2)


PokerStars Hand #165714999945:  Hold'em Limit ($3/$6 USD) - 2017/02/05 7:38:42 ET
Table 'Hameenlinna' 10-max Seat #1 is the button
Seat 1: xywz089 ($123.90 in chips)
Seat 8: VolkovDmitri ($222.90 in chips)
xywz089: posts small blind $1
VolkovDmitri: posts big blind $3
*** HOLE CARDS ***
xywz089: raises $3 to $6
VolkovDmitri: calls $3
*** FLOP *** [Ks Js 4h]
VolkovDmitri: checks
xywz089: bets $3
VolkovDmitri: raises $3 to $6
xywz089: calls $3
*** TURN *** [Ks Js 4h] [Td]
VolkovDmitri: checks
xywz089 is disconnected
xywz089 is connected
xywz089: bets $6
VolkovDmitri: folds
Uncalled bet ($6) returned to xywz089
xywz089 collected $23.52 from pot
*** SUMMARY ***
Total pot $24 | Rake $0.48
Board [Ks Js 4h Td]
Seat 1: xywz089 (button) (small blind) collected ($23.52)
Seat 8: VolkovDmitri (big blind) folded on the Turn


PokerStars Hand #165714984696:  Hold'em Limit ($3/$6 USD) - 2017/02/05 7:38:18 ET
Table 'Hameenlinna' 10-max Seat #8 is the button
Seat 1: xywz089 ($115.26 in chips)
Seat 8: VolkovDmitri ($231.90 in chips)
VolkovDmitri: posts small blind $1
xywz089: posts big blind $3
*** HOLE CARDS ***
VolkovDmitri: raises $3 to $6
xywz089: raises $3 to $9
VolkovDmitri: calls $3
*** FLOP *** [3h Qc 5s]
xywz089: bets $3
VolkovDmitri: folds
Uncalled bet ($3) returned to xywz089
xywz089 collected $17.64 from pot
*** SUMMARY ***
Total pot $18 | Rake $0.36
Board [3h Qc 5s]
Seat 1: xywz089 (big blind) collected ($17.64)
Seat 8: VolkovDmitri (button) (small blind) folded on the Flop


PokerStars Hand #165715029197:  Hold'em Limit ($3/$6 USD) - 2017/02/05 7:39:27 ET
Table 'Hameenlinna' 10-max Seat #8 is the button
Seat 1: xywz089 ($135.42 in chips)
Seat 8: VolkovDmitri ($210.90 in chips)
VolkovDmitri: posts small blind $1
xywz089: posts big blind $3
*** HOLE CARDS ***
VolkovDmitri: raises $3 to $6
xywz089: calls $3
*** FLOP *** [9c Kd Kh]
xywz089: checks
VolkovDmitri: bets $3
xywz089: calls $3
*** TURN *** [9c Kd Kh] [6d]
xywz089: checks
VolkovDmitri: checks
*** RIVER *** [9c Kd Kh 6d] [Tc]
xywz089: bets $6
VolkovDmitri: folds
Uncalled bet ($6) returned to xywz089
xywz089 collected $17.64 from pot
*** SUMMARY ***
Total pot $18 | Rake $0.36
Board [9c Kd Kh 6d Tc]
Seat 1: xywz089 (big blind) collected ($17.64)
Seat 8: VolkovDmitri (button) (small blind) folded on the River


PokerStars Hand #165715050546:  Hold'em Limit ($3/$6 USD) - 2017/02/05 7:39:59 ET
Table 'Hameenlinna' 10-max Seat #1 is the button
Seat 1: xywz089 ($144.06 in chips)
Seat 8: VolkovDmitri ($201.90 in chips)
xywz089: posts small blind $1
VolkovDmitri: posts big blind $3
*** HOLE CARDS ***
xywz089: folds
Uncalled bet ($2) returned to VolkovDmitri
VolkovDmitri collected $2 from pot
VolkovDmitri: doesn't show hand
*** SUMMARY ***
Total pot $2 | Rake $0
Seat 1: xywz089 (button) (small blind) folded before Flop
Seat 8: VolkovDmitri (big blind) collected ($2)


PokerStars Hand #165715055500:  Hold'em Limit ($3/$6 USD) - 2017/02/05 7:40:07 ET
Table 'Hameenlinna' 10-max Seat #8 is the button
Seat 1: xywz089 ($143.06 in chips)
Seat 8: VolkovDmitri ($202.90 in chips)
VolkovDmitri: posts small blind $1
xywz089 is disconnected
xywz089 is connected
xywz089: posts big blind $3
*** HOLE CARDS ***
VolkovDmitri: raises $3 to $6
xywz089: folds
Uncalled bet ($3) returned to VolkovDmitri
VolkovDmitri collected $6 from pot
VolkovDmitri: doesn't show hand
*** SUMMARY ***
Total pot $6 | Rake $0
Seat 1: xywz089 (big blind) folded before Flop
Seat 8: VolkovDmitri (button) (small blind) collected ($6)


PokerStars Hand #165715072856:  Hold'em Limit ($3/$6 USD) - 2017/02/05 7:40:34 ET
Table 'Hameenlinna' 10-max Seat #1 is the button
Seat 1: xywz089 ($140.06 in chips)
Seat 8: VolkovDmitri ($205.90 in chips)
xywz089: posts small blind $1
VolkovDmitri: posts big blind $3
*** HOLE CARDS ***
xywz089: raises $3 to $6
VolkovDmitri: calls $3
*** FLOP *** [Qc Ts 2h]
VolkovDmitri: checks
xywz089: checks
*** TURN *** [Qc Ts 2h] [Kh]
VolkovDmitri: checks
xywz089: bets $6
VolkovDmitri: folds
Uncalled bet ($6) returned to xywz089
xywz089 collected $11.76 from pot
*** SUMMARY ***
Total pot $12 | Rake $0.24
Board [Qc Ts 2h Kh]
Seat 1: xywz089 (button) (small blind) collected ($11.76)
Seat 8: VolkovDmitri (big blind) folded on the Turn


PokerStars Hand #165715091314:  Hold'em Limit ($3/$6 USD) - 2017/02/05 7:41:02 ET
Table 'Hameenlinna' 10-max Seat #8 is the button
Seat 1: xywz089 ($145.82 in chips)
Seat 8: VolkovDmitri ($199.90 in chips)
VolkovDmitri: posts small blind $1
xywz089: posts big blind $3
*** HOLE CARDS ***
VolkovDmitri: folds
Uncalled bet ($2) returned to xywz089
xywz089 collected $2 from pot
*** SUMMARY ***
Total pot $2 | Rake $0
Seat 1: xywz089 (big blind) collected ($2)
Seat 8: VolkovDmitri (button) (small blind) folded before Flop


PokerStars Hand #165715117855:  Hold'em Limit ($3/$6 USD) - 2017/02/05 7:41:43 ET
Table 'Hameenlinna' 10-max Seat #8 is the button
Seat 1: xywz089 ($131.82 in chips)
Seat 8: VolkovDmitri ($213.40 in chips)
VolkovDmitri: posts small blind $1
xywz089: posts big blind $3
*** HOLE CARDS ***
VolkovDmitri: raises $3 to $6
xywz089: raises $3 to $9
VolkovDmitri: calls $3
*** FLOP *** [5h Jd Qd]
xywz089: bets $3
VolkovDmitri: calls $3
*** TURN *** [5h Jd Qd] [Kc]
xywz089: bets $6
VolkovDmitri: calls $6
*** RIVER *** [5h Jd Qd Kc] [5s]
xywz089: bets $6
VolkovDmitri: calls $6
*** SHOW DOWN ***
xywz089: shows [Qh 8s] (two pair, Queens and Fives)
VolkovDmitri: shows [Qc 3d] (two pair, Queens and Fives)
xywz089 collected $23.75 from pot
VolkovDmitri collected $23.75 from pot
*** SUMMARY ***
Total pot $48 | Rake $0.50
Board [5h Jd Qd Kc 5s]
Seat 1: xywz089 (big blind) showed [Qh 8s] and won ($23.75) with two pair, Queens and Fives
Seat 8: VolkovDmitri (button) (small blind) showed [Qc 3d] and won ($23.75) with two pair, Queens and Fives


PokerStars Hand #165715141980:  Hold'em Limit ($3/$6 USD) - 2017/02/05 7:42:20 ET
Table 'Hameenlinna' 10-max Seat #1 is the button
Seat 1: xywz089 ($131.57 in chips)
Seat 8: VolkovDmitri ($213.15 in chips)
xywz089: posts small blind $1
VolkovDmitri: posts big blind $3
*** HOLE CARDS ***
xywz089: folds
Uncalled bet ($2) returned to VolkovDmitri
VolkovDmitri collected $2 from pot
VolkovDmitri: doesn't show hand
*** SUMMARY ***
Total pot $2 | Rake $0
Seat 1: xywz089 (button) (small blind) folded before Flop
Seat 8: VolkovDmitri (big blind) collected ($2)


PokerStars Hand #165715097591:  Hold'em Limit ($3/$6 USD) - 2017/02/05 7:41:12 ET
Table 'Hameenlinna' 10-max Seat #1 is the button
Seat 1: xywz089 ($146.82 in chips)
Seat 8: VolkovDmitri ($198.90 in chips)
xywz089: posts small blind $1
VolkovDmitri: posts big blind $3
*** HOLE CARDS ***
xywz089: calls $2
VolkovDmitri: raises $3 to $6
xywz089: calls $3
*** FLOP *** [Jc 5s Qd]
VolkovDmitri: bets $3
xywz089: calls $3
*** TURN *** [Jc 5s Qd] [6d]
VolkovDmitri: bets $6
xywz089: calls $6
*** RIVER *** [Jc 5s Qd 6d] [6h]
VolkovDmitri: bets $6
xywz089: folds
Uncalled bet ($6) returned to VolkovDmitri
VolkovDmitri collected $29.50 from pot
VolkovDmitri: doesn't show hand
*** SUMMARY ***
Total pot $30 | Rake $0.50
Board [Jc 5s Qd 6d 6h]
Seat 1: xywz089 (button) (small blind) folded on the River
Seat 8: VolkovDmitri (big blind) collected ($29.50)


PokerStars Hand #165715145335:  Hold'em Limit ($3/$6 USD) - 2017/02/05 7:42:26 ET
Table 'Hameenlinna' 10-max Seat #8 is the button
Seat 1: xywz089 ($130.57 in chips)
Seat 8: VolkovDmitri ($214.15 in chips)
VolkovDmitri: posts small blind $1
xywz089: posts big blind $3
*** HOLE CARDS ***
VolkovDmitri: raises $3 to $6
xywz089: raises $3 to $9
VolkovDmitri: raises $3 to $12
Betting is capped
xywz089: calls $3
*** FLOP *** [Qs 7d Qc]
xywz089: checks
VolkovDmitri: bets $3
xywz089: calls $3
*** TURN *** [Qs 7d Qc] [As]
xywz089: checks
VolkovDmitri: checks
*** RIVER *** [Qs 7d Qc As] [9h]
xywz089: bets $6
VolkovDmitri: calls $6
*** SHOW DOWN ***
xywz089: shows [8h Ac] (two pair, Aces and Queens)
VolkovDmitri: mucks hand
xywz089 collected $41.50 from pot
*** SUMMARY ***
Total pot $42 | Rake $0.50
Board [Qs 7d Qc As 9h]
Seat 1: xywz089 (big blind) showed [8h Ac] and won ($41.50) with two pair, Aces and Queens
Seat 8: VolkovDmitri (button) (small blind) mucked


PokerStars Hand #165715165958:  Hold'em Limit ($3/$6 USD) - 2017/02/05 7:42:58 ET
Table 'Hameenlinna' 10-max Seat #1 is the button
Seat 1: xywz089 ($151.07 in chips)
Seat 8: VolkovDmitri ($193.15 in chips)
xywz089: posts small blind $1
VolkovDmitri: posts big blind $3
*** HOLE CARDS ***
xywz089: raises $3 to $6
VolkovDmitri: calls $3
*** FLOP *** [6c 2d Qd]
VolkovDmitri: checks
xywz089: checks
*** TURN *** [6c 2d Qd] [Ks]
VolkovDmitri: bets $6
xywz089: folds
Uncalled bet ($6) returned to VolkovDmitri
VolkovDmitri collected $11.76 from pot
VolkovDmitri: doesn't show hand
*** SUMMARY ***
Total pot $12 | Rake $0.24
Board [6c 2d Qd Ks]
Seat 1: xywz089 (button) (small blind) folded on the Turn
Seat 8: VolkovDmitri (big blind) collected ($11.76)


PokerStars Hand #165715177388:  Hold'em Limit ($3/$6 USD) - 2017/02/05 7:43:15 ET
Table 'Hameenlinna' 10-max Seat #8 is the button
Seat 1: xywz089 ($145.07 in chips)
Seat 8: VolkovDmitri ($198.91 in chips)
VolkovDmitri: posts small blind $1
xywz089: posts big blind $3
*** HOLE CARDS ***
VolkovDmitri: raises $3 to $6
xywz089: calls $3
*** FLOP *** [4c Ah Qc]
xywz089: checks
VolkovDmitri: bets $3
xywz089: raises $3 to $6
VolkovDmitri: folds
Uncalled bet ($3) returned to xywz089
xywz089 collected $17.64 from pot
*** SUMMARY ***
Total pot $18 | Rake $0.36
Board [4c Ah Qc]
Seat 1: xywz089 (big blind) collected ($17.64)
Seat 8: VolkovDmitri (button) (small blind) folded on the Flop


PokerStars Hand #165715187744:  Hold'em Limit ($3/$6 USD) - 2017/02/05 7:43:31 ET
Table 'Hameenlinna' 10-max Seat #1 is the button
Seat 1: xywz089 ($153.71 in chips)
Seat 8: VolkovDmitri ($189.91 in chips)
xywz089: posts small blind $1
VolkovDmitri: posts big blind $3
*** HOLE CARDS ***
xywz089: raises $3 to $6
VolkovDmitri: calls $3
*** FLOP *** [9s 6h 9d]
VolkovDmitri: checks
xywz089: bets $3
VolkovDmitri: folds
Uncalled bet ($3) returned to xywz089
xywz089 collected $11.76 from pot
*** SUMMARY ***
Total pot $12 | Rake $0.24
Board [9s 6h 9d]
Seat 1: xywz089 (button) (small blind) collected ($11.76)
Seat 8: VolkovDmitri (big blind) folded on the Flop


PokerStars Hand #165715197116:  Hold'em Limit ($3/$6 USD) - 2017/02/05 7:43:45 ET
Table 'Hameenlinna' 10-max Seat #8 is the button
Seat 1: xywz089 ($159.47 in chips)
Seat 8: VolkovDmitri ($183.91 in chips)
VolkovDmitri: posts small blind $1
xywz089: posts big blind $3
*** HOLE CARDS ***
VolkovDmitri: raises $3 to $6
xywz089: calls $3
*** FLOP *** [Qs Jc 4h]
xywz089: checks
VolkovDmitri: bets $3
xywz089: calls $3
*** TURN *** [Qs Jc 4h] [6h]
xywz089: checks
VolkovDmitri: bets $6
xywz089: calls $6
*** RIVER *** [Qs Jc 4h 6h] [9c]
xywz089: checks
VolkovDmitri: checks
*** SHOW DOWN ***
xywz089: shows [3s Kc] (high card King)
VolkovDmitri: shows [6c Th] (a pair of Sixes)
VolkovDmitri collected $29.50 from pot
*** SUMMARY ***
Total pot $30 | Rake $0.50
Board [Qs Jc 4h 6h 9c]
Seat 1: xywz089 (big blind) showed [3s Kc] and lost with high card King
Seat 8: VolkovDmitri (button) (small blind) showed [6c Th] and won ($29.50) with a pair of Sixes


PokerStars Hand #165715214201:  Hold'em Limit ($3/$6 USD) - 2017/02/05 7:44:11 ET
Table 'Hameenlinna' 10-max Seat #1 is the button
Seat 1: xywz089 ($144.47 in chips)
Seat 8: VolkovDmitri ($198.41 in chips)
xywz089: posts small blind $1
VolkovDmitri: posts big blind $3
*** HOLE CARDS ***
xywz089: raises $3 to $6
VolkovDmitri: calls $3
*** FLOP *** [7c 2h Jc]
VolkovDmitri: checks
xywz089: bets $3
VolkovDmitri: calls $3
*** TURN *** [7c 2h Jc] [4h]
VolkovDmitri: checks
xywz089: bets $6
VolkovDmitri: folds
Uncalled bet ($6) returned to xywz089
xywz089 collected $17.64 from pot
*** SUMMARY ***
Total pot $18 | Rake $0.36
Board [7c 2h Jc 4h]
Seat 1: xywz089 (button) (small blind) collected ($17.64)
Seat 8: VolkovDmitri (big blind) folded on the Turn


PokerStars Hand #165715234649:  Hold'em Limit ($3/$6 USD) - 2017/02/05 7:44:43 ET
Table 'Hameenlinna' 10-max Seat #1 is the button
Seat 1: xywz089 ($154.11 in chips)
Seat 8: VolkovDmitri ($188.41 in chips)
xywz089: posts small blind $1
VolkovDmitri: posts big blind $3
*** HOLE CARDS ***
xywz089: raises $3 to $6
VolkovDmitri: raises $3 to $9
xywz089: calls $3
*** FLOP *** [5h As Jd]
VolkovDmitri: bets $3
xywz089: raises $3 to $6
VolkovDmitri: raises $3 to $9
xywz089: calls $3
*** TURN *** [5h As Jd] [Qh]
VolkovDmitri: bets $6
xywz089: calls $6
*** RIVER *** [5h As Jd Qh] [Jh]
VolkovDmitri: bets $6
xywz089: folds
Uncalled bet ($6) returned to VolkovDmitri
VolkovDmitri collected $47.50 from pot
VolkovDmitri: doesn't show hand
*** SUMMARY ***
Total pot $48 | Rake $0.50
Board [5h As Jd Qh Jh]
Seat 1: xywz089 (button) (small blind) folded on the River
Seat 8: VolkovDmitri (big blind) collected ($47.50)


PokerStars Hand #165715264967:  Hold'em Limit ($3/$6 USD) - 2017/02/05 7:45:29 ET
Table 'Hameenlinna' 10-max Seat #8 is the button
Seat 1: xywz089 ($130.11 in chips)
Seat 8: VolkovDmitri ($211.91 in chips)
VolkovDmitri: posts small blind $1
xywz089: posts big blind $3
*** HOLE CARDS ***
VolkovDmitri: raises $3 to $6
xywz089: calls $3
*** FLOP *** [3d 3h 8c]
xywz089: checks
VolkovDmitri: bets $3
xywz089: calls $3
*** TURN *** [3d 3h 8c] [Js]
xywz089: checks
VolkovDmitri: bets $6
xywz089: raises $6 to $12
VolkovDmitri: folds
Uncalled bet ($6) returned to xywz089
xywz089 collected $29.50 from pot
*** SUMMARY ***
Total pot $30 | Rake $0.50
Board [3d 3h 8c Js]
Seat 1: xywz089 (big blind) collected ($29.50)
Seat 8: VolkovDmitri (button) (small blind) folded on the Turn


PokerStars Hand #165715305501:  Hold'em Limit ($3/$6 USD) - 2017/02/05 7:46:30 ET
Table 'Hameenlinna' 10-max Seat #1 is the button
Seat 1: xywz089 ($145.36 in chips)
Seat 8: VolkovDmitri ($195.66 in chips)
xywz089: posts small blind $1
VolkovDmitri: posts big blind $3
*** HOLE CARDS ***
xywz089: raises $3 to $6
VolkovDmitri: calls $3
*** FLOP *** [Ts 5d 8h]
VolkovDmitri: checks
xywz089: checks
*** TURN *** [Ts 5d 8h] [5h]
VolkovDmitri: bets $6
xywz089: calls $6
*** RIVER *** [Ts 5d 8h 5h] [Td]
VolkovDmitri: checks
xywz089: checks
*** SHOW DOWN ***
VolkovDmitri: shows [Qd 2d] (two pair, Tens and Fives)
xywz089: shows [2s Ks] (two pair, Tens and Fives - King kicker)
xywz089 collected $23.52 from pot
*** SUMMARY ***
Total pot $24 | Rake $0.48
Board [Ts 5d 8h 5h Td]
Seat 1: xywz089 (button) (small blind) showed [2s Ks] and won ($23.52) with two pair, Tens and Fives
Seat 8: VolkovDmitri (big blind) showed [Qd 2d] and lost with two pair, Tens and Fives


PokerStars Hand #165715323162:  Hold'em Limit ($3/$6 USD) - 2017/02/05 7:46:57 ET
Table 'Hameenlinna' 10-max Seat #8 is the button
Seat 1: xywz089 ($156.88 in chips)
Seat 8: VolkovDmitri ($183.66 in chips)
VolkovDmitri: posts small blind $1
xywz089: posts big blind $3
*** HOLE CARDS ***
VolkovDmitri: raises $3 to $6
xywz089: raises $3 to $9
VolkovDmitri: calls $3
*** FLOP *** [8h Kc Tc]
xywz089 is disconnected
xywz089 is connected
xywz089: bets $3
VolkovDmitri: folds
Uncalled bet ($3) returned to xywz089
xywz089 collected $17.64 from pot
*** SUMMARY ***
Total pot $18 | Rake $0.36
Board [8h Kc Tc]
Seat 1: xywz089 (big blind) collected ($17.64)
Seat 8: VolkovDmitri (button) (small blind) folded on the Flop


PokerStars Hand #165715349146:  Hold'em Limit ($3/$6 USD) - 2017/02/05 7:47:37 ET
Table 'Hameenlinna' 10-max Seat #1 is the button
Seat 1: xywz089 ($165.52 in chips)
Seat 8: VolkovDmitri ($174.66 in chips)
xywz089: posts small blind $1
VolkovDmitri: posts big blind $3
*** HOLE CARDS ***
xywz089: calls $2
VolkovDmitri: raises $3 to $6
xywz089: calls $3
*** FLOP *** [Qh 9c 5s]
VolkovDmitri: bets $3
xywz089: calls $3
*** TURN *** [Qh 9c 5s] [Ts]
VolkovDmitri: bets $6
xywz089: calls $6
*** RIVER *** [Qh 9c 5s Ts] [Tc]
VolkovDmitri: bets $6
xywz089 is disconnected
xywz089 is connected
xywz089: calls $6
*** SHOW DOWN ***
VolkovDmitri: shows [9s Td] (a full house, Tens full of Nines)
xywz089: mucks hand
VolkovDmitri collected $41.50 from pot
*** SUMMARY ***
Total pot $42 | Rake $0.50
Board [Qh 9c 5s Ts Tc]
Seat 1: xywz089 (button) (small blind) mucked
Seat 8: VolkovDmitri (big blind) showed [9s Td] and won ($41.50) with a full house, Tens full of Nines


PokerStars Hand #165715412163:  Hold'em Limit ($3/$6 USD) - 2017/02/05 7:49:13 ET
Table 'Hameenlinna' 10-max Seat #8 is the button
Seat 1: xywz089 ($176.54 in chips)
Seat 8: VolkovDmitri ($162.16 in chips)
VolkovDmitri: posts small blind $1
xywz089: posts big blind $3
*** HOLE CARDS ***
VolkovDmitri: raises $3 to $6
xywz089: calls $3
*** FLOP *** [8c Kc 4d]
xywz089: checks
VolkovDmitri: bets $3
xywz089: raises $3 to $6
VolkovDmitri: calls $3
*** TURN *** [8c Kc 4d] [5d]
xywz089: bets $6
VolkovDmitri: folds
Uncalled bet ($6) returned to xywz089
xywz089 collected $23.52 from pot
*** SUMMARY ***
Total pot $24 | Rake $0.48
Board [8c Kc 4d 5d]
Seat 1: xywz089 (big blind) collected ($23.52)
Seat 8: VolkovDmitri (button) (small blind) folded on the Turn


PokerStars Hand #165715394128:  Hold'em Limit ($3/$6 USD) - 2017/02/05 7:48:46 ET
Table 'Hameenlinna' 10-max Seat #1 is the button
Seat 1: xywz089 ($165.02 in chips)
Seat 8: VolkovDmitri ($174.16 in chips)
xywz089: posts small blind $1
VolkovDmitri: posts big blind $3
*** HOLE CARDS ***
xywz089: calls $2
VolkovDmitri: checks
*** FLOP *** [Ks 7d 2d]
VolkovDmitri: bets $3
xywz089: calls $3
*** TURN *** [Ks 7d 2d] [8h]
VolkovDmitri: checks
xywz089: bets $6
VolkovDmitri: calls $6
*** RIVER *** [Ks 7d 2d 8h] [Kh]
VolkovDmitri: checks
xywz089: checks
*** SHOW DOWN ***
VolkovDmitri: shows [9s 2c] (two pair, Kings and Deuces)
xywz089: shows [5d 7c] (two pair, Kings and Sevens)
xywz089 collected $23.52 from pot
*** SUMMARY ***
Total pot $24 | Rake $0.48
Board [Ks 7d 2d 8h Kh]
Seat 1: xywz089 (button) (small blind) showed [5d 7c] and won ($23.52) with two pair, Kings and Sevens
Seat 8: VolkovDmitri (big blind) showed [9s 2c] and lost with two pair, Kings and Deuces


PokerStars Hand #165715380173:  Hold'em Limit ($3/$6 USD) - 2017/02/05 7:48:24 ET
Table 'Hameenlinna' 10-max Seat #8 is the button
Seat 1: xywz089 ($144.52 in chips)
Seat 8: VolkovDmitri ($195.16 in chips)
VolkovDmitri: posts small blind $1
xywz089: posts big blind $3
*** HOLE CARDS ***
VolkovDmitri: raises $3 to $6
xywz089: calls $3
*** FLOP *** [Td Ts 4h]
xywz089: bets $3
VolkovDmitri: calls $3
*** TURN *** [Td Ts 4h] [Ah]
xywz089: bets $6
VolkovDmitri: raises $6 to $12
xywz089: raises $6 to $18
VolkovDmitri: folds
Uncalled bet ($6) returned to xywz089
xywz089 collected $41.50 from pot
*** SUMMARY ***
Total pot $42 | Rake $0.50
Board [Td Ts 4h Ah]
Seat 1: xywz089 (big blind) collected ($41.50)
Seat 8: VolkovDmitri (button) (small blind) folded on the Turn


PokerStars Hand #165715451374:  Hold'em Limit ($3/$6 USD) - 2017/02/05 7:50:12 ET
Table 'Hameenlinna' 10-max Seat #8 is the button
Seat 1: xywz089 ($205.56 in chips)
Seat 8: VolkovDmitri ($132.16 in chips)
VolkovDmitri: posts small blind $1
xywz089: posts big blind $3
*** HOLE CARDS ***
VolkovDmitri: raises $3 to $6
xywz089: calls $3
*** FLOP *** [4c 2s Td]
xywz089: checks
VolkovDmitri: bets $3
xywz089: calls $3
*** TURN *** [4c 2s Td] [4s]
xywz089: checks
VolkovDmitri: checks
*** RIVER *** [4c 2s Td 4s] [2h]
xywz089: checks
VolkovDmitri: checks
*** SHOW DOWN ***
xywz089: shows [Qh 6h] (two pair, Fours and Deuces)
VolkovDmitri: mucks hand
xywz089 collected $17.64 from pot
*** SUMMARY ***
Total pot $18 | Rake $0.36
Board [4c 2s Td 4s 2h]
Seat 1: xywz089 (big blind) showed [Qh 6h] and won ($17.64) with two pair, Fours and Deuces
Seat 8: VolkovDmitri (button) (small blind) mucked


PokerStars Hand #165715431242:  Hold'em Limit ($3/$6 USD) - 2017/02/05 7:49:42 ET
Table 'Hameenlinna' 10-max Seat #1 is the button
Seat 1: xywz089 ($188.06 in chips)
Seat 8: VolkovDmitri ($150.16 in chips)
xywz089: posts small blind $1
VolkovDmitri: posts big blind $3
*** HOLE CARDS ***
xywz089: raises $3 to $6
VolkovDmitri: raises $3 to $9
xywz089: calls $3
*** FLOP *** [Ts Ks 2c]
VolkovDmitri: bets $3
xywz089: calls $3
*** TURN *** [Ts Ks 2c] [8c]
VolkovDmitri: checks
xywz089: bets $6
VolkovDmitri: calls $6
*** RIVER *** [Ts Ks 2c 8c] [9h]
VolkovDmitri: checks
xywz089: bets $6
VolkovDmitri: folds
Uncalled bet ($6) returned to xywz089
xywz089 collected $35.50 from pot
*** SUMMARY ***
Total pot $36 | Rake $0.50
Board [Ts Ks 2c 8c 9h]
Seat 1: xywz089 (button) (small blind) collected ($35.50)
Seat 8: VolkovDmitri (big blind) folded on the River


PokerStars Hand #165715466970:  Hold'em Limit ($3/$6 USD) - 2017/02/05 7:50:36 ET
Table 'Hameenlinna' 10-max Seat #1 is the button
Seat 1: xywz089 ($214.20 in chips)
Seat 8: VolkovDmitri ($123.16 in chips)
xywz089: posts small blind $1
VolkovDmitri: posts big blind $3
*** HOLE CARDS ***
xywz089: raises $3 to $6
VolkovDmitri: calls $3
*** FLOP *** [5s Th 2h]
VolkovDmitri: checks
xywz089: bets $3
VolkovDmitri: calls $3
*** TURN *** [5s Th 2h] [2s]
VolkovDmitri: checks
xywz089: bets $6
VolkovDmitri: calls $6
*** RIVER *** [5s Th 2h 2s] [Kc]
VolkovDmitri: checks
xywz089 is disconnected
xywz089 is connected
xywz089: checks
*** SHOW DOWN ***
VolkovDmitri: shows [8h Ad] (a pair of Deuces)
xywz089: shows [8s Td] (two pair, Tens and Deuces)
xywz089 collected $29.50 from pot
*** SUMMARY ***
Total pot $30 | Rake $0.50
Board [5s Th 2h 2s Kc]
Seat 1: xywz089 (button) (small blind) showed [8s Td] and won ($29.50) with two pair, Tens and Deuces
Seat 8: VolkovDmitri (big blind) showed [8h Ad] and lost with a pair of Deuces


PokerStars Hand #165715500844:  Hold'em Limit ($3/$6 USD) - 2017/02/05 7:51:27 ET
Table 'Hameenlinna' 10-max Seat #1 is the button
Seat 1: xywz089 ($229.70 in chips)
Seat 8: VolkovDmitri ($120 in chips)
xywz089: posts small blind $1
VolkovDmitri: posts big blind $3
*** HOLE CARDS ***
xywz089: calls $2
VolkovDmitri: raises $3 to $6
xywz089: calls $3
*** FLOP *** [Th Ah 2s]
VolkovDmitri: bets $3
xywz089: calls $3
*** TURN *** [Th Ah 2s] [3c]
VolkovDmitri: checks
xywz089: bets $6
VolkovDmitri: calls $6
*** RIVER *** [Th Ah 2s 3c] [5h]
VolkovDmitri: checks
xywz089: checks
*** SHOW DOWN ***
VolkovDmitri: shows [3h Ks] (a pair of Threes)
xywz089: mucks hand
VolkovDmitri collected $29.50 from pot
*** SUMMARY ***
Total pot $30 | Rake $0.50
Board [Th Ah 2s 3c 5h]
Seat 1: xywz089 (button) (small blind) mucked
Seat 8: VolkovDmitri (big blind) showed [3h Ks] and won ($29.50) with a pair of Threes


PokerStars Hand #165715517457:  Hold'em Limit ($3/$6 USD) - 2017/02/05 7:51:52 ET
Table 'Hameenlinna' 10-max Seat #8 is the button
Seat 1: xywz089 ($214.70 in chips)
Seat 8: VolkovDmitri ($134.50 in chips)
VolkovDmitri: posts small blind $1
xywz089: posts big blind $3
*** HOLE CARDS ***
VolkovDmitri: folds
Uncalled bet ($2) returned to xywz089
xywz089 collected $2 from pot
*** SUMMARY ***
Total pot $2 | Rake $0
Seat 1: xywz089 (big blind) collected ($2)
Seat 8: VolkovDmitri (button) (small blind) folded before Flop


PokerStars Hand #165715522151:  Hold'em Limit ($3/$6 USD) - 2017/02/05 7:51:59 ET
Table 'Hameenlinna' 10-max Seat #1 is the button
Seat 1: xywz089 ($215.70 in chips)
Seat 8: VolkovDmitri ($133.50 in chips)
xywz089: posts small blind $1
VolkovDmitri: posts big blind $3
*** HOLE CARDS ***
xywz089: calls $2
VolkovDmitri: raises $3 to $6
xywz089: raises $3 to $9
VolkovDmitri: calls $3
*** FLOP *** [Th 2h 3s]
VolkovDmitri: checks
xywz089: checks
*** TURN *** [Th 2h 3s] [7c]
VolkovDmitri: bets $6
xywz089: calls $6
*** RIVER *** [Th 2h 3s 7c] [Jd]
VolkovDmitri: checks
xywz089: checks
*** SHOW DOWN ***
VolkovDmitri: shows [6s 8h] (high card Jack)
xywz089: shows [Ac Kc] (high card Ace)
xywz089 collected $29.50 from pot
*** SUMMARY ***
Total pot $30 | Rake $0.50
Board [Th 2h 3s 7c Jd]
Seat 1: xywz089 (button) (small blind) showed [Ac Kc] and won ($29.50) with high card Ace
Seat 8: VolkovDmitri (big blind) showed [6s 8h] and lost with high card Jack


PokerStars Hand #165715565382:  Hold'em Limit ($3/$6 USD) - 2017/02/05 7:53:04 ET
Table 'Hameenlinna' 10-max Seat #1 is the button
Seat 1: xywz089 ($238.84 in chips)
Seat 8: VolkovDmitri ($120 in chips)
xywz089: posts small blind $1
VolkovDmitri: posts big blind $3
*** HOLE CARDS ***
xywz089: calls $2
VolkovDmitri: raises $3 to $6
xywz089: calls $3
*** FLOP *** [Kc 7d Kd]
VolkovDmitri: bets $3
xywz089: folds
Uncalled bet ($3) returned to VolkovDmitri
VolkovDmitri collected $11.76 from pot
VolkovDmitri: doesn't show hand
*** SUMMARY ***
Total pot $12 | Rake $0.24
Board [Kc 7d Kd]
Seat 1: xywz089 (button) (small blind) folded on the Flop
Seat 8: VolkovDmitri (big blind) collected ($11.76)


PokerStars Hand #165715547508:  Hold'em Limit ($3/$6 USD) - 2017/02/05 7:52:38 ET
Table 'Hameenlinna' 10-max Seat #8 is the button
Seat 1: xywz089 ($230.20 in chips)
Seat 8: VolkovDmitri ($120 in chips)
VolkovDmitri: posts small blind $1
xywz089: posts big blind $3
*** HOLE CARDS ***
VolkovDmitri: raises $3 to $6
xywz089: raises $3 to $9
VolkovDmitri: calls $3
*** FLOP *** [5s 9c 7s]
xywz089: bets $3
VolkovDmitri: folds
Uncalled bet ($3) returned to xywz089
xywz089 collected $17.64 from pot
*** SUMMARY ***
Total pot $18 | Rake $0.36
Board [5s 9c 7s]
Seat 1: xywz089 (big blind) collected ($17.64)
Seat 8: VolkovDmitri (button) (small blind) folded on the Flop


PokerStars Hand #165715578977:  Hold'em Limit ($3/$6 USD) - 2017/02/05 7:53:25 ET
Table 'Hameenlinna' 10-max Seat #8 is the button
Seat 1: xywz089 ($232.84 in chips)
Seat 8: VolkovDmitri ($125.76 in chips)
VolkovDmitri: posts small blind $1
xywz089: posts big blind $3
*** HOLE CARDS ***
VolkovDmitri: raises $3 to $6
xywz089: raises $3 to $9
VolkovDmitri: calls $3
*** FLOP *** [4c 3c 7d]
xywz089: bets $3
VolkovDmitri: raises $3 to $6
xywz089: raises $3 to $9
VolkovDmitri: calls $3
*** TURN *** [4c 3c 7d] [6h]
xywz089: bets $6
VolkovDmitri: raises $6 to $12
xywz089: calls $6
*** RIVER *** [4c 3c 7d 6h] [4d]
xywz089: checks
VolkovDmitri: bets $6
xywz089: calls $6
*** SHOW DOWN ***
VolkovDmitri: shows [7s 5h] (a straight, Three to Seven)
xywz089: shows [Qh Qs] (two pair, Queens and Fours)
VolkovDmitri collected $71.50 from pot
*** SUMMARY ***
Total pot $72 | Rake $0.50
Board [4c 3c 7d 6h 4d]
Seat 1: xywz089 (big blind) showed [Qh Qs] and lost with two pair, Queens and Fours
Seat 8: VolkovDmitri (button) (small blind) showed [7s 5h] and won ($71.50) with a straight, Three to Seven


PokerStars Hand #165715601371:  Hold'em Limit ($3/$6 USD) - 2017/02/05 7:53:59 ET
Table 'Hameenlinna' 10-max Seat #1 is the button
Seat 1: xywz089 ($196.84 in chips)
Seat 8: VolkovDmitri ($161.26 in chips)
xywz089: posts small blind $1
VolkovDmitri: posts big blind $3
*** HOLE CARDS ***
xywz089: raises $3 to $6
VolkovDmitri: calls $3
*** FLOP *** [2h 5c 4c]
VolkovDmitri: checks
xywz089: bets $3
VolkovDmitri: raises $3 to $6
xywz089: calls $3
*** TURN *** [2h 5c 4c] [Kc]
VolkovDmitri: bets $6
xywz089: folds
Uncalled bet ($6) returned to VolkovDmitri
VolkovDmitri collected $23.52 from pot
VolkovDmitri: doesn't show hand
*** SUMMARY ***
Total pot $24 | Rake $0.48
Board [2h 5c 4c Kc]
Seat 1: xywz089 (button) (small blind) folded on the Turn
Seat 8: VolkovDmitri (big blind) collected ($23.52)


PokerStars Hand #165715634881:  Hold'em Limit ($3/$6 USD) - 2017/02/05 7:54:49 ET
Table 'Hameenlinna' 10-max Seat #1 is the button
Seat 1: xywz089 ($193.48 in chips)
Seat 8: VolkovDmitri ($163.78 in chips)
xywz089: posts small blind $1
VolkovDmitri: posts big blind $3
*** HOLE CARDS ***
xywz089: raises $3 to $6
VolkovDmitri: raises $3 to $9
xywz089: calls $3
*** FLOP *** [Kc 7s 4d]
VolkovDmitri: bets $3
xywz089: calls $3
*** TURN *** [Kc 7s 4d] [6c]
VolkovDmitri: bets $6
xywz089: calls $6
*** RIVER *** [Kc 7s 4d 6c] [6d]
VolkovDmitri: bets $6
xywz089: raises $6 to $12
VolkovDmitri: calls $6
*** SHOW DOWN ***
xywz089: shows [6s 9s] (three of a kind, Sixes)
VolkovDmitri: mucks hand
xywz089 collected $59.50 from pot
*** SUMMARY ***
Total pot $60 | Rake $0.50
Board [Kc 7s 4d 6c 6d]
Seat 1: xywz089 (button) (small blind) showed [6s 9s] and won ($59.50) with three of a kind, Sixes
Seat 8: VolkovDmitri (big blind) mucked


PokerStars Hand #165715621199:  Hold'em Limit ($3/$6 USD) - 2017/02/05 7:54:29 ET
Table 'Hameenlinna' 10-max Seat #8 is the button
Seat 1: xywz089 ($184.84 in chips)
Seat 8: VolkovDmitri ($172.78 in chips)
VolkovDmitri: posts small blind $1
xywz089: posts big blind $3
*** HOLE CARDS ***
VolkovDmitri: raises $3 to $6
xywz089: calls $3
*** FLOP *** [Ts 2s 5d]
xywz089: checks
VolkovDmitri: bets $3
xywz089: calls $3
*** TURN *** [Ts 2s 5d] [4c]
xywz089: checks
VolkovDmitri: checks
*** RIVER *** [Ts 2s 5d 4c] [9s]
xywz089: bets $6
VolkovDmitri: folds
Uncalled bet ($6) returned to xywz089
xywz089 collected $17.64 from pot
*** SUMMARY ***
Total pot $18 | Rake $0.36
Board [Ts 2s 5d 4c 9s]
Seat 1: xywz089 (big blind) collected ($17.64)
Seat 8: VolkovDmitri (button) (small blind) folded on the River


PokerStars Hand #165715683799:  Hold'em Limit ($3/$6 USD) - 2017/02/05 7:56:10 ET
Table 'Hameenlinna' 10-max Seat #8 is the button
Seat 1: xywz089 ($231.38 in chips)
Seat 8: VolkovDmitri ($124.54 in chips)
VolkovDmitri: posts small blind $1
xywz089: posts big blind $3
*** HOLE CARDS ***
VolkovDmitri: raises $3 to $6
xywz089: calls $3
*** FLOP *** [5s As 6h]
xywz089: checks
VolkovDmitri: bets $3
xywz089: folds
Uncalled bet ($3) returned to VolkovDmitri
VolkovDmitri collected $11.76 from pot
VolkovDmitri: doesn't show hand
*** SUMMARY ***
Total pot $12 | Rake $0.24
Board [5s As 6h]
Seat 1: xywz089 (big blind) folded on the Flop
Seat 8: VolkovDmitri (button) (small blind) collected ($11.76)


PokerStars Hand #165715659549:  Hold'em Limit ($3/$6 USD) - 2017/02/05 7:55:28 ET
Table 'Hameenlinna' 10-max Seat #8 is the button
Seat 1: xywz089 ($222.98 in chips)
Seat 8: VolkovDmitri ($133.78 in chips)
VolkovDmitri: posts small blind $1
xywz089: posts big blind $3
*** HOLE CARDS ***
VolkovDmitri: raises $3 to $6
xywz089: raises $3 to $9
VolkovDmitri: calls $3
*** FLOP *** [6d 2d 3d]
xywz089: checks
VolkovDmitri: bets $3
xywz089: calls $3
*** TURN *** [6d 2d 3d] [Ad]
xywz089: checks
VolkovDmitri: checks
*** RIVER *** [6d 2d 3d Ad] [8d]
xywz089: checks
VolkovDmitri: checks
*** SHOW DOWN ***
xywz089: shows [9h As] (a flush, Ace high)
VolkovDmitri: shows [2h 5h] (a flush, Ace high)
xywz089 collected $11.76 from pot
VolkovDmitri collected $11.76 from pot
*** SUMMARY ***
Total pot $24 | Rake $0.48
Board [6d 2d 3d Ad 8d]
Seat 1: xywz089 (big blind) showed [9h As] and won ($11.76) with a flush, Ace high
Seat 8: VolkovDmitri (button) (small blind) showed [2h 5h] and won ($11.76) with a flush, Ace high


PokerStars Hand #165715675028:  Hold'em Limit ($3/$6 USD) - 2017/02/05 7:55:55 ET
Table 'Hameenlinna' 10-max Seat #1 is the button
Seat 1: xywz089 ($222.74 in chips)
Seat 8: VolkovDmitri ($133.54 in chips)
xywz089: posts small blind $1
VolkovDmitri: posts big blind $3
*** HOLE CARDS ***
xywz089: calls $2
VolkovDmitri: raises $3 to $6
xywz089: raises $3 to $9
VolkovDmitri: calls $3
*** FLOP *** [3h 8d Kc]
VolkovDmitri: checks
xywz089: bets $3
VolkovDmitri: folds
Uncalled bet ($3) returned to xywz089
xywz089 collected $17.64 from pot
*** SUMMARY ***
Total pot $18 | Rake $0.36
Board [3h 8d Kc]
Seat 1: xywz089 (button) (small blind) collected ($17.64)
Seat 8: VolkovDmitri (big blind) folded on the Flop


PokerStars Hand #165715695961:  Hold'em Limit ($3/$6 USD) - 2017/02/05 7:56:30 ET
Table 'Hameenlinna' 10-max Seat #1 is the button
Seat 1: xywz089 ($225.38 in chips)
Seat 8: VolkovDmitri ($130.30 in chips)
xywz089: posts small blind $1
VolkovDmitri: posts big blind $3
*** HOLE CARDS ***
xywz089: raises $3 to $6
VolkovDmitri: raises $3 to $9
xywz089: calls $3
*** FLOP *** [5s 2c 8d]
VolkovDmitri: bets $3
xywz089: raises $3 to $6
VolkovDmitri: calls $3
*** TURN *** [5s 2c 8d] [As]
VolkovDmitri: checks
xywz089: checks
*** RIVER *** [5s 2c 8d As] [8c]
VolkovDmitri: checks
xywz089: bets $6
VolkovDmitri: calls $6
*** SHOW DOWN ***
xywz089: shows [5h Th] (two pair, Eights and Fives)
VolkovDmitri: mucks hand
xywz089 collected $41.50 from pot
*** SUMMARY ***
Total pot $42 | Rake $0.50
Board [5s 2c 8d As 8c]
Seat 1: xywz089 (button) (small blind) showed [5h Th] and won ($41.50) with two pair, Eights and Fives
Seat 8: VolkovDmitri (big blind) mucked


PokerStars Hand #165715711424:  Hold'em Limit ($3/$6 USD) - 2017/02/05 7:56:57 ET
Table 'Hameenlinna' 10-max Seat #8 is the button
Seat 1: xywz089 ($245.88 in chips)
Seat 8: VolkovDmitri ($120 in chips)
VolkovDmitri: posts small blind $1
xywz089: posts big blind $3
*** HOLE CARDS ***
VolkovDmitri: raises $3 to $6
xywz089 is disconnected
xywz089 is connected
xywz089: calls $3
*** FLOP *** [Ad 7c 7h]
xywz089: checks
VolkovDmitri: bets $3
xywz089: calls $3
*** TURN *** [Ad 7c 7h] [Ah]
xywz089: checks
VolkovDmitri: checks
*** RIVER *** [Ad 7c 7h Ah] [6h]
xywz089: bets $6
VolkovDmitri: folds
Uncalled bet ($6) returned to xywz089
xywz089 collected $17.64 from pot
*** SUMMARY ***
Total pot $18 | Rake $0.36
Board [Ad 7c 7h Ah 6h]
Seat 1: xywz089 (big blind) collected ($17.64)
Seat 8: VolkovDmitri (button) (small blind) folded on the River


PokerStars Hand #165715743187:  Hold'em Limit ($3/$6 USD) - 2017/02/05 7:57:51 ET
Table 'Hameenlinna' 10-max Seat #1 is the button
Seat 1: xywz089 ($254.52 in chips)
Seat 8: VolkovDmitri ($120 in chips)
xywz089: posts small blind $1
VolkovDmitri: posts big blind $3
*** HOLE CARDS ***
xywz089: raises $3 to $6
VolkovDmitri: folds
Uncalled bet ($3) returned to xywz089
xywz089 collected $6 from pot
*** SUMMARY ***
Total pot $6 | Rake $0
Seat 1: xywz089 (button) (small blind) collected ($6)
Seat 8: VolkovDmitri (big blind) folded before Flop


PokerStars Hand #165715747276:  Hold'em Limit ($3/$6 USD) - 2017/02/05 7:57:58 ET
Table 'Hameenlinna' 10-max Seat #8 is the button
Seat 1: xywz089 ($257.52 in chips)
Seat 8: VolkovDmitri ($120 in chips)
VolkovDmitri: posts small blind $1
xywz089: posts big blind $3
*** HOLE CARDS ***
VolkovDmitri: raises $3 to $6
xywz089: calls $3
*** FLOP *** [7s Tc 7d]
xywz089: checks
VolkovDmitri: bets $3
xywz089: calls $3
*** TURN *** [7s Tc 7d] [3c]
xywz089: checks
VolkovDmitri: checks
*** RIVER *** [7s Tc 7d 3c] [6d]
xywz089: checks
VolkovDmitri: checks
*** SHOW DOWN ***
xywz089: shows [Ah 5s] (a pair of Sevens)
VolkovDmitri: mucks hand
xywz089 collected $17.64 from pot
*** SUMMARY ***
Total pot $18 | Rake $0.36
Board [7s Tc 7d 3c 6d]
Seat 1: xywz089 (big blind) showed [Ah 5s] and won ($17.64) with a pair of Sevens
Seat 8: VolkovDmitri (button) (small blind) mucked


PokerStars Hand #165715785220:  Hold'em Limit ($3/$6 USD) - 2017/02/05 7:59:03 ET
Table 'Hameenlinna' 10-max Seat #1 is the button
Seat 1: xywz089 ($236.16 in chips)
Seat 8: VolkovDmitri ($152.50 in chips)
xywz089: posts small blind $1
VolkovDmitri: posts big blind $3
*** HOLE CARDS ***
xywz089: raises $3 to $6
VolkovDmitri: calls $3
*** FLOP *** [3h 3d 5c]
VolkovDmitri: checks
xywz089: bets $3
VolkovDmitri: calls $3
*** TURN *** [3h 3d 5c] [2c]
VolkovDmitri: checks
xywz089: bets $6
VolkovDmitri: folds
Uncalled bet ($6) returned to xywz089
xywz089 collected $17.64 from pot
*** SUMMARY ***
Total pot $18 | Rake $0.36
Board [3h 3d 5c 2c]
Seat 1: xywz089 (button) (small blind) collected ($17.64)
Seat 8: VolkovDmitri (big blind) folded on the Turn


PokerStars Hand #165715767716:  Hold'em Limit ($3/$6 USD) - 2017/02/05 7:58:33 ET
Table 'Hameenlinna' 10-max Seat #8 is the button
Seat 1: xywz089 ($269.16 in chips)
Seat 8: VolkovDmitri ($120 in chips)
VolkovDmitri: posts small blind $1
xywz089: posts big blind $3
*** HOLE CARDS ***
VolkovDmitri: raises $3 to $6
xywz089: calls $3
*** FLOP *** [9c 5s 7h]
xywz089: bets $3
VolkovDmitri: calls $3
*** TURN *** [9c 5s 7h] [2s]
xywz089: bets $6
VolkovDmitri: raises $6 to $12
xywz089: calls $6
*** RIVER *** [9c 5s 7h 2s] [9h]
xywz089: bets $6
VolkovDmitri: raises $6 to $12
xywz089: calls $6
*** SHOW DOWN ***
VolkovDmitri: shows [2c 2d] (a full house, Deuces full of Nines)
xywz089: shows [7c Tc] (two pair, Nines and Sevens)
VolkovDmitri collected $65.50 from pot
*** SUMMARY ***
Total pot $66 | Rake $0.50
Board [9c 5s 7h 2s 9h]
Seat 1: xywz089 (big blind) showed [7c Tc] and lost with two pair, Nines and Sevens
Seat 8: VolkovDmitri (button) (small blind) showed [2c 2d] and won ($65.50) with a full house, Deuces full of Nines


PokerStars Hand #165715804162:  Hold'em Limit ($3/$6 USD) - 2017/02/05 7:59:35 ET
Table 'Hameenlinna' 10-max Seat #8 is the button
Seat 1: xywz089 ($244.80 in chips)
Seat 8: VolkovDmitri ($143.50 in chips)
VolkovDmitri: posts small blind $1
xywz089: posts big blind $3
*** HOLE CARDS ***
VolkovDmitri: folds
Uncalled bet ($2) returned to xywz089
xywz089 collected $2 from pot
*** SUMMARY ***
Total pot $2 | Rake $0
Seat 1: xywz089 (big blind) collected ($2)
Seat 8: VolkovDmitri (button) (small blind) folded before Flop


PokerStars Hand #165715808796:  Hold'em Limit ($3/$6 USD) - 2017/02/05 7:59:43 ET
Table 'Hameenlinna' 10-max Seat #1 is the button
Seat 1: xywz089 ($245.80 in chips)
Seat 8: VolkovDmitri ($142.50 in chips)
xywz089: posts small blind $1
VolkovDmitri: posts big blind $3
*** HOLE CARDS ***
xywz089: folds
Uncalled bet ($2) returned to VolkovDmitri
VolkovDmitri collected $2 from pot
VolkovDmitri: doesn't show hand
*** SUMMARY ***
Total pot $2 | Rake $0
Seat 1: xywz089 (button) (small blind) folded before Flop
Seat 8: VolkovDmitri (big blind) collected ($2)


PokerStars Hand #165715812178:  Hold'em Limit ($3/$6 USD) - 2017/02/05 7:59:49 ET
Table 'Hameenlinna' 10-max Seat #8 is the button
Seat 1: xywz089 ($244.80 in chips)
Seat 8: VolkovDmitri ($143.50 in chips)
VolkovDmitri: posts small blind $1
xywz089: posts big blind $3
*** HOLE CARDS ***
VolkovDmitri: raises $3 to $6
xywz089: calls $3
*** FLOP *** [Ad Kh 7h]
xywz089: checks
VolkovDmitri: bets $3
xywz089: raises $3 to $6
VolkovDmitri: folds
Uncalled bet ($3) returned to xywz089
xywz089 collected $17.64 from pot
*** SUMMARY ***
Total pot $18 | Rake $0.36
Board [Ad Kh 7h]
Seat 1: xywz089 (big blind) collected ($17.64)
Seat 8: VolkovDmitri (button) (small blind) folded on the Flop


PokerStars Hand #165715856924:  Hold'em Limit ($3/$6 USD) - 2017/02/05 8:01:01 ET
Table 'Hameenlinna' 10-max Seat #8 is the button
Seat 1: xywz089 ($241.44 in chips)
Seat 8: VolkovDmitri ($146.02 in chips)
VolkovDmitri: posts small blind $1
xywz089: posts big blind $3
*** HOLE CARDS ***
VolkovDmitri: raises $3 to $6
xywz089: folds
Uncalled bet ($3) returned to VolkovDmitri
VolkovDmitri collected $6 from pot
VolkovDmitri: doesn't show hand
*** SUMMARY ***
Total pot $6 | Rake $0
Seat 1: xywz089 (big blind) folded before Flop
Seat 8: VolkovDmitri (button) (small blind) collected ($6)


PokerStars Hand #165715822075:  Hold'em Limit ($3/$6 USD) - 2017/02/05 8:00:05 ET
Table 'Hameenlinna' 10-max Seat #1 is the button
Seat 1: xywz089 ($253.44 in chips)
Seat 8: VolkovDmitri ($134.50 in chips)
xywz089: posts small blind $1
VolkovDmitri: posts big blind $3
*** HOLE CARDS ***
xywz089: raises $3 to $6
VolkovDmitri: raises $3 to $9
xywz089: calls $3
*** FLOP *** [Qs Ts 8d]
VolkovDmitri: bets $3
xywz089: calls $3
*** TURN *** [Qs Ts 8d] [Qh]
VolkovDmitri: checks
xywz089: checks
*** RIVER *** [Qs Ts 8d Qh] [4c]
VolkovDmitri: bets $6
xywz089 is disconnected
xywz089 is connected
xywz089: folds
Uncalled bet ($6) returned to VolkovDmitri
VolkovDmitri collected $23.52 from pot
VolkovDmitri: doesn't show hand
*** SUMMARY ***
Total pot $24 | Rake $0.48
Board [Qs Ts 8d Qh 4c]
Seat 1: xywz089 (button) (small blind) folded on the River
Seat 8: VolkovDmitri (big blind) collected ($23.52)


PokerStars Hand #165715861488:  Hold'em Limit ($3/$6 USD) - 2017/02/05 8:01:08 ET
Table 'Hameenlinna' 10-max Seat #1 is the button
Seat 1: xywz089 ($238.44 in chips)
Seat 8: VolkovDmitri ($149.02 in chips)
xywz089 is disconnected
xywz089 is connected
xywz089: posts small blind $1
VolkovDmitri: posts big blind $3
*** HOLE CARDS ***
xywz089: raises $3 to $6
VolkovDmitri: calls $3
*** FLOP *** [Kd Tc Ac]
VolkovDmitri: checks
xywz089: bets $3
VolkovDmitri: calls $3
*** TURN *** [Kd Tc Ac] [Th]
VolkovDmitri: checks
xywz089: bets $6
VolkovDmitri: calls $6
*** RIVER *** [Kd Tc Ac Th] [9c]
VolkovDmitri: checks
xywz089: checks
*** SHOW DOWN ***
VolkovDmitri: shows [Ks 2h] (two pair, Kings and Tens)
xywz089: shows [6h As] (two pair, Aces and Tens)
xywz089 collected $29.50 from pot
*** SUMMARY ***
Total pot $30 | Rake $0.50
Board [Kd Tc Ac Th 9c]
Seat 1: xywz089 (button) (small blind) showed [6h As] and won ($29.50) with two pair, Aces and Tens
Seat 8: VolkovDmitri (big blind) showed [Ks 2h] and lost with two pair, Kings and Tens


PokerStars Hand #165715923000:  Hold'em Limit ($3/$6 USD) - 2017/02/05 8:02:41 ET
Table 'Hameenlinna' 10-max Seat #1 is the button
Seat 1: xywz089 ($231.94 in chips)
Seat 8: VolkovDmitri ($154.52 in chips)
xywz089: posts small blind $1
VolkovDmitri: posts big blind $3
*** HOLE CARDS ***
xywz089: folds
Uncalled bet ($2) returned to VolkovDmitri
VolkovDmitri collected $2 from pot
VolkovDmitri: doesn't show hand
*** SUMMARY ***
Total pot $2 | Rake $0
Seat 1: xywz089 (button) (small blind) folded before Flop
Seat 8: VolkovDmitri (big blind) collected ($2)


PokerStars Hand #165715899455:  Hold'em Limit ($3/$6 USD) - 2017/02/05 8:02:06 ET
Table 'Hameenlinna' 10-max Seat #8 is the button
Seat 1: xywz089 ($252.94 in chips)
Seat 8: VolkovDmitri ($134.02 in chips)
VolkovDmitri: posts small blind $1
xywz089: posts big blind $3
*** HOLE CARDS ***
VolkovDmitri: raises $3 to $6
xywz089: calls $3
*** FLOP *** [Kc 5h 2h]
xywz089: checks
VolkovDmitri: bets $3
xywz089: raises $3 to $6
VolkovDmitri: raises $3 to $9
xywz089: calls $3
*** TURN *** [Kc 5h 2h] [5d]
xywz089: checks
VolkovDmitri: checks
*** RIVER *** [Kc 5h 2h 5d] [Td]
xywz089: bets $6
VolkovDmitri: calls $6
*** SHOW DOWN ***
xywz089: shows [9h Qd] (a pair of Fives)
VolkovDmitri: shows [Th Jh] (two pair, Tens and Fives)
VolkovDmitri collected $41.50 from pot
*** SUMMARY ***
Total pot $42 | Rake $0.50
Board [Kc 5h 2h 5d Td]
Seat 1: xywz089 (big blind) showed [9h Qd] and lost with a pair of Fives
Seat 8: VolkovDmitri (button) (small blind) showed [Th Jh] and won ($41.50) with two pair, Tens and Fives


PokerStars Hand #165715926185:  Hold'em Limit ($3/$6 USD) - 2017/02/05 8:02:46 ET
Table 'Hameenlinna' 10-max Seat #8 is the button
Seat 1: xywz089 ($230.94 in chips)
Seat 8: VolkovDmitri ($155.52 in chips)
VolkovDmitri: posts small blind $1
xywz089: posts big blind $3
*** HOLE CARDS ***
VolkovDmitri: raises $3 to $6
xywz089: calls $3
*** FLOP *** [Qc 5h 7d]
xywz089: bets $3
VolkovDmitri: raises $3 to $6
xywz089: calls $3
*** TURN *** [Qc 5h 7d] [2c]
xywz089: checks
VolkovDmitri: bets $6
xywz089: calls $6
*** RIVER *** [Qc 5h 7d 2c] [4c]
xywz089: checks
VolkovDmitri: bets $6
xywz089: raises $6 to $12
VolkovDmitri: calls $6
*** SHOW DOWN ***
xywz089: shows [6d 8h] (a straight, Four to Eight)
VolkovDmitri: mucks hand
xywz089 collected $59.50 from pot
*** SUMMARY ***
Total pot $60 | Rake $0.50
Board [Qc 5h 7d 2c 4c]
Seat 1: xywz089 (big blind) showed [6d 8h] and won ($59.50) with a straight, Four to Eight
Seat 8: VolkovDmitri (button) (small blind) mucked


PokerStars Hand #165715952782:  Hold'em Limit ($3/$6 USD) - 2017/02/05 8:03:25 ET
Table 'Hameenlinna' 10-max Seat #1 is the button
Seat 1: xywz089 ($260.44 in chips)
Seat 8: VolkovDmitri ($125.52 in chips)
xywz089: posts small blind $1
VolkovDmitri: posts big blind $3
*** HOLE CARDS ***
xywz089: raises $3 to $6
VolkovDmitri: raises $3 to $9
xywz089: raises $3 to $12
Betting is capped
VolkovDmitri: calls $3
*** FLOP *** [Td Qh 8c]
VolkovDmitri: checks
xywz089: bets $3
VolkovDmitri: calls $3
*** TURN *** [Td Qh 8c] [2h]
VolkovDmitri: checks
xywz089: bets $6
VolkovDmitri: folds
Uncalled bet ($6) returned to xywz089
xywz089 collected $29.50 from pot
*** SUMMARY ***
Total pot $30 | Rake $0.50
Board [Td Qh 8c 2h]
Seat 1: xywz089 (button) (small blind) collected ($29.50)
Seat 8: VolkovDmitri (big blind) folded on the Turn


PokerStars Hand #165715996536:  Hold'em Limit ($3/$6 USD) - 2017/02/05 8:04:29 ET
Table 'Hameenlinna' 10-max Seat #8 is the button
Seat 1: xywz089 ($274.94 in chips)
Seat 8: VolkovDmitri ($120 in chips)
VolkovDmitri: posts small blind $1
xywz089: posts big blind $3
*** HOLE CARDS ***
VolkovDmitri: raises $3 to $6
xywz089: calls $3
*** FLOP *** [3c Jd 7s]
xywz089: checks
VolkovDmitri: bets $3
xywz089: calls $3
*** TURN *** [3c Jd 7s] [5h]
xywz089: checks
VolkovDmitri: bets $6
xywz089: calls $6
*** RIVER *** [3c Jd 7s 5h] [6s]
xywz089: bets $6
VolkovDmitri: calls $6
*** SHOW DOWN ***
xywz089: shows [6c 5c] (two pair, Sixes and Fives)
VolkovDmitri: mucks hand
xywz089 collected $41.50 from pot
*** SUMMARY ***
Total pot $42 | Rake $0.50
Board [3c Jd 7s 5h 6s]
Seat 1: xywz089 (big blind) showed [6c 5c] and won ($41.50) with two pair, Sixes and Fives
Seat 8: VolkovDmitri (button) (small blind) mucked


