PokerStars Hand #173432582646:  Hold'em Limit ($3/$6 USD) - 2017/07/23 22:59:49 ET
Table 'Hameenlinna' 6-max Seat #3 is the button
Seat 3: pokdokfoktok ($120 in chips)
Seat 5: GoliafUa ($120 in chips)
pokdokfoktok: posts small blind $1
GoliafUa: posts big blind $3
*** HOLE CARDS ***
pokdokfoktok: raises $3 to $6
GoliafUa: raises $3 to $9
pokdokfoktok: raises $3 to $12
Betting is capped
GoliafUa: calls $3
*** FLOP *** [7h 4h Ac]
GoliafUa: checks
pokdokfoktok: checks
*** TURN *** [7h 4h Ac] [5s]
GoliafUa: checks
pokdokfoktok: bets $6
GoliafUa: calls $6
*** RIVER *** [7h 4h Ac 5s] [9s]
GoliafUa: checks
pokdokfoktok: bets $6
GoliafUa: calls $6
*** SHOW DOWN ***
pokdokfoktok: shows [Jd Qc] (high card Ace)
GoliafUa: shows [Qd Qh] (a pair of Queens)
GoliafUa collected $47.50 from pot
*** SUMMARY ***
Total pot $48 | Rake $0.50
Board [7h 4h Ac 5s 9s]
Seat 3: pokdokfoktok (button) (small blind) showed [Jd Qc] and lost with high card Ace
Seat 5: GoliafUa (big blind) showed [Qd Qh] and won ($47.50) with a pair of Queens


PokerStars Hand #173432589685:  Hold'em Limit ($3/$6 USD) - 2017/07/23 23:00:15 ET
Table 'Hameenlinna' 6-max Seat #5 is the button
Seat 3: pokdokfoktok ($96 in chips)
Seat 5: GoliafUa ($143.50 in chips)
GoliafUa: posts small blind $1
pokdokfoktok: posts big blind $3
*** HOLE CARDS ***
uglyghost101 joins the table at seat #2
GoliafUa: raises $3 to $6
AzureCaper joins the table at seat #4
pokdokfoktok: calls $3
*** FLOP *** [Qs 5d 9h]
pokdokfoktok: checks
GoliafUa: bets $3
pokdokfoktok: calls $3
*** TURN *** [Qs 5d 9h] [Tc]
pokdokfoktok: checks
GoliafUa: bets $6
pokdokfoktok: raises $6 to $12
GoliafUa: folds
Uncalled bet ($6) returned to pokdokfoktok
pokdokfoktok collected $29.50 from pot
*** SUMMARY ***
Total pot $30 | Rake $0.50
Board [Qs 5d 9h Tc]
Seat 3: pokdokfoktok (big blind) collected ($29.50)
Seat 5: GoliafUa (button) (small blind) folded on the Turn


PokerStars Hand #173432977325:  Hold'em Limit ($3/$6 USD) - 2017/07/23 23:22:24 ET
Table 'Hameenlinna' 6-max Seat #5 is the button
Seat 2: uglyghost101 ($405.59 in chips)
Seat 5: fire852181 ($96.66 in chips)
fire852181: posts small blind $1
uglyghost101: posts big blind $3
*** HOLE CARDS ***
fire852181: raises $3 to $6
uglyghost101: folds
Uncalled bet ($3) returned to fire852181
fire852181 collected $6 from pot
fire852181: doesn't show hand
*** SUMMARY ***
Total pot $6 | Rake $0
Seat 2: uglyghost101 (big blind) folded before Flop
Seat 5: fire852181 (button) (small blind) collected ($6)


PokerStars Hand #173436528987:  Hold'em Limit ($3/$6 USD) - 2017/07/24 3:30:43 ET
Table 'Hameenlinna' 6-max Seat #5 is the button
Seat 4: Jamdamn ($202.75 in chips)
Seat 5: oregordog ($93.31 in chips)
oregordog: posts small blind $1
Whatze Phuck: is sitting out
Jamdamn: posts big blind $3
*** HOLE CARDS ***
oregordog: raises $3 to $6
Jamdamn: folds
Uncalled bet ($3) returned to oregordog
oregordog collected $6 from pot
oregordog: doesn't show hand
*** SUMMARY ***
Total pot $6 | Rake $0
Seat 4: Jamdamn (big blind) folded before Flop
Seat 5: oregordog (button) (small blind) collected ($6)


PokerStars Hand #173436545131:  Hold'em Limit ($3/$6 USD) - 2017/07/24 3:31:47 ET
Table 'Hameenlinna' 6-max Seat #4 is the button
Seat 4: Jamdamn ($221.25 in chips)
Seat 5: oregordog ($74.31 in chips)
Jamdamn: posts small blind $1
oregordog: posts big blind $3
*** HOLE CARDS ***
Jamdamn: folds
Uncalled bet ($2) returned to oregordog
oregordog collected $2 from pot
oregordog: doesn't show hand
*** SUMMARY ***
Total pot $2 | Rake $0
Seat 4: Jamdamn (button) (small blind) folded before Flop
Seat 5: oregordog (big blind) collected ($2)


PokerStars Hand #173436543719:  Hold'em Limit ($3/$6 USD) - 2017/07/24 3:31:42 ET
Table 'Hameenlinna' 6-max Seat #5 is the button
Seat 4: Jamdamn ($220.25 in chips)
Seat 5: oregordog ($75.31 in chips)
oregordog: posts small blind $1
Jamdamn: posts big blind $3
*** HOLE CARDS ***
oregordog: folds
Uncalled bet ($2) returned to Jamdamn
Jamdamn collected $2 from pot
Jamdamn: doesn't show hand
*** SUMMARY ***
Total pot $2 | Rake $0
Seat 4: Jamdamn (big blind) collected ($2)
Seat 5: oregordog (button) (small blind) folded before Flop


PokerStars Hand #173436530897:  Hold'em Limit ($3/$6 USD) - 2017/07/24 3:30:51 ET
Table 'Hameenlinna' 6-max Seat #4 is the button
Seat 4: Jamdamn ($199.75 in chips)
Seat 5: oregordog ($96.31 in chips)
Jamdamn: posts small blind $1
oregordog: posts big blind $3
*** HOLE CARDS ***
Jamdamn: raises $3 to $6
oregordog: calls $3
*** FLOP *** [Ts 6c 5h]
oregordog: checks
Jamdamn: bets $3
oregordog: calls $3
*** TURN *** [Ts 6c 5h] [3s]
oregordog: bets $6
Jamdamn: calls $6
*** RIVER *** [Ts 6c 5h 3s] [Ac]
oregordog: checks
Jamdamn: bets $6
oregordog: calls $6
*** SHOW DOWN ***
Jamdamn: shows [Kd As] (a pair of Aces)
oregordog: mucks hand
Jamdamn collected $41.50 from pot
*** SUMMARY ***
Total pot $42 | Rake $0.50
Board [Ts 6c 5h 3s Ac]
Seat 4: Jamdamn (button) (small blind) showed [Kd As] and won ($41.50) with a pair of Aces
Seat 5: oregordog (big blind) mucked


PokerStars Hand #173436628878:  Hold'em Limit ($3/$6 USD) - 2017/07/24 3:37:21 ET
Table 'Hameenlinna' 6-max Seat #5 is the button
Seat 2: Whatze Phuck ($79 in chips)
Seat 5: oregordog ($75.31 in chips)
oregordog: posts small blind $1
Whatze Phuck: posts big blind $3
*** HOLE CARDS ***
oregordog: folds
Uncalled bet ($2) returned to Whatze Phuck
Whatze Phuck collected $2 from pot
Whatze Phuck: doesn't show hand
*** SUMMARY ***
Total pot $2 | Rake $0
Seat 2: Whatze Phuck (big blind) collected ($2)
Seat 5: oregordog (button) (small blind) folded before Flop


PokerStars Hand #173436632208:  Hold'em Limit ($3/$6 USD) - 2017/07/24 3:37:34 ET
Table 'Hameenlinna' 6-max Seat #2 is the button
Seat 2: Whatze Phuck ($80 in chips)
Seat 5: oregordog ($74.31 in chips)
Whatze Phuck: posts small blind $1
oregordog: posts big blind $3
*** HOLE CARDS ***
Whatze Phuck: raises $3 to $6
oregordog has timed out
oregordog: folds
Uncalled bet ($3) returned to Whatze Phuck
Whatze Phuck collected $6 from pot
Whatze Phuck: doesn't show hand
*** SUMMARY ***
Total pot $6 | Rake $0
Seat 2: Whatze Phuck (button) (small blind) collected ($6)
Seat 5: oregordog (big blind) folded before Flop


PokerStars Hand #173436674755:  Hold'em Limit ($3/$6 USD) - 2017/07/24 3:40:23 ET
Table 'Hameenlinna' 6-max Seat #2 is the button
Seat 2: Whatze Phuck ($80 in chips)
Seat 5: oregordog ($74.31 in chips)
Whatze Phuck: posts small blind $1
oregordog: posts big blind $3
*** HOLE CARDS ***
Whatze Phuck: raises $3 to $6
oregordog: calls $3
*** FLOP *** [2c Kd Js]
oregordog: checks
Whatze Phuck: bets $3
oregordog: raises $3 to $6
Whatze Phuck: folds
Uncalled bet ($3) returned to oregordog
oregordog collected $17.64 from pot
oregordog: doesn't show hand
*** SUMMARY ***
Total pot $18 | Rake $0.36
Board [2c Kd Js]
Seat 2: Whatze Phuck (button) (small blind) folded on the Flop
Seat 5: oregordog (big blind) collected ($17.64)


PokerStars Hand #173436682796:  Hold'em Limit ($3/$6 USD) - 2017/07/24 3:40:54 ET
Table 'Hameenlinna' 6-max Seat #2 is the button
Seat 2: Whatze Phuck ($87.64 in chips)
Seat 5: oregordog ($73.95 in chips)
Whatze Phuck: posts small blind $1
oregordog: posts big blind $3
*** HOLE CARDS ***
Whatze Phuck: folds
Uncalled bet ($2) returned to oregordog
oregordog collected $2 from pot
oregordog: doesn't show hand
*** SUMMARY ***
Total pot $2 | Rake $0
Seat 2: Whatze Phuck (button) (small blind) folded before Flop
Seat 5: oregordog (big blind) collected ($2)


PokerStars Hand #173436678684:  Hold'em Limit ($3/$6 USD) - 2017/07/24 3:40:38 ET
Table 'Hameenlinna' 6-max Seat #5 is the button
Seat 2: Whatze Phuck ($79 in chips)
Seat 5: oregordog ($82.95 in chips)
oregordog: posts small blind $1
Whatze Phuck: posts big blind $3
*** HOLE CARDS ***
oregordog: raises $3 to $6
Whatze Phuck: calls $3
*** FLOP *** [Qs 7s 6s]
Whatze Phuck: checks
oregordog: bets $3
Whatze Phuck: raises $3 to $6
oregordog: folds
Uncalled bet ($3) returned to Whatze Phuck
Whatze Phuck collected $17.64 from pot
Whatze Phuck: doesn't show hand
*** SUMMARY ***
Total pot $18 | Rake $0.36
Board [Qs 7s 6s]
Seat 2: Whatze Phuck (big blind) collected ($17.64)
Seat 5: oregordog (button) (small blind) folded on the Flop


PokerStars Hand #173436670862:  Hold'em Limit ($3/$6 USD) - 2017/07/24 3:40:08 ET
Table 'Hameenlinna' 6-max Seat #5 is the button
Seat 2: Whatze Phuck ($83 in chips)
Seat 5: oregordog ($71.31 in chips)
oregordog: posts small blind $1
Whatze Phuck: posts big blind $3
*** HOLE CARDS ***
oregordog: folds
Uncalled bet ($2) returned to Whatze Phuck
Whatze Phuck collected $2 from pot
Whatze Phuck: doesn't show hand
*** SUMMARY ***
Total pot $2 | Rake $0
Seat 2: Whatze Phuck (big blind) collected ($2)
Seat 5: oregordog (button) (small blind) folded before Flop


PokerStars Hand #173436673320:  Hold'em Limit ($3/$6 USD) - 2017/07/24 3:40:17 ET
Table 'Hameenlinna' 6-max Seat #5 is the button
Seat 2: Whatze Phuck ($83 in chips)
Seat 5: oregordog ($71.31 in chips)
oregordog: posts small blind $1
Whatze Phuck: posts big blind $3
*** HOLE CARDS ***
oregordog: raises $3 to $6
Whatze Phuck: folds
Uncalled bet ($3) returned to oregordog
oregordog collected $6 from pot
oregordog: doesn't show hand
*** SUMMARY ***
Total pot $6 | Rake $0
Seat 2: Whatze Phuck (big blind) folded before Flop
Seat 5: oregordog (button) (small blind) collected ($6)


PokerStars Hand #173436672070:  Hold'em Limit ($3/$6 USD) - 2017/07/24 3:40:13 ET
Table 'Hameenlinna' 6-max Seat #2 is the button
Seat 2: Whatze Phuck ($84 in chips)
Seat 5: oregordog ($70.31 in chips)
Whatze Phuck: posts small blind $1
oregordog: posts big blind $3
*** HOLE CARDS ***
Whatze Phuck: folds
Uncalled bet ($2) returned to oregordog
oregordog collected $2 from pot
oregordog: doesn't show hand
*** SUMMARY ***
Total pot $2 | Rake $0
Seat 2: Whatze Phuck (button) (small blind) folded before Flop
Seat 5: oregordog (big blind) collected ($2)


PokerStars Hand #173436690344:  Hold'em Limit ($3/$6 USD) - 2017/07/24 3:41:24 ET
Table 'Hameenlinna' 6-max Seat #2 is the button
Seat 2: Whatze Phuck ($79 in chips)
Seat 5: oregordog ($89.45 in chips)
Whatze Phuck: posts small blind $1
oregordog: posts big blind $3
*** HOLE CARDS ***
Whatze Phuck: folds
Uncalled bet ($2) returned to oregordog
oregordog collected $2 from pot
oregordog: doesn't show hand
*** SUMMARY ***
Total pot $2 | Rake $0
Seat 2: Whatze Phuck (button) (small blind) folded before Flop
Seat 5: oregordog (big blind) collected ($2)


PokerStars Hand #173436684016:  Hold'em Limit ($3/$6 USD) - 2017/07/24 3:40:59 ET
Table 'Hameenlinna' 6-max Seat #5 is the button
Seat 2: Whatze Phuck ($86.64 in chips)
Seat 5: oregordog ($74.95 in chips)
oregordog: posts small blind $1
Whatze Phuck: posts big blind $3
*** HOLE CARDS ***
oregordog: raises $3 to $6
Whatze Phuck: calls $3
*** FLOP *** [8h Ad 5d]
Whatze Phuck: checks
oregordog: bets $3
Whatze Phuck: calls $3
*** TURN *** [8h Ad 5d] [Td]
Whatze Phuck: checks
oregordog: bets $6
Whatze Phuck: calls $6
*** RIVER *** [8h Ad 5d Td] [2c]
Whatze Phuck: checks
oregordog: checks
*** SHOW DOWN ***
Whatze Phuck: shows [6d 4s] (high card Ace)
oregordog: shows [3s 5c] (a pair of Fives)
oregordog collected $29.50 from pot
*** SUMMARY ***
Total pot $30 | Rake $0.50
Board [8h Ad 5d Td 2c]
Seat 2: Whatze Phuck (big blind) showed [6d 4s] and lost with high card Ace
Seat 5: oregordog (button) (small blind) showed [3s 5c] and won ($29.50) with a pair of Fives


PokerStars Hand #173436693577:  Hold'em Limit ($3/$6 USD) - 2017/07/24 3:41:36 ET
Table 'Hameenlinna' 6-max Seat #2 is the button
Seat 2: Whatze Phuck ($79 in chips)
Seat 5: oregordog ($93.45 in chips)
Whatze Phuck: posts small blind $1
oregordog: posts big blind $3
*** HOLE CARDS ***
Whatze Phuck: raises $3 to $6
oregordog: folds
Uncalled bet ($3) returned to Whatze Phuck
Whatze Phuck collected $6 from pot
Whatze Phuck: doesn't show hand
*** SUMMARY ***
Total pot $6 | Rake $0
Seat 2: Whatze Phuck (button) (small blind) collected ($6)
Seat 5: oregordog (big blind) folded before Flop


PokerStars Hand #173436691563:  Hold'em Limit ($3/$6 USD) - 2017/07/24 3:41:28 ET
Table 'Hameenlinna' 6-max Seat #5 is the button
Seat 2: Whatze Phuck ($79 in chips)
Seat 5: oregordog ($90.45 in chips)
oregordog: posts small blind $1
Whatze Phuck: posts big blind $3
*** HOLE CARDS ***
oregordog: raises $3 to $6
Whatze Phuck: folds
Uncalled bet ($3) returned to oregordog
oregordog collected $6 from pot
oregordog: doesn't show hand
*** SUMMARY ***
Total pot $6 | Rake $0
Seat 2: Whatze Phuck (big blind) folded before Flop
Seat 5: oregordog (button) (small blind) collected ($6)


PokerStars Hand #173436696614:  Hold'em Limit ($3/$6 USD) - 2017/07/24 3:41:48 ET
Table 'Hameenlinna' 6-max Seat #2 is the button
Seat 2: Whatze Phuck ($79 in chips)
Seat 5: oregordog ($93.45 in chips)
Whatze Phuck: posts small blind $1
oregordog: posts big blind $3
*** HOLE CARDS ***
Whatze Phuck: raises $3 to $6
oregordog: calls $3
*** FLOP *** [Tc Jh 4s]
oregordog: checks
Whatze Phuck: bets $3
oregordog: folds
Uncalled bet ($3) returned to Whatze Phuck
Whatze Phuck collected $11.76 from pot
Whatze Phuck: doesn't show hand
*** SUMMARY ***
Total pot $12 | Rake $0.24
Board [Tc Jh 4s]
Seat 2: Whatze Phuck (button) (small blind) collected ($11.76)
Seat 5: oregordog (big blind) folded on the Flop


PokerStars Hand #173436695143:  Hold'em Limit ($3/$6 USD) - 2017/07/24 3:41:42 ET
Table 'Hameenlinna' 6-max Seat #5 is the button
Seat 2: Whatze Phuck ($82 in chips)
Seat 5: oregordog ($90.45 in chips)
oregordog: posts small blind $1
Whatze Phuck: posts big blind $3
*** HOLE CARDS ***
oregordog: raises $3 to $6
Whatze Phuck: folds
Uncalled bet ($3) returned to oregordog
oregordog collected $6 from pot
oregordog: doesn't show hand
*** SUMMARY ***
Total pot $6 | Rake $0
Seat 2: Whatze Phuck (big blind) folded before Flop
Seat 5: oregordog (button) (small blind) collected ($6)


PokerStars Hand #173436705339:  Hold'em Limit ($3/$6 USD) - 2017/07/24 3:42:22 ET
Table 'Hameenlinna' 6-max Seat #5 is the button
Seat 2: Whatze Phuck ($101.26 in chips)
Seat 5: oregordog ($70.45 in chips)
oregordog: posts small blind $1
Whatze Phuck: posts big blind $3
*** HOLE CARDS ***
oregordog: raises $3 to $6
Whatze Phuck: calls $3
*** FLOP *** [Ad Jc 4c]
Whatze Phuck: checks
oregordog: bets $3
Whatze Phuck: folds
Uncalled bet ($3) returned to oregordog
oregordog collected $11.76 from pot
oregordog: doesn't show hand
*** SUMMARY ***
Total pot $12 | Rake $0.24
Board [Ad Jc 4c]
Seat 2: Whatze Phuck (big blind) folded on the Flop
Seat 5: oregordog (button) (small blind) collected ($11.76)


PokerStars Hand #173436704080:  Hold'em Limit ($3/$6 USD) - 2017/07/24 3:42:17 ET
Table 'Hameenlinna' 6-max Seat #2 is the button
Seat 2: Whatze Phuck ($102.26 in chips)
Seat 5: oregordog ($69.45 in chips)
Whatze Phuck: posts small blind $1
oregordog: posts big blind $3
*** HOLE CARDS ***
Whatze Phuck: folds
Uncalled bet ($2) returned to oregordog
oregordog collected $2 from pot
oregordog: doesn't show hand
*** SUMMARY ***
Total pot $2 | Rake $0
Seat 2: Whatze Phuck (button) (small blind) folded before Flop
Seat 5: oregordog (big blind) collected ($2)


PokerStars Hand #173436699251:  Hold'em Limit ($3/$6 USD) - 2017/07/24 3:41:58 ET
Table 'Hameenlinna' 6-max Seat #5 is the button
Seat 2: Whatze Phuck ($84.76 in chips)
Seat 5: oregordog ($87.45 in chips)
oregordog: posts small blind $1
Whatze Phuck: posts big blind $3
*** HOLE CARDS ***
oregordog: raises $3 to $6
Whatze Phuck: calls $3
*** FLOP *** [2d 9d Tc]
Whatze Phuck: checks
oregordog: checks
*** TURN *** [2d 9d Tc] [4d]
Whatze Phuck: bets $6
oregordog: calls $6
*** RIVER *** [2d 9d Tc 4d] [8c]
Whatze Phuck: bets $6
oregordog: calls $6
*** SHOW DOWN ***
Whatze Phuck: shows [8d Ts] (two pair, Tens and Eights)
oregordog: mucks hand
Whatze Phuck collected $35.50 from pot
*** SUMMARY ***
Total pot $36 | Rake $0.50
Board [2d 9d Tc 4d 8c]
Seat 2: Whatze Phuck (big blind) showed [8d Ts] and won ($35.50) with two pair, Tens and Eights
Seat 5: oregordog (button) (small blind) mucked


PokerStars Hand #173436707996:  Hold'em Limit ($3/$6 USD) - 2017/07/24 3:42:33 ET
Table 'Hameenlinna' 6-max Seat #2 is the button
Seat 2: Whatze Phuck ($95.26 in chips)
Seat 5: oregordog ($76.21 in chips)
Whatze Phuck: posts small blind $1
oregordog: posts big blind $3
*** HOLE CARDS ***
Whatze Phuck: raises $3 to $6
oregordog: calls $3
*** FLOP *** [2c 4s 7c]
oregordog: checks
Whatze Phuck: bets $3
oregordog: raises $3 to $6
Whatze Phuck: calls $3
*** TURN *** [2c 4s 7c] [9h]
oregordog: bets $6
Whatze Phuck: calls $6
*** RIVER *** [2c 4s 7c 9h] [Ad]
oregordog: bets $6
Whatze Phuck: calls $6
*** SHOW DOWN ***
oregordog: shows [3d Ac] (a pair of Aces)
Whatze Phuck: mucks hand
oregordog collected $47.50 from pot
*** SUMMARY ***
Total pot $48 | Rake $0.50
Board [2c 4s 7c 9h Ad]
Seat 2: Whatze Phuck (button) (small blind) mucked
Seat 5: oregordog (big blind) showed [3d Ac] and won ($47.50) with a pair of Aces


PokerStars Hand #173436717368:  Hold'em Limit ($3/$6 USD) - 2017/07/24 3:43:09 ET
Table 'Hameenlinna' 6-max Seat #2 is the button
Seat 2: Whatze Phuck ($79 in chips)
Seat 5: oregordog ($102.59 in chips)
Whatze Phuck: posts small blind $1
oregordog: posts big blind $3
*** HOLE CARDS ***
Whatze Phuck: raises $3 to $6
oregordog: calls $3
*** FLOP *** [9d 9c Qd]
oregordog: checks
Whatze Phuck: bets $3
oregordog: folds
Uncalled bet ($3) returned to Whatze Phuck
Whatze Phuck collected $11.76 from pot
Whatze Phuck: doesn't show hand
*** SUMMARY ***
Total pot $12 | Rake $0.24
Board [9d 9c Qd]
Seat 2: Whatze Phuck (button) (small blind) collected ($11.76)
Seat 5: oregordog (big blind) folded on the Flop


PokerStars Hand #173436720634:  Hold'em Limit ($3/$6 USD) - 2017/07/24 3:43:22 ET
Table 'Hameenlinna' 6-max Seat #5 is the button
Seat 2: Whatze Phuck ($84.76 in chips)
Seat 5: oregordog ($96.59 in chips)
oregordog: posts small blind $1
Whatze Phuck: posts big blind $3
*** HOLE CARDS ***
oregordog: folds
Uncalled bet ($2) returned to Whatze Phuck
Whatze Phuck collected $2 from pot
Whatze Phuck: doesn't show hand
*** SUMMARY ***
Total pot $2 | Rake $0
Seat 2: Whatze Phuck (big blind) collected ($2)
Seat 5: oregordog (button) (small blind) folded before Flop


PokerStars Hand #173436722400:  Hold'em Limit ($3/$6 USD) - 2017/07/24 3:43:29 ET
Table 'Hameenlinna' 6-max Seat #2 is the button
Seat 2: Whatze Phuck ($85.76 in chips)
Seat 5: oregordog ($95.59 in chips)
Whatze Phuck: posts small blind $1
oregordog: posts big blind $3
*** HOLE CARDS ***
Whatze Phuck: raises $3 to $6
oregordog: calls $3
*** FLOP *** [6h 3h Kd]
oregordog: checks
Whatze Phuck: bets $3
oregordog: raises $3 to $6
Whatze Phuck: calls $3
*** TURN *** [6h 3h Kd] [5h]
oregordog: bets $6
Whatze Phuck: folds
Uncalled bet ($6) returned to oregordog
oregordog collected $23.52 from pot
oregordog: doesn't show hand
*** SUMMARY ***
Total pot $24 | Rake $0.48
Board [6h 3h Kd 5h]
Seat 2: Whatze Phuck (button) (small blind) folded on the Turn
Seat 5: oregordog (big blind) collected ($23.52)


PokerStars Hand #173436713356:  Hold'em Limit ($3/$6 USD) - 2017/07/24 3:42:54 ET
Table 'Hameenlinna' 6-max Seat #5 is the button
Seat 2: Whatze Phuck ($79 in chips)
Seat 5: oregordog ($99.71 in chips)
oregordog: posts small blind $1
Whatze Phuck: posts big blind $3
*** HOLE CARDS ***
oregordog: calls $2
Whatze Phuck: checks
*** FLOP *** [6d 9s 7d]
Whatze Phuck: checks
oregordog: bets $3
Whatze Phuck: folds
Uncalled bet ($3) returned to oregordog
oregordog collected $5.88 from pot
oregordog: doesn't show hand
*** SUMMARY ***
Total pot $6 | Rake $0.12
Board [6d 9s 7d]
Seat 2: Whatze Phuck (big blind) folded on the Flop
Seat 5: oregordog (button) (small blind) collected ($5.88)


PokerStars Hand #173436732662:  Hold'em Limit ($3/$6 USD) - 2017/07/24 3:44:09 ET
Table 'Hameenlinna' 6-max Seat #2 is the button
Seat 2: Whatze Phuck ($79 in chips)
Seat 5: oregordog ($112.87 in chips)
Whatze Phuck: posts small blind $1
oregordog: posts big blind $3
*** HOLE CARDS ***
Whatze Phuck: raises $3 to $6
oregordog: folds
Uncalled bet ($3) returned to Whatze Phuck
Whatze Phuck collected $6 from pot
Whatze Phuck: doesn't show hand
*** SUMMARY ***
Total pot $6 | Rake $0
Seat 2: Whatze Phuck (button) (small blind) collected ($6)
Seat 5: oregordog (big blind) folded before Flop


PokerStars Hand #173436727791:  Hold'em Limit ($3/$6 USD) - 2017/07/24 3:43:50 ET
Table 'Hameenlinna' 6-max Seat #5 is the button
Seat 2: Whatze Phuck ($79 in chips)
Seat 5: oregordog ($107.11 in chips)
oregordog: posts small blind $1
Whatze Phuck: posts big blind $3
*** HOLE CARDS ***
oregordog: raises $3 to $6
Whatze Phuck: calls $3
*** FLOP *** [8c Kc 7s]
Whatze Phuck: checks
oregordog: checks
*** TURN *** [8c Kc 7s] [5d]
Whatze Phuck: checks
oregordog: checks
*** RIVER *** [8c Kc 7s 5d] [Ks]
Whatze Phuck: checks
oregordog: checks
*** SHOW DOWN ***
Whatze Phuck: shows [Td Jh] (a pair of Kings)
oregordog: shows [Qs Tc] (a pair of Kings - Queen kicker)
oregordog collected $11.76 from pot
*** SUMMARY ***
Total pot $12 | Rake $0.24
Board [8c Kc 7s 5d Ks]
Seat 2: Whatze Phuck (big blind) showed [Td Jh] and lost with a pair of Kings
Seat 5: oregordog (button) (small blind) showed [Qs Tc] and won ($11.76) with a pair of Kings


PokerStars Hand #173436734217:  Hold'em Limit ($3/$6 USD) - 2017/07/24 3:44:15 ET
Table 'Hameenlinna' 6-max Seat #5 is the button
Seat 2: Whatze Phuck ($82 in chips)
Seat 5: oregordog ($109.87 in chips)
oregordog: posts small blind $1
Whatze Phuck: posts big blind $3
*** HOLE CARDS ***
oregordog: raises $3 to $6
Whatze Phuck: calls $3
*** FLOP *** [Jh Td 9c]
Whatze Phuck: checks
oregordog: bets $3
Whatze Phuck: calls $3
*** TURN *** [Jh Td 9c] [8d]
Whatze Phuck: checks
oregordog: checks
*** RIVER *** [Jh Td 9c 8d] [Js]
Whatze Phuck: checks
oregordog: bets $6
Whatze Phuck: folds
Uncalled bet ($6) returned to oregordog
oregordog collected $17.64 from pot
oregordog: doesn't show hand
*** SUMMARY ***
Total pot $18 | Rake $0.36
Board [Jh Td 9c 8d Js]
Seat 2: Whatze Phuck (big blind) folded on the River
Seat 5: oregordog (button) (small blind) collected ($17.64)


PokerStars Hand #173436739986:  Hold'em Limit ($3/$6 USD) - 2017/07/24 3:44:37 ET
Table 'Hameenlinna' 6-max Seat #2 is the button
Seat 2: Whatze Phuck ($79 in chips)
Seat 5: oregordog ($118.51 in chips)
Whatze Phuck: posts small blind $1
oregordog: posts big blind $3
*** HOLE CARDS ***
Whatze Phuck: raises $3 to $6
oregordog: calls $3
*** FLOP *** [6d Qd 4d]
oregordog: checks
Whatze Phuck: bets $3
oregordog: folds
Uncalled bet ($3) returned to Whatze Phuck
Whatze Phuck collected $11.76 from pot
Whatze Phuck: doesn't show hand
*** SUMMARY ***
Total pot $12 | Rake $0.24
Board [6d Qd 4d]
Seat 2: Whatze Phuck (button) (small blind) collected ($11.76)
Seat 5: oregordog (big blind) folded on the Flop


PokerStars Hand #173436749234:  Hold'em Limit ($3/$6 USD) - 2017/07/24 3:45:12 ET
Table 'Hameenlinna' 6-max Seat #2 is the button
Seat 2: Whatze Phuck ($96.28 in chips)
Seat 5: oregordog ($100.51 in chips)
Whatze Phuck: posts small blind $1
oregordog: posts big blind $3
*** HOLE CARDS ***
Whatze Phuck: raises $3 to $6
oregordog: calls $3
*** FLOP *** [4d 7d 7h]
oregordog: checks
Whatze Phuck: bets $3
oregordog: calls $3
*** TURN *** [4d 7d 7h] [Qd]
oregordog: checks
Whatze Phuck: bets $6
oregordog: calls $6
*** RIVER *** [4d 7d 7h Qd] [4h]
oregordog: checks
Whatze Phuck: bets $6
oregordog: calls $6
*** SHOW DOWN ***
Whatze Phuck: shows [7c 3c] (a full house, Sevens full of Fours)
oregordog: mucks hand
Whatze Phuck collected $41.50 from pot
*** SUMMARY ***
Total pot $42 | Rake $0.50
Board [4d 7d 7h Qd 4h]
Seat 2: Whatze Phuck (button) (small blind) showed [7c 3c] and won ($41.50) with a full house, Sevens full of Fours
Seat 5: oregordog (big blind) mucked


PokerStars Hand #173436743436:  Hold'em Limit ($3/$6 USD) - 2017/07/24 3:44:50 ET
Table 'Hameenlinna' 6-max Seat #5 is the button
Seat 2: Whatze Phuck ($84.76 in chips)
Seat 5: oregordog ($112.51 in chips)
oregordog: posts small blind $1
Whatze Phuck: posts big blind $3
*** HOLE CARDS ***
oregordog: raises $3 to $6
Whatze Phuck: raises $3 to $9
oregordog: calls $3
*** FLOP *** [9h 6d 9c]
Whatze Phuck: bets $3
oregordog: calls $3
*** TURN *** [9h 6d 9c] [4d]
Whatze Phuck: checks
oregordog: checks
*** RIVER *** [9h 6d 9c 4d] [2d]
Whatze Phuck: checks
oregordog: checks
*** SHOW DOWN ***
Whatze Phuck: shows [Qc Ks] (a pair of Nines)
oregordog: mucks hand
Whatze Phuck collected $23.52 from pot
*** SUMMARY ***
Total pot $24 | Rake $0.48
Board [9h 6d 9c 4d 2d]
Seat 2: Whatze Phuck (big blind) showed [Qc Ks] and won ($23.52) with a pair of Nines
Seat 5: oregordog (button) (small blind) mucked


PokerStars Hand #173436774607:  Hold'em Limit ($3/$6 USD) - 2017/07/24 3:46:50 ET
Table 'Hameenlinna' 6-max Seat #5 is the button
Seat 2: Whatze Phuck ($174.30 in chips)
Seat 5: oregordog ($20.51 in chips)
oregordog: posts small blind $1
Whatze Phuck: posts big blind $3
*** HOLE CARDS ***
oregordog: raises $3 to $6
Whatze Phuck: calls $3
*** FLOP *** [Qd 2h 7h]
Whatze Phuck: checks
oregordog: bets $3
Whatze Phuck: folds
Uncalled bet ($3) returned to oregordog
oregordog collected $11.76 from pot
oregordog: doesn't show hand
*** SUMMARY ***
Total pot $12 | Rake $0.24
Board [Qd 2h 7h]
Seat 2: Whatze Phuck (big blind) folded on the Flop
Seat 5: oregordog (button) (small blind) collected ($11.76)


PokerStars Hand #173436764204:  Hold'em Limit ($3/$6 USD) - 2017/07/24 3:46:10 ET
Table 'Hameenlinna' 6-max Seat #5 is the button
Seat 2: Whatze Phuck ($127.30 in chips)
Seat 5: oregordog ($68.51 in chips)
oregordog: posts small blind $1
Whatze Phuck: posts big blind $3
*** HOLE CARDS ***
oregordog: raises $3 to $6
Whatze Phuck: calls $3
*** FLOP *** [As 7c 7h]
Whatze Phuck: checks
oregordog: checks
*** TURN *** [As 7c 7h] [5s]
Whatze Phuck: checks
oregordog: bets $6
Whatze Phuck: raises $6 to $12
oregordog: calls $6
*** RIVER *** [As 7c 7h 5s] [3h]
Whatze Phuck: bets $6
oregordog: calls $6
*** SHOW DOWN ***
Whatze Phuck: shows [4s 2s] (a straight, Ace to Five)
oregordog: mucks hand
Whatze Phuck collected $47.50 from pot
*** SUMMARY ***
Total pot $48 | Rake $0.50
Board [As 7c 7h 5s 3h]
Seat 2: Whatze Phuck (big blind) showed [4s 2s] and won ($47.50) with a straight, Ace to Five
Seat 5: oregordog (button) (small blind) mucked


PokerStars Hand #173436763025:  Hold'em Limit ($3/$6 USD) - 2017/07/24 3:46:05 ET
Table 'Hameenlinna' 6-max Seat #2 is the button
Seat 2: Whatze Phuck ($128.30 in chips)
Seat 5: oregordog ($67.51 in chips)
Whatze Phuck: posts small blind $1
oregordog: posts big blind $3
*** HOLE CARDS ***
Whatze Phuck: folds
Uncalled bet ($2) returned to oregordog
oregordog collected $2 from pot
oregordog: doesn't show hand
*** SUMMARY ***
Total pot $2 | Rake $0
Seat 2: Whatze Phuck (button) (small blind) folded before Flop
Seat 5: oregordog (big blind) collected ($2)


PokerStars Hand #173436758651:  Hold'em Limit ($3/$6 USD) - 2017/07/24 3:45:49 ET
Table 'Hameenlinna' 6-max Seat #5 is the button
Seat 2: Whatze Phuck ($116.78 in chips)
Seat 5: oregordog ($79.51 in chips)
oregordog: posts small blind $1
Whatze Phuck: posts big blind $3
*** HOLE CARDS ***
oregordog: raises $3 to $6
Whatze Phuck: raises $3 to $9
oregordog: calls $3
*** FLOP *** [Jd Kh Td]
Whatze Phuck: bets $3
oregordog: calls $3
*** TURN *** [Jd Kh Td] [Ah]
Whatze Phuck: bets $6
oregordog: folds
Uncalled bet ($6) returned to Whatze Phuck
Whatze Phuck collected $23.52 from pot
Whatze Phuck: doesn't show hand
*** SUMMARY ***
Total pot $24 | Rake $0.48
Board [Jd Kh Td Ah]
Seat 2: Whatze Phuck (big blind) collected ($23.52)
Seat 5: oregordog (button) (small blind) folded on the Turn


PokerStars Hand #173436769491:  Hold'em Limit ($3/$6 USD) - 2017/07/24 3:46:30 ET
Table 'Hameenlinna' 6-max Seat #2 is the button
Seat 2: Whatze Phuck ($150.80 in chips)
Seat 5: oregordog ($44.51 in chips)
Whatze Phuck: posts small blind $1
oregordog: posts big blind $3
*** HOLE CARDS ***
Whatze Phuck: raises $3 to $6
oregordog: raises $3 to $9
Whatze Phuck: calls $3
*** FLOP *** [6h 9d 6d]
oregordog: bets $3
Whatze Phuck: calls $3
*** TURN *** [6h 9d 6d] [5s]
oregordog: bets $6
Whatze Phuck: calls $6
*** RIVER *** [6h 9d 6d 5s] [8s]
oregordog: checks
Whatze Phuck: bets $6
oregordog: calls $6
*** SHOW DOWN ***
Whatze Phuck: shows [7s Qd] (a straight, Five to Nine)
oregordog: mucks hand
Whatze Phuck collected $47.50 from pot
*** SUMMARY ***
Total pot $48 | Rake $0.50
Board [6h 9d 6d 5s 8s]
Seat 2: Whatze Phuck (button) (small blind) showed [7s Qd] and won ($47.50) with a straight, Five to Nine
Seat 5: oregordog (big blind) mucked


PokerStars Hand #173436787124:  Hold'em Limit ($3/$6 USD) - 2017/07/24 3:47:37 ET
Table 'Hameenlinna' 6-max Seat #2 is the button
Seat 2: Whatze Phuck ($150.30 in chips)
Seat 5: oregordog ($43.55 in chips)
Whatze Phuck: posts small blind $1
oregordog: posts big blind $3
*** HOLE CARDS ***
Whatze Phuck: raises $3 to $6
oregordog: calls $3
*** FLOP *** [4d 6c Ks]
oregordog: checks
Whatze Phuck: bets $3
oregordog: calls $3
*** TURN *** [4d 6c Ks] [4c]
oregordog: checks
Whatze Phuck: checks
*** RIVER *** [4d 6c Ks 4c] [Qh]
oregordog: bets $6
Whatze Phuck: folds
Uncalled bet ($6) returned to oregordog
oregordog collected $17.64 from pot
oregordog: doesn't show hand
*** SUMMARY ***
Total pot $18 | Rake $0.36
Board [4d 6c Ks 4c Qh]
Seat 2: Whatze Phuck (button) (small blind) folded on the River
Seat 5: oregordog (big blind) collected ($17.64)


PokerStars Hand #173436782736:  Hold'em Limit ($3/$6 USD) - 2017/07/24 3:47:21 ET
Table 'Hameenlinna' 6-max Seat #5 is the button
Seat 2: Whatze Phuck ($159.30 in chips)
Seat 5: oregordog ($34.91 in chips)
oregordog: posts small blind $1
Whatze Phuck: posts big blind $3
*** HOLE CARDS ***
oregordog: raises $3 to $6
Whatze Phuck: calls $3
*** FLOP *** [3d 6c Th]
Whatze Phuck: checks
oregordog: bets $3
Whatze Phuck: calls $3
*** TURN *** [3d 6c Th] [5s]
Whatze Phuck: checks
oregordog: bets $6
Whatze Phuck: folds
Uncalled bet ($6) returned to oregordog
oregordog collected $17.64 from pot
oregordog: doesn't show hand
*** SUMMARY ***
Total pot $18 | Rake $0.36
Board [3d 6c Th 5s]
Seat 2: Whatze Phuck (big blind) folded on the Turn
Seat 5: oregordog (button) (small blind) collected ($17.64)


PokerStars Hand #173436777970:  Hold'em Limit ($3/$6 USD) - 2017/07/24 3:47:03 ET
Table 'Hameenlinna' 6-max Seat #2 is the button
Seat 2: Whatze Phuck ($168.30 in chips)
Seat 5: oregordog ($26.27 in chips)
Whatze Phuck: posts small blind $1
oregordog: posts big blind $3
*** HOLE CARDS ***
Whatze Phuck: raises $3 to $6
oregordog: calls $3
*** FLOP *** [4s 2d 2h]
oregordog: checks
Whatze Phuck: bets $3
oregordog: calls $3
*** TURN *** [4s 2d 2h] [9c]
oregordog: checks
Whatze Phuck: checks
*** RIVER *** [4s 2d 2h 9c] [6s]
oregordog: bets $6
Whatze Phuck: folds
Uncalled bet ($6) returned to oregordog
oregordog collected $17.64 from pot
oregordog: doesn't show hand
*** SUMMARY ***
Total pot $18 | Rake $0.36
Board [4s 2d 2h 9c 6s]
Seat 2: Whatze Phuck (button) (small blind) folded on the River
Seat 5: oregordog (big blind) collected ($17.64)


PokerStars Hand #173436792164:  Hold'em Limit ($3/$6 USD) - 2017/07/24 3:47:57 ET
Table 'Hameenlinna' 6-max Seat #5 is the button
Seat 2: Whatze Phuck ($141.30 in chips)
Seat 5: oregordog ($52.19 in chips)
oregordog: posts small blind $1
Whatze Phuck: posts big blind $3
*** HOLE CARDS ***
oregordog: raises $3 to $6
Whatze Phuck: calls $3
*** FLOP *** [9h Kh 6h]
Whatze Phuck: checks
oregordog: checks
*** TURN *** [9h Kh 6h] [7h]
Whatze Phuck: checks
oregordog: bets $6
Whatze Phuck: folds
Uncalled bet ($6) returned to oregordog
oregordog collected $11.76 from pot
oregordog: doesn't show hand
*** SUMMARY ***
Total pot $12 | Rake $0.24
Board [9h Kh 6h 7h]
Seat 2: Whatze Phuck (big blind) folded on the Turn
Seat 5: oregordog (button) (small blind) collected ($11.76)


PokerStars Hand #173436802063:  Hold'em Limit ($3/$6 USD) - 2017/07/24 3:48:35 ET
Table 'Hameenlinna' 6-max Seat #5 is the button
Seat 2: Whatze Phuck ($141.94 in chips)
Seat 5: oregordog ($50.95 in chips)
oregordog: posts small blind $1
Whatze Phuck: posts big blind $3
*** HOLE CARDS ***
oregordog: raises $3 to $6
Whatze Phuck: calls $3
*** FLOP *** [Qs 8d Td]
Whatze Phuck: checks
oregordog: bets $3
Whatze Phuck: raises $3 to $6
oregordog: calls $3
*** TURN *** [Qs 8d Td] [5h]
Whatze Phuck: bets $6
oregordog: calls $6
*** RIVER *** [Qs 8d Td 5h] [Jc]
Whatze Phuck: checks
oregordog: bets $6
Whatze Phuck: calls $6
*** SHOW DOWN ***
oregordog: shows [Ks Qc] (a pair of Queens)
Whatze Phuck: mucks hand
oregordog collected $47.50 from pot
*** SUMMARY ***
Total pot $48 | Rake $0.50
Board [Qs 8d Td 5h Jc]
Seat 2: Whatze Phuck (big blind) mucked
Seat 5: oregordog (button) (small blind) showed [Ks Qc] and won ($47.50) with a pair of Queens


PokerStars Hand #173436800853:  Hold'em Limit ($3/$6 USD) - 2017/07/24 3:48:30 ET
Table 'Hameenlinna' 6-max Seat #2 is the button
Seat 2: Whatze Phuck ($142.94 in chips)
Seat 5: oregordog ($49.95 in chips)
Whatze Phuck: posts small blind $1
oregordog: posts big blind $3
*** HOLE CARDS ***
Whatze Phuck: folds
Uncalled bet ($2) returned to oregordog
oregordog collected $2 from pot
oregordog: doesn't show hand
*** SUMMARY ***
Total pot $2 | Rake $0
Seat 2: Whatze Phuck (button) (small blind) folded before Flop
Seat 5: oregordog (big blind) collected ($2)


PokerStars Hand #173436797277:  Hold'em Limit ($3/$6 USD) - 2017/07/24 3:48:16 ET
Table 'Hameenlinna' 6-max Seat #5 is the button
Seat 2: Whatze Phuck ($134.30 in chips)
Seat 5: oregordog ($58.95 in chips)
oregordog: posts small blind $1
Whatze Phuck: posts big blind $3
*** HOLE CARDS ***
oregordog: raises $3 to $6
Whatze Phuck: calls $3
*** FLOP *** [8d Jc 2s]
Whatze Phuck: checks
oregordog: bets $3
Whatze Phuck: raises $3 to $6
oregordog: folds
Uncalled bet ($3) returned to Whatze Phuck
Whatze Phuck collected $17.64 from pot
Whatze Phuck: doesn't show hand
*** SUMMARY ***
Total pot $18 | Rake $0.36
Board [8d Jc 2s]
Seat 2: Whatze Phuck (big blind) collected ($17.64)
Seat 5: oregordog (button) (small blind) folded on the Flop


PokerStars Hand #173436821423:  Hold'em Limit ($3/$6 USD) - 2017/07/24 3:49:27 ET
Table 'Hameenlinna' 6-max Seat #2 is the button
Seat 2: Whatze Phuck ($92.94 in chips)
Seat 5: oregordog ($98.95 in chips)
Whatze Phuck: posts small blind $1
oregordog: posts big blind $3
*** HOLE CARDS ***
Whatze Phuck: raises $3 to $6
oregordog: calls $3
*** FLOP *** [Qd Qh Kc]
oregordog: checks
Whatze Phuck: bets $3
oregordog: raises $3 to $6
Whatze Phuck: calls $3
*** TURN *** [Qd Qh Kc] [6c]
oregordog: bets $6
Whatze Phuck: folds
Uncalled bet ($6) returned to oregordog
oregordog collected $23.52 from pot
oregordog: doesn't show hand
*** SUMMARY ***
Total pot $24 | Rake $0.48
Board [Qd Qh Kc 6c]
Seat 2: Whatze Phuck (button) (small blind) folded on the Turn
Seat 5: oregordog (big blind) collected ($23.52)


PokerStars Hand #173436815453:  Hold'em Limit ($3/$6 USD) - 2017/07/24 3:49:04 ET
Table 'Hameenlinna' 6-max Seat #5 is the button
Seat 2: Whatze Phuck ($116.94 in chips)
Seat 5: oregordog ($75.45 in chips)
oregordog: posts small blind $1
Whatze Phuck: posts big blind $3
*** HOLE CARDS ***
oregordog: raises $3 to $6
Whatze Phuck: calls $3
*** FLOP *** [6s 6c 3s]
Whatze Phuck: checks
oregordog: bets $3
Whatze Phuck: raises $3 to $6
oregordog: calls $3
*** TURN *** [6s 6c 3s] [5s]
Whatze Phuck: bets $6
oregordog: calls $6
*** RIVER *** [6s 6c 3s 5s] [Ts]
Whatze Phuck: bets $6
oregordog: calls $6
*** SHOW DOWN ***
Whatze Phuck: shows [Qd 3d] (two pair, Sixes and Threes)
oregordog: shows [Qs 2d] (a flush, Queen high)
oregordog collected $47.50 from pot
*** SUMMARY ***
Total pot $48 | Rake $0.50
Board [6s 6c 3s 5s Ts]
Seat 2: Whatze Phuck (big blind) showed [Qd 3d] and lost with two pair, Sixes and Threes
Seat 5: oregordog (button) (small blind) showed [Qs 2d] and won ($47.50) with a flush, Queen high


PokerStars Hand #173436825625:  Hold'em Limit ($3/$6 USD) - 2017/07/24 3:49:43 ET
Table 'Hameenlinna' 6-max Seat #5 is the button
Seat 2: Whatze Phuck ($80.94 in chips)
Seat 5: oregordog ($110.47 in chips)
oregordog: posts small blind $1
Whatze Phuck: posts big blind $3
*** HOLE CARDS ***
oregordog: folds
Uncalled bet ($2) returned to Whatze Phuck
Whatze Phuck collected $2 from pot
Whatze Phuck: doesn't show hand
*** SUMMARY ***
Total pot $2 | Rake $0
Seat 2: Whatze Phuck (big blind) collected ($2)
Seat 5: oregordog (button) (small blind) folded before Flop


