PokerStars Hand #168026913727:  Hold'em Limit ($3/$6 USD) - 2017/03/24 2:05:05 ET
Table 'Hamiltonia' 6-max Seat #4 is the button
Seat 1: habari786 ($84.20 in chips)
Seat 4: Agrotait ($75.45 in chips)
Agrotait: posts small blind $1
habari786: posts big blind $3
*** HOLE CARDS ***
Agrotait: raises $3 to $6
habari786: folds
Uncalled bet ($3) returned to Agrotait
Agrotait collected $6 from pot
Agrotait: doesn't show hand
*** SUMMARY ***
Total pot $6 | Rake $0
Seat 1: habari786 (big blind) folded before Flop
Seat 4: Agrotait (button) (small blind) collected ($6)


PokerStars Hand #168026912374:  Hold'em Limit ($3/$6 USD) - 2017/03/24 2:05:00 ET
Table 'Hamiltonia' 6-max Seat #1 is the button
Seat 1: habari786 ($85.20 in chips)
Seat 4: Agrotait ($74.45 in chips)
habari786: posts small blind $1
Agrotait: posts big blind $3
*** HOLE CARDS ***
HIGHIQ74 leaves the table
habari786: folds
Uncalled bet ($2) returned to Agrotait
Agrotait collected $2 from pot
Agrotait: doesn't show hand
*** SUMMARY ***
Total pot $2 | Rake $0
Seat 1: habari786 (button) (small blind) folded before Flop
Seat 4: Agrotait (big blind) collected ($2)


