PokerStars Hand #145908658794:  Hold'em Limit ($3/$6 USD) - 2015/12/25 15:18:43 ET
Table 'Hamiltonia' 6-max Seat #4 is the button
Seat 3: CE3000 ($46.14 in chips)
Seat 4: MTails ($103 in chips)
MTails: posts small blind $1
CE3000: posts big blind $3
*** HOLE CARDS ***
MTails: raises $3 to $6
CE3000: folds
Uncalled bet ($3) returned to MTails
MTails collected $6 from pot
*** SUMMARY ***
Total pot $6 | Rake $0
Seat 3: CE3000 (big blind) folded before Flop
Seat 4: MTails (button) (small blind) collected ($6)


PokerStars Hand #145908654078:  Hold'em Limit ($3/$6 USD) - 2015/12/25 15:18:39 ET
Table 'Hamiltonia' 6-max Seat #3 is the button
Seat 3: CE3000 ($47.14 in chips)
Seat 4: MTails ($102 in chips)
CE3000: posts small blind $1
MTails: posts big blind $3
*** HOLE CARDS ***
CE3000: folds
Uncalled bet ($2) returned to MTails
MTails collected $2 from pot
*** SUMMARY ***
Total pot $2 | Rake $0
Seat 3: CE3000 (button) (small blind) folded before Flop
Seat 4: MTails (big blind) collected ($2)


PokerStars Hand #145908642985:  Hold'em Limit ($3/$6 USD) - 2015/12/25 15:18:28 ET
Table 'Hamiltonia' 6-max Seat #3 is the button
Seat 3: CE3000 ($51.14 in chips)
Seat 4: MTails ($98 in chips)
CE3000: posts small blind $1
MTails: posts big blind $3
*** HOLE CARDS ***
CE3000: folds
Uncalled bet ($2) returned to MTails
MTails collected $2 from pot
*** SUMMARY ***
Total pot $2 | Rake $0
Seat 3: CE3000 (button) (small blind) folded before Flop
Seat 4: MTails (big blind) collected ($2)


PokerStars Hand #145908647876:  Hold'em Limit ($3/$6 USD) - 2015/12/25 15:18:33 ET
Table 'Hamiltonia' 6-max Seat #4 is the button
Seat 3: CE3000 ($50.14 in chips)
Seat 4: MTails ($99 in chips)
MTails: posts small blind $1
CE3000: posts big blind $3
*** HOLE CARDS ***
MTails: raises $3 to $6
CE3000: folds
Uncalled bet ($3) returned to MTails
MTails collected $6 from pot
*** SUMMARY ***
Total pot $6 | Rake $0
Seat 3: CE3000 (big blind) folded before Flop
Seat 4: MTails (button) (small blind) collected ($6)


PokerStars Hand #145908666787:  Hold'em Limit ($3/$6 USD) - 2015/12/25 15:18:51 ET
Table 'Hamiltonia' 6-max Seat #3 is the button
Seat 3: CE3000 ($43.14 in chips)
Seat 4: MTails ($106 in chips)
CE3000: posts small blind $1
MTails: posts big blind $3
*** HOLE CARDS ***
CE3000: raises $3 to $6
MTails: calls $3
*** FLOP *** [8s Ts 8d]
MTails: checks
CE3000: checks
*** TURN *** [8s Ts 8d] [2c]
MTails: bets $6
CE3000: calls $6
*** RIVER *** [8s Ts 8d 2c] [9d]
MTails: bets $6
CE3000: calls $6
*** SHOW DOWN ***
MTails: shows [Tc Qd] (two pair, Tens and Eights)
CE3000: mucks hand
MTails collected $35.50 from pot
*** SUMMARY ***
Total pot $36 | Rake $0.50
Board [8s Ts 8d 2c 9d]
Seat 3: CE3000 (button) (small blind) mucked
Seat 4: MTails (big blind) showed [Tc Qd] and won ($35.50) with two pair, Tens and Eights


PokerStars Hand #145908711751:  Hold'em Limit ($3/$6 USD) - 2015/12/25 15:19:34 ET
Table 'Hamiltonia' 6-max Seat #4 is the button
Seat 3: CE3000 ($25.14 in chips)
Seat 4: MTails ($123.50 in chips)
MTails: posts small blind $1
CE3000: posts big blind $3
*** HOLE CARDS ***
MTails: raises $3 to $6
CE3000: calls $3
*** FLOP *** [7d 6d 2c]
CE3000: bets $3
MTails: calls $3
*** TURN *** [7d 6d 2c] [Ah]
CE3000: bets $6
MTails: folds
Uncalled bet ($6) returned to CE3000
CE3000 collected $17.64 from pot
CE3000: doesn't show hand
*** SUMMARY ***
Total pot $18 | Rake $0.36
Board [7d 6d 2c Ah]
Seat 3: CE3000 (big blind) collected ($17.64)
Seat 4: MTails (button) (small blind) folded on the Turn


PokerStars Hand #145908754807:  Hold'em Limit ($3/$6 USD) - 2015/12/25 15:20:16 ET
Table 'Hamiltonia' 6-max Seat #4 is the button
Seat 3: CE3000 ($48.28 in chips)
Seat 4: MTails ($99.50 in chips)
MTails: posts small blind $1
CE3000: posts big blind $3
*** HOLE CARDS ***
MTails: raises $3 to $6
CE3000: folds
Uncalled bet ($3) returned to MTails
MTails collected $6 from pot
*** SUMMARY ***
Total pot $6 | Rake $0
Seat 3: CE3000 (big blind) folded before Flop
Seat 4: MTails (button) (small blind) collected ($6)


PokerStars Hand #145908727703:  Hold'em Limit ($3/$6 USD) - 2015/12/25 15:19:50 ET
Table 'Hamiltonia' 6-max Seat #3 is the button
Seat 3: CE3000 ($33.78 in chips)
Seat 4: MTails ($114.50 in chips)
CE3000: posts small blind $1
MTails: posts big blind $3
*** HOLE CARDS ***
CE3000: calls $2
MTails: raises $3 to $6
CE3000: calls $3
*** FLOP *** [5d 6h 8h]
MTails: bets $3
CE3000: calls $3
*** TURN *** [5d 6h 8h] [3c]
MTails: checks
CE3000: checks
*** RIVER *** [5d 6h 8h 3c] [4c]
MTails: checks
CE3000: bets $6
MTails: calls $6
*** SHOW DOWN ***
CE3000: shows [7h Qs] (a straight, Four to Eight)
MTails: mucks hand
CE3000 collected $29.50 from pot
*** SUMMARY ***
Total pot $30 | Rake $0.50
Board [5d 6h 8h 3c 4c]
Seat 3: CE3000 (button) (small blind) showed [7h Qs] and won ($29.50) with a straight, Four to Eight
Seat 4: MTails (big blind) mucked


PokerStars Hand #145908769160:  Hold'em Limit ($3/$6 USD) - 2015/12/25 15:20:30 ET
Table 'Hamiltonia' 6-max Seat #3 is the button
Seat 3: CE3000 ($45.28 in chips)
Seat 4: MTails ($102.50 in chips)
CE3000: posts small blind $1
MTails: posts big blind $3
*** HOLE CARDS ***
CE3000: raises $3 to $6
MTails: calls $3
*** FLOP *** [5c 5h 8c]
MTails: checks
CE3000: checks
*** TURN *** [5c 5h 8c] [4s]
MTails: bets $6
CE3000: folds
Uncalled bet ($6) returned to MTails
MTails collected $11.76 from pot
*** SUMMARY ***
Total pot $12 | Rake $0.24
Board [5c 5h 8c 4s]
Seat 3: CE3000 (button) (small blind) folded on the Turn
Seat 4: MTails (big blind) collected ($11.76)


PokerStars Hand #145909234655:  Hold'em Limit ($3/$6 USD) - 2015/12/25 15:28:00 ET
Table 'Hamiltonia' 6-max Seat #5 is the button
Seat 4: MTails ($116.90 in chips)
Seat 5: tritratru ($141 in chips)
tritratru: posts small blind $1
MTails: posts big blind $3
*** HOLE CARDS ***
tritratru: folds
Uncalled bet ($2) returned to MTails
MTails collected $2 from pot
*** SUMMARY ***
Total pot $2 | Rake $0
Seat 4: MTails (big blind) collected ($2)
Seat 5: tritratru (button) (small blind) folded before Flop


PokerStars Hand #145909264051:  Hold'em Limit ($3/$6 USD) - 2015/12/25 15:28:29 ET
Table 'Hamiltonia' 6-max Seat #5 is the button
Seat 4: MTails ($93.90 in chips)
Seat 5: tritratru ($163.50 in chips)
tritratru: posts small blind $1
MTails: posts big blind $3
*** HOLE CARDS ***
tritratru: raises $3 to $6
MTails: calls $3
*** FLOP *** [Kd As Jh]
MTails: checks
tritratru: bets $3
MTails: raises $3 to $6
tritratru: raises $3 to $9
MTails: calls $3
*** TURN *** [Kd As Jh] [2h]
Jogibärle joins the table at seat #6
MTails: checks
tritratru: checks
*** RIVER *** [Kd As Jh 2h] [Ts]
MTails: checks
tritratru: checks
*** SHOW DOWN ***
MTails: shows [Ad 9h] (a pair of Aces)
tritratru: mucks hand
MTails collected $29.50 from pot
*** SUMMARY ***
Total pot $30 | Rake $0.50
Board [Kd As Jh 2h Ts]
Seat 4: MTails (big blind) showed [Ad 9h] and won ($29.50) with a pair of Aces
Seat 5: tritratru (button) (small blind) mucked


PokerStars Hand #145909239631:  Hold'em Limit ($3/$6 USD) - 2015/12/25 15:28:05 ET
Table 'Hamiltonia' 6-max Seat #4 is the button
Seat 4: MTails ($117.90 in chips)
Seat 5: tritratru ($140 in chips)
MTails: posts small blind $1
tritratru: posts big blind $3
*** HOLE CARDS ***
MTails: raises $3 to $6
tritratru: raises $3 to $9
MTails: calls $3
*** FLOP *** [9s 3c Jc]
tritratru: bets $3
MTails: calls $3
*** TURN *** [9s 3c Jc] [Tc]
tritratru: bets $6
MTails: calls $6
*** RIVER *** [9s 3c Jc Tc] [9h]
tritratru: checks
MTails: bets $6
tritratru: calls $6
*** SHOW DOWN ***
MTails: shows [Ks 3s] (two pair, Nines and Threes)
tritratru: shows [Ad 3h] (two pair, Nines and Threes - Ace kicker)
tritratru collected $47.50 from pot
*** SUMMARY ***
Total pot $48 | Rake $0.50
Board [9s 3c Jc Tc 9h]
Seat 4: MTails (button) (small blind) showed [Ks 3s] and lost with two pair, Nines and Threes
Seat 5: tritratru (big blind) showed [Ad 3h] and won ($47.50) with two pair, Nines and Threes


PokerStars Hand #145909291865:  Hold'em Limit ($3/$6 USD) - 2015/12/25 15:28:56 ET
Table 'Hamiltonia' 6-max Seat #4 is the button
Seat 4: MTails ($108.40 in chips)
Seat 5: tritratru ($148.50 in chips)
MTails: posts small blind $1
tritratru: posts big blind $3
*** HOLE CARDS ***
Necromadx joins the table at seat #1
MTails: raises $3 to $6
tritratru: calls $3
*** FLOP *** [3d Kd 7c]
tritratru: checks
MTails: bets $3
Chessnok joins the table at seat #2
tritratru: raises $3 to $6
MTails: calls $3
*** TURN *** [3d Kd 7c] [Qc]
tritratru: bets $6
MTails: calls $6
*** RIVER *** [3d Kd 7c Qc] [Ts]
tritratru: bets $6
MTails: calls $6
*** SHOW DOWN ***
tritratru: shows [5c 6d] (high card King)
MTails: shows [6h 7h] (a pair of Sevens)
MTails collected $47.50 from pot
*** SUMMARY ***
Total pot $48 | Rake $0.50
Board [3d Kd 7c Qc Ts]
Seat 4: MTails (button) (small blind) showed [6h 7h] and won ($47.50) with a pair of Sevens
Seat 5: tritratru (big blind) showed [5c 6d] and lost with high card King


PokerStars Hand #145911042133:  Hold'em Limit ($3/$6 USD) - 2015/12/25 16:00:23 ET
Table 'Hamiltonia' 6-max Seat #2 is the button
Seat 2: Chessnok ($145.99 in chips)
Seat 6: Great_Kang ($120 in chips)
Chessnok: posts small blind $1
pepponni: is sitting out
Great_Kang: posts big blind $3
*** HOLE CARDS ***
Chessnok: raises $3 to $6
pepponni leaves the table
Great_Kang: calls $3
*** FLOP *** [2d 5d Kc]
Great_Kang: checks
Chessnok: bets $3
Great_Kang: calls $3
*** TURN *** [2d 5d Kc] [4d]
Great_Kang: checks
Chessnok: bets $6
Great_Kang: calls $6
*** RIVER *** [2d 5d Kc 4d] [Js]
Great_Kang: checks
Chessnok: bets $6
Great_Kang: calls $6
*** SHOW DOWN ***
Chessnok: shows [9d 8s] (high card King)
Great_Kang: shows [As 5h] (a pair of Fives)
Great_Kang collected $41.50 from pot
*** SUMMARY ***
Total pot $42 | Rake $0.50
Board [2d 5d Kc 4d Js]
Seat 2: Chessnok (button) (small blind) showed [9d 8s] and lost with high card King
Seat 6: Great_Kang (big blind) showed [As 5h] and won ($41.50) with a pair of Fives


