PokerStars Hand #144751082709:  Hold'em Limit ($3/$6 USD) - 2015/12/03 6:07:51 ET
Table 'Hamiltonia II' 6-max Seat #1 is the button
Seat 1: manly70 ($110.72 in chips)
Seat 2: BelSv ($81 in chips)
manly70: posts small blind $1
BelSv: posts big blind $3
*** HOLE CARDS ***
manly70: raises $3 to $6
BelSv: calls $3
*** FLOP *** [6s 6c Ks]
BelSv: checks
manly70: bets $3
BelSv: calls $3
*** TURN *** [6s 6c Ks] [5h]
BelSv: checks
manly70: bets $6
BelSv: calls $6
*** RIVER *** [6s 6c Ks 5h] [Kh]
BelSv: checks
manly70: checks
*** SHOW DOWN ***
BelSv: shows [2h 2c] (two pair, Kings and Sixes)
manly70: shows [8s 7s] (two pair, Kings and Sixes - Eight kicker)
manly70 collected $29.50 from pot
*** SUMMARY ***
Total pot $30 | Rake $0.50
Board [6s 6c Ks 5h Kh]
Seat 1: manly70 (button) (small blind) showed [8s 7s] and won ($29.50) with two pair, Kings and Sixes
Seat 2: BelSv (big blind) showed [2h 2c] and lost with two pair, Kings and Sixes


PokerStars Hand #144751074968:  Hold'em Limit ($3/$6 USD) - 2015/12/03 6:07:32 ET
Table 'Hamiltonia II' 6-max Seat #2 is the button
Seat 1: manly70 ($113.72 in chips)
Seat 2: BelSv ($78 in chips)
BelSv: posts small blind $1
TbIP-TbIP 88: is sitting out
TbIP-TbIP 88 leaves the table
manly70: posts big blind $3
*** HOLE CARDS ***
BelSv: raises $3 to $6
manly70: folds
Uncalled bet ($3) returned to BelSv
BelSv collected $6 from pot
BelSv: doesn't show hand
*** SUMMARY ***
Total pot $6 | Rake $0
Seat 1: manly70 (big blind) folded before Flop
Seat 2: BelSv (button) (small blind) collected ($6)


PokerStars Hand #144751103931:  Hold'em Limit ($3/$6 USD) - 2015/12/03 6:08:43 ET
Table 'Hamiltonia II' 6-max Seat #1 is the button
Seat 1: manly70 ($151.72 in chips)
Seat 2: BelSv ($78 in chips)
manly70: posts small blind $1
BelSv: posts big blind $3
*** HOLE CARDS ***
manly70: raises $3 to $6
BelSv: folds
Uncalled bet ($3) returned to manly70
manly70 collected $6 from pot
manly70: doesn't show hand
*** SUMMARY ***
Total pot $6 | Rake $0
Seat 1: manly70 (button) (small blind) collected ($6)
Seat 2: BelSv (big blind) folded before Flop


PokerStars Hand #144751107826:  Hold'em Limit ($3/$6 USD) - 2015/12/03 6:08:53 ET
Table 'Hamiltonia II' 6-max Seat #2 is the button
Seat 1: manly70 ($154.72 in chips)
Seat 2: BelSv ($78 in chips)
BelSv: posts small blind $1
manly70: posts big blind $3
*** HOLE CARDS ***
BelSv: raises $3 to $6
manly70: calls $3
*** FLOP *** [9h As 6s]
manly70: checks
BelSv: bets $3
manly70: calls $3
*** TURN *** [9h As 6s] [Ad]
manly70: checks
BelSv: bets $6
manly70: folds
Uncalled bet ($6) returned to BelSv
BelSv collected $17.64 from pot
BelSv: doesn't show hand
*** SUMMARY ***
Total pot $18 | Rake $0.36
Board [9h As 6s Ad]
Seat 1: manly70 (big blind) folded on the Turn
Seat 2: BelSv (button) (small blind) collected ($17.64)


PokerStars Hand #144751091538:  Hold'em Limit ($3/$6 USD) - 2015/12/03 6:08:13 ET
Table 'Hamiltonia II' 6-max Seat #2 is the button
Seat 1: manly70 ($125.22 in chips)
Seat 2: BelSv ($78 in chips)
BelSv: posts small blind $1
manly70: posts big blind $3
*** HOLE CARDS ***
BelSv: raises $3 to $6
manly70: calls $3
*** FLOP *** [6s 8s Jc]
manly70: checks
BelSv: bets $3
manly70: calls $3
*** TURN *** [6s 8s Jc] [6c]
manly70: checks
BelSv: bets $6
manly70: calls $6
*** RIVER *** [6s 8s Jc 6c] [2s]
manly70: checks
BelSv: bets $6
manly70: raises $6 to $12
BelSv: calls $6
*** SHOW DOWN ***
manly70: shows [Ts 5s] (a flush, Ten high)
BelSv: mucks hand
manly70 collected $53.50 from pot
*** SUMMARY ***
Total pot $54 | Rake $0.50
Board [6s 8s Jc 6c 2s]
Seat 1: manly70 (big blind) showed [Ts 5s] and won ($53.50) with a flush, Ten high
Seat 2: BelSv (button) (small blind) mucked


PokerStars Hand #144751126734:  Hold'em Limit ($3/$6 USD) - 2015/12/03 6:09:40 ET
Table 'Hamiltonia II' 6-max Seat #2 is the button
Seat 1: manly70 ($151.48 in chips)
Seat 2: BelSv ($80.64 in chips)
BelSv: posts small blind $1
manly70: posts big blind $3
*** HOLE CARDS ***
BelSv: raises $3 to $6
manly70: calls $3
*** FLOP *** [2h 6d Ah]
manly70: checks
BelSv: bets $3
manly70: calls $3
*** TURN *** [2h 6d Ah] [2c]
julenchu joins the table at seat #3
manly70: checks
BelSv: checks
*** RIVER *** [2h 6d Ah 2c] [9d]
manly70: bets $6
BelSv: calls $6
*** SHOW DOWN ***
manly70: shows [6h 7h] (two pair, Sixes and Deuces)
BelSv: mucks hand
manly70 collected $29.50 from pot
*** SUMMARY ***
Total pot $30 | Rake $0.50
Board [2h 6d Ah 2c 9d]
Seat 1: manly70 (big blind) showed [6h 7h] and won ($29.50) with two pair, Sixes and Deuces
Seat 2: BelSv (button) (small blind) mucked


PokerStars Hand #144751134861:  Hold'em Limit ($3/$6 USD) - 2015/12/03 6:10:00 ET
Table 'Hamiltonia II' 6-max Seat #1 is the button
Seat 1: manly70 ($165.98 in chips)
Seat 2: BelSv ($78 in chips)
manly70: posts small blind $1
BelSv: posts big blind $3
*** HOLE CARDS ***
manly70: folds
Uncalled bet ($2) returned to BelSv
BelSv collected $2 from pot
BelSv: doesn't show hand
*** SUMMARY ***
Total pot $2 | Rake $0
Seat 1: manly70 (button) (small blind) folded before Flop
Seat 2: BelSv (big blind) collected ($2)


PokerStars Hand #144751120430:  Hold'em Limit ($3/$6 USD) - 2015/12/03 6:09:24 ET
Table 'Hamiltonia II' 6-max Seat #1 is the button
Seat 1: manly70 ($145.72 in chips)
Seat 2: BelSv ($86.64 in chips)
manly70: posts small blind $1
BelSv: posts big blind $3
*** HOLE CARDS ***
manly70: raises $3 to $6
BelSv: calls $3
*** FLOP *** [4d Jd Ks]
BelSv: checks
manly70: bets $3
BelSv: folds
Uncalled bet ($3) returned to manly70
manly70 collected $11.76 from pot
manly70: doesn't show hand
*** SUMMARY ***
Total pot $12 | Rake $0.24
Board [4d Jd Ks]
Seat 1: manly70 (button) (small blind) collected ($11.76)
Seat 2: BelSv (big blind) folded on the Flop


