PokerStars Hand #166565664772:  Hold'em Limit ($3/$6 USD) - 2017/02/21 14:48:58 ET
Table 'Hamiltonia' 10-max Seat #4 is the button
Seat 4: suxakrw ($102.21 in chips)
Seat 5: NoNutsCall ($145 in chips)
suxakrw: posts small blind $1
NoNutsCall: posts big blind $3
*** HOLE CARDS ***
suxakrw: raises $3 to $6
NoNutsCall: calls $3
*** FLOP *** [8c Jc 3s]
NoNutsCall: checks
suxakrw: bets $3
NoNutsCall: calls $3
*** TURN *** [8c Jc 3s] [4c]
NoNutsCall: bets $6
suxakrw: calls $6
*** RIVER *** [8c Jc 3s 4c] [5h]
NoNutsCall: bets $6
suxakrw: folds
Uncalled bet ($6) returned to NoNutsCall
NoNutsCall collected $29.50 from pot
*** SUMMARY ***
Total pot $30 | Rake $0.50
Board [8c Jc 3s 4c 5h]
Seat 4: suxakrw (button) (small blind) folded on the River
Seat 5: NoNutsCall (big blind) collected ($29.50)


PokerStars Hand #166565733594:  Hold'em Limit ($3/$6 USD) - 2017/02/21 14:50:12 ET
Table 'Hamiltonia' 10-max Seat #6 is the button
Seat 6: LouisB ($150 in chips)
Seat 10: MorPoker ($50 in chips)
LouisB: posts small blind $1
MorPoker: posts big blind $3
*** HOLE CARDS ***
LouisB: raises $3 to $6
MorPoker: folds
Uncalled bet ($3) returned to LouisB
NoNutsCall leaves the table
LouisB collected $6 from pot
LouisB: doesn't show hand
*** SUMMARY ***
Total pot $6 | Rake $0
Seat 6: LouisB (button) (small blind) collected ($6)
Seat 10: MorPoker (big blind) folded before Flop


PokerStars Hand #166565689765:  Hold'em Limit ($3/$6 USD) - 2017/02/21 14:49:25 ET
Table 'Hamiltonia' 10-max Seat #4 is the button
Seat 4: suxakrw ($84.21 in chips)
Seat 5: NoNutsCall ($162.50 in chips)
suxakrw: posts small blind $1
NoNutsCall: posts big blind $3
*** HOLE CARDS ***
suxakrw: raises $3 to $6
NoNutsCall: raises $3 to $9
suxakrw: calls $3
*** FLOP *** [3s 3d 9c]
NoNutsCall: checks
suxakrw: checks
*** TURN *** [3s 3d 9c] [8d]
MorPoker joins the table at seat #10
NoNutsCall: bets $6
suxakrw: calls $6
*** RIVER *** [3s 3d 9c 8d] [3c]
LouisB joins the table at seat #6
NoNutsCall: bets $6
suxakrw: raises $6 to $12
NoNutsCall: raises $6 to $18
suxakrw: raises $6 to $24
Betting is capped
NoNutsCall: calls $6
*** SHOW DOWN ***
suxakrw: shows [8h 2h] (a full house, Threes full of Eights)
NoNutsCall: shows [9d Kc] (a full house, Threes full of Nines)
NoNutsCall collected $77.50 from pot
*** SUMMARY ***
Total pot $78 | Rake $0.50
Board [3s 3d 9c 8d 3c]
Seat 4: suxakrw (button) (small blind) showed [8h 2h] and lost with a full house, Threes full of Eights
Seat 5: NoNutsCall (big blind) showed [9d Kc] and won ($77.50) with a full house, Threes full of Nines


PokerStars Hand #166565685593:  Hold'em Limit ($3/$6 USD) - 2017/02/21 14:49:20 ET
Table 'Hamiltonia' 10-max Seat #5 is the button
Seat 4: suxakrw ($87.21 in chips)
Seat 5: NoNutsCall ($159.50 in chips)
NoNutsCall: posts small blind $1
suxakrw: posts big blind $3
*** HOLE CARDS ***
NoNutsCall: raises $3 to $6
suxakrw: folds
Uncalled bet ($3) returned to NoNutsCall
NoNutsCall collected $6 from pot
*** SUMMARY ***
Total pot $6 | Rake $0
Seat 4: suxakrw (big blind) folded before Flop
Seat 5: NoNutsCall (button) (small blind) collected ($6)


PokerStars Hand #166565783137:  Hold'em Limit ($3/$6 USD) - 2017/02/21 14:51:06 ET
Table 'Hamiltonia' 10-max Seat #6 is the button
Seat 6: LouisB ($177.38 in chips)
Seat 10: MorPoker ($22 in chips)
LouisB: posts small blind $1
MorPoker: posts big blind $3
*** HOLE CARDS ***
LouisB: raises $3 to $6
MorPoker: calls $3
*** FLOP *** [Kc Qs Ah]
MorPoker: checks
LouisB: bets $3
MorPoker: folds
Uncalled bet ($3) returned to LouisB
LouisB collected $11.76 from pot
LouisB: doesn't show hand
*** SUMMARY ***
Total pot $12 | Rake $0.24
Board [Kc Qs Ah]
Seat 6: LouisB (button) (small blind) collected ($11.76)
Seat 10: MorPoker (big blind) folded on the Flop


PokerStars Hand #166565770886:  Hold'em Limit ($3/$6 USD) - 2017/02/21 14:50:53 ET
Table 'Hamiltonia' 10-max Seat #10 is the button
Seat 6: LouisB ($174.50 in chips)
Seat 10: MorPoker ($25 in chips)
MorPoker: posts small blind $1
LouisB: posts big blind $3
*** HOLE CARDS ***
MorPoker: calls $2
LouisB: checks
*** FLOP *** [Kd 6c 3c]
LouisB: checks
MorPoker: checks
*** TURN *** [Kd 6c 3c] [9s]
LouisB: checks
MorPoker: checks
*** RIVER *** [Kd 6c 3c 9s] [6d]
LouisB: checks
MorPoker: checks
*** SHOW DOWN ***
LouisB: shows [2d Ah] (a pair of Sixes)
MorPoker: mucks hand
LouisB collected $5.88 from pot
*** SUMMARY ***
Total pot $6 | Rake $0.12
Board [Kd 6c 3c 9s 6d]
Seat 6: LouisB (big blind) showed [2d Ah] and won ($5.88) with a pair of Sixes
Seat 10: MorPoker (button) (small blind) mucked


PokerStars Hand #166565766712:  Hold'em Limit ($3/$6 USD) - 2017/02/21 14:50:48 ET
Table 'Hamiltonia' 10-max Seat #6 is the button
Seat 6: LouisB ($175.50 in chips)
Seat 10: MorPoker ($24 in chips)
LouisB: posts small blind $1
MorPoker: posts big blind $3
*** HOLE CARDS ***
LouisB: folds
Uncalled bet ($2) returned to MorPoker
MorPoker collected $2 from pot
MorPoker: doesn't show hand
*** SUMMARY ***
Total pot $2 | Rake $0
Seat 6: LouisB (button) (small blind) folded before Flop
Seat 10: MorPoker (big blind) collected ($2)


PokerStars Hand #166565762130:  Hold'em Limit ($3/$6 USD) - 2017/02/21 14:50:43 ET
Table 'Hamiltonia' 10-max Seat #10 is the button
Seat 6: LouisB ($174.50 in chips)
Seat 10: MorPoker ($25 in chips)
MorPoker: posts small blind $1
LouisB: posts big blind $3
*** HOLE CARDS ***
MorPoker: folds
Uncalled bet ($2) returned to LouisB
LouisB collected $2 from pot
LouisB: doesn't show hand
*** SUMMARY ***
Total pot $2 | Rake $0
Seat 6: LouisB (big blind) collected ($2)
Seat 10: MorPoker (button) (small blind) folded before Flop


PokerStars Hand #166565744752:  Hold'em Limit ($3/$6 USD) - 2017/02/21 14:50:24 ET
Table 'Hamiltonia' 10-max Seat #6 is the button
Seat 6: LouisB ($154 in chips)
Seat 10: MorPoker ($46 in chips)
LouisB: posts small blind $1
MorPoker: posts big blind $3
*** HOLE CARDS ***
LouisB: raises $3 to $6
MorPoker: calls $3
*** FLOP *** [Tc 6d 5s]
MorPoker: checks
LouisB: bets $3
MorPoker: calls $3
*** TURN *** [Tc 6d 5s] [4s]
MorPoker: checks
LouisB: bets $6
MorPoker: calls $6
*** RIVER *** [Tc 6d 5s 4s] [Th]
MorPoker: checks
LouisB: bets $6
MorPoker: calls $6
*** SHOW DOWN ***
LouisB: shows [Qc 5d] (two pair, Tens and Fives)
MorPoker: mucks hand
LouisB collected $41.50 from pot
*** SUMMARY ***
Total pot $42 | Rake $0.50
Board [Tc 6d 5s 4s Th]
Seat 6: LouisB (button) (small blind) showed [Qc 5d] and won ($41.50) with two pair, Tens and Fives
Seat 10: MorPoker (big blind) mucked


PokerStars Hand #166565740054:  Hold'em Limit ($3/$6 USD) - 2017/02/21 14:50:19 ET
Table 'Hamiltonia' 10-max Seat #10 is the button
Seat 6: LouisB ($153 in chips)
Seat 10: MorPoker ($47 in chips)
MorPoker: posts small blind $1
LouisB: posts big blind $3
*** HOLE CARDS ***
MorPoker: folds
Uncalled bet ($2) returned to LouisB
LouisB collected $2 from pot
LouisB: doesn't show hand
*** SUMMARY ***
Total pot $2 | Rake $0
Seat 6: LouisB (big blind) collected ($2)
Seat 10: MorPoker (button) (small blind) folded before Flop


PokerStars Hand #166565816908:  Hold'em Limit ($3/$6 USD) - 2017/02/21 14:51:43 ET
Table 'Hamiltonia' 10-max Seat #10 is the button
Seat 6: LouisB ($187.90 in chips)
Seat 10: MorPoker ($11 in chips)
MorPoker: posts small blind $1
LouisB: posts big blind $3
*** HOLE CARDS ***
MorPoker: folds
Uncalled bet ($2) returned to LouisB
LouisB collected $2 from pot
LouisB: doesn't show hand
*** SUMMARY ***
Total pot $2 | Rake $0
Seat 6: LouisB (big blind) collected ($2)
Seat 10: MorPoker (button) (small blind) folded before Flop


PokerStars Hand #166565810040:  Hold'em Limit ($3/$6 USD) - 2017/02/21 14:51:35 ET
Table 'Hamiltonia' 10-max Seat #6 is the button
Seat 6: LouisB ($188.90 in chips)
Seat 10: MorPoker ($10 in chips)
LouisB: posts small blind $1
MorPoker: posts big blind $3
*** HOLE CARDS ***
LouisB: folds
Uncalled bet ($2) returned to MorPoker
MorPoker collected $2 from pot
MorPoker: doesn't show hand
*** SUMMARY ***
Total pot $2 | Rake $0
Seat 6: LouisB (button) (small blind) folded before Flop
Seat 10: MorPoker (big blind) collected ($2)


PokerStars Hand #166565794049:  Hold'em Limit ($3/$6 USD) - 2017/02/21 14:51:18 ET
Table 'Hamiltonia' 10-max Seat #10 is the button
Seat 6: LouisB ($183.14 in chips)
Seat 10: MorPoker ($16 in chips)
MorPoker: posts small blind $1
LouisB: posts big blind $3
*** HOLE CARDS ***
MorPoker: calls $2
LouisB: checks
*** FLOP *** [8d 9c 7c]
LouisB: bets $3
MorPoker: calls $3
*** TURN *** [8d 9c 7c] [5s]
LouisB: bets $6
MorPoker: folds
Uncalled bet ($6) returned to LouisB
LouisB collected $11.76 from pot
LouisB: doesn't show hand
*** SUMMARY ***
Total pot $12 | Rake $0.24
Board [8d 9c 7c 5s]
Seat 6: LouisB (big blind) collected ($11.76)
Seat 10: MorPoker (button) (small blind) folded on the Turn


