PokerStars Hand #157276893160:  Hold'em Limit ($3/$6 USD) - 2016/08/14 15:38:10 ET
Table 'Hamiltonia II' 6-max Seat #4 is the button
Seat 4: AzureCaper ($72 in chips)
Seat 5: Siwy56 ($58.50 in chips)
AzureCaper: posts small blind $1
Siwy56: posts big blind $3
*** HOLE CARDS ***
AzureCaper: raises $3 to $6
Murrrr_@T joins the table at seat #1
Siwy56: raises $3 to $9
AzureCaper: calls $3
*** FLOP *** [Qc 8d Js]
Siwy56: checks
AzureCaper: checks
*** TURN *** [Qc 8d Js] [Td]
Siwy56: bets $6
AzureCaper: folds
Uncalled bet ($6) returned to Siwy56
Siwy56 collected $17.64 from pot
Siwy56: doesn't show hand
*** SUMMARY ***
Total pot $18 | Rake $0.36
Board [Qc 8d Js Td]
Seat 4: AzureCaper (button) (small blind) folded on the Turn
Seat 5: Siwy56 (big blind) collected ($17.64)


PokerStars Hand #157276853638:  Hold'em Limit ($3/$6 USD) - 2016/08/14 15:37:22 ET
Table 'Hamiltonia II' 6-max Seat #4 is the button
Seat 4: AzureCaper ($72 in chips)
Seat 5: Siwy56 ($50 in chips)
AzureCaper: posts small blind $1
Siwy56: posts big blind $3
*** HOLE CARDS ***
AzureCaper: raises $3 to $6
Siwy56: calls $3
*** FLOP *** [4h 6h 8h]
Siwy56: checks
AzureCaper: bets $3
Siwy56: folds
Uncalled bet ($3) returned to AzureCaper
AzureCaper collected $11.76 from pot
AzureCaper: doesn't show hand
*** SUMMARY ***
Total pot $12 | Rake $0.24
Board [4h 6h 8h]
Seat 4: AzureCaper (button) (small blind) collected ($11.76)
Seat 5: Siwy56 (big blind) folded on the Flop


PokerStars Hand #157284360056:  Hold'em Limit ($3/$6 USD) - 2016/08/14 18:23:25 ET
Table 'Hamiltonia II' 6-max Seat #5 is the button
Seat 4: Butifara4416 ($122.50 in chips)
Seat 5: poooohpooh ($212.98 in chips)
poooohpooh: posts small blind $1
Butifara4416: posts big blind $3
*** HOLE CARDS ***
poooohpooh: raises $3 to $6
Butifara4416: calls $3
*** FLOP *** [9h Js 7d]
Butifara4416: checks
poooohpooh: bets $3
Butifara4416: folds
Uncalled bet ($3) returned to poooohpooh
poooohpooh collected $11.76 from pot
poooohpooh: doesn't show hand
*** SUMMARY ***
Total pot $12 | Rake $0.24
Board [9h Js 7d]
Seat 4: Butifara4416 (big blind) folded on the Flop
Seat 5: poooohpooh (button) (small blind) collected ($11.76)


PokerStars Hand #157284349251:  Hold'em Limit ($3/$6 USD) - 2016/08/14 18:23:16 ET
Table 'Hamiltonia II' 6-max Seat #4 is the button
Seat 4: Butifara4416 ($131.50 in chips)
Seat 5: poooohpooh ($204.34 in chips)
Butifara4416: posts small blind $1
poooohpooh: posts big blind $3
*** HOLE CARDS ***
Butifara4416: raises $3 to $6
poooohpooh: raises $3 to $9
Butifara4416: calls $3
*** FLOP *** [3h 3s Ks]
poooohpooh: bets $3
Butifara4416: folds
Uncalled bet ($3) returned to poooohpooh
poooohpooh collected $17.64 from pot
poooohpooh: doesn't show hand
*** SUMMARY ***
Total pot $18 | Rake $0.36
Board [3h 3s Ks]
Seat 4: Butifara4416 (button) (small blind) folded on the Flop
Seat 5: poooohpooh (big blind) collected ($17.64)


PokerStars Hand #157284370959:  Hold'em Limit ($3/$6 USD) - 2016/08/14 18:23:42 ET
Table 'Hamiltonia II' 6-max Seat #5 is the button
Seat 4: Butifara4416 ($122.26 in chips)
Seat 5: poooohpooh ($212.74 in chips)
poooohpooh: posts small blind $1
Butifara4416: posts big blind $3
*** HOLE CARDS ***
poooohpooh: raises $3 to $6
Butifara4416: folds
Uncalled bet ($3) returned to poooohpooh
poooohpooh collected $6 from pot
poooohpooh: doesn't show hand
*** SUMMARY ***
Total pot $6 | Rake $0
Seat 4: Butifara4416 (big blind) folded before Flop
Seat 5: poooohpooh (button) (small blind) collected ($6)


PokerStars Hand #157284365179:  Hold'em Limit ($3/$6 USD) - 2016/08/14 18:23:33 ET
Table 'Hamiltonia II' 6-max Seat #4 is the button
Seat 4: Butifara4416 ($116.50 in chips)
Seat 5: poooohpooh ($218.74 in chips)
Butifara4416: posts small blind $1
poooohpooh: posts big blind $3
*** HOLE CARDS ***
Butifara4416: raises $3 to $6
poooohpooh: calls $3
*** FLOP *** [3c 2s Ks]
poooohpooh: checks
Butifara4416: bets $3
poooohpooh: folds
Uncalled bet ($3) returned to Butifara4416
Butifara4416 collected $11.76 from pot
Butifara4416: doesn't show hand
*** SUMMARY ***
Total pot $12 | Rake $0.24
Board [3c 2s Ks]
Seat 4: Butifara4416 (button) (small blind) collected ($11.76)
Seat 5: poooohpooh (big blind) folded on the Flop


PokerStars Hand #157284337602:  Hold'em Limit ($3/$6 USD) - 2016/08/14 18:22:58 ET
Table 'Hamiltonia II' 6-max Seat #5 is the button
Seat 4: Butifara4416 ($108 in chips)
Seat 5: poooohpooh ($228.34 in chips)
poooohpooh: posts small blind $1
Chessnok: is sitting out
Butifara4416: posts big blind $3
*** HOLE CARDS ***
poooohpooh: raises $3 to $6
Butifara4416: calls $3
*** FLOP *** [Ts 4d Kc]
Butifara4416: checks
poooohpooh: bets $3
Butifara4416: raises $3 to $6
poooohpooh: calls $3
*** TURN *** [Ts 4d Kc] [3d]
Butifara4416: bets $6
poooohpooh: calls $6
*** RIVER *** [Ts 4d Kc 3d] [2h]
Butifara4416: bets $6
poooohpooh: calls $6
*** SHOW DOWN ***
Butifara4416: shows [Ks 5d] (a pair of Kings)
poooohpooh: mucks hand
Butifara4416 collected $47.50 from pot
*** SUMMARY ***
Total pot $48 | Rake $0.50
Board [Ts 4d Kc 3d 2h]
Seat 4: Butifara4416 (big blind) showed [Ks 5d] and won ($47.50) with a pair of Kings
Seat 5: poooohpooh (button) (small blind) mucked


PokerStars Hand #157284374166:  Hold'em Limit ($3/$6 USD) - 2016/08/14 18:23:47 ET
Table 'Hamiltonia II' 6-max Seat #4 is the button
Seat 4: Butifara4416 ($119.26 in chips)
Seat 5: poooohpooh ($215.74 in chips)
Butifara4416: posts small blind $1
poooohpooh: posts big blind $3
*** HOLE CARDS ***
Butifara4416: raises $3 to $6
poooohpooh: raises $3 to $9
Butifara4416: calls $3
*** FLOP *** [4s Kd 5h]
poooohpooh: bets $3
Butifara4416: calls $3
*** TURN *** [4s Kd 5h] [2d]
poooohpooh: bets $6
Butifara4416: raises $6 to $12
poooohpooh: calls $6
*** RIVER *** [4s Kd 5h 2d] [Jc]
poooohpooh: checks
Butifara4416: bets $6
poooohpooh: calls $6
*** SHOW DOWN ***
Butifara4416: shows [7h 3h] (high card King)
poooohpooh: shows [3d 5d] (a pair of Fives)
poooohpooh collected $59.50 from pot
*** SUMMARY ***
Total pot $60 | Rake $0.50
Board [4s Kd 5h 2d Jc]
Seat 4: Butifara4416 (button) (small blind) showed [7h 3h] and lost with high card King
Seat 5: poooohpooh (big blind) showed [3d 5d] and won ($59.50) with a pair of Fives


PokerStars Hand #157284402709:  Hold'em Limit ($3/$6 USD) - 2016/08/14 18:24:31 ET
Table 'Hamiltonia II' 6-max Seat #4 is the button
Seat 4: Butifara4416 ($62.26 in chips)
Seat 5: poooohpooh ($271.74 in chips)
Butifara4416: posts small blind $1
poooohpooh: posts big blind $3
*** HOLE CARDS ***
Butifara4416: raises $3 to $6
poooohpooh: calls $3
*** FLOP *** [8d 9d 9c]
poooohpooh: checks
Butifara4416: checks
*** TURN *** [8d 9d 9c] [8h]
poooohpooh: bets $6
Butifara4416: calls $6
*** RIVER *** [8d 9d 9c 8h] [7h]
poooohpooh: checks
Butifara4416: checks
*** SHOW DOWN ***
poooohpooh: shows [Qh 5d] (two pair, Nines and Eights)
Butifara4416: shows [Qd 5h] (two pair, Nines and Eights)
poooohpooh collected $11.76 from pot
Butifara4416 collected $11.76 from pot
*** SUMMARY ***
Total pot $24 | Rake $0.48
Board [8d 9d 9c 8h 7h]
Seat 4: Butifara4416 (button) (small blind) showed [Qd 5h] and won ($11.76) with two pair, Nines and Eights
Seat 5: poooohpooh (big blind) showed [Qh 5d] and won ($11.76) with two pair, Nines and Eights


PokerStars Hand #157284416684:  Hold'em Limit ($3/$6 USD) - 2016/08/14 18:24:53 ET
Table 'Hamiltonia II' 6-max Seat #4 is the button
Seat 4: Butifara4416 ($59.02 in chips)
Seat 5: poooohpooh ($274.50 in chips)
Butifara4416: posts small blind $1
poooohpooh: posts big blind $3
*** HOLE CARDS ***
Butifara4416: raises $3 to $6
poooohpooh: raises $3 to $9
Butifara4416: calls $3
*** FLOP *** [Kd 2c 9c]
poooohpooh: bets $3
Butifara4416: folds
Uncalled bet ($3) returned to poooohpooh
poooohpooh collected $17.64 from pot
poooohpooh: doesn't show hand
*** SUMMARY ***
Total pot $18 | Rake $0.36
Board [Kd 2c 9c]
Seat 4: Butifara4416 (button) (small blind) folded on the Flop
Seat 5: poooohpooh (big blind) collected ($17.64)


PokerStars Hand #157284411137:  Hold'em Limit ($3/$6 USD) - 2016/08/14 18:24:44 ET
Table 'Hamiltonia II' 6-max Seat #5 is the button
Seat 4: Butifara4416 ($62.02 in chips)
Seat 5: poooohpooh ($271.50 in chips)
poooohpooh: posts small blind $1
Butifara4416: posts big blind $3
*** HOLE CARDS ***
poooohpooh: raises $3 to $6
Butifara4416: folds
Uncalled bet ($3) returned to poooohpooh
poooohpooh collected $6 from pot
poooohpooh: doesn't show hand
*** SUMMARY ***
Total pot $6 | Rake $0
Seat 4: Butifara4416 (big blind) folded before Flop
Seat 5: poooohpooh (button) (small blind) collected ($6)


PokerStars Hand #157284387902:  Hold'em Limit ($3/$6 USD) - 2016/08/14 18:24:08 ET
Table 'Hamiltonia II' 6-max Seat #5 is the button
Seat 4: Butifara4416 ($89.26 in chips)
Seat 5: poooohpooh ($245.24 in chips)
poooohpooh: posts small blind $1
Butifara4416: posts big blind $3
*** HOLE CARDS ***
poooohpooh: raises $3 to $6
Butifara4416: calls $3
*** FLOP *** [Th 2d 3h]
Butifara4416: checks
poooohpooh: bets $3
Butifara4416: raises $3 to $6
poooohpooh: raises $3 to $9
Butifara4416: calls $3
*** TURN *** [Th 2d 3h] [Kc]
Butifara4416: checks
poooohpooh: bets $6
Butifara4416: calls $6
*** RIVER *** [Th 2d 3h Kc] [5s]
Butifara4416: checks
poooohpooh: bets $6
Butifara4416: calls $6
*** SHOW DOWN ***
poooohpooh: shows [As Ah] (a pair of Aces)
Butifara4416: mucks hand
poooohpooh collected $53.50 from pot
*** SUMMARY ***
Total pot $54 | Rake $0.50
Board [Th 2d 3h Kc 5s]
Seat 4: Butifara4416 (big blind) mucked
Seat 5: poooohpooh (button) (small blind) showed [As Ah] and won ($53.50) with a pair of Aces


PokerStars Hand #157284438708:  Hold'em Limit ($3/$6 USD) - 2016/08/14 18:25:27 ET
Table 'Hamiltonia II' 6-max Seat #4 is the button
Seat 4: Butifara4416 ($54.54 in chips)
Seat 5: poooohpooh ($277.90 in chips)
Butifara4416: posts small blind $1
poooohpooh: posts big blind $3
*** HOLE CARDS ***
Butifara4416: raises $3 to $6
poooohpooh: calls $3
*** FLOP *** [Ac Qc Kc]
poooohpooh: checks
Butifara4416: bets $3
poooohpooh: calls $3
*** TURN *** [Ac Qc Kc] [Tc]
poooohpooh: checks
Butifara4416: checks
*** RIVER *** [Ac Qc Kc Tc] [5d]
poooohpooh: bets $6
Chessnok leaves the table
Butifara4416: folds
Uncalled bet ($6) returned to poooohpooh
poooohpooh collected $17.64 from pot
poooohpooh: doesn't show hand
*** SUMMARY ***
Total pot $18 | Rake $0.36
Board [Ac Qc Kc Tc 5d]
Seat 4: Butifara4416 (button) (small blind) folded on the River
Seat 5: poooohpooh (big blind) collected ($17.64)


PokerStars Hand #157284447533:  Hold'em Limit ($3/$6 USD) - 2016/08/14 18:25:41 ET
Table 'Hamiltonia II' 6-max Seat #5 is the button
Seat 4: Butifara4416 ($45.54 in chips)
Seat 5: poooohpooh ($286.54 in chips)
poooohpooh: posts small blind $1
Butifara4416: posts big blind $3
*** HOLE CARDS ***
poooohpooh: raises $3 to $6
Butifara4416: calls $3
*** FLOP *** [2c 6s 6d]
Butifara4416: checks
poooohpooh: bets $3
Butifara4416: calls $3
*** TURN *** [2c 6s 6d] [7c]
Butifara4416: checks
poooohpooh: checks
*** RIVER *** [2c 6s 6d 7c] [9c]
Butifara4416: bets $6
poooohpooh: calls $6
*** SHOW DOWN ***
Butifara4416: shows [Ts 3s] (a pair of Sixes)
poooohpooh: shows [Js Kh] (a pair of Sixes - King kicker)
poooohpooh collected $29.50 from pot
*** SUMMARY ***
Total pot $30 | Rake $0.50
Board [2c 6s 6d 7c 9c]
Seat 4: Butifara4416 (big blind) showed [Ts 3s] and lost with a pair of Sixes
Seat 5: poooohpooh (button) (small blind) showed [Js Kh] and won ($29.50) with a pair of Sixes


PokerStars Hand #157284422442:  Hold'em Limit ($3/$6 USD) - 2016/08/14 18:25:02 ET
Table 'Hamiltonia II' 6-max Seat #5 is the button
Seat 4: Butifara4416 ($50.02 in chips)
Seat 5: poooohpooh ($283.14 in chips)
poooohpooh: posts small blind $1
Butifara4416: posts big blind $3
*** HOLE CARDS ***
poooohpooh: raises $3 to $6
Butifara4416: calls $3
*** FLOP *** [Kc Jc Ks]
Butifara4416: checks
poooohpooh: bets $3
Butifara4416: folds
Uncalled bet ($3) returned to poooohpooh
poooohpooh collected $11.76 from pot
poooohpooh: doesn't show hand
*** SUMMARY ***
Total pot $12 | Rake $0.24
Board [Kc Jc Ks]
Seat 4: Butifara4416 (big blind) folded on the Flop
Seat 5: poooohpooh (button) (small blind) collected ($11.76)


PokerStars Hand #157284427567:  Hold'em Limit ($3/$6 USD) - 2016/08/14 18:25:10 ET
Table 'Hamiltonia II' 6-max Seat #4 is the button
Seat 4: Butifara4416 ($44.02 in chips)
Seat 5: poooohpooh ($288.90 in chips)
Butifara4416: posts small blind $1
poooohpooh: posts big blind $3
*** HOLE CARDS ***
Butifara4416: folds
Uncalled bet ($2) returned to poooohpooh
poooohpooh collected $2 from pot
poooohpooh: doesn't show hand
*** SUMMARY ***
Total pot $2 | Rake $0
Seat 4: Butifara4416 (button) (small blind) folded before Flop
Seat 5: poooohpooh (big blind) collected ($2)


PokerStars Hand #157284469799:  Hold'em Limit ($3/$6 USD) - 2016/08/14 18:26:15 ET
Table 'Hamiltonia II' 6-max Seat #5 is the button
Seat 4: Butifara4416 ($15.54 in chips)
Seat 5: poooohpooh ($315.54 in chips)
poooohpooh: posts small blind $1
Butifara4416: posts big blind $3
*** HOLE CARDS ***
poooohpooh: raises $3 to $6
Butifara4416: folds
Uncalled bet ($3) returned to poooohpooh
poooohpooh collected $6 from pot
poooohpooh: doesn't show hand
*** SUMMARY ***
Total pot $6 | Rake $0
Seat 4: Butifara4416 (big blind) folded before Flop
Seat 5: poooohpooh (button) (small blind) collected ($6)


PokerStars Hand #157284458713:  Hold'em Limit ($3/$6 USD) - 2016/08/14 18:25:58 ET
Table 'Hamiltonia II' 6-max Seat #4 is the button
Seat 4: Butifara4416 ($30.54 in chips)
Seat 5: poooohpooh ($301.04 in chips)
Butifara4416: posts small blind $1
poooohpooh: posts big blind $3
*** HOLE CARDS ***
Butifara4416: raises $3 to $6
poooohpooh: calls $3
*** FLOP *** [Kd 9c 6s]
poooohpooh: bets $3
Butifara4416: calls $3
*** TURN *** [Kd 9c 6s] [5h]
poooohpooh: checks
Butifara4416: checks
*** RIVER *** [Kd 9c 6s 5h] [8d]
poooohpooh: bets $6
Butifara4416: calls $6
*** SHOW DOWN ***
poooohpooh: shows [Kh Td] (a pair of Kings)
Butifara4416: mucks hand
poooohpooh collected $29.50 from pot
*** SUMMARY ***
Total pot $30 | Rake $0.50
Board [Kd 9c 6s 5h 8d]
Seat 4: Butifara4416 (button) (small blind) mucked
Seat 5: poooohpooh (big blind) showed [Kh Td] and won ($29.50) with a pair of Kings


