PokerStars Hand #145357753176:  Hold'em Limit ($3/$6 USD) - 2015/12/14 18:59:17 ET
Table 'Hammonia' 2-max Seat #1 is the button
Seat 1: elifnur2008 ($70.18 in chips)
Seat 2: dertitan16 ($32.43 in chips)
elifnur2008: posts small blind $1
dertitan16: posts big blind $3
*** HOLE CARDS ***
elifnur2008: raises $3 to $6
dertitan16: folds
Uncalled bet ($3) returned to elifnur2008
elifnur2008 collected $6 from pot
elifnur2008: doesn't show hand
*** SUMMARY ***
Total pot $6 | Rake $0
Seat 1: elifnur2008 (button) (small blind) collected ($6)
Seat 2: dertitan16 (big blind) folded before Flop


PokerStars Hand #145357757485:  Hold'em Limit ($3/$6 USD) - 2015/12/14 18:59:25 ET
Table 'Hammonia' 2-max Seat #2 is the button
Seat 1: elifnur2008 ($73.18 in chips)
Seat 2: dertitan16 ($29.43 in chips)
dertitan16: posts small blind $1
elifnur2008: posts big blind $3
*** HOLE CARDS ***
dertitan16: raises $3 to $6
elifnur2008: folds
Uncalled bet ($3) returned to dertitan16
dertitan16 collected $6 from pot
dertitan16: doesn't show hand
*** SUMMARY ***
Total pot $6 | Rake $0
Seat 1: elifnur2008 (big blind) folded before Flop
Seat 2: dertitan16 (button) (small blind) collected ($6)


