PokerStars Hand #146911444234:  Hold'em Limit ($3/$6 USD) - 2016/01/12 9:43:43 ET
Table 'Hammonia II' 2-max Seat #1 is the button
Seat 1: Rus29APX ($150.78 in chips)
Seat 2: aremom4e ($88 in chips)
Rus29APX: posts small blind $1
aremom4e: posts big blind $3
*** HOLE CARDS ***
Rus29APX: raises $3 to $6
aremom4e: folds
Uncalled bet ($3) returned to Rus29APX
Rus29APX collected $6 from pot
Rus29APX: doesn't show hand
*** SUMMARY ***
Total pot $6 | Rake $0
Seat 1: Rus29APX (button) (small blind) collected ($6)
Seat 2: aremom4e (big blind) folded before Flop


PokerStars Hand #146911439366:  Hold'em Limit ($3/$6 USD) - 2016/01/12 9:43:37 ET
Table 'Hammonia II' 2-max Seat #2 is the button
Seat 1: Rus29APX ($153.78 in chips)
Seat 2: aremom4e ($85 in chips)
aremom4e: posts small blind $1
Rus29APX: posts big blind $3
*** HOLE CARDS ***
aremom4e: raises $3 to $6
Rus29APX: folds
Uncalled bet ($3) returned to aremom4e
aremom4e collected $6 from pot
aremom4e: doesn't show hand
*** SUMMARY ***
Total pot $6 | Rake $0
Seat 1: Rus29APX (big blind) folded before Flop
Seat 2: aremom4e (button) (small blind) collected ($6)


PokerStars Hand #146911424204:  Hold'em Limit ($3/$6 USD) - 2016/01/12 9:43:16 ET
Table 'Hammonia II' 2-max Seat #1 is the button
Seat 1: Rus29APX ($139.28 in chips)
Seat 2: aremom4e ($100 in chips)
Rus29APX: posts small blind $1
aremom4e: posts big blind $3
*** HOLE CARDS ***
Rus29APX: raises $3 to $6
aremom4e: calls $3
*** FLOP *** [Ts 4h 8h]
aremom4e: checks
Rus29APX: bets $3
aremom4e: calls $3
*** TURN *** [Ts 4h 8h] [Kc]
aremom4e: checks
Rus29APX: bets $6
aremom4e: calls $6
*** RIVER *** [Ts 4h 8h Kc] [7h]
aremom4e: checks
Rus29APX: bets $6
aremom4e: folds
Uncalled bet ($6) returned to Rus29APX
Rus29APX collected $29.50 from pot
Rus29APX: doesn't show hand
*** SUMMARY ***
Total pot $30 | Rake $0.50
Board [Ts 4h 8h Kc 7h]
Seat 1: Rus29APX (button) (small blind) collected ($29.50)
Seat 2: aremom4e (big blind) folded on the River


PokerStars Hand #146911420492:  Hold'em Limit ($3/$6 USD) - 2016/01/12 9:43:11 ET
Table 'Hammonia II' 2-max Seat #2 is the button
Seat 1: Rus29APX ($138.28 in chips)
Seat 2: aremom4e ($101 in chips)
aremom4e: posts small blind $1
Rus29APX: posts big blind $3
*** HOLE CARDS ***
aremom4e: folds
Uncalled bet ($2) returned to Rus29APX
Rus29APX collected $2 from pot
Rus29APX: doesn't show hand
*** SUMMARY ***
Total pot $2 | Rake $0
Seat 1: Rus29APX (big blind) collected ($2)
Seat 2: aremom4e (button) (small blind) folded before Flop


PokerStars Hand #146911410768:  Hold'em Limit ($3/$6 USD) - 2016/01/12 9:42:58 ET
Table 'Hammonia II' 2-max Seat #1 is the button
Seat 1: Rus29APX ($132.52 in chips)
Seat 2: aremom4e ($107 in chips)
Rus29APX: posts small blind $1
aremom4e: posts big blind $3
*** HOLE CARDS ***
Rus29APX: raises $3 to $6
aremom4e: calls $3
*** FLOP *** [Ah 3d 5d]
aremom4e: checks
Rus29APX: bets $3
aremom4e: folds
Uncalled bet ($3) returned to Rus29APX
Rus29APX collected $11.76 from pot
Rus29APX: doesn't show hand
*** SUMMARY ***
Total pot $12 | Rake $0.24
Board [Ah 3d 5d]
Seat 1: Rus29APX (button) (small blind) collected ($11.76)
Seat 2: aremom4e (big blind) folded on the Flop


PokerStars Hand #146911396737:  Hold'em Limit ($3/$6 USD) - 2016/01/12 9:42:39 ET
Table 'Hammonia II' 2-max Seat #2 is the button
Seat 1: Rus29APX ($126.76 in chips)
Seat 2: aremom4e ($113 in chips)
aremom4e: posts small blind $1
Rus29APX: posts big blind $3
*** HOLE CARDS ***
aremom4e: raises $3 to $6
Rus29APX: calls $3
*** FLOP *** [8h Jc Qc]
Rus29APX: checks
aremom4e: checks
*** TURN *** [8h Jc Qc] [4d]
Rus29APX: bets $6
aremom4e: folds
Uncalled bet ($6) returned to Rus29APX
Rus29APX collected $11.76 from pot
Rus29APX: doesn't show hand
*** SUMMARY ***
Total pot $12 | Rake $0.24
Board [8h Jc Qc 4d]
Seat 1: Rus29APX (big blind) collected ($11.76)
Seat 2: aremom4e (button) (small blind) folded on the Turn


PokerStars Hand #146911474385:  Hold'em Limit ($3/$6 USD) - 2016/01/12 9:44:24 ET
Table 'Hammonia II' 2-max Seat #2 is the button
Seat 1: Rus29APX ($165.42 in chips)
Seat 2: aremom4e ($73 in chips)
aremom4e: posts small blind $1
Rus29APX: posts big blind $3
*** HOLE CARDS ***
aremom4e: raises $3 to $6
Rus29APX: calls $3
*** FLOP *** [4s 8s 7c]
Rus29APX: bets $3
aremom4e: raises $3 to $6
Rus29APX: raises $3 to $9
aremom4e: calls $3
*** TURN *** [4s 8s 7c] [Kc]
Rus29APX: bets $6
aremom4e: folds
Uncalled bet ($6) returned to Rus29APX
Rus29APX collected $29.50 from pot
Rus29APX: doesn't show hand
*** SUMMARY ***
Total pot $30 | Rake $0.50
Board [4s 8s 7c Kc]
Seat 1: Rus29APX (big blind) collected ($29.50)
Seat 2: aremom4e (button) (small blind) folded on the Turn


PokerStars Hand #146911469200:  Hold'em Limit ($3/$6 USD) - 2016/01/12 9:44:17 ET
Table 'Hammonia II' 2-max Seat #1 is the button
Seat 1: Rus29APX ($162.42 in chips)
Seat 2: aremom4e ($76 in chips)
Rus29APX: posts small blind $1
aremom4e: posts big blind $3
*** HOLE CARDS ***
Rus29APX: raises $3 to $6
aremom4e: folds
Uncalled bet ($3) returned to Rus29APX
Rus29APX collected $6 from pot
Rus29APX: doesn't show hand
*** SUMMARY ***
Total pot $6 | Rake $0
Seat 1: Rus29APX (button) (small blind) collected ($6)
Seat 2: aremom4e (big blind) folded before Flop


PokerStars Hand #146911448658:  Hold'em Limit ($3/$6 USD) - 2016/01/12 9:43:49 ET
Table 'Hammonia II' 2-max Seat #2 is the button
Seat 1: Rus29APX ($153.78 in chips)
Seat 2: aremom4e ($85 in chips)
aremom4e: posts small blind $1
Rus29APX: posts big blind $3
*** HOLE CARDS ***
aremom4e: raises $3 to $6
Rus29APX: calls $3
*** FLOP *** [9h 4c Ks]
Rus29APX: checks
aremom4e: bets $3
Rus29APX: calls $3
*** TURN *** [9h 4c Ks] [6s]
Rus29APX: checks
aremom4e: checks
*** RIVER *** [9h 4c Ks 6s] [8d]
Rus29APX: checks
aremom4e: checks
*** SHOW DOWN ***
Rus29APX: shows [2s 4d] (a pair of Fours)
aremom4e: mucks hand
Rus29APX collected $17.64 from pot
*** SUMMARY ***
Total pot $18 | Rake $0.36
Board [9h 4c Ks 6s 8d]
Seat 1: Rus29APX (big blind) showed [2s 4d] and won ($17.64) with a pair of Fours
Seat 2: aremom4e (button) (small blind) mucked


PokerStars Hand #146911527415:  Hold'em Limit ($3/$6 USD) - 2016/01/12 9:45:35 ET
Table 'Hammonia II' 2-max Seat #2 is the button
Seat 1: Rus29APX ($209.06 in chips)
Seat 2: aremom4e ($28 in chips)
aremom4e: posts small blind $1
Rus29APX: posts big blind $3
*** HOLE CARDS ***
aremom4e: folds
Uncalled bet ($2) returned to Rus29APX
Rus29APX collected $2 from pot
Rus29APX: doesn't show hand
*** SUMMARY ***
Total pot $2 | Rake $0
Seat 1: Rus29APX (big blind) collected ($2)
Seat 2: aremom4e (button) (small blind) folded before Flop


PokerStars Hand #146911523648:  Hold'em Limit ($3/$6 USD) - 2016/01/12 9:45:30 ET
Table 'Hammonia II' 2-max Seat #1 is the button
Seat 1: Rus29APX ($206.06 in chips)
Seat 2: aremom4e ($31 in chips)
Rus29APX: posts small blind $1
aremom4e: posts big blind $3
*** HOLE CARDS ***
Rus29APX: raises $3 to $6
aremom4e: folds
Uncalled bet ($3) returned to Rus29APX
Rus29APX collected $6 from pot
Rus29APX: doesn't show hand
*** SUMMARY ***
Total pot $6 | Rake $0
Seat 1: Rus29APX (button) (small blind) collected ($6)
Seat 2: aremom4e (big blind) folded before Flop


PokerStars Hand #146911506997:  Hold'em Limit ($3/$6 USD) - 2016/01/12 9:45:08 ET
Table 'Hammonia II' 2-max Seat #2 is the button
Seat 1: Rus29APX ($197.42 in chips)
Seat 2: aremom4e ($40 in chips)
aremom4e: posts small blind $1
Rus29APX: posts big blind $3
*** HOLE CARDS ***
aremom4e: raises $3 to $6
Rus29APX: calls $3
*** FLOP *** [3c 8s Kc]
Rus29APX: checks
aremom4e: bets $3
Rus29APX: calls $3
*** TURN *** [3c 8s Kc] [Qs]
Rus29APX: checks
aremom4e: checks
*** RIVER *** [3c 8s Kc Qs] [4s]
Rus29APX: checks
aremom4e: checks
*** SHOW DOWN ***
Rus29APX: shows [Ah 7s] (high card Ace)
aremom4e: mucks hand
Rus29APX collected $17.64 from pot
*** SUMMARY ***
Total pot $18 | Rake $0.36
Board [3c 8s Kc Qs 4s]
Seat 1: Rus29APX (big blind) showed [Ah 7s] and won ($17.64) with high card Ace
Seat 2: aremom4e (button) (small blind) mucked


PokerStars Hand #146911489897:  Hold'em Limit ($3/$6 USD) - 2016/01/12 9:44:45 ET
Table 'Hammonia II' 2-max Seat #1 is the button
Seat 1: Rus29APX ($179.92 in chips)
Seat 2: aremom4e ($58 in chips)
Rus29APX: posts small blind $1
aremom4e: posts big blind $3
*** HOLE CARDS ***
Rus29APX: raises $3 to $6
aremom4e: raises $3 to $9
Rus29APX: calls $3
*** FLOP *** [3s Ks Jd]
aremom4e: bets $3
Rus29APX: calls $3
*** TURN *** [3s Ks Jd] [4c]
aremom4e: bets $6
Rus29APX: calls $6
*** RIVER *** [3s Ks Jd 4c] [Ah]
aremom4e: checks
Rus29APX: checks
*** SHOW DOWN ***
aremom4e: shows [9d Td] (high card Ace)
Rus29APX: shows [3d 8d] (a pair of Threes)
Rus29APX collected $35.50 from pot
*** SUMMARY ***
Total pot $36 | Rake $0.50
Board [3s Ks Jd 4c Ah]
Seat 1: Rus29APX (button) (small blind) showed [3d 8d] and won ($35.50) with a pair of Threes
Seat 2: aremom4e (big blind) showed [9d Td] and lost with high card Ace


PokerStars Hand #146911568115:  Hold'em Limit ($3/$6 USD) - 2016/01/12 9:46:31 ET
Table 'Hammonia II' 2-max Seat #2 is the button
Seat 1: Rus29APX ($240.20 in chips)
Seat 2: aremom4e ($68 in chips)
aremom4e: posts small blind $1
Rus29APX: posts big blind $3
*** HOLE CARDS ***
aremom4e: folds
Uncalled bet ($2) returned to Rus29APX
Rus29APX collected $2 from pot
Rus29APX: doesn't show hand
*** SUMMARY ***
Total pot $2 | Rake $0
Seat 1: Rus29APX (big blind) collected ($2)
Seat 2: aremom4e (button) (small blind) folded before Flop


PokerStars Hand #146911563963:  Hold'em Limit ($3/$6 USD) - 2016/01/12 9:46:25 ET
Table 'Hammonia II' 2-max Seat #1 is the button
Seat 1: Rus29APX ($237.20 in chips)
Seat 2: aremom4e ($71 in chips)
Rus29APX: posts small blind $1
aremom4e: posts big blind $3
*** HOLE CARDS ***
Rus29APX: raises $3 to $6
aremom4e: folds
Uncalled bet ($3) returned to Rus29APX
Rus29APX collected $6 from pot
Rus29APX: doesn't show hand
*** SUMMARY ***
Total pot $6 | Rake $0
Seat 1: Rus29APX (button) (small blind) collected ($6)
Seat 2: aremom4e (big blind) folded before Flop


PokerStars Hand #146911560146:  Hold'em Limit ($3/$6 USD) - 2016/01/12 9:46:20 ET
Table 'Hammonia II' 2-max Seat #2 is the button
Seat 1: Rus29APX ($236.20 in chips)
Seat 2: aremom4e ($72 in chips)
aremom4e: posts small blind $1
Rus29APX: posts big blind $3
*** HOLE CARDS ***
aremom4e: folds
Uncalled bet ($2) returned to Rus29APX
Rus29APX collected $2 from pot
Rus29APX: doesn't show hand
*** SUMMARY ***
Total pot $2 | Rake $0
Seat 1: Rus29APX (big blind) collected ($2)
Seat 2: aremom4e (button) (small blind) folded before Flop


PokerStars Hand #146911556435:  Hold'em Limit ($3/$6 USD) - 2016/01/12 9:46:15 ET
Table 'Hammonia II' 2-max Seat #1 is the button
Seat 1: Rus29APX ($233.20 in chips)
Seat 2: aremom4e ($75 in chips)
Rus29APX: posts small blind $1
aremom4e: posts big blind $3
*** HOLE CARDS ***
Rus29APX: raises $3 to $6
aremom4e: folds
Uncalled bet ($3) returned to Rus29APX
Rus29APX collected $6 from pot
Rus29APX: doesn't show hand
*** SUMMARY ***
Total pot $6 | Rake $0
Seat 1: Rus29APX (button) (small blind) collected ($6)
Seat 2: aremom4e (big blind) folded before Flop


PokerStars Hand #146911544428:  Hold'em Limit ($3/$6 USD) - 2016/01/12 9:45:59 ET
Table 'Hammonia II' 2-max Seat #2 is the button
Seat 1: Rus29APX ($224.56 in chips)
Seat 2: aremom4e ($12 in chips)
aremom4e: posts small blind $1
Rus29APX: posts big blind $3
*** HOLE CARDS ***
aremom4e: calls $2
Rus29APX: raises $3 to $6
aremom4e: calls $3
*** FLOP *** [Jh Td 9d]
Rus29APX: bets $3
aremom4e: calls $3
*** TURN *** [Jh Td 9d] [Js]
Rus29APX: bets $6
aremom4e: folds
Uncalled bet ($6) returned to Rus29APX
Rus29APX collected $17.64 from pot
Rus29APX: doesn't show hand
*** SUMMARY ***
Total pot $18 | Rake $0.36
Board [Jh Td 9d Js]
Seat 1: Rus29APX (big blind) collected ($17.64)
Seat 2: aremom4e (button) (small blind) folded on the Turn


PokerStars Hand #146911530878:  Hold'em Limit ($3/$6 USD) - 2016/01/12 9:45:40 ET
Table 'Hammonia II' 2-max Seat #1 is the button
Seat 1: Rus29APX ($210.06 in chips)
Seat 2: aremom4e ($27 in chips)
Rus29APX: posts small blind $1
aremom4e: posts big blind $3
*** HOLE CARDS ***
Rus29APX: raises $3 to $6
aremom4e: calls $3
*** FLOP *** [Jc Kh As]
aremom4e: checks
Rus29APX: bets $3
aremom4e: calls $3
*** TURN *** [Jc Kh As] [6s]
aremom4e: checks
Rus29APX: bets $6
aremom4e: calls $6
*** RIVER *** [Jc Kh As 6s] [5h]
aremom4e: checks
Rus29APX: bets $6
aremom4e: folds
Uncalled bet ($6) returned to Rus29APX
Rus29APX collected $29.50 from pot
Rus29APX: doesn't show hand
*** SUMMARY ***
Total pot $30 | Rake $0.50
Board [Jc Kh As 6s 5h]
Seat 1: Rus29APX (button) (small blind) collected ($29.50)
Seat 2: aremom4e (big blind) folded on the River


PokerStars Hand #146911603998:  Hold'em Limit ($3/$6 USD) - 2016/01/12 9:47:15 ET
Table 'Hammonia II' 2-max Seat #2 is the button
Seat 1: Rus29APX ($223.96 in chips)
Seat 2: aremom4e ($83.50 in chips)
aremom4e: posts small blind $1
Rus29APX: posts big blind $3
*** HOLE CARDS ***
aremom4e: raises $3 to $6
Rus29APX: calls $3
*** FLOP *** [3d 6c Ts]
Rus29APX: checks
aremom4e: bets $3
Rus29APX: raises $3 to $6
aremom4e: calls $3
*** TURN *** [3d 6c Ts] [6d]
Rus29APX: bets $6
aremom4e: folds
Uncalled bet ($6) returned to Rus29APX
Rus29APX collected $23.52 from pot
Rus29APX: doesn't show hand
*** SUMMARY ***
Total pot $24 | Rake $0.48
Board [3d 6c Ts 6d]
Seat 1: Rus29APX (big blind) collected ($23.52)
Seat 2: aremom4e (button) (small blind) folded on the Turn


PokerStars Hand #146911585185:  Hold'em Limit ($3/$6 USD) - 2016/01/12 9:46:55 ET
Table 'Hammonia II' 2-max Seat #1 is the button
Seat 1: Rus29APX ($247.96 in chips)
Seat 2: aremom4e ($60 in chips)
Rus29APX: posts small blind $1
aremom4e: posts big blind $3
*** HOLE CARDS ***
Rus29APX: raises $3 to $6
aremom4e: raises $3 to $9
Rus29APX: calls $3
*** FLOP *** [7s 3s Kd]
aremom4e: bets $3
Rus29APX: calls $3
*** TURN *** [7s 3s Kd] [4d]
aremom4e: checks
Rus29APX: bets $6
aremom4e: calls $6
*** RIVER *** [7s 3s Kd 4d] [2d]
aremom4e: checks
Rus29APX: bets $6
aremom4e: calls $6
*** SHOW DOWN ***
Rus29APX: shows [Ad 7c] (a pair of Sevens)
aremom4e: shows [2h 2c] (three of a kind, Deuces)
aremom4e collected $47.50 from pot
*** SUMMARY ***
Total pot $48 | Rake $0.50
Board [7s 3s Kd 4d 2d]
Seat 1: Rus29APX (button) (small blind) showed [Ad 7c] and lost with a pair of Sevens
Seat 2: aremom4e (big blind) showed [2h 2c] and won ($47.50) with three of a kind, Deuces


PokerStars Hand #146911581744:  Hold'em Limit ($3/$6 USD) - 2016/01/12 9:46:50 ET
Table 'Hammonia II' 2-max Seat #2 is the button
Seat 1: Rus29APX ($246.96 in chips)
Seat 2: aremom4e ($61 in chips)
aremom4e: posts small blind $1
Rus29APX: posts big blind $3
*** HOLE CARDS ***
aremom4e: folds
Uncalled bet ($2) returned to Rus29APX
Rus29APX collected $2 from pot
Rus29APX: doesn't show hand
*** SUMMARY ***
Total pot $2 | Rake $0
Seat 1: Rus29APX (big blind) collected ($2)
Seat 2: aremom4e (button) (small blind) folded before Flop


PokerStars Hand #146911571903:  Hold'em Limit ($3/$6 USD) - 2016/01/12 9:46:36 ET
Table 'Hammonia II' 2-max Seat #1 is the button
Seat 1: Rus29APX ($241.20 in chips)
Seat 2: aremom4e ($67 in chips)
Rus29APX: posts small blind $1
aremom4e: posts big blind $3
*** HOLE CARDS ***
Rus29APX: raises $3 to $6
aremom4e: calls $3
*** FLOP *** [6c Ad 3c]
aremom4e: checks
Rus29APX: bets $3
aremom4e: folds
Uncalled bet ($3) returned to Rus29APX
Rus29APX collected $11.76 from pot
Rus29APX: doesn't show hand
*** SUMMARY ***
Total pot $12 | Rake $0.24
Board [6c Ad 3c]
Seat 1: Rus29APX (button) (small blind) collected ($11.76)
Seat 2: aremom4e (big blind) folded on the Flop


PokerStars Hand #146911640233:  Hold'em Limit ($3/$6 USD) - 2016/01/12 9:47:48 ET
Table 'Hammonia II' 2-max Seat #1 is the button
Seat 1: Rus29APX ($242.24 in chips)
Seat 2: aremom4e ($64.50 in chips)
Rus29APX: posts small blind $1
aremom4e: posts big blind $3
*** HOLE CARDS ***
Rus29APX: raises $3 to $6
aremom4e: raises $3 to $9
Rus29APX: calls $3
*** FLOP *** [Ac 5d Qc]
aremom4e: bets $3
Rus29APX: calls $3
*** TURN *** [Ac 5d Qc] [6d]
aremom4e: bets $6
Rus29APX: calls $6
*** RIVER *** [Ac 5d Qc 6d] [Kc]
aremom4e: bets $6
Rus29APX: calls $6
*** SHOW DOWN ***
aremom4e: shows [Js Ks] (a pair of Kings)
Rus29APX: mucks hand
aremom4e collected $47.50 from pot
*** SUMMARY ***
Total pot $48 | Rake $0.50
Board [Ac 5d Qc 6d Kc]
Seat 1: Rus29APX (button) (small blind) mucked
Seat 2: aremom4e (big blind) showed [Js Ks] and won ($47.50) with a pair of Kings


PokerStars Hand #146911636630:  Hold'em Limit ($3/$6 USD) - 2016/01/12 9:47:44 ET
Table 'Hammonia II' 2-max Seat #2 is the button
Seat 1: Rus29APX ($241.24 in chips)
Seat 2: aremom4e ($65.50 in chips)
aremom4e: posts small blind $1
Rus29APX: posts big blind $3
*** HOLE CARDS ***
aremom4e: folds
Uncalled bet ($2) returned to Rus29APX
Rus29APX collected $2 from pot
Rus29APX: doesn't show hand
*** SUMMARY ***
Total pot $2 | Rake $0
Seat 1: Rus29APX (big blind) collected ($2)
Seat 2: aremom4e (button) (small blind) folded before Flop


PokerStars Hand #146911626193:  Hold'em Limit ($3/$6 USD) - 2016/01/12 9:47:35 ET
Table 'Hammonia II' 2-max Seat #1 is the button
Seat 1: Rus29APX ($235.48 in chips)
Seat 2: aremom4e ($71.50 in chips)
Rus29APX: posts small blind $1
aremom4e: posts big blind $3
*** HOLE CARDS ***
Rus29APX: raises $3 to $6
aremom4e: calls $3
*** FLOP *** [Ac 3h 3c]
aremom4e: checks
Rus29APX: bets $3
aremom4e: folds
Uncalled bet ($3) returned to Rus29APX
Rus29APX collected $11.76 from pot
Rus29APX: doesn't show hand
*** SUMMARY ***
Total pot $12 | Rake $0.24
Board [Ac 3h 3c]
Seat 1: Rus29APX (button) (small blind) collected ($11.76)
Seat 2: aremom4e (big blind) folded on the Flop


PokerStars Hand #146911662166:  Hold'em Limit ($3/$6 USD) - 2016/01/12 9:48:12 ET
Table 'Hammonia II' 2-max Seat #2 is the button
Seat 1: Rus29APX ($218.24 in chips)
Seat 2: aremom4e ($88 in chips)
aremom4e: posts small blind $1
Rus29APX: posts big blind $3
*** HOLE CARDS ***
aremom4e: raises $3 to $6
Rus29APX: raises $3 to $9
aremom4e: calls $3
*** FLOP *** [Js 4c 7h]
Rus29APX: bets $3
aremom4e: calls $3
*** TURN *** [Js 4c 7h] [9d]
Rus29APX: bets $6
aremom4e: calls $6
*** RIVER *** [Js 4c 7h 9d] [2d]
Rus29APX: checks
aremom4e: checks
*** SHOW DOWN ***
Rus29APX: shows [3h 3s] (a pair of Threes)
aremom4e: mucks hand
Rus29APX collected $35.50 from pot
*** SUMMARY ***
Total pot $36 | Rake $0.50
Board [Js 4c 7h 9d 2d]
Seat 1: Rus29APX (big blind) showed [3h 3s] and won ($35.50) with a pair of Threes
Seat 2: aremom4e (button) (small blind) mucked


PokerStars Hand #146911722945:  Hold'em Limit ($3/$6 USD) - 2016/01/12 9:49:34 ET
Table 'Hammonia II' 2-max Seat #1 is the button
Seat 1: Rus29APX ($270.52 in chips)
Seat 2: aremom4e ($34 in chips)
Rus29APX: posts small blind $1
aremom4e: posts big blind $3
*** HOLE CARDS ***
Rus29APX: raises $3 to $6
aremom4e: folds
Uncalled bet ($3) returned to Rus29APX
Rus29APX collected $6 from pot
Rus29APX: doesn't show hand
*** SUMMARY ***
Total pot $6 | Rake $0
Seat 1: Rus29APX (button) (small blind) collected ($6)
Seat 2: aremom4e (big blind) folded before Flop


PokerStars Hand #146911711242:  Hold'em Limit ($3/$6 USD) - 2016/01/12 9:49:19 ET
Table 'Hammonia II' 2-max Seat #2 is the button
Seat 1: Rus29APX ($253.02 in chips)
Seat 2: aremom4e ($52 in chips)
aremom4e: posts small blind $1
Rus29APX: posts big blind $3
*** HOLE CARDS ***
aremom4e: raises $3 to $6
Rus29APX: calls $3
*** FLOP *** [Tc 9s 6c]
Rus29APX: checks
aremom4e: bets $3
Rus29APX: raises $3 to $6
aremom4e: calls $3
*** TURN *** [Tc 9s 6c] [5h]
Rus29APX: bets $6
aremom4e: calls $6
*** RIVER *** [Tc 9s 6c 5h] [2s]
Rus29APX: bets $6
aremom4e: folds
Uncalled bet ($6) returned to Rus29APX
Rus29APX collected $35.50 from pot
Rus29APX: doesn't show hand
*** SUMMARY ***
Total pot $36 | Rake $0.50
Board [Tc 9s 6c 5h 2s]
Seat 1: Rus29APX (big blind) collected ($35.50)
Seat 2: aremom4e (button) (small blind) folded on the River


PokerStars Hand #146911705266:  Hold'em Limit ($3/$6 USD) - 2016/01/12 9:49:10 ET
Table 'Hammonia II' 2-max Seat #1 is the button
Seat 1: Rus29APX ($247.26 in chips)
Seat 2: aremom4e ($58 in chips)
Rus29APX: posts small blind $1
aremom4e: posts big blind $3
*** HOLE CARDS ***
Rus29APX: raises $3 to $6
aremom4e: calls $3
*** FLOP *** [9h 8s 2d]
aremom4e: checks
Rus29APX: bets $3
aremom4e: folds
Uncalled bet ($3) returned to Rus29APX
Rus29APX collected $11.76 from pot
Rus29APX: doesn't show hand
*** SUMMARY ***
Total pot $12 | Rake $0.24
Board [9h 8s 2d]
Seat 1: Rus29APX (button) (small blind) collected ($11.76)
Seat 2: aremom4e (big blind) folded on the Flop


PokerStars Hand #146911692837:  Hold'em Limit ($3/$6 USD) - 2016/01/12 9:48:54 ET
Table 'Hammonia II' 2-max Seat #2 is the button
Seat 1: Rus29APX ($241.50 in chips)
Seat 2: aremom4e ($64 in chips)
aremom4e: posts small blind $1
Rus29APX: posts big blind $3
*** HOLE CARDS ***
aremom4e: raises $3 to $6
Rus29APX: calls $3
*** FLOP *** [Ts 5s 9h]
Rus29APX: checks
aremom4e: checks
*** TURN *** [Ts 5s 9h] [8c]
Rus29APX: bets $6
aremom4e: folds
Uncalled bet ($6) returned to Rus29APX
Rus29APX collected $11.76 from pot
Rus29APX: doesn't show hand
*** SUMMARY ***
Total pot $12 | Rake $0.24
Board [Ts 5s 9h 8c]
Seat 1: Rus29APX (big blind) collected ($11.76)
Seat 2: aremom4e (button) (small blind) folded on the Turn


PokerStars Hand #146911685999:  Hold'em Limit ($3/$6 USD) - 2016/01/12 9:48:44 ET
Table 'Hammonia II' 2-max Seat #1 is the button
Seat 1: Rus29APX ($235.74 in chips)
Seat 2: aremom4e ($70 in chips)
Rus29APX: posts small blind $1
aremom4e: posts big blind $3
*** HOLE CARDS ***
Rus29APX: raises $3 to $6
aremom4e: calls $3
*** FLOP *** [Ks 4h 4d]
aremom4e: checks
Rus29APX: bets $3
aremom4e: folds
Uncalled bet ($3) returned to Rus29APX
Rus29APX collected $11.76 from pot
Rus29APX: doesn't show hand
*** SUMMARY ***
Total pot $12 | Rake $0.24
Board [Ks 4h 4d]
Seat 1: Rus29APX (button) (small blind) collected ($11.76)
Seat 2: aremom4e (big blind) folded on the Flop


PokerStars Hand #146911726624:  Hold'em Limit ($3/$6 USD) - 2016/01/12 9:49:39 ET
Table 'Hammonia II' 2-max Seat #2 is the button
Seat 1: Rus29APX ($273.52 in chips)
Seat 2: aremom4e ($31 in chips)
aremom4e: posts small blind $1
Rus29APX: posts big blind $3
*** HOLE CARDS ***
aremom4e: folds
Uncalled bet ($2) returned to Rus29APX
Rus29APX collected $2 from pot
Rus29APX: doesn't show hand
*** SUMMARY ***
Total pot $2 | Rake $0
Seat 1: Rus29APX (big blind) collected ($2)
Seat 2: aremom4e (button) (small blind) folded before Flop


PokerStars Hand #146911758621:  Hold'em Limit ($3/$6 USD) - 2016/01/12 9:50:23 ET
Table 'Hammonia II' 2-max Seat #2 is the button
Seat 1: Rus29APX ($292.80 in chips)
Seat 2: aremom4e ($71 in chips)
aremom4e: posts small blind $1
Rus29APX: posts big blind $3
*** HOLE CARDS ***
aremom4e: folds
Uncalled bet ($2) returned to Rus29APX
Rus29APX collected $2 from pot
Rus29APX: doesn't show hand
*** SUMMARY ***
Total pot $2 | Rake $0
Seat 1: Rus29APX (big blind) collected ($2)
Seat 2: aremom4e (button) (small blind) folded before Flop


PokerStars Hand #146911744229:  Hold'em Limit ($3/$6 USD) - 2016/01/12 9:50:03 ET
Table 'Hammonia II' 2-max Seat #1 is the button
Seat 1: Rus29APX ($284.16 in chips)
Seat 2: aremom4e ($20 in chips)
Rus29APX: posts small blind $1
aremom4e: posts big blind $3
*** HOLE CARDS ***
Rus29APX: raises $3 to $6
aremom4e: calls $3
*** FLOP *** [9h 4d Kc]
aremom4e: checks
Rus29APX: bets $3
aremom4e: calls $3
*** TURN *** [9h 4d Kc] [Js]
aremom4e: checks
Rus29APX: bets $6
aremom4e: folds
Uncalled bet ($6) returned to Rus29APX
Rus29APX collected $17.64 from pot
Rus29APX: doesn't show hand
*** SUMMARY ***
Total pot $18 | Rake $0.36
Board [9h 4d Kc Js]
Seat 1: Rus29APX (button) (small blind) collected ($17.64)
Seat 2: aremom4e (big blind) folded on the Turn


PokerStars Hand #146911740557:  Hold'em Limit ($3/$6 USD) - 2016/01/12 9:49:58 ET
Table 'Hammonia II' 2-max Seat #2 is the button
Seat 1: Rus29APX ($283.16 in chips)
Seat 2: aremom4e ($21 in chips)
aremom4e: posts small blind $1
Rus29APX: posts big blind $3
*** HOLE CARDS ***
aremom4e: folds
Uncalled bet ($2) returned to Rus29APX
Rus29APX collected $2 from pot
Rus29APX: doesn't show hand
*** SUMMARY ***
Total pot $2 | Rake $0
Seat 1: Rus29APX (big blind) collected ($2)
Seat 2: aremom4e (button) (small blind) folded before Flop


PokerStars Hand #146911730112:  Hold'em Limit ($3/$6 USD) - 2016/01/12 9:49:44 ET
Table 'Hammonia II' 2-max Seat #1 is the button
Seat 1: Rus29APX ($274.52 in chips)
Seat 2: aremom4e ($30 in chips)
Rus29APX: posts small blind $1
aremom4e: posts big blind $3
*** HOLE CARDS ***
Rus29APX: raises $3 to $6
aremom4e: calls $3
*** FLOP *** [7d 3h 8c]
aremom4e: checks
Rus29APX: bets $3
aremom4e: calls $3
*** TURN *** [7d 3h 8c] [Qc]
aremom4e: checks
Rus29APX: bets $6
aremom4e: folds
Uncalled bet ($6) returned to Rus29APX
Rus29APX collected $17.64 from pot
Rus29APX: doesn't show hand
*** SUMMARY ***
Total pot $18 | Rake $0.36
Board [7d 3h 8c Qc]
Seat 1: Rus29APX (button) (small blind) collected ($17.64)
Seat 2: aremom4e (big blind) folded on the Turn


PokerStars Hand #146911804875:  Hold'em Limit ($3/$6 USD) - 2016/01/12 9:51:26 ET
Table 'Hammonia II' 2-max Seat #1 is the button
Seat 1: Rus29APX ($313.94 in chips)
Seat 2: aremom4e ($48.64 in chips)
Rus29APX: posts small blind $1
aremom4e: posts big blind $3
*** HOLE CARDS ***
Rus29APX: raises $3 to $6
aremom4e: calls $3
*** FLOP *** [4d 2h 8h]
aremom4e: checks
Rus29APX: bets $3
aremom4e: calls $3
*** TURN *** [4d 2h 8h] [8d]
aremom4e: checks
Rus29APX: checks
*** RIVER *** [4d 2h 8h 8d] [2c]
aremom4e: bets $6
Rus29APX: raises $6 to $12
aremom4e: calls $6
*** SHOW DOWN ***
Rus29APX: shows [6c Ts] (two pair, Eights and Deuces)
aremom4e: shows [2d Ac] (a full house, Deuces full of Eights)
aremom4e collected $41.50 from pot
*** SUMMARY ***
Total pot $42 | Rake $0.50
Board [4d 2h 8h 8d 2c]
Seat 1: Rus29APX (button) (small blind) showed [6c Ts] and lost with two pair, Eights and Deuces
Seat 2: aremom4e (big blind) showed [2d Ac] and won ($41.50) with a full house, Deuces full of Eights


PokerStars Hand #146911797205:  Hold'em Limit ($3/$6 USD) - 2016/01/12 9:51:16 ET
Table 'Hammonia II' 2-max Seat #2 is the button
Seat 1: Rus29APX ($305.30 in chips)
Seat 2: aremom4e ($57.64 in chips)
aremom4e: posts small blind $1
Rus29APX: posts big blind $3
*** HOLE CARDS ***
aremom4e: raises $3 to $6
Rus29APX: calls $3
*** FLOP *** [Qc 2s Ks]
Rus29APX: checks
aremom4e: bets $3
Rus29APX: raises $3 to $6
aremom4e: folds
Uncalled bet ($3) returned to Rus29APX
Rus29APX collected $17.64 from pot
Rus29APX: doesn't show hand
*** SUMMARY ***
Total pot $18 | Rake $0.36
Board [Qc 2s Ks]
Seat 1: Rus29APX (big blind) collected ($17.64)
Seat 2: aremom4e (button) (small blind) folded on the Flop


PokerStars Hand #146911773432:  Hold'em Limit ($3/$6 USD) - 2016/01/12 9:50:43 ET
Table 'Hammonia II' 2-max Seat #2 is the button
Seat 1: Rus29APX ($284.80 in chips)
Seat 2: aremom4e ($78.64 in chips)
aremom4e: posts small blind $1
Rus29APX: posts big blind $3
*** HOLE CARDS ***
aremom4e: raises $3 to $6
Rus29APX: raises $3 to $9
aremom4e: calls $3
*** FLOP *** [8c 2c Qd]
Rus29APX: bets $3
aremom4e: calls $3
*** TURN *** [8c 2c Qd] [7c]
Rus29APX: bets $6
aremom4e: calls $6
*** RIVER *** [8c 2c Qd 7c] [Jc]
Rus29APX: checks
aremom4e: checks
*** SHOW DOWN ***
Rus29APX: shows [Td 8d] (a pair of Eights)
aremom4e: mucks hand
Rus29APX collected $35.50 from pot
*** SUMMARY ***
Total pot $36 | Rake $0.50
Board [8c 2c Qd 7c Jc]
Seat 1: Rus29APX (big blind) showed [Td 8d] and won ($35.50) with a pair of Eights
Seat 2: aremom4e (button) (small blind) mucked


PokerStars Hand #146911788942:  Hold'em Limit ($3/$6 USD) - 2016/01/12 9:51:04 ET
Table 'Hammonia II' 2-max Seat #2 is the button
Seat 1: Rus29APX ($305.30 in chips)
Seat 2: aremom4e ($57.64 in chips)
aremom4e: posts small blind $1
Rus29APX: posts big blind $3
*** HOLE CARDS ***
aremom4e: raises $3 to $6
Rus29APX: folds
Uncalled bet ($3) returned to aremom4e
aremom4e collected $6 from pot
aremom4e: doesn't show hand
*** SUMMARY ***
Total pot $6 | Rake $0
Seat 1: Rus29APX (big blind) folded before Flop
Seat 2: aremom4e (button) (small blind) collected ($6)


PokerStars Hand #146911785158:  Hold'em Limit ($3/$6 USD) - 2016/01/12 9:50:59 ET
Table 'Hammonia II' 2-max Seat #1 is the button
Seat 1: Rus29APX ($302.30 in chips)
Seat 2: aremom4e ($60.64 in chips)
Rus29APX: posts small blind $1
aremom4e: posts big blind $3
*** HOLE CARDS ***
Rus29APX: raises $3 to $6
aremom4e: folds
Uncalled bet ($3) returned to Rus29APX
Rus29APX collected $6 from pot
Rus29APX: doesn't show hand
*** SUMMARY ***
Total pot $6 | Rake $0
Seat 1: Rus29APX (button) (small blind) collected ($6)
Seat 2: aremom4e (big blind) folded before Flop


PokerStars Hand #146911792732:  Hold'em Limit ($3/$6 USD) - 2016/01/12 9:51:09 ET
Table 'Hammonia II' 2-max Seat #1 is the button
Seat 1: Rus29APX ($302.30 in chips)
Seat 2: aremom4e ($60.64 in chips)
Rus29APX: posts small blind $1
aremom4e: posts big blind $3
*** HOLE CARDS ***
Rus29APX: raises $3 to $6
aremom4e: folds
Uncalled bet ($3) returned to Rus29APX
Rus29APX collected $6 from pot
Rus29APX: doesn't show hand
*** SUMMARY ***
Total pot $6 | Rake $0
Seat 1: Rus29APX (button) (small blind) collected ($6)
Seat 2: aremom4e (big blind) folded before Flop


PokerStars Hand #146911762214:  Hold'em Limit ($3/$6 USD) - 2016/01/12 9:50:28 ET
Table 'Hammonia II' 2-max Seat #1 is the button
Seat 1: Rus29APX ($293.80 in chips)
Seat 2: aremom4e ($70 in chips)
Rus29APX: posts small blind $1
aremom4e: posts big blind $3
*** HOLE CARDS ***
Rus29APX: raises $3 to $6
aremom4e: calls $3
*** FLOP *** [7d 9d Td]
aremom4e: checks
Rus29APX: bets $3
aremom4e: calls $3
*** TURN *** [7d 9d Td] [4c]
aremom4e: checks
Rus29APX: checks
*** RIVER *** [7d 9d Td 4c] [Ac]
aremom4e: bets $6
Rus29APX: folds
Uncalled bet ($6) returned to aremom4e
aremom4e collected $17.64 from pot
aremom4e: doesn't show hand
*** SUMMARY ***
Total pot $18 | Rake $0.36
Board [7d 9d Td 4c Ac]
Seat 1: Rus29APX (button) (small blind) folded on the River
Seat 2: aremom4e (big blind) collected ($17.64)


PokerStars Hand #146911814958:  Hold'em Limit ($3/$6 USD) - 2016/01/12 9:51:40 ET
Table 'Hammonia II' 2-max Seat #2 is the button
Seat 1: Rus29APX ($292.94 in chips)
Seat 2: aremom4e ($69.14 in chips)
aremom4e: posts small blind $1
Rus29APX: posts big blind $3
*** HOLE CARDS ***
aremom4e: raises $3 to $6
Rus29APX: raises $3 to $9
aremom4e: calls $3
*** FLOP *** [5d Qd 3d]
Rus29APX: bets $3
aremom4e: calls $3
*** TURN *** [5d Qd 3d] [2s]
Rus29APX: bets $6
aremom4e: calls $6
*** RIVER *** [5d Qd 3d 2s] [4c]
Rus29APX: bets $6
aremom4e: folds
Uncalled bet ($6) returned to Rus29APX
Rus29APX collected $35.50 from pot
Rus29APX: doesn't show hand
*** SUMMARY ***
Total pot $36 | Rake $0.50
Board [5d Qd 3d 2s 4c]
Seat 1: Rus29APX (big blind) collected ($35.50)
Seat 2: aremom4e (button) (small blind) folded on the River


PokerStars Hand #146911832857:  Hold'em Limit ($3/$6 USD) - 2016/01/12 9:52:04 ET
Table 'Hammonia II' 2-max Seat #2 is the button
Seat 1: Rus29APX ($316.20 in chips)
Seat 2: aremom4e ($45.14 in chips)
aremom4e: posts small blind $1
Rus29APX: posts big blind $3
*** HOLE CARDS ***
aremom4e: raises $3 to $6
Rus29APX: raises $3 to $9
aremom4e: calls $3
*** FLOP *** [As Jc 3d]
Rus29APX: bets $3
aremom4e: folds
Uncalled bet ($3) returned to Rus29APX
Rus29APX collected $17.64 from pot
Rus29APX: doesn't show hand
*** SUMMARY ***
Total pot $18 | Rake $0.36
Board [As Jc 3d]
Seat 1: Rus29APX (big blind) collected ($17.64)
Seat 2: aremom4e (button) (small blind) folded on the Flop


PokerStars Hand #146911826963:  Hold'em Limit ($3/$6 USD) - 2016/01/12 9:51:56 ET
Table 'Hammonia II' 2-max Seat #1 is the button
Seat 1: Rus29APX ($310.44 in chips)
Seat 2: aremom4e ($51.14 in chips)
Rus29APX: posts small blind $1
aremom4e: posts big blind $3
*** HOLE CARDS ***
Rus29APX: raises $3 to $6
aremom4e: calls $3
*** FLOP *** [Ah 6s 5c]
aremom4e: checks
Rus29APX: bets $3
aremom4e: folds
Uncalled bet ($3) returned to Rus29APX
Rus29APX collected $11.76 from pot
Rus29APX: doesn't show hand
*** SUMMARY ***
Total pot $12 | Rake $0.24
Board [Ah 6s 5c]
Seat 1: Rus29APX (button) (small blind) collected ($11.76)
Seat 2: aremom4e (big blind) folded on the Flop


PokerStars Hand #146911842801:  Hold'em Limit ($3/$6 USD) - 2016/01/12 9:52:18 ET
Table 'Hammonia II' 2-max Seat #2 is the button
Seat 1: Rus29APX ($323.84 in chips)
Seat 2: aremom4e ($37.14 in chips)
aremom4e: posts small blind $1
Rus29APX: posts big blind $3
*** HOLE CARDS ***
aremom4e: folds
Uncalled bet ($2) returned to Rus29APX
Rus29APX collected $2 from pot
Rus29APX: doesn't show hand
*** SUMMARY ***
Total pot $2 | Rake $0
Seat 1: Rus29APX (big blind) collected ($2)
Seat 2: aremom4e (button) (small blind) folded before Flop


PokerStars Hand #146911839383:  Hold'em Limit ($3/$6 USD) - 2016/01/12 9:52:13 ET
Table 'Hammonia II' 2-max Seat #1 is the button
Seat 1: Rus29APX ($324.84 in chips)
Seat 2: aremom4e ($36.14 in chips)
Rus29APX: posts small blind $1
aremom4e: posts big blind $3
*** HOLE CARDS ***
Rus29APX: folds
Uncalled bet ($2) returned to aremom4e
aremom4e collected $2 from pot
aremom4e: doesn't show hand
*** SUMMARY ***
Total pot $2 | Rake $0
Seat 1: Rus29APX (button) (small blind) folded before Flop
Seat 2: aremom4e (big blind) collected ($2)


PokerStars Hand #146911846204:  Hold'em Limit ($3/$6 USD) - 2016/01/12 9:52:23 ET
Table 'Hammonia II' 2-max Seat #1 is the button
Seat 1: Rus29APX ($324.84 in chips)
Seat 2: aremom4e ($36.14 in chips)
Rus29APX: posts small blind $1
aremom4e: posts big blind $3
*** HOLE CARDS ***
Rus29APX: raises $3 to $6
aremom4e: calls $3
*** FLOP *** [Th Js Kh]
aremom4e: checks
Rus29APX: bets $3
aremom4e: folds
Uncalled bet ($3) returned to Rus29APX
Rus29APX collected $11.76 from pot
Rus29APX: doesn't show hand
*** SUMMARY ***
Total pot $12 | Rake $0.24
Board [Th Js Kh]
Seat 1: Rus29APX (button) (small blind) collected ($11.76)
Seat 2: aremom4e (big blind) folded on the Flop


PokerStars Hand #146911852211:  Hold'em Limit ($3/$6 USD) - 2016/01/12 9:52:31 ET
Table 'Hammonia II' 2-max Seat #2 is the button
Seat 1: Rus29APX ($330.60 in chips)
Seat 2: aremom4e ($30.14 in chips)
aremom4e: posts small blind $1
Rus29APX: posts big blind $3
*** HOLE CARDS ***
aremom4e: raises $3 to $6
Rus29APX: calls $3
*** FLOP *** [Qd 4d As]
Rus29APX: checks
aremom4e: bets $3
Rus29APX: folds
Uncalled bet ($3) returned to aremom4e
aremom4e collected $11.76 from pot
aremom4e: doesn't show hand
*** SUMMARY ***
Total pot $12 | Rake $0.24
Board [Qd 4d As]
Seat 1: Rus29APX (big blind) folded on the Flop
Seat 2: aremom4e (button) (small blind) collected ($11.76)


PokerStars Hand #146911859326:  Hold'em Limit ($3/$6 USD) - 2016/01/12 9:52:40 ET
Table 'Hammonia II' 2-max Seat #1 is the button
Seat 1: Rus29APX ($324.60 in chips)
Seat 2: aremom4e ($35.90 in chips)
Rus29APX: posts small blind $1
aremom4e: posts big blind $3
*** HOLE CARDS ***
Rus29APX: raises $3 to $6
aremom4e: folds
Uncalled bet ($3) returned to Rus29APX
Rus29APX collected $6 from pot
Rus29APX: doesn't show hand
*** SUMMARY ***
Total pot $6 | Rake $0
Seat 1: Rus29APX (button) (small blind) collected ($6)
Seat 2: aremom4e (big blind) folded before Flop


PokerStars Hand #146911863618:  Hold'em Limit ($3/$6 USD) - 2016/01/12 9:52:46 ET
Table 'Hammonia II' 2-max Seat #2 is the button
Seat 1: Rus29APX ($327.60 in chips)
Seat 2: aremom4e ($32.90 in chips)
aremom4e: posts small blind $1
Rus29APX: posts big blind $3
*** HOLE CARDS ***
aremom4e: calls $2
Rus29APX: raises $3 to $6
aremom4e: calls $3
*** FLOP *** [Kc Ad Kh]
Rus29APX: bets $3
aremom4e: folds
Uncalled bet ($3) returned to Rus29APX
Rus29APX collected $11.76 from pot
Rus29APX: doesn't show hand
*** SUMMARY ***
Total pot $12 | Rake $0.24
Board [Kc Ad Kh]
Seat 1: Rus29APX (big blind) collected ($11.76)
Seat 2: aremom4e (button) (small blind) folded on the Flop


PokerStars Hand #146911870596:  Hold'em Limit ($3/$6 USD) - 2016/01/12 9:52:56 ET
Table 'Hammonia II' 2-max Seat #1 is the button
Seat 1: Rus29APX ($333.36 in chips)
Seat 2: aremom4e ($26.90 in chips)
Rus29APX: posts small blind $1
aremom4e: posts big blind $3
*** HOLE CARDS ***
Rus29APX: raises $3 to $6
aremom4e: raises $3 to $9
Rus29APX: calls $3
*** FLOP *** [2s 4d 8c]
aremom4e: bets $3
Rus29APX: calls $3
*** TURN *** [2s 4d 8c] [3h]
aremom4e: checks
Rus29APX: bets $6
aremom4e: calls $6
*** RIVER *** [2s 4d 8c 3h] [Td]
aremom4e: checks
Rus29APX: checks
*** SHOW DOWN ***
aremom4e: shows [As Tc] (a pair of Tens)
Rus29APX: mucks hand
aremom4e collected $35.50 from pot
*** SUMMARY ***
Total pot $36 | Rake $0.50
Board [2s 4d 8c 3h Td]
Seat 1: Rus29APX (button) (small blind) mucked
Seat 2: aremom4e (big blind) showed [As Tc] and won ($35.50) with a pair of Tens


PokerStars Hand #146911883894:  Hold'em Limit ($3/$6 USD) - 2016/01/12 9:53:14 ET
Table 'Hammonia II' 2-max Seat #2 is the button
Seat 1: Rus29APX ($315.36 in chips)
Seat 2: aremom4e ($44.40 in chips)
aremom4e: posts small blind $1
Rus29APX: posts big blind $3
*** HOLE CARDS ***
aremom4e: folds
Uncalled bet ($2) returned to Rus29APX
Rus29APX collected $2 from pot
Rus29APX: doesn't show hand
*** SUMMARY ***
Total pot $2 | Rake $0
Seat 1: Rus29APX (big blind) collected ($2)
Seat 2: aremom4e (button) (small blind) folded before Flop


PokerStars Hand #146911887474:  Hold'em Limit ($3/$6 USD) - 2016/01/12 9:53:18 ET
Table 'Hammonia II' 2-max Seat #1 is the button
Seat 1: Rus29APX ($316.36 in chips)
Seat 2: aremom4e ($43.40 in chips)
Rus29APX: posts small blind $1
aremom4e: posts big blind $3
*** HOLE CARDS ***
Rus29APX: raises $3 to $6
aremom4e: raises $3 to $9
Rus29APX: calls $3
*** FLOP *** [2s 8c 6d]
aremom4e: bets $3
Rus29APX: raises $3 to $6
aremom4e: calls $3
*** TURN *** [2s 8c 6d] [Js]
aremom4e: checks
Rus29APX: bets $6
aremom4e: calls $6
*** RIVER *** [2s 8c 6d Js] [9d]
aremom4e: checks
Rus29APX: checks
*** SHOW DOWN ***
aremom4e: shows [Ad Th] (high card Ace)
Rus29APX: shows [6c Qs] (a pair of Sixes)
Rus29APX collected $41.50 from pot
*** SUMMARY ***
Total pot $42 | Rake $0.50
Board [2s 8c 6d Js 9d]
Seat 1: Rus29APX (button) (small blind) showed [6c Qs] and won ($41.50) with a pair of Sixes
Seat 2: aremom4e (big blind) showed [Ad Th] and lost with high card Ace


PokerStars Hand #146911900337:  Hold'em Limit ($3/$6 USD) - 2016/01/12 9:53:36 ET
Table 'Hammonia II' 2-max Seat #2 is the button
Seat 1: Rus29APX ($336.86 in chips)
Seat 2: aremom4e ($22.40 in chips)
aremom4e: posts small blind $1
Rus29APX: posts big blind $3
*** HOLE CARDS ***
aremom4e: raises $3 to $6
Rus29APX: calls $3
*** FLOP *** [Ac 6s Kh]
Rus29APX: checks
aremom4e: bets $3
Rus29APX: folds
Uncalled bet ($3) returned to aremom4e
aremom4e collected $11.76 from pot
aremom4e: doesn't show hand
*** SUMMARY ***
Total pot $12 | Rake $0.24
Board [Ac 6s Kh]
Seat 1: Rus29APX (big blind) folded on the Flop
Seat 2: aremom4e (button) (small blind) collected ($11.76)


PokerStars Hand #146911908335:  Hold'em Limit ($3/$6 USD) - 2016/01/12 9:53:47 ET
Table 'Hammonia II' 2-max Seat #1 is the button
Seat 1: Rus29APX ($330.86 in chips)
Seat 2: aremom4e ($28.16 in chips)
Rus29APX: posts small blind $1
aremom4e: posts big blind $3
*** HOLE CARDS ***
Rus29APX: raises $3 to $6
aremom4e: calls $3
*** FLOP *** [2s 5d 9d]
aremom4e: checks
Rus29APX: bets $3
aremom4e: raises $3 to $6
Rus29APX: calls $3
*** TURN *** [2s 5d 9d] [3c]
aremom4e: bets $6
Rus29APX: raises $6 to $12
aremom4e: calls $6
*** RIVER *** [2s 5d 9d 3c] [6s]
aremom4e: checks
Rus29APX: bets $6
aremom4e: calls $4.16 and is all-in
Uncalled bet ($1.84) returned to Rus29APX
*** SHOW DOWN ***
Rus29APX: shows [9c Ac] (a pair of Nines)
aremom4e: shows [5h 9h] (two pair, Nines and Fives)
aremom4e collected $55.82 from pot
*** SUMMARY ***
Total pot $56.32 | Rake $0.50
Board [2s 5d 9d 3c 6s]
Seat 1: Rus29APX (button) (small blind) showed [9c Ac] and lost with a pair of Nines
Seat 2: aremom4e (big blind) showed [5h 9h] and won ($55.82) with two pair, Nines and Fives


PokerStars Hand #146911922846:  Hold'em Limit ($3/$6 USD) - 2016/01/12 9:54:07 ET
Table 'Hammonia II' 2-max Seat #2 is the button
Seat 1: Rus29APX ($302.70 in chips)
Seat 2: aremom4e ($55.82 in chips)
aremom4e: posts small blind $1
Rus29APX: posts big blind $3
*** HOLE CARDS ***
aremom4e: raises $3 to $6
Rus29APX: raises $3 to $9
aremom4e: calls $3
*** FLOP *** [4d Qs 5h]
Rus29APX: bets $3
aremom4e: calls $3
*** TURN *** [4d Qs 5h] [6d]
Rus29APX: checks
aremom4e: bets $6
Rus29APX: folds
Uncalled bet ($6) returned to aremom4e
aremom4e collected $23.52 from pot
aremom4e: doesn't show hand
*** SUMMARY ***
Total pot $24 | Rake $0.48
Board [4d Qs 5h 6d]
Seat 1: Rus29APX (big blind) folded on the Turn
Seat 2: aremom4e (button) (small blind) collected ($23.52)


PokerStars Hand #146911936803:  Hold'em Limit ($3/$6 USD) - 2016/01/12 9:54:26 ET
Table 'Hammonia II' 2-max Seat #1 is the button
Seat 1: Rus29APX ($290.70 in chips)
Seat 2: aremom4e ($67.34 in chips)
Rus29APX: posts small blind $1
aremom4e: posts big blind $3
*** HOLE CARDS ***
Rus29APX: raises $3 to $6
aremom4e: calls $3
*** FLOP *** [7d Ac Js]
aremom4e: checks
Rus29APX: bets $3
aremom4e: calls $3
*** TURN *** [7d Ac Js] [5d]
aremom4e: checks
Rus29APX: checks
*** RIVER *** [7d Ac Js 5d] [Jh]
aremom4e: bets $6
Rus29APX: folds
Uncalled bet ($6) returned to aremom4e
aremom4e collected $17.64 from pot
aremom4e: doesn't show hand
*** SUMMARY ***
Total pot $18 | Rake $0.36
Board [7d Ac Js 5d Jh]
Seat 1: Rus29APX (button) (small blind) folded on the River
Seat 2: aremom4e (big blind) collected ($17.64)


PokerStars Hand #146911947371:  Hold'em Limit ($3/$6 USD) - 2016/01/12 9:54:40 ET
Table 'Hammonia II' 2-max Seat #2 is the button
Seat 1: Rus29APX ($281.70 in chips)
Seat 2: aremom4e ($75.98 in chips)
aremom4e: posts small blind $1
Rus29APX: posts big blind $3
*** HOLE CARDS ***
aremom4e: raises $3 to $6
Rus29APX: raises $3 to $9
aremom4e: calls $3
*** FLOP *** [Tc 3d Ts]
Rus29APX: bets $3
aremom4e: folds
Uncalled bet ($3) returned to Rus29APX
Rus29APX collected $17.64 from pot
Rus29APX: doesn't show hand
*** SUMMARY ***
Total pot $18 | Rake $0.36
Board [Tc 3d Ts]
Seat 1: Rus29APX (big blind) collected ($17.64)
Seat 2: aremom4e (button) (small blind) folded on the Flop


PokerStars Hand #146911954868:  Hold'em Limit ($3/$6 USD) - 2016/01/12 9:54:50 ET
Table 'Hammonia II' 2-max Seat #1 is the button
Seat 1: Rus29APX ($290.34 in chips)
Seat 2: aremom4e ($66.98 in chips)
Rus29APX: posts small blind $1
aremom4e: posts big blind $3
*** HOLE CARDS ***
Rus29APX: raises $3 to $6
aremom4e: calls $3
*** FLOP *** [9d 7d Jc]
aremom4e: checks
Rus29APX: bets $3
aremom4e: calls $3
*** TURN *** [9d 7d Jc] [3c]
aremom4e: checks
Rus29APX: checks
*** RIVER *** [9d 7d Jc 3c] [Js]
aremom4e: bets $6
Rus29APX: calls $6
*** SHOW DOWN ***
aremom4e: shows [8c 7s] (two pair, Jacks and Sevens)
Rus29APX: mucks hand
aremom4e collected $29.50 from pot
*** SUMMARY ***
Total pot $30 | Rake $0.50
Board [9d 7d Jc 3c Js]
Seat 1: Rus29APX (button) (small blind) mucked
Seat 2: aremom4e (big blind) showed [8c 7s] and won ($29.50) with two pair, Jacks and Sevens


PokerStars Hand #146911965145:  Hold'em Limit ($3/$6 USD) - 2016/01/12 9:55:04 ET
Table 'Hammonia II' 2-max Seat #2 is the button
Seat 1: Rus29APX ($275.34 in chips)
Seat 2: aremom4e ($81.48 in chips)
aremom4e: posts small blind $1
Rus29APX: posts big blind $3
*** HOLE CARDS ***
aremom4e: raises $3 to $6
Rus29APX: calls $3
*** FLOP *** [5h Qc As]
Rus29APX: checks
aremom4e: bets $3
Rus29APX: raises $3 to $6
aremom4e: calls $3
*** TURN *** [5h Qc As] [8h]
Rus29APX: bets $6
aremom4e: calls $6
*** RIVER *** [5h Qc As 8h] [2c]
Rus29APX: bets $6
aremom4e: calls $6
*** SHOW DOWN ***
Rus29APX: shows [Qd 7s] (a pair of Queens)
aremom4e: shows [Ac 9c] (a pair of Aces)
aremom4e collected $47.50 from pot
*** SUMMARY ***
Total pot $48 | Rake $0.50
Board [5h Qc As 8h 2c]
Seat 1: Rus29APX (big blind) showed [Qd 7s] and lost with a pair of Queens
Seat 2: aremom4e (button) (small blind) showed [Ac 9c] and won ($47.50) with a pair of Aces


PokerStars Hand #146911987421:  Hold'em Limit ($3/$6 USD) - 2016/01/12 9:55:39 ET
Table 'Hammonia II' 2-max Seat #2 is the button
Seat 1: Rus29APX ($271.84 in chips)
Seat 2: aremom4e ($83.98 in chips)
aremom4e: posts small blind $1
Rus29APX: posts big blind $3
*** HOLE CARDS ***
aremom4e: folds
Uncalled bet ($2) returned to Rus29APX
Rus29APX collected $2 from pot
Rus29APX: doesn't show hand
*** SUMMARY ***
Total pot $2 | Rake $0
Seat 1: Rus29APX (big blind) collected ($2)
Seat 2: aremom4e (button) (small blind) folded before Flop


PokerStars Hand #146911975201:  Hold'em Limit ($3/$6 USD) - 2016/01/12 9:55:19 ET
Table 'Hammonia II' 2-max Seat #1 is the button
Seat 1: Rus29APX ($251.34 in chips)
Seat 2: aremom4e ($104.98 in chips)
Rus29APX: posts small blind $1
aremom4e: posts big blind $3
*** HOLE CARDS ***
Rus29APX: raises $3 to $6
aremom4e: calls $3
*** FLOP *** [Ad Ah 8h]
aremom4e: checks
Rus29APX: bets $3
aremom4e: calls $3
*** TURN *** [Ad Ah 8h] [Js]
aremom4e: checks
Rus29APX: bets $6
aremom4e: calls $6
*** RIVER *** [Ad Ah 8h Js] [9h]
aremom4e: checks
Rus29APX: bets $6
aremom4e: calls $6
*** SHOW DOWN ***
Rus29APX: shows [3h As] (three of a kind, Aces)
aremom4e: mucks hand
Rus29APX collected $41.50 from pot
*** SUMMARY ***
Total pot $42 | Rake $0.50
Board [Ad Ah 8h Js 9h]
Seat 1: Rus29APX (button) (small blind) showed [3h As] and won ($41.50) with three of a kind, Aces
Seat 2: aremom4e (big blind) mucked


PokerStars Hand #146911990396:  Hold'em Limit ($3/$6 USD) - 2016/01/12 9:55:43 ET
Table 'Hammonia II' 2-max Seat #1 is the button
Seat 1: Rus29APX ($272.84 in chips)
Seat 2: aremom4e ($82.98 in chips)
Rus29APX: posts small blind $1
aremom4e: posts big blind $3
*** HOLE CARDS ***
Rus29APX: raises $3 to $6
aremom4e: calls $3
*** FLOP *** [7s Tc Qh]
aremom4e: checks
Rus29APX: bets $3
aremom4e: raises $3 to $6
Rus29APX: folds
Uncalled bet ($3) returned to aremom4e
aremom4e collected $17.64 from pot
aremom4e: doesn't show hand
*** SUMMARY ***
Total pot $18 | Rake $0.36
Board [7s Tc Qh]
Seat 1: Rus29APX (button) (small blind) folded on the Flop
Seat 2: aremom4e (big blind) collected ($17.64)


PokerStars Hand #146911997095:  Hold'em Limit ($3/$6 USD) - 2016/01/12 9:55:54 ET
Table 'Hammonia II' 2-max Seat #2 is the button
Seat 1: Rus29APX ($263.84 in chips)
Seat 2: aremom4e ($91.62 in chips)
aremom4e: posts small blind $1
Rus29APX: posts big blind $3
*** HOLE CARDS ***
aremom4e: folds
Uncalled bet ($2) returned to Rus29APX
Rus29APX collected $2 from pot
Rus29APX: doesn't show hand
*** SUMMARY ***
Total pot $2 | Rake $0
Seat 1: Rus29APX (big blind) collected ($2)
Seat 2: aremom4e (button) (small blind) folded before Flop


PokerStars Hand #146912000009:  Hold'em Limit ($3/$6 USD) - 2016/01/12 9:55:59 ET
Table 'Hammonia II' 2-max Seat #1 is the button
Seat 1: Rus29APX ($264.84 in chips)
Seat 2: aremom4e ($90.62 in chips)
Rus29APX: posts small blind $1
aremom4e: posts big blind $3
*** HOLE CARDS ***
Rus29APX: raises $3 to $6
aremom4e: calls $3
*** FLOP *** [Js 9d 5h]
aremom4e: checks
Rus29APX: bets $3
aremom4e: folds
Uncalled bet ($3) returned to Rus29APX
Rus29APX collected $11.76 from pot
Rus29APX: doesn't show hand
*** SUMMARY ***
Total pot $12 | Rake $0.24
Board [Js 9d 5h]
Seat 1: Rus29APX (button) (small blind) collected ($11.76)
Seat 2: aremom4e (big blind) folded on the Flop


PokerStars Hand #146912005432:  Hold'em Limit ($3/$6 USD) - 2016/01/12 9:56:08 ET
Table 'Hammonia II' 2-max Seat #2 is the button
Seat 1: Rus29APX ($270.60 in chips)
Seat 2: aremom4e ($84.62 in chips)
aremom4e: posts small blind $1
Rus29APX: posts big blind $3
*** HOLE CARDS ***
aremom4e: raises $3 to $6
Rus29APX: raises $3 to $9
aremom4e: calls $3
*** FLOP *** [Js 5d 7s]
Rus29APX: bets $3
aremom4e: calls $3
*** TURN *** [Js 5d 7s] [2c]
Rus29APX: bets $6
aremom4e: calls $6
*** RIVER *** [Js 5d 7s 2c] [7c]
Rus29APX: bets $6
aremom4e: folds
Uncalled bet ($6) returned to Rus29APX
Rus29APX collected $35.50 from pot
Rus29APX: doesn't show hand
*** SUMMARY ***
Total pot $36 | Rake $0.50
Board [Js 5d 7s 2c 7c]
Seat 1: Rus29APX (big blind) collected ($35.50)
Seat 2: aremom4e (button) (small blind) folded on the River


PokerStars Hand #146912017391:  Hold'em Limit ($3/$6 USD) - 2016/01/12 9:56:27 ET
Table 'Hammonia II' 2-max Seat #2 is the button
Seat 1: Rus29APX ($291.10 in chips)
Seat 2: aremom4e ($63.62 in chips)
aremom4e: posts small blind $1
Rus29APX: posts big blind $3
*** HOLE CARDS ***
aremom4e: folds
Uncalled bet ($2) returned to Rus29APX
Rus29APX collected $2 from pot
Rus29APX: doesn't show hand
*** SUMMARY ***
Total pot $2 | Rake $0
Seat 1: Rus29APX (big blind) collected ($2)
Seat 2: aremom4e (button) (small blind) folded before Flop


PokerStars Hand #146912014066:  Hold'em Limit ($3/$6 USD) - 2016/01/12 9:56:22 ET
Table 'Hammonia II' 2-max Seat #1 is the button
Seat 1: Rus29APX ($288.10 in chips)
Seat 2: aremom4e ($66.62 in chips)
Rus29APX: posts small blind $1
aremom4e: posts big blind $3
*** HOLE CARDS ***
Rus29APX: raises $3 to $6
aremom4e: folds
Uncalled bet ($3) returned to Rus29APX
Rus29APX collected $6 from pot
Rus29APX: doesn't show hand
*** SUMMARY ***
Total pot $6 | Rake $0
Seat 1: Rus29APX (button) (small blind) collected ($6)
Seat 2: aremom4e (big blind) folded before Flop


PokerStars Hand #146912029651:  Hold'em Limit ($3/$6 USD) - 2016/01/12 9:56:47 ET
Table 'Hammonia II' 2-max Seat #2 is the button
Seat 1: Rus29APX ($283.10 in chips)
Seat 2: aremom4e ($71.26 in chips)
aremom4e: posts small blind $1
Rus29APX: posts big blind $3
*** HOLE CARDS ***
aremom4e: folds
Uncalled bet ($2) returned to Rus29APX
Rus29APX collected $2 from pot
Rus29APX: doesn't show hand
*** SUMMARY ***
Total pot $2 | Rake $0
Seat 1: Rus29APX (big blind) collected ($2)
Seat 2: aremom4e (button) (small blind) folded before Flop


PokerStars Hand #146912020536:  Hold'em Limit ($3/$6 USD) - 2016/01/12 9:56:32 ET
Table 'Hammonia II' 2-max Seat #1 is the button
Seat 1: Rus29APX ($292.10 in chips)
Seat 2: aremom4e ($62.62 in chips)
Rus29APX: posts small blind $1
aremom4e: posts big blind $3
*** HOLE CARDS ***
Rus29APX: raises $3 to $6
aremom4e: calls $3
*** FLOP *** [Kh Ah 6h]
aremom4e: checks
Rus29APX: bets $3
aremom4e: calls $3
*** TURN *** [Kh Ah 6h] [Ac]
aremom4e: checks
Rus29APX: checks
*** RIVER *** [Kh Ah 6h Ac] [7h]
aremom4e: checks
Rus29APX: checks
*** SHOW DOWN ***
aremom4e: shows [2d Kc] (two pair, Aces and Kings)
Rus29APX: mucks hand
aremom4e collected $17.64 from pot
*** SUMMARY ***
Total pot $18 | Rake $0.36
Board [Kh Ah 6h Ac 7h]
Seat 1: Rus29APX (button) (small blind) mucked
Seat 2: aremom4e (big blind) showed [2d Kc] and won ($17.64) with two pair, Aces and Kings


PokerStars Hand #146912038272:  Hold'em Limit ($3/$6 USD) - 2016/01/12 9:57:01 ET
Table 'Hammonia II' 2-max Seat #2 is the button
Seat 1: Rus29APX ($289.86 in chips)
Seat 2: aremom4e ($64.26 in chips)
aremom4e: posts small blind $1
Rus29APX: posts big blind $3
*** HOLE CARDS ***
aremom4e: folds
Uncalled bet ($2) returned to Rus29APX
Rus29APX collected $2 from pot
Rus29APX: doesn't show hand
*** SUMMARY ***
Total pot $2 | Rake $0
Seat 1: Rus29APX (big blind) collected ($2)
Seat 2: aremom4e (button) (small blind) folded before Flop


PokerStars Hand #146912032833:  Hold'em Limit ($3/$6 USD) - 2016/01/12 9:56:52 ET
Table 'Hammonia II' 2-max Seat #1 is the button
Seat 1: Rus29APX ($284.10 in chips)
Seat 2: aremom4e ($70.26 in chips)
Rus29APX: posts small blind $1
aremom4e: posts big blind $3
*** HOLE CARDS ***
Rus29APX: raises $3 to $6
aremom4e: calls $3
*** FLOP *** [7s Kh Kd]
aremom4e: checks
Rus29APX: bets $3
aremom4e: folds
Uncalled bet ($3) returned to Rus29APX
Rus29APX collected $11.76 from pot
Rus29APX: doesn't show hand
*** SUMMARY ***
Total pot $12 | Rake $0.24
Board [7s Kh Kd]
Seat 1: Rus29APX (button) (small blind) collected ($11.76)
Seat 2: aremom4e (big blind) folded on the Flop


PokerStars Hand #146912041362:  Hold'em Limit ($3/$6 USD) - 2016/01/12 9:57:05 ET
Table 'Hammonia II' 2-max Seat #1 is the button
Seat 1: Rus29APX ($290.86 in chips)
Seat 2: aremom4e ($63.26 in chips)
Rus29APX: posts small blind $1
aremom4e: posts big blind $3
*** HOLE CARDS ***
Rus29APX: raises $3 to $6
aremom4e: folds
Uncalled bet ($3) returned to Rus29APX
Rus29APX collected $6 from pot
Rus29APX: doesn't show hand
*** SUMMARY ***
Total pot $6 | Rake $0
Seat 1: Rus29APX (button) (small blind) collected ($6)
Seat 2: aremom4e (big blind) folded before Flop


PokerStars Hand #146912044613:  Hold'em Limit ($3/$6 USD) - 2016/01/12 9:57:11 ET
Table 'Hammonia II' 2-max Seat #2 is the button
Seat 1: Rus29APX ($293.86 in chips)
Seat 2: aremom4e ($60.26 in chips)
aremom4e: posts small blind $1
Rus29APX: posts big blind $3
*** HOLE CARDS ***
aremom4e: raises $3 to $6
Rus29APX: calls $3
*** FLOP *** [Ac 7s 6h]
Rus29APX: checks
aremom4e: bets $3
Rus29APX: folds
Uncalled bet ($3) returned to aremom4e
aremom4e collected $11.76 from pot
aremom4e: doesn't show hand
*** SUMMARY ***
Total pot $12 | Rake $0.24
Board [Ac 7s 6h]
Seat 1: Rus29APX (big blind) folded on the Flop
Seat 2: aremom4e (button) (small blind) collected ($11.76)


PokerStars Hand #146912051273:  Hold'em Limit ($3/$6 USD) - 2016/01/12 9:57:21 ET
Table 'Hammonia II' 2-max Seat #1 is the button
Seat 1: Rus29APX ($287.86 in chips)
Seat 2: aremom4e ($66.02 in chips)
Rus29APX: posts small blind $1
aremom4e: posts big blind $3
*** HOLE CARDS ***
Rus29APX: raises $3 to $6
aremom4e: calls $3
*** FLOP *** [Jc Jh 6d]
aremom4e: checks
Rus29APX: bets $3
aremom4e: folds
Uncalled bet ($3) returned to Rus29APX
Rus29APX collected $11.76 from pot
Rus29APX: doesn't show hand
*** SUMMARY ***
Total pot $12 | Rake $0.24
Board [Jc Jh 6d]
Seat 1: Rus29APX (button) (small blind) collected ($11.76)
Seat 2: aremom4e (big blind) folded on the Flop


PokerStars Hand #146912056499:  Hold'em Limit ($3/$6 USD) - 2016/01/12 9:57:30 ET
Table 'Hammonia II' 2-max Seat #2 is the button
Seat 1: Rus29APX ($293.62 in chips)
Seat 2: aremom4e ($60.02 in chips)
aremom4e: posts small blind $1
Rus29APX: posts big blind $3
*** HOLE CARDS ***
aremom4e: raises $3 to $6
Rus29APX: calls $3
*** FLOP *** [3d 9c 8d]
Rus29APX: checks
aremom4e: checks
*** TURN *** [3d 9c 8d] [Jh]
Rus29APX: bets $6
aremom4e: calls $6
*** RIVER *** [3d 9c 8d Jh] [Ad]
Rus29APX: bets $6
aremom4e: folds
Uncalled bet ($6) returned to Rus29APX
Rus29APX collected $23.52 from pot
Rus29APX: doesn't show hand
*** SUMMARY ***
Total pot $24 | Rake $0.48
Board [3d 9c 8d Jh Ad]
Seat 1: Rus29APX (big blind) collected ($23.52)
Seat 2: aremom4e (button) (small blind) folded on the River


PokerStars Hand #146912067249:  Hold'em Limit ($3/$6 USD) - 2016/01/12 9:57:46 ET
Table 'Hammonia II' 2-max Seat #1 is the button
Seat 1: Rus29APX ($305.14 in chips)
Seat 2: aremom4e ($48.02 in chips)
Rus29APX: posts small blind $1
aremom4e: posts big blind $3
*** HOLE CARDS ***
Rus29APX: raises $3 to $6
aremom4e: raises $3 to $9
Rus29APX: calls $3
*** FLOP *** [Qc 7s Jc]
aremom4e: bets $3
Rus29APX: raises $3 to $6
aremom4e: calls $3
*** TURN *** [Qc 7s Jc] [7d]
aremom4e: checks
Rus29APX: bets $6
aremom4e: folds
Uncalled bet ($6) returned to Rus29APX
Rus29APX collected $29.50 from pot
Rus29APX: doesn't show hand
*** SUMMARY ***
Total pot $30 | Rake $0.50
Board [Qc 7s Jc 7d]
Seat 1: Rus29APX (button) (small blind) collected ($29.50)
Seat 2: aremom4e (big blind) folded on the Turn


PokerStars Hand #146912083492:  Hold'em Limit ($3/$6 USD) - 2016/01/12 9:58:06 ET
Table 'Hammonia II' 2-max Seat #1 is the button
Seat 1: Rus29APX ($320.64 in chips)
Seat 2: aremom4e ($32.02 in chips)
Rus29APX: posts small blind $1
aremom4e: posts big blind $3
*** HOLE CARDS ***
Rus29APX: raises $3 to $6
aremom4e: folds
Uncalled bet ($3) returned to Rus29APX
Rus29APX collected $6 from pot
Rus29APX: doesn't show hand
*** SUMMARY ***
Total pot $6 | Rake $0
Seat 1: Rus29APX (button) (small blind) collected ($6)
Seat 2: aremom4e (big blind) folded before Flop


PokerStars Hand #146912076608:  Hold'em Limit ($3/$6 USD) - 2016/01/12 9:58:01 ET
Table 'Hammonia II' 2-max Seat #2 is the button
Seat 1: Rus29APX ($319.64 in chips)
Seat 2: aremom4e ($33.02 in chips)
aremom4e: posts small blind $1
Rus29APX: posts big blind $3
*** HOLE CARDS ***
aremom4e: folds
Uncalled bet ($2) returned to Rus29APX
Rus29APX collected $2 from pot
Rus29APX: doesn't show hand
*** SUMMARY ***
Total pot $2 | Rake $0
Seat 1: Rus29APX (big blind) collected ($2)
Seat 2: aremom4e (button) (small blind) folded before Flop


PokerStars Hand #146912086790:  Hold'em Limit ($3/$6 USD) - 2016/01/12 9:58:11 ET
Table 'Hammonia II' 2-max Seat #2 is the button
Seat 1: Rus29APX ($323.64 in chips)
Seat 2: aremom4e ($29.02 in chips)
aremom4e: posts small blind $1
Rus29APX: posts big blind $3
*** HOLE CARDS ***
aremom4e: raises $3 to $6
Rus29APX: calls $3
*** FLOP *** [4c 6d Ts]
Rus29APX: checks
aremom4e: bets $3
Rus29APX: folds
Uncalled bet ($3) returned to aremom4e
aremom4e collected $11.76 from pot
aremom4e: doesn't show hand
*** SUMMARY ***
Total pot $12 | Rake $0.24
Board [4c 6d Ts]
Seat 1: Rus29APX (big blind) folded on the Flop
Seat 2: aremom4e (button) (small blind) collected ($11.76)


PokerStars Hand #146912097875:  Hold'em Limit ($3/$6 USD) - 2016/01/12 9:58:23 ET
Table 'Hammonia II' 2-max Seat #1 is the button
Seat 1: Rus29APX ($317.64 in chips)
Seat 2: aremom4e ($34.78 in chips)
Rus29APX: posts small blind $1
aremom4e: posts big blind $3
*** HOLE CARDS ***
Rus29APX: raises $3 to $6
aremom4e: calls $3
*** FLOP *** [2h 5c 6h]
aremom4e: checks
Rus29APX: bets $3
aremom4e: raises $3 to $6
Rus29APX: calls $3
*** TURN *** [2h 5c 6h] [7h]
aremom4e: bets $6
Rus29APX: raises $6 to $12
aremom4e: calls $6
*** RIVER *** [2h 5c 6h 7h] [9d]
aremom4e: checks
Rus29APX: checks
*** SHOW DOWN ***
aremom4e: shows [3d Ac] (high card Ace)
Rus29APX: shows [7d Ad] (a pair of Sevens)
Rus29APX collected $47.50 from pot
*** SUMMARY ***
Total pot $48 | Rake $0.50
Board [2h 5c 6h 7h 9d]
Seat 1: Rus29APX (button) (small blind) showed [7d Ad] and won ($47.50) with a pair of Sevens
Seat 2: aremom4e (big blind) showed [3d Ac] and lost with high card Ace


PokerStars Hand #146912131070:  Hold'em Limit ($3/$6 USD) - 2016/01/12 9:59:04 ET
Table 'Hammonia II' 2-max Seat #2 is the button
Seat 1: Rus29APX ($341.14 in chips)
Seat 2: aremom4e ($70.78 in chips)
aremom4e: posts small blind $1
Rus29APX: posts big blind $3
*** HOLE CARDS ***
aremom4e: folds
Uncalled bet ($2) returned to Rus29APX
Rus29APX collected $2 from pot
Rus29APX: doesn't show hand
*** SUMMARY ***
Total pot $2 | Rake $0
Seat 1: Rus29APX (big blind) collected ($2)
Seat 2: aremom4e (button) (small blind) folded before Flop


PokerStars Hand #146912140287:  Hold'em Limit ($3/$6 USD) - 2016/01/12 9:59:18 ET
Table 'Hammonia II' 2-max Seat #1 is the button
Seat 1: Rus29APX ($342.14 in chips)
Seat 2: aremom4e ($69.78 in chips)
Rus29APX: posts small blind $1
aremom4e: posts big blind $3
*** HOLE CARDS ***
Rus29APX: raises $3 to $6
aremom4e: calls $3
*** FLOP *** [Kc 4d Ah]
aremom4e: checks
Rus29APX: bets $3
aremom4e: calls $3
*** TURN *** [Kc 4d Ah] [Jd]
aremom4e: checks
Rus29APX: bets $6
aremom4e: calls $6
*** RIVER *** [Kc 4d Ah Jd] [8d]
aremom4e: checks
Rus29APX: bets $6
aremom4e: calls $6
*** SHOW DOWN ***
Rus29APX: shows [3s Ad] (a pair of Aces)
aremom4e: mucks hand
Rus29APX collected $41.50 from pot
*** SUMMARY ***
Total pot $42 | Rake $0.50
Board [Kc 4d Ah Jd 8d]
Seat 1: Rus29APX (button) (small blind) showed [3s Ad] and won ($41.50) with a pair of Aces
Seat 2: aremom4e (big blind) mucked


PokerStars Hand #146912151538:  Hold'em Limit ($3/$6 USD) - 2016/01/12 9:59:36 ET
Table 'Hammonia II' 2-max Seat #2 is the button
Seat 1: Rus29APX ($362.64 in chips)
Seat 2: aremom4e ($48.78 in chips)
aremom4e: posts small blind $1
Rus29APX: posts big blind $3
*** HOLE CARDS ***
aremom4e: raises $3 to $6
Rus29APX: calls $3
*** FLOP *** [4c 6h Ac]
Rus29APX: checks
aremom4e: bets $3
Rus29APX: folds
Uncalled bet ($3) returned to aremom4e
aremom4e collected $11.76 from pot
aremom4e: doesn't show hand
*** SUMMARY ***
Total pot $12 | Rake $0.24
Board [4c 6h Ac]
Seat 1: Rus29APX (big blind) folded on the Flop
Seat 2: aremom4e (button) (small blind) collected ($11.76)


PokerStars Hand #146912160457:  Hold'em Limit ($3/$6 USD) - 2016/01/12 9:59:50 ET
Table 'Hammonia II' 2-max Seat #1 is the button
Seat 1: Rus29APX ($356.64 in chips)
Seat 2: aremom4e ($54.54 in chips)
Rus29APX: posts small blind $1
aremom4e: posts big blind $3
*** HOLE CARDS ***
Rus29APX: raises $3 to $6
aremom4e: raises $3 to $9
Rus29APX: calls $3
*** FLOP *** [Qd 4h Ts]
aremom4e: bets $3
Rus29APX: folds
Uncalled bet ($3) returned to aremom4e
aremom4e collected $17.64 from pot
aremom4e: doesn't show hand
*** SUMMARY ***
Total pot $18 | Rake $0.36
Board [Qd 4h Ts]
Seat 1: Rus29APX (button) (small blind) folded on the Flop
Seat 2: aremom4e (big blind) collected ($17.64)


PokerStars Hand #146912173905:  Hold'em Limit ($3/$6 USD) - 2016/01/12 10:00:10 ET
Table 'Hammonia II' 2-max Seat #1 is the button
Seat 1: Rus29APX ($356.28 in chips)
Seat 2: aremom4e ($54.18 in chips)
Rus29APX: posts small blind $1
aremom4e: posts big blind $3
*** HOLE CARDS ***
Rus29APX: folds
Uncalled bet ($2) returned to aremom4e
aremom4e collected $2 from pot
aremom4e: doesn't show hand
*** SUMMARY ***
Total pot $2 | Rake $0
Seat 1: Rus29APX (button) (small blind) folded before Flop
Seat 2: aremom4e (big blind) collected ($2)


PokerStars Hand #146912166754:  Hold'em Limit ($3/$6 USD) - 2016/01/12 10:00:00 ET
Table 'Hammonia II' 2-max Seat #2 is the button
Seat 1: Rus29APX ($347.64 in chips)
Seat 2: aremom4e ($63.18 in chips)
aremom4e: posts small blind $1
Rus29APX: posts big blind $3
*** HOLE CARDS ***
aremom4e: raises $3 to $6
Rus29APX: calls $3
*** FLOP *** [5h 8c Ac]
Rus29APX: checks
aremom4e: bets $3
Rus29APX: raises $3 to $6
aremom4e: folds
Uncalled bet ($3) returned to Rus29APX
Rus29APX collected $17.64 from pot
Rus29APX: doesn't show hand
*** SUMMARY ***
Total pot $18 | Rake $0.36
Board [5h 8c Ac]
Seat 1: Rus29APX (big blind) collected ($17.64)
Seat 2: aremom4e (button) (small blind) folded on the Flop


PokerStars Hand #146912176841:  Hold'em Limit ($3/$6 USD) - 2016/01/12 10:00:15 ET
Table 'Hammonia II' 2-max Seat #2 is the button
Seat 1: Rus29APX ($355.28 in chips)
Seat 2: aremom4e ($55.18 in chips)
aremom4e: posts small blind $1
Rus29APX: posts big blind $3
*** HOLE CARDS ***
aremom4e: folds
Uncalled bet ($2) returned to Rus29APX
Rus29APX collected $2 from pot
Rus29APX: doesn't show hand
*** SUMMARY ***
Total pot $2 | Rake $0
Seat 1: Rus29APX (big blind) collected ($2)
Seat 2: aremom4e (button) (small blind) folded before Flop


PokerStars Hand #146912179759:  Hold'em Limit ($3/$6 USD) - 2016/01/12 10:00:19 ET
Table 'Hammonia II' 2-max Seat #1 is the button
Seat 1: Rus29APX ($356.28 in chips)
Seat 2: aremom4e ($54.18 in chips)
Rus29APX: posts small blind $1
aremom4e: posts big blind $3
*** HOLE CARDS ***
Rus29APX: raises $3 to $6
aremom4e: calls $3
*** FLOP *** [8c Qd Qs]
aremom4e: checks
Rus29APX: bets $3
aremom4e: folds
Uncalled bet ($3) returned to Rus29APX
Rus29APX collected $11.76 from pot
Rus29APX: doesn't show hand
*** SUMMARY ***
Total pot $12 | Rake $0.24
Board [8c Qd Qs]
Seat 1: Rus29APX (button) (small blind) collected ($11.76)
Seat 2: aremom4e (big blind) folded on the Flop


PokerStars Hand #146912186867:  Hold'em Limit ($3/$6 USD) - 2016/01/12 10:00:30 ET
Table 'Hammonia II' 2-max Seat #2 is the button
Seat 1: Rus29APX ($362.04 in chips)
Seat 2: aremom4e ($48.18 in chips)
aremom4e: posts small blind $1
Rus29APX: posts big blind $3
*** HOLE CARDS ***
aremom4e: raises $3 to $6
Rus29APX: raises $3 to $9
aremom4e: calls $3
*** FLOP *** [9h 7s 4d]
Rus29APX: bets $3
aremom4e: calls $3
*** TURN *** [9h 7s 4d] [Qd]
Rus29APX: bets $6
aremom4e: calls $6
*** RIVER *** [9h 7s 4d Qd] [Kh]
Rus29APX: bets $6
aremom4e: folds
Uncalled bet ($6) returned to Rus29APX
Rus29APX collected $35.50 from pot
Rus29APX: doesn't show hand
*** SUMMARY ***
Total pot $36 | Rake $0.50
Board [9h 7s 4d Qd Kh]
Seat 1: Rus29APX (big blind) collected ($35.50)
Seat 2: aremom4e (button) (small blind) folded on the River


PokerStars Hand #146912196226:  Hold'em Limit ($3/$6 USD) - 2016/01/12 10:00:44 ET
Table 'Hammonia II' 2-max Seat #1 is the button
Seat 1: Rus29APX ($379.54 in chips)
Seat 2: aremom4e ($30.18 in chips)
Rus29APX: posts small blind $1
aremom4e: posts big blind $3
*** HOLE CARDS ***
Rus29APX: raises $3 to $6
aremom4e: calls $3
*** FLOP *** [9c 5d 6s]
aremom4e: checks
Rus29APX: bets $3
aremom4e: folds
Uncalled bet ($3) returned to Rus29APX
Rus29APX collected $11.76 from pot
Rus29APX: doesn't show hand
*** SUMMARY ***
Total pot $12 | Rake $0.24
Board [9c 5d 6s]
Seat 1: Rus29APX (button) (small blind) collected ($11.76)
Seat 2: aremom4e (big blind) folded on the Flop


PokerStars Hand #146912202458:  Hold'em Limit ($3/$6 USD) - 2016/01/12 10:00:53 ET
Table 'Hammonia II' 2-max Seat #2 is the button
Seat 1: Rus29APX ($385.30 in chips)
Seat 2: aremom4e ($24.18 in chips)
aremom4e: posts small blind $1
Rus29APX: posts big blind $3
*** HOLE CARDS ***
aremom4e: raises $3 to $6
Rus29APX: calls $3
*** FLOP *** [6d 9s 9c]
Rus29APX: checks
aremom4e: checks
*** TURN *** [6d 9s 9c] [Ah]
Rus29APX: bets $6
aremom4e: calls $6
*** RIVER *** [6d 9s 9c Ah] [As]
Rus29APX: bets $6
aremom4e: folds
Uncalled bet ($6) returned to Rus29APX
Rus29APX collected $23.52 from pot
Rus29APX: doesn't show hand
*** SUMMARY ***
Total pot $24 | Rake $0.48
Board [6d 9s 9c Ah As]
Seat 1: Rus29APX (big blind) collected ($23.52)
Seat 2: aremom4e (button) (small blind) folded on the River


PokerStars Hand #146912213602:  Hold'em Limit ($3/$6 USD) - 2016/01/12 10:01:10 ET
Table 'Hammonia II' 2-max Seat #1 is the button
Seat 1: Rus29APX ($396.82 in chips)
Seat 2: aremom4e ($12.18 in chips)
Rus29APX: posts small blind $1
aremom4e: posts big blind $3
*** HOLE CARDS ***
Rus29APX: raises $3 to $6
aremom4e: calls $3
*** FLOP *** [8d As 4d]
aremom4e: checks
Rus29APX: bets $3
aremom4e: folds
Uncalled bet ($3) returned to Rus29APX
Rus29APX collected $11.76 from pot
Rus29APX: doesn't show hand
*** SUMMARY ***
Total pot $12 | Rake $0.24
Board [8d As 4d]
Seat 1: Rus29APX (button) (small blind) collected ($11.76)
Seat 2: aremom4e (big blind) folded on the Flop


PokerStars Hand #146912242346:  Hold'em Limit ($3/$6 USD) - 2016/01/12 10:01:49 ET
Table 'Hammonia II' 2-max Seat #1 is the button
Seat 1: Rus29APX ($403.58 in chips)
Seat 2: aremom4e ($76.46 in chips)
Rus29APX: posts small blind $1
aremom4e: posts big blind $3
*** HOLE CARDS ***
Rus29APX: raises $3 to $6
aremom4e: folds
Uncalled bet ($3) returned to Rus29APX
Rus29APX collected $6 from pot
Rus29APX: doesn't show hand
*** SUMMARY ***
Total pot $6 | Rake $0
Seat 1: Rus29APX (button) (small blind) collected ($6)
Seat 2: aremom4e (big blind) folded before Flop


PokerStars Hand #146912238196:  Hold'em Limit ($3/$6 USD) - 2016/01/12 10:01:44 ET
Table 'Hammonia II' 2-max Seat #2 is the button
Seat 1: Rus29APX ($402.58 in chips)
Seat 2: aremom4e ($77.46 in chips)
aremom4e: posts small blind $1
Rus29APX: posts big blind $3
*** HOLE CARDS ***
aremom4e: folds
Uncalled bet ($2) returned to Rus29APX
Rus29APX collected $2 from pot
Rus29APX: doesn't show hand
*** SUMMARY ***
Total pot $2 | Rake $0
Seat 1: Rus29APX (big blind) collected ($2)
Seat 2: aremom4e (button) (small blind) folded before Flop


PokerStars Hand #146912314655:  Hold'em Limit ($3/$6 USD) - 2016/01/12 10:03:25 ET
Table 'Hammonia II' 2-max Seat #2 is the button
Seat 1: Rus29APX ($466.14 in chips)
Seat 2: aremom4e ($90.70 in chips)
aremom4e: posts small blind $1
Rus29APX: posts big blind $3
*** HOLE CARDS ***
aremom4e: raises $3 to $6
Rus29APX: calls $3
*** FLOP *** [2s Ks Kh]
Rus29APX: checks
aremom4e: bets $3
Rus29APX: raises $3 to $6
aremom4e: calls $3
*** TURN *** [2s Ks Kh] [4d]
Rus29APX: bets $6
aremom4e: raises $6 to $12
Rus29APX: folds
Uncalled bet ($6) returned to aremom4e
aremom4e collected $35.50 from pot
aremom4e: doesn't show hand
*** SUMMARY ***
Total pot $36 | Rake $0.50
Board [2s Ks Kh 4d]
Seat 1: Rus29APX (big blind) folded on the Turn
Seat 2: aremom4e (button) (small blind) collected ($35.50)


PokerStars Hand #146912310944:  Hold'em Limit ($3/$6 USD) - 2016/01/12 10:03:20 ET
Table 'Hammonia II' 2-max Seat #1 is the button
Seat 1: Rus29APX ($467.14 in chips)
Seat 2: aremom4e ($10.10 in chips)
Rus29APX: posts small blind $1
aremom4e: posts big blind $3
*** HOLE CARDS ***
Rus29APX: folds
Uncalled bet ($2) returned to aremom4e
aremom4e collected $2 from pot
aremom4e: doesn't show hand
*** SUMMARY ***
Total pot $2 | Rake $0
Seat 1: Rus29APX (button) (small blind) folded before Flop
Seat 2: aremom4e (big blind) collected ($2)


PokerStars Hand #146912300079:  Hold'em Limit ($3/$6 USD) - 2016/01/12 10:03:06 ET
Table 'Hammonia II' 2-max Seat #2 is the button
Seat 1: Rus29APX ($455.62 in chips)
Seat 2: aremom4e ($22.10 in chips)
aremom4e: posts small blind $1
Rus29APX: posts big blind $3
*** HOLE CARDS ***
aremom4e: raises $3 to $6
Rus29APX: calls $3
*** FLOP *** [Jc 9h Kd]
Rus29APX: checks
aremom4e: bets $3
Rus29APX: raises $3 to $6
aremom4e: calls $3
*** TURN *** [Jc 9h Kd] [Qd]
Rus29APX: bets $6
aremom4e: folds
Uncalled bet ($6) returned to Rus29APX
Rus29APX collected $23.52 from pot
Rus29APX: doesn't show hand
*** SUMMARY ***
Total pot $24 | Rake $0.48
Board [Jc 9h Kd Qd]
Seat 1: Rus29APX (big blind) collected ($23.52)
Seat 2: aremom4e (button) (small blind) folded on the Turn


PokerStars Hand #146912288347:  Hold'em Limit ($3/$6 USD) - 2016/01/12 10:02:50 ET
Table 'Hammonia II' 2-max Seat #1 is the button
Seat 1: Rus29APX ($438.12 in chips)
Seat 2: aremom4e ($40.10 in chips)
Rus29APX: posts small blind $1
aremom4e: posts big blind $3
*** HOLE CARDS ***
Rus29APX: raises $3 to $6
aremom4e: calls $3
*** FLOP *** [9d 6c 2d]
aremom4e: checks
Rus29APX: bets $3
aremom4e: raises $3 to $6
Rus29APX: calls $3
*** TURN *** [9d 6c 2d] [5c]
aremom4e: bets $6
Rus29APX: calls $6
*** RIVER *** [9d 6c 2d 5c] [Ah]
aremom4e: checks
Rus29APX: checks
*** SHOW DOWN ***
aremom4e: shows [6d Js] (a pair of Sixes)
Rus29APX: shows [Qs 6s] (a pair of Sixes - Ace+Queen kicker)
Rus29APX collected $35.50 from pot
*** SUMMARY ***
Total pot $36 | Rake $0.50
Board [9d 6c 2d 5c Ah]
Seat 1: Rus29APX (button) (small blind) showed [Qs 6s] and won ($35.50) with a pair of Sixes
Seat 2: aremom4e (big blind) showed [6d Js] and lost with a pair of Sixes


PokerStars Hand #146912280870:  Hold'em Limit ($3/$6 USD) - 2016/01/12 10:02:40 ET
Table 'Hammonia II' 2-max Seat #2 is the button
Seat 1: Rus29APX ($429.48 in chips)
Seat 2: aremom4e ($49.10 in chips)
aremom4e: posts small blind $1
Rus29APX: posts big blind $3
*** HOLE CARDS ***
aremom4e: raises $3 to $6
Rus29APX: calls $3
*** FLOP *** [4c 7h Qs]
Rus29APX: checks
aremom4e: bets $3
Rus29APX: raises $3 to $6
aremom4e: folds
Uncalled bet ($3) returned to Rus29APX
Rus29APX collected $17.64 from pot
Rus29APX: doesn't show hand
*** SUMMARY ***
Total pot $18 | Rake $0.36
Board [4c 7h Qs]
Seat 1: Rus29APX (big blind) collected ($17.64)
Seat 2: aremom4e (button) (small blind) folded on the Flop


PokerStars Hand #146912373258:  Hold'em Limit ($3/$6 USD) - 2016/01/12 10:04:43 ET
Table 'Hammonia II' 2-max Seat #1 is the button
Seat 1: Rus29APX ($445.64 in chips)
Seat 2: aremom4e ($109.34 in chips)
Rus29APX: posts small blind $1
aremom4e: posts big blind $3
*** HOLE CARDS ***
Rus29APX: raises $3 to $6
aremom4e: folds
Uncalled bet ($3) returned to Rus29APX
Rus29APX collected $6 from pot
Rus29APX: doesn't show hand
*** SUMMARY ***
Total pot $6 | Rake $0
Seat 1: Rus29APX (button) (small blind) collected ($6)
Seat 2: aremom4e (big blind) folded before Flop


PokerStars Hand #146912344845:  Hold'em Limit ($3/$6 USD) - 2016/01/12 10:04:05 ET
Table 'Hammonia II' 2-max Seat #1 is the button
Seat 1: Rus29APX ($440.14 in chips)
Seat 2: aremom4e ($115.84 in chips)
Rus29APX: posts small blind $1
aremom4e: posts big blind $3
*** HOLE CARDS ***
Rus29APX: raises $3 to $6
aremom4e: raises $3 to $9
Rus29APX: calls $3
*** FLOP *** [6c 6s 8h]
aremom4e: bets $3
Rus29APX: calls $3
*** TURN *** [6c 6s 8h] [Qc]
aremom4e: bets $6
Rus29APX: raises $6 to $12
aremom4e: calls $6
*** RIVER *** [6c 6s 8h Qc] [2s]
aremom4e: checks
Rus29APX: bets $6
aremom4e: calls $6
*** SHOW DOWN ***
Rus29APX: shows [6h 7d] (three of a kind, Sixes)
aremom4e: mucks hand
Rus29APX collected $59.50 from pot
*** SUMMARY ***
Total pot $60 | Rake $0.50
Board [6c 6s 8h Qc 2s]
Seat 1: Rus29APX (button) (small blind) showed [6h 7d] and won ($59.50) with three of a kind, Sixes
Seat 2: aremom4e (big blind) mucked


PokerStars Hand #146912341204:  Hold'em Limit ($3/$6 USD) - 2016/01/12 10:04:00 ET
Table 'Hammonia II' 2-max Seat #2 is the button
Seat 1: Rus29APX ($439.14 in chips)
Seat 2: aremom4e ($116.84 in chips)
aremom4e: posts small blind $1
Rus29APX: posts big blind $3
*** HOLE CARDS ***
aremom4e: folds
Uncalled bet ($2) returned to Rus29APX
Rus29APX collected $2 from pot
Rus29APX: doesn't show hand
*** SUMMARY ***
Total pot $2 | Rake $0
Seat 1: Rus29APX (big blind) collected ($2)
Seat 2: aremom4e (button) (small blind) folded before Flop


PokerStars Hand #146912329771:  Hold'em Limit ($3/$6 USD) - 2016/01/12 10:03:45 ET
Table 'Hammonia II' 2-max Seat #1 is the button
Seat 1: Rus29APX ($448.14 in chips)
Seat 2: aremom4e ($108.20 in chips)
Rus29APX: posts small blind $1
aremom4e: posts big blind $3
*** HOLE CARDS ***
Rus29APX: raises $3 to $6
aremom4e: calls $3
*** FLOP *** [Jc 7d 3h]
aremom4e: checks
Rus29APX: bets $3
aremom4e: calls $3
*** TURN *** [Jc 7d 3h] [9d]
aremom4e: checks
Rus29APX: checks
*** RIVER *** [Jc 7d 3h 9d] [Kh]
aremom4e: bets $6
Rus29APX: folds
Uncalled bet ($6) returned to aremom4e
aremom4e collected $17.64 from pot
aremom4e: doesn't show hand
*** SUMMARY ***
Total pot $18 | Rake $0.36
Board [Jc 7d 3h 9d Kh]
Seat 1: Rus29APX (button) (small blind) folded on the River
Seat 2: aremom4e (big blind) collected ($17.64)


PokerStars Hand #146912415489:  Hold'em Limit ($3/$6 USD) - 2016/01/12 10:05:38 ET
Table 'Hammonia II' 2-max Seat #2 is the button
Seat 1: Rus29APX ($447.68 in chips)
Seat 2: aremom4e ($105.84 in chips)
aremom4e: posts small blind $1
Rus29APX: posts big blind $3
*** HOLE CARDS ***
aremom4e: folds
Uncalled bet ($2) returned to Rus29APX
Rus29APX collected $2 from pot
Rus29APX: doesn't show hand
*** SUMMARY ***
Total pot $2 | Rake $0
Seat 1: Rus29APX (big blind) collected ($2)
Seat 2: aremom4e (button) (small blind) folded before Flop


PokerStars Hand #146912408442:  Hold'em Limit ($3/$6 USD) - 2016/01/12 10:05:28 ET
Table 'Hammonia II' 2-max Seat #1 is the button
Seat 1: Rus29APX ($441.92 in chips)
Seat 2: aremom4e ($111.84 in chips)
Rus29APX: posts small blind $1
aremom4e: posts big blind $3
*** HOLE CARDS ***
Rus29APX: raises $3 to $6
aremom4e: calls $3
*** FLOP *** [6d Jd 9h]
aremom4e: checks
Rus29APX: bets $3
aremom4e: folds
Uncalled bet ($3) returned to Rus29APX
Rus29APX collected $11.76 from pot
Rus29APX: doesn't show hand
*** SUMMARY ***
Total pot $12 | Rake $0.24
Board [6d Jd 9h]
Seat 1: Rus29APX (button) (small blind) collected ($11.76)
Seat 2: aremom4e (big blind) folded on the Flop


PokerStars Hand #146912396500:  Hold'em Limit ($3/$6 USD) - 2016/01/12 10:05:13 ET
Table 'Hammonia II' 2-max Seat #2 is the button
Seat 1: Rus29APX ($465.92 in chips)
Seat 2: aremom4e ($88.34 in chips)
aremom4e: posts small blind $1
Rus29APX: posts big blind $3
*** HOLE CARDS ***
aremom4e: raises $3 to $6
Rus29APX: raises $3 to $9
aremom4e: calls $3
*** FLOP *** [Kh 5c 8s]
Rus29APX: bets $3
aremom4e: calls $3
*** TURN *** [Kh 5c 8s] [3d]
Rus29APX: bets $6
aremom4e: raises $6 to $12
Rus29APX: calls $6
*** RIVER *** [Kh 5c 8s 3d] [9d]
Rus29APX: checks
aremom4e: checks
*** SHOW DOWN ***
Rus29APX: shows [Qh Qs] (a pair of Queens)
aremom4e: shows [Kd 4d] (a pair of Kings)
aremom4e collected $47.50 from pot
*** SUMMARY ***
Total pot $48 | Rake $0.50
Board [Kh 5c 8s 3d 9d]
Seat 1: Rus29APX (big blind) showed [Qh Qs] and lost with a pair of Queens
Seat 2: aremom4e (button) (small blind) showed [Kd 4d] and won ($47.50) with a pair of Kings


PokerStars Hand #146912387223:  Hold'em Limit ($3/$6 USD) - 2016/01/12 10:05:01 ET
Table 'Hammonia II' 2-max Seat #1 is the button
Seat 1: Rus29APX ($457.28 in chips)
Seat 2: aremom4e ($97.34 in chips)
Rus29APX: posts small blind $1
aremom4e: posts big blind $3
*** HOLE CARDS ***
Rus29APX: raises $3 to $6
aremom4e: calls $3
*** FLOP *** [2h 3d 2s]
aremom4e: checks
Rus29APX: bets $3
aremom4e: calls $3
*** TURN *** [2h 3d 2s] [Qc]
aremom4e: checks
Rus29APX: bets $6
aremom4e: folds
Uncalled bet ($6) returned to Rus29APX
Rus29APX collected $17.64 from pot
Rus29APX: doesn't show hand
*** SUMMARY ***
Total pot $18 | Rake $0.36
Board [2h 3d 2s Qc]
Seat 1: Rus29APX (button) (small blind) collected ($17.64)
Seat 2: aremom4e (big blind) folded on the Turn


PokerStars Hand #146912377148:  Hold'em Limit ($3/$6 USD) - 2016/01/12 10:04:48 ET
Table 'Hammonia II' 2-max Seat #2 is the button
Seat 1: Rus29APX ($448.64 in chips)
Seat 2: aremom4e ($106.34 in chips)
aremom4e: posts small blind $1
Rus29APX: posts big blind $3
*** HOLE CARDS ***
aremom4e: raises $3 to $6
Rus29APX: calls $3
*** FLOP *** [9d 5s Jh]
Rus29APX: checks
aremom4e: bets $3
Rus29APX: raises $3 to $6
aremom4e: folds
Uncalled bet ($3) returned to Rus29APX
Rus29APX collected $17.64 from pot
Rus29APX: doesn't show hand
*** SUMMARY ***
Total pot $18 | Rake $0.36
Board [9d 5s Jh]
Seat 1: Rus29APX (big blind) collected ($17.64)
Seat 2: aremom4e (button) (small blind) folded on the Flop


PokerStars Hand #146912461292:  Hold'em Limit ($3/$6 USD) - 2016/01/12 10:06:37 ET
Table 'Hammonia II' 2-max Seat #1 is the button
Seat 1: Rus29APX ($488.70 in chips)
Seat 2: aremom4e ($63.84 in chips)
Rus29APX: posts small blind $1
aremom4e: posts big blind $3
*** HOLE CARDS ***
Rus29APX: raises $3 to $6
aremom4e: calls $3
*** FLOP *** [6h Th Qh]
aremom4e: checks
Rus29APX: bets $3
aremom4e: folds
Uncalled bet ($3) returned to Rus29APX
Rus29APX collected $11.76 from pot
Rus29APX: doesn't show hand
*** SUMMARY ***
Total pot $12 | Rake $0.24
Board [6h Th Qh]
Seat 1: Rus29APX (button) (small blind) collected ($11.76)
Seat 2: aremom4e (big blind) folded on the Flop


PokerStars Hand #146912457491:  Hold'em Limit ($3/$6 USD) - 2016/01/12 10:06:32 ET
Table 'Hammonia II' 2-max Seat #2 is the button
Seat 1: Rus29APX ($487.70 in chips)
Seat 2: aremom4e ($64.84 in chips)
aremom4e: posts small blind $1
Rus29APX: posts big blind $3
*** HOLE CARDS ***
aremom4e: folds
Uncalled bet ($2) returned to Rus29APX
Rus29APX collected $2 from pot
Rus29APX: doesn't show hand
*** SUMMARY ***
Total pot $2 | Rake $0
Seat 1: Rus29APX (big blind) collected ($2)
Seat 2: aremom4e (button) (small blind) folded before Flop


PokerStars Hand #146912450045:  Hold'em Limit ($3/$6 USD) - 2016/01/12 10:06:23 ET
Table 'Hammonia II' 2-max Seat #1 is the button
Seat 1: Rus29APX ($481.94 in chips)
Seat 2: aremom4e ($70.84 in chips)
Rus29APX: posts small blind $1
aremom4e: posts big blind $3
*** HOLE CARDS ***
Rus29APX: raises $3 to $6
aremom4e: calls $3
*** FLOP *** [Jc 4h 5h]
aremom4e: checks
Rus29APX: bets $3
aremom4e: folds
Uncalled bet ($3) returned to Rus29APX
Rus29APX collected $11.76 from pot
Rus29APX: doesn't show hand
*** SUMMARY ***
Total pot $12 | Rake $0.24
Board [Jc 4h 5h]
Seat 1: Rus29APX (button) (small blind) collected ($11.76)
Seat 2: aremom4e (big blind) folded on the Flop


PokerStars Hand #146912446487:  Hold'em Limit ($3/$6 USD) - 2016/01/12 10:06:18 ET
Table 'Hammonia II' 2-max Seat #2 is the button
Seat 1: Rus29APX ($480.94 in chips)
Seat 2: aremom4e ($71.84 in chips)
aremom4e: posts small blind $1
Rus29APX: posts big blind $3
*** HOLE CARDS ***
aremom4e: folds
Uncalled bet ($2) returned to Rus29APX
Rus29APX collected $2 from pot
Rus29APX: doesn't show hand
*** SUMMARY ***
Total pot $2 | Rake $0
Seat 1: Rus29APX (big blind) collected ($2)
Seat 2: aremom4e (button) (small blind) folded before Flop


PokerStars Hand #146912442712:  Hold'em Limit ($3/$6 USD) - 2016/01/12 10:06:13 ET
Table 'Hammonia II' 2-max Seat #1 is the button
Seat 1: Rus29APX ($477.94 in chips)
Seat 2: aremom4e ($74.84 in chips)
Rus29APX: posts small blind $1
aremom4e: posts big blind $3
*** HOLE CARDS ***
Rus29APX: raises $3 to $6
aremom4e: folds
Uncalled bet ($3) returned to Rus29APX
Rus29APX collected $6 from pot
Rus29APX: doesn't show hand
*** SUMMARY ***
Total pot $6 | Rake $0
Seat 1: Rus29APX (button) (small blind) collected ($6)
Seat 2: aremom4e (big blind) folded before Flop


PokerStars Hand #146912433331:  Hold'em Limit ($3/$6 USD) - 2016/01/12 10:06:01 ET
Table 'Hammonia II' 2-max Seat #2 is the button
Seat 1: Rus29APX ($472.18 in chips)
Seat 2: aremom4e ($80.84 in chips)
aremom4e: posts small blind $1
Rus29APX: posts big blind $3
*** HOLE CARDS ***
aremom4e: raises $3 to $6
Rus29APX: calls $3
*** FLOP *** [4c 9d Js]
Rus29APX: checks
aremom4e: checks
*** TURN *** [4c 9d Js] [Kd]
Rus29APX: bets $6
aremom4e: folds
Uncalled bet ($6) returned to Rus29APX
Rus29APX collected $11.76 from pot
Rus29APX: doesn't show hand
*** SUMMARY ***
Total pot $12 | Rake $0.24
Board [4c 9d Js Kd]
Seat 1: Rus29APX (big blind) collected ($11.76)
Seat 2: aremom4e (button) (small blind) folded on the Turn


PokerStars Hand #146912419718:  Hold'em Limit ($3/$6 USD) - 2016/01/12 10:05:43 ET
Table 'Hammonia II' 2-max Seat #1 is the button
Seat 1: Rus29APX ($448.68 in chips)
Seat 2: aremom4e ($104.84 in chips)
Rus29APX: posts small blind $1
aremom4e: posts big blind $3
*** HOLE CARDS ***
Rus29APX: raises $3 to $6
aremom4e: calls $3
*** FLOP *** [Js 9c 5s]
aremom4e: checks
Rus29APX: bets $3
aremom4e: raises $3 to $6
Rus29APX: calls $3
*** TURN *** [Js 9c 5s] [8c]
aremom4e: bets $6
Rus29APX: calls $6
*** RIVER *** [Js 9c 5s 8c] [5c]
aremom4e: bets $6
Rus29APX: calls $6
*** SHOW DOWN ***
aremom4e: shows [Td 8h] (two pair, Eights and Fives)
Rus29APX: shows [Kh 8s] (two pair, Eights and Fives - King kicker)
Rus29APX collected $47.50 from pot
*** SUMMARY ***
Total pot $48 | Rake $0.50
Board [Js 9c 5s 8c 5c]
Seat 1: Rus29APX (button) (small blind) showed [Kh 8s] and won ($47.50) with two pair, Eights and Fives
Seat 2: aremom4e (big blind) showed [Td 8h] and lost with two pair, Eights and Fives


PokerStars Hand #146912467969:  Hold'em Limit ($3/$6 USD) - 2016/01/12 10:06:46 ET
Table 'Hammonia II' 2-max Seat #2 is the button
Seat 1: Rus29APX ($494.46 in chips)
Seat 2: aremom4e ($57.84 in chips)
aremom4e: posts small blind $1
Rus29APX: posts big blind $3
*** HOLE CARDS ***
aremom4e: folds
Uncalled bet ($2) returned to Rus29APX
Rus29APX collected $2 from pot
Rus29APX: doesn't show hand
*** SUMMARY ***
Total pot $2 | Rake $0
Seat 1: Rus29APX (big blind) collected ($2)
Seat 2: aremom4e (button) (small blind) folded before Flop


PokerStars Hand #146912472632:  Hold'em Limit ($3/$6 USD) - 2016/01/12 10:06:52 ET
Table 'Hammonia II' 2-max Seat #1 is the button
Seat 1: Rus29APX ($495.46 in chips)
Seat 2: aremom4e ($56.84 in chips)
Rus29APX: posts small blind $1
aremom4e: posts big blind $3
*** HOLE CARDS ***
Rus29APX: raises $3 to $6
aremom4e: calls $3
*** FLOP *** [Jc 8s 4h]
aremom4e: checks
Rus29APX: bets $3
aremom4e: calls $3
*** TURN *** [Jc 8s 4h] [Ks]
aremom4e: checks
Rus29APX: checks
*** RIVER *** [Jc 8s 4h Ks] [9s]
aremom4e: checks
Rus29APX: checks
*** SHOW DOWN ***
aremom4e: shows [Ad 2s] (high card Ace)
Rus29APX: shows [2c 4d] (a pair of Fours)
Rus29APX collected $17.64 from pot
*** SUMMARY ***
Total pot $18 | Rake $0.36
Board [Jc 8s 4h Ks 9s]
Seat 1: Rus29APX (button) (small blind) showed [2c 4d] and won ($17.64) with a pair of Fours
Seat 2: aremom4e (big blind) showed [Ad 2s] and lost with high card Ace


PokerStars Hand #146912483133:  Hold'em Limit ($3/$6 USD) - 2016/01/12 10:07:06 ET
Table 'Hammonia II' 2-max Seat #2 is the button
Seat 1: Rus29APX ($504.10 in chips)
Seat 2: aremom4e ($47.84 in chips)
aremom4e: posts small blind $1
Rus29APX: posts big blind $3
*** HOLE CARDS ***
aremom4e: raises $3 to $6
Rus29APX: folds
Uncalled bet ($3) returned to aremom4e
aremom4e collected $6 from pot
aremom4e: doesn't show hand
*** SUMMARY ***
Total pot $6 | Rake $0
Seat 1: Rus29APX (big blind) folded before Flop
Seat 2: aremom4e (button) (small blind) collected ($6)


PokerStars Hand #146912494247:  Hold'em Limit ($3/$6 USD) - 2016/01/12 10:07:20 ET
Table 'Hammonia II' 2-max Seat #2 is the button
Seat 1: Rus29APX ($492.10 in chips)
Seat 2: aremom4e ($59.48 in chips)
aremom4e: posts small blind $1
Rus29APX: posts big blind $3
*** HOLE CARDS ***
aremom4e: folds
Uncalled bet ($2) returned to Rus29APX
Rus29APX collected $2 from pot
Rus29APX: doesn't show hand
*** SUMMARY ***
Total pot $2 | Rake $0
Seat 1: Rus29APX (big blind) collected ($2)
Seat 2: aremom4e (button) (small blind) folded before Flop


PokerStars Hand #146912487157:  Hold'em Limit ($3/$6 USD) - 2016/01/12 10:07:11 ET
Table 'Hammonia II' 2-max Seat #1 is the button
Seat 1: Rus29APX ($501.10 in chips)
Seat 2: aremom4e ($50.84 in chips)
Rus29APX: posts small blind $1
aremom4e: posts big blind $3
*** HOLE CARDS ***
Rus29APX: raises $3 to $6
aremom4e: raises $3 to $9
Rus29APX: calls $3
*** FLOP *** [Ad 7d 4h]
aremom4e: bets $3
Rus29APX: folds
Uncalled bet ($3) returned to aremom4e
aremom4e collected $17.64 from pot
aremom4e: doesn't show hand
*** SUMMARY ***
Total pot $18 | Rake $0.36
Board [Ad 7d 4h]
Seat 1: Rus29APX (button) (small blind) folded on the Flop
Seat 2: aremom4e (big blind) collected ($17.64)


PokerStars Hand #146912518183:  Hold'em Limit ($3/$6 USD) - 2016/01/12 10:07:51 ET
Table 'Hammonia II' 2-max Seat #2 is the button
Seat 1: Rus29APX ($501.74 in chips)
Seat 2: aremom4e ($49.48 in chips)
aremom4e: posts small blind $1
Rus29APX: posts big blind $3
*** HOLE CARDS ***
aremom4e: raises $3 to $6
Rus29APX: folds
Uncalled bet ($3) returned to aremom4e
aremom4e collected $6 from pot
aremom4e: doesn't show hand
*** SUMMARY ***
Total pot $6 | Rake $0
Seat 1: Rus29APX (big blind) folded before Flop
Seat 2: aremom4e (button) (small blind) collected ($6)


PokerStars Hand #146912497994:  Hold'em Limit ($3/$6 USD) - 2016/01/12 10:07:25 ET
Table 'Hammonia II' 2-max Seat #1 is the button
Seat 1: Rus29APX ($493.10 in chips)
Seat 2: aremom4e ($58.48 in chips)
Rus29APX: posts small blind $1
aremom4e: posts big blind $3
*** HOLE CARDS ***
Rus29APX: raises $3 to $6
aremom4e: calls $3
*** FLOP *** [Ts 2d Kd]
aremom4e: checks
Rus29APX: bets $3
aremom4e: calls $3
*** TURN *** [Ts 2d Kd] [Qc]
aremom4e: checks
Rus29APX: checks
*** RIVER *** [Ts 2d Kd Qc] [9c]
aremom4e: checks
Rus29APX: bets $6
aremom4e: folds
Uncalled bet ($6) returned to Rus29APX
Rus29APX collected $17.64 from pot
Rus29APX: doesn't show hand
*** SUMMARY ***
Total pot $18 | Rake $0.36
Board [Ts 2d Kd Qc 9c]
Seat 1: Rus29APX (button) (small blind) collected ($17.64)
Seat 2: aremom4e (big blind) folded on the River


PokerStars Hand #146912536049:  Hold'em Limit ($3/$6 USD) - 2016/01/12 10:08:15 ET
Table 'Hammonia II' 2-max Seat #2 is the button
Seat 1: Rus29APX ($498.49 in chips)
Seat 2: aremom4e ($52.23 in chips)
aremom4e: posts small blind $1
Rus29APX: posts big blind $3
*** HOLE CARDS ***
aremom4e: folds
Uncalled bet ($2) returned to Rus29APX
Rus29APX collected $2 from pot
Rus29APX: doesn't show hand
*** SUMMARY ***
Total pot $2 | Rake $0
Seat 1: Rus29APX (big blind) collected ($2)
Seat 2: aremom4e (button) (small blind) folded before Flop


PokerStars Hand #146912523194:  Hold'em Limit ($3/$6 USD) - 2016/01/12 10:07:58 ET
Table 'Hammonia II' 2-max Seat #1 is the button
Seat 1: Rus29APX ($498.74 in chips)
Seat 2: aremom4e ($52.48 in chips)
Rus29APX: posts small blind $1
aremom4e: posts big blind $3
*** HOLE CARDS ***
Rus29APX: raises $3 to $6
aremom4e: calls $3
*** FLOP *** [2c Ac Qs]
aremom4e: checks
Rus29APX: bets $3
aremom4e: calls $3
*** TURN *** [2c Ac Qs] [9c]
aremom4e: checks
Rus29APX: checks
*** RIVER *** [2c Ac Qs 9c] [4d]
aremom4e: bets $6
Rus29APX: calls $6
*** SHOW DOWN ***
aremom4e: shows [6s 2s] (a pair of Deuces)
Rus29APX: shows [2h 6d] (a pair of Deuces)
aremom4e collected $14.75 from pot
Rus29APX collected $14.75 from pot
*** SUMMARY ***
Total pot $30 | Rake $0.50
Board [2c Ac Qs 9c 4d]
Seat 1: Rus29APX (button) (small blind) showed [2h 6d] and won ($14.75) with a pair of Deuces
Seat 2: aremom4e (big blind) showed [6s 2s] and won ($14.75) with a pair of Deuces


PokerStars Hand #146912539694:  Hold'em Limit ($3/$6 USD) - 2016/01/12 10:08:19 ET
Table 'Hammonia II' 2-max Seat #1 is the button
Seat 1: Rus29APX ($499.49 in chips)
Seat 2: aremom4e ($51.23 in chips)
Rus29APX: posts small blind $1
aremom4e: posts big blind $3
*** HOLE CARDS ***
Rus29APX: raises $3 to $6
aremom4e: calls $3
*** FLOP *** [9d 4h 6h]
aremom4e: checks
Rus29APX: bets $3
aremom4e: folds
Uncalled bet ($3) returned to Rus29APX
Rus29APX collected $11.76 from pot
Rus29APX: doesn't show hand
*** SUMMARY ***
Total pot $12 | Rake $0.24
Board [9d 4h 6h]
Seat 1: Rus29APX (button) (small blind) collected ($11.76)
Seat 2: aremom4e (big blind) folded on the Flop


PokerStars Hand #146912553893:  Hold'em Limit ($3/$6 USD) - 2016/01/12 10:08:38 ET
Table 'Hammonia II' 2-max Seat #1 is the button
Seat 1: Rus29APX ($511.01 in chips)
Seat 2: aremom4e ($39.23 in chips)
Rus29APX: posts small blind $1
aremom4e: posts big blind $3
*** HOLE CARDS ***
Rus29APX: raises $3 to $6
aremom4e: calls $3
*** FLOP *** [5c As Qh]
aremom4e: checks
Rus29APX: bets $3
aremom4e: folds
Uncalled bet ($3) returned to Rus29APX
Rus29APX collected $11.76 from pot
Rus29APX: doesn't show hand
*** SUMMARY ***
Total pot $12 | Rake $0.24
Board [5c As Qh]
Seat 1: Rus29APX (button) (small blind) collected ($11.76)
Seat 2: aremom4e (big blind) folded on the Flop


PokerStars Hand #146912560689:  Hold'em Limit ($3/$6 USD) - 2016/01/12 10:08:47 ET
Table 'Hammonia II' 2-max Seat #2 is the button
Seat 1: Rus29APX ($516.77 in chips)
Seat 2: aremom4e ($33.23 in chips)
aremom4e: posts small blind $1
Rus29APX: posts big blind $3
*** HOLE CARDS ***
aremom4e: raises $3 to $6
Rus29APX: calls $3
*** FLOP *** [Ad 4d 8s]
Rus29APX: checks
aremom4e: bets $3
Rus29APX: raises $3 to $6
aremom4e: folds
Uncalled bet ($3) returned to Rus29APX
Rus29APX collected $17.64 from pot
Rus29APX: doesn't show hand
*** SUMMARY ***
Total pot $18 | Rake $0.36
Board [Ad 4d 8s]
Seat 1: Rus29APX (big blind) collected ($17.64)
Seat 2: aremom4e (button) (small blind) folded on the Flop


PokerStars Hand #146912568738:  Hold'em Limit ($3/$6 USD) - 2016/01/12 10:08:57 ET
Table 'Hammonia II' 2-max Seat #1 is the button
Seat 1: Rus29APX ($525.41 in chips)
Seat 2: aremom4e ($24.23 in chips)
Rus29APX: posts small blind $1
aremom4e: posts big blind $3
*** HOLE CARDS ***
Rus29APX: raises $3 to $6
aremom4e: raises $3 to $9
Rus29APX: calls $3
*** FLOP *** [Qs Js Td]
aremom4e: bets $3
Rus29APX: calls $3
*** TURN *** [Qs Js Td] [2s]
aremom4e: bets $6
Rus29APX: raises $6 to $12
aremom4e: folds
Uncalled bet ($6) returned to Rus29APX
Rus29APX collected $35.50 from pot
Rus29APX: doesn't show hand
*** SUMMARY ***
Total pot $36 | Rake $0.50
Board [Qs Js Td 2s]
Seat 1: Rus29APX (button) (small blind) collected ($35.50)
Seat 2: aremom4e (big blind) folded on the Turn


PokerStars Hand #146912591836:  Hold'em Limit ($3/$6 USD) - 2016/01/12 10:09:28 ET
Table 'Hammonia II' 2-max Seat #1 is the button
Seat 1: Rus29APX ($536.68 in chips)
Seat 2: aremom4e ($107.29 in chips)
Rus29APX: posts small blind $1
aremom4e: posts big blind $3
*** HOLE CARDS ***
Rus29APX: raises $3 to $6
aremom4e: calls $3
*** FLOP *** [6d Th Ks]
aremom4e: checks
Rus29APX: bets $3
aremom4e: calls $3
*** TURN *** [6d Th Ks] [3h]
aremom4e: checks
Rus29APX: checks
*** RIVER *** [6d Th Ks 3h] [2h]
aremom4e: bets $6
Rus29APX: calls $6
*** SHOW DOWN ***
aremom4e: shows [5h Kd] (a pair of Kings)
Rus29APX: mucks hand
aremom4e collected $29.50 from pot
*** SUMMARY ***
Total pot $30 | Rake $0.50
Board [6d Th Ks 3h 2h]
Seat 1: Rus29APX (button) (small blind) mucked
Seat 2: aremom4e (big blind) showed [5h Kd] and won ($29.50) with a pair of Kings


PokerStars Hand #146912601707:  Hold'em Limit ($3/$6 USD) - 2016/01/12 10:09:41 ET
Table 'Hammonia II' 2-max Seat #2 is the button
Seat 1: Rus29APX ($521.68 in chips)
Seat 2: aremom4e ($121.79 in chips)
aremom4e: posts small blind $1
Rus29APX: posts big blind $3
*** HOLE CARDS ***
aremom4e: raises $3 to $6
Rus29APX: raises $3 to $9
aremom4e: calls $3
*** FLOP *** [7c 6c Ts]
Rus29APX: bets $3
aremom4e: calls $3
*** TURN *** [7c 6c Ts] [5c]
Rus29APX: bets $6
aremom4e: raises $6 to $12
Rus29APX: calls $6
*** RIVER *** [7c 6c Ts 5c] [Kd]
Rus29APX: checks
aremom4e: bets $6
Rus29APX: calls $6
*** SHOW DOWN ***
aremom4e: shows [9s 6d] (a pair of Sixes)
Rus29APX: mucks hand
aremom4e collected $59.50 from pot
*** SUMMARY ***
Total pot $60 | Rake $0.50
Board [7c 6c Ts 5c Kd]
Seat 1: Rus29APX (big blind) mucked
Seat 2: aremom4e (button) (small blind) showed [9s 6d] and won ($59.50) with a pair of Sixes


PokerStars Hand #146912627246:  Hold'em Limit ($3/$6 USD) - 2016/01/12 10:10:14 ET
Table 'Hammonia II' 2-max Seat #2 is the button
Seat 1: Rus29APX ($476.68 in chips)
Seat 2: aremom4e ($165.79 in chips)
aremom4e: posts small blind $1
Rus29APX: posts big blind $3
*** HOLE CARDS ***
aremom4e: raises $3 to $6
Rus29APX: calls $3
*** FLOP *** [Td Jd Qh]
Rus29APX: checks
aremom4e: checks
*** TURN *** [Td Jd Qh] [Qs]
Rus29APX: bets $6
aremom4e: folds
Uncalled bet ($6) returned to Rus29APX
Rus29APX collected $11.76 from pot
Rus29APX: doesn't show hand
*** SUMMARY ***
Total pot $12 | Rake $0.24
Board [Td Jd Qh Qs]
Seat 1: Rus29APX (big blind) collected ($11.76)
Seat 2: aremom4e (button) (small blind) folded on the Turn


PokerStars Hand #146912635162:  Hold'em Limit ($3/$6 USD) - 2016/01/12 10:10:25 ET
Table 'Hammonia II' 2-max Seat #1 is the button
Seat 1: Rus29APX ($482.44 in chips)
Seat 2: aremom4e ($159.79 in chips)
Rus29APX: posts small blind $1
aremom4e: posts big blind $3
*** HOLE CARDS ***
Rus29APX: raises $3 to $6
aremom4e: raises $3 to $9
Rus29APX: calls $3
*** FLOP *** [9d 8d Jh]
aremom4e: bets $3
Rus29APX: calls $3
*** TURN *** [9d 8d Jh] [2c]
aremom4e: bets $6
Rus29APX: raises $6 to $12
aremom4e: calls $6
*** RIVER *** [9d 8d Jh 2c] [6d]
aremom4e: checks
Rus29APX: bets $6
aremom4e: calls $6
*** SHOW DOWN ***
Rus29APX: shows [Jd 6s] (two pair, Jacks and Sixes)
aremom4e: mucks hand
Rus29APX collected $59.50 from pot
*** SUMMARY ***
Total pot $60 | Rake $0.50
Board [9d 8d Jh 2c 6d]
Seat 1: Rus29APX (button) (small blind) showed [Jd 6s] and won ($59.50) with two pair, Jacks and Sixes
Seat 2: aremom4e (big blind) mucked


PokerStars Hand #146912649627:  Hold'em Limit ($3/$6 USD) - 2016/01/12 10:10:44 ET
Table 'Hammonia II' 2-max Seat #2 is the button
Seat 1: Rus29APX ($511.94 in chips)
Seat 2: aremom4e ($129.79 in chips)
aremom4e: posts small blind $1
Rus29APX: posts big blind $3
*** HOLE CARDS ***
aremom4e: raises $3 to $6
Rus29APX: calls $3
*** FLOP *** [Qh Kc 6s]
Rus29APX: checks
aremom4e: bets $3
Rus29APX: raises $3 to $6
aremom4e: folds
Uncalled bet ($3) returned to Rus29APX
Rus29APX collected $17.64 from pot
Rus29APX: doesn't show hand
*** SUMMARY ***
Total pot $18 | Rake $0.36
Board [Qh Kc 6s]
Seat 1: Rus29APX (big blind) collected ($17.64)
Seat 2: aremom4e (button) (small blind) folded on the Flop


PokerStars Hand #146912658349:  Hold'em Limit ($3/$6 USD) - 2016/01/12 10:10:55 ET
Table 'Hammonia II' 2-max Seat #1 is the button
Seat 1: Rus29APX ($520.58 in chips)
Seat 2: aremom4e ($120.79 in chips)
Rus29APX: posts small blind $1
aremom4e: posts big blind $3
*** HOLE CARDS ***
Rus29APX: raises $3 to $6
aremom4e: calls $3
*** FLOP *** [Qh 3d Ks]
aremom4e: checks
Rus29APX: bets $3
aremom4e: raises $3 to $6
Rus29APX: calls $3
*** TURN *** [Qh 3d Ks] [4d]
aremom4e: bets $6
Rus29APX: calls $6
*** RIVER *** [Qh 3d Ks 4d] [2d]
aremom4e: checks
Rus29APX: checks
*** SHOW DOWN ***
aremom4e: shows [6d Kc] (a pair of Kings)
Rus29APX: mucks hand
aremom4e collected $35.50 from pot
*** SUMMARY ***
Total pot $36 | Rake $0.50
Board [Qh 3d Ks 4d 2d]
Seat 1: Rus29APX (button) (small blind) mucked
Seat 2: aremom4e (big blind) showed [6d Kc] and won ($35.50) with a pair of Kings


PokerStars Hand #146912671549:  Hold'em Limit ($3/$6 USD) - 2016/01/12 10:11:12 ET
Table 'Hammonia II' 2-max Seat #2 is the button
Seat 1: Rus29APX ($502.58 in chips)
Seat 2: aremom4e ($138.29 in chips)
aremom4e: posts small blind $1
Rus29APX: posts big blind $3
*** HOLE CARDS ***
aremom4e: raises $3 to $6
Rus29APX: calls $3
*** FLOP *** [Th 5h 9c]
Rus29APX: checks
aremom4e: bets $3
Rus29APX: raises $3 to $6
aremom4e: calls $3
*** TURN *** [Th 5h 9c] [8c]
Rus29APX: bets $6
aremom4e: raises $6 to $12
Rus29APX: calls $6
*** RIVER *** [Th 5h 9c 8c] [2c]
Rus29APX: checks
aremom4e: checks
*** SHOW DOWN ***
Rus29APX: shows [Td 4d] (a pair of Tens)
aremom4e: shows [Qh Jh] (a straight, Eight to Queen)
aremom4e collected $47.50 from pot
*** SUMMARY ***
Total pot $48 | Rake $0.50
Board [Th 5h 9c 8c 2c]
Seat 1: Rus29APX (big blind) showed [Td 4d] and lost with a pair of Tens
Seat 2: aremom4e (button) (small blind) showed [Qh Jh] and won ($47.50) with a straight, Eight to Queen


PokerStars Hand #146912684495:  Hold'em Limit ($3/$6 USD) - 2016/01/12 10:11:29 ET
Table 'Hammonia II' 2-max Seat #1 is the button
Seat 1: Rus29APX ($478.58 in chips)
Seat 2: aremom4e ($161.79 in chips)
Rus29APX: posts small blind $1
aremom4e: posts big blind $3
*** HOLE CARDS ***
Rus29APX: raises $3 to $6
aremom4e: raises $3 to $9
Rus29APX: calls $3
*** FLOP *** [2s As 4c]
aremom4e: bets $3
Rus29APX: folds
Uncalled bet ($3) returned to aremom4e
aremom4e collected $17.64 from pot
aremom4e: doesn't show hand
*** SUMMARY ***
Total pot $18 | Rake $0.36
Board [2s As 4c]
Seat 1: Rus29APX (button) (small blind) folded on the Flop
Seat 2: aremom4e (big blind) collected ($17.64)


PokerStars Hand #146912692947:  Hold'em Limit ($3/$6 USD) - 2016/01/12 10:11:40 ET
Table 'Hammonia II' 2-max Seat #2 is the button
Seat 1: Rus29APX ($469.58 in chips)
Seat 2: aremom4e ($170.43 in chips)
aremom4e: posts small blind $1
Rus29APX: posts big blind $3
*** HOLE CARDS ***
aremom4e: raises $3 to $6
Rus29APX: calls $3
*** FLOP *** [9h 9c 3c]
Rus29APX: checks
aremom4e: bets $3
Rus29APX: calls $3
*** TURN *** [9h 9c 3c] [Qs]
Rus29APX: checks
aremom4e: bets $6
Rus29APX: folds
Uncalled bet ($6) returned to aremom4e
aremom4e collected $17.64 from pot
aremom4e: doesn't show hand
*** SUMMARY ***
Total pot $18 | Rake $0.36
Board [9h 9c 3c Qs]
Seat 1: Rus29APX (big blind) folded on the Turn
Seat 2: aremom4e (button) (small blind) collected ($17.64)


PokerStars Hand #146912708013:  Hold'em Limit ($3/$6 USD) - 2016/01/12 10:11:59 ET
Table 'Hammonia II' 2-max Seat #1 is the button
Seat 1: Rus29APX ($460.58 in chips)
Seat 2: aremom4e ($179.07 in chips)
Rus29APX: posts small blind $1
aremom4e: posts big blind $3
*** HOLE CARDS ***
Rus29APX: raises $3 to $6
aremom4e: calls $3
*** FLOP *** [3h 8c Tc]
aremom4e: checks
Rus29APX: bets $3
aremom4e: folds
Uncalled bet ($3) returned to Rus29APX
Rus29APX collected $11.76 from pot
Rus29APX: doesn't show hand
*** SUMMARY ***
Total pot $12 | Rake $0.24
Board [3h 8c Tc]
Seat 1: Rus29APX (button) (small blind) collected ($11.76)
Seat 2: aremom4e (big blind) folded on the Flop


PokerStars Hand #146912714595:  Hold'em Limit ($3/$6 USD) - 2016/01/12 10:12:08 ET
Table 'Hammonia II' 2-max Seat #2 is the button
Seat 1: Rus29APX ($466.34 in chips)
Seat 2: aremom4e ($173.07 in chips)
aremom4e: posts small blind $1
Rus29APX: posts big blind $3
*** HOLE CARDS ***
aremom4e: raises $3 to $6
Rus29APX: raises $3 to $9
aremom4e: calls $3
*** FLOP *** [Jd Qh Kh]
Rus29APX: bets $3
aremom4e: calls $3
*** TURN *** [Jd Qh Kh] [8h]
Rus29APX: bets $6
aremom4e: folds
Uncalled bet ($6) returned to Rus29APX
Rus29APX collected $23.52 from pot
Rus29APX: doesn't show hand
*** SUMMARY ***
Total pot $24 | Rake $0.48
Board [Jd Qh Kh 8h]
Seat 1: Rus29APX (big blind) collected ($23.52)
Seat 2: aremom4e (button) (small blind) folded on the Turn


PokerStars Hand #146912727302:  Hold'em Limit ($3/$6 USD) - 2016/01/12 10:12:25 ET
Table 'Hammonia II' 2-max Seat #2 is the button
Seat 1: Rus29APX ($480.86 in chips)
Seat 2: aremom4e ($158.07 in chips)
aremom4e: posts small blind $1
Rus29APX: posts big blind $3
*** HOLE CARDS ***
aremom4e: calls $2
Rus29APX: raises $3 to $6
aremom4e: calls $3
*** FLOP *** [Js 2c 3h]
Rus29APX: bets $3
aremom4e: folds
Uncalled bet ($3) returned to Rus29APX
Rus29APX collected $11.76 from pot
Rus29APX: doesn't show hand
*** SUMMARY ***
Total pot $12 | Rake $0.24
Board [Js 2c 3h]
Seat 1: Rus29APX (big blind) collected ($11.76)
Seat 2: aremom4e (button) (small blind) folded on the Flop


PokerStars Hand #146912735830:  Hold'em Limit ($3/$6 USD) - 2016/01/12 10:12:36 ET
Table 'Hammonia II' 2-max Seat #1 is the button
Seat 1: Rus29APX ($486.62 in chips)
Seat 2: aremom4e ($152.07 in chips)
Rus29APX: posts small blind $1
aremom4e: posts big blind $3
*** HOLE CARDS ***
Rus29APX: raises $3 to $6
aremom4e: calls $3
*** FLOP *** [Kd 6d Kc]
aremom4e: checks
Rus29APX: bets $3
aremom4e: folds
Uncalled bet ($3) returned to Rus29APX
Rus29APX collected $11.76 from pot
Rus29APX: doesn't show hand
*** SUMMARY ***
Total pot $12 | Rake $0.24
Board [Kd 6d Kc]
Seat 1: Rus29APX (button) (small blind) collected ($11.76)
Seat 2: aremom4e (big blind) folded on the Flop


PokerStars Hand #146912742212:  Hold'em Limit ($3/$6 USD) - 2016/01/12 10:12:44 ET
Table 'Hammonia II' 2-max Seat #2 is the button
Seat 1: Rus29APX ($492.38 in chips)
Seat 2: aremom4e ($146.07 in chips)
aremom4e: posts small blind $1
Rus29APX: posts big blind $3
*** HOLE CARDS ***
aremom4e: raises $3 to $6
Rus29APX: calls $3
*** FLOP *** [2h 7d Jh]
Rus29APX: checks
aremom4e: bets $3
Rus29APX: folds
Uncalled bet ($3) returned to aremom4e
aremom4e collected $11.76 from pot
aremom4e: doesn't show hand
*** SUMMARY ***
Total pot $12 | Rake $0.24
Board [2h 7d Jh]
Seat 1: Rus29APX (big blind) folded on the Flop
Seat 2: aremom4e (button) (small blind) collected ($11.76)


PokerStars Hand #146912751017:  Hold'em Limit ($3/$6 USD) - 2016/01/12 10:12:56 ET
Table 'Hammonia II' 2-max Seat #1 is the button
Seat 1: Rus29APX ($486.38 in chips)
Seat 2: aremom4e ($151.83 in chips)
Rus29APX: posts small blind $1
aremom4e: posts big blind $3
*** HOLE CARDS ***
Rus29APX: raises $3 to $6
aremom4e: raises $3 to $9
Rus29APX: calls $3
*** FLOP *** [Qd 8d Kd]
aremom4e: bets $3
Rus29APX: raises $3 to $6
aremom4e: calls $3
*** TURN *** [Qd 8d Kd] [Qc]
aremom4e: checks
Rus29APX: bets $6
aremom4e: calls $6
*** RIVER *** [Qd 8d Kd Qc] [3c]
aremom4e: checks
Rus29APX: checks
*** SHOW DOWN ***
aremom4e: shows [Jh Ad] (a pair of Queens)
Rus29APX: shows [5d 5s] (two pair, Queens and Fives)
Rus29APX collected $41.50 from pot
*** SUMMARY ***
Total pot $42 | Rake $0.50
Board [Qd 8d Kd Qc 3c]
Seat 1: Rus29APX (button) (small blind) showed [5d 5s] and won ($41.50) with two pair, Queens and Fives
Seat 2: aremom4e (big blind) showed [Jh Ad] and lost with a pair of Queens


PokerStars Hand #146912765671:  Hold'em Limit ($3/$6 USD) - 2016/01/12 10:13:14 ET
Table 'Hammonia II' 2-max Seat #2 is the button
Seat 1: Rus29APX ($506.88 in chips)
Seat 2: aremom4e ($130.83 in chips)
aremom4e: posts small blind $1
Rus29APX: posts big blind $3
*** HOLE CARDS ***
aremom4e: raises $3 to $6
Rus29APX: raises $3 to $9
aremom4e: calls $3
*** FLOP *** [7h 7c Qd]
Rus29APX: bets $3
aremom4e: calls $3
*** TURN *** [7h 7c Qd] [Kd]
Rus29APX: checks
aremom4e: bets $6
Rus29APX: folds
Uncalled bet ($6) returned to aremom4e
aremom4e collected $23.52 from pot
aremom4e: doesn't show hand
*** SUMMARY ***
Total pot $24 | Rake $0.48
Board [7h 7c Qd Kd]
Seat 1: Rus29APX (big blind) folded on the Turn
Seat 2: aremom4e (button) (small blind) collected ($23.52)


PokerStars Hand #146912776245:  Hold'em Limit ($3/$6 USD) - 2016/01/12 10:13:28 ET
Table 'Hammonia II' 2-max Seat #1 is the button
Seat 1: Rus29APX ($494.88 in chips)
Seat 2: aremom4e ($142.35 in chips)
Rus29APX: posts small blind $1
aremom4e: posts big blind $3
*** HOLE CARDS ***
Rus29APX: raises $3 to $6
aremom4e: folds
Uncalled bet ($3) returned to Rus29APX
Rus29APX collected $6 from pot
Rus29APX: doesn't show hand
*** SUMMARY ***
Total pot $6 | Rake $0
Seat 1: Rus29APX (button) (small blind) collected ($6)
Seat 2: aremom4e (big blind) folded before Flop


PokerStars Hand #146912780391:  Hold'em Limit ($3/$6 USD) - 2016/01/12 10:13:34 ET
Table 'Hammonia II' 2-max Seat #2 is the button
Seat 1: Rus29APX ($497.88 in chips)
Seat 2: aremom4e ($139.35 in chips)
aremom4e: posts small blind $1
Rus29APX: posts big blind $3
*** HOLE CARDS ***
aremom4e: raises $3 to $6
Rus29APX: calls $3
*** FLOP *** [8h 9s Tc]
Rus29APX: checks
aremom4e: bets $3
Rus29APX: raises $3 to $6
aremom4e: raises $3 to $9
Rus29APX: calls $3
*** TURN *** [8h 9s Tc] [Qc]
Rus29APX: bets $6
aremom4e: calls $6
*** RIVER *** [8h 9s Tc Qc] [Kh]
Rus29APX: bets $6
aremom4e: folds
Uncalled bet ($6) returned to Rus29APX
Rus29APX collected $41.50 from pot
Rus29APX: doesn't show hand
*** SUMMARY ***
Total pot $42 | Rake $0.50
Board [8h 9s Tc Qc Kh]
Seat 1: Rus29APX (big blind) collected ($41.50)
Seat 2: aremom4e (button) (small blind) folded on the River


PokerStars Hand #146912795311:  Hold'em Limit ($3/$6 USD) - 2016/01/12 10:13:53 ET
Table 'Hammonia II' 2-max Seat #1 is the button
Seat 1: Rus29APX ($518.38 in chips)
Seat 2: aremom4e ($118.35 in chips)
Rus29APX: posts small blind $1
aremom4e: posts big blind $3
*** HOLE CARDS ***
Rus29APX: raises $3 to $6
aremom4e: calls $3
*** FLOP *** [4s 8s Jc]
aremom4e: checks
Rus29APX: bets $3
aremom4e: raises $3 to $6
Rus29APX: calls $3
*** TURN *** [4s 8s Jc] [5s]
aremom4e: bets $6
Rus29APX: calls $6
*** RIVER *** [4s 8s Jc 5s] [3c]
aremom4e: bets $6
Rus29APX: calls $6
*** SHOW DOWN ***
aremom4e: shows [7s Jd] (a pair of Jacks)
Rus29APX: shows [9c Jh] (a pair of Jacks - Nine kicker)
Rus29APX collected $47.50 from pot
*** SUMMARY ***
Total pot $48 | Rake $0.50
Board [4s 8s Jc 5s 3c]
Seat 1: Rus29APX (button) (small blind) showed [9c Jh] and won ($47.50) with a pair of Jacks
Seat 2: aremom4e (big blind) showed [7s Jd] and lost with a pair of Jacks


PokerStars Hand #146912808114:  Hold'em Limit ($3/$6 USD) - 2016/01/12 10:14:09 ET
Table 'Hammonia II' 2-max Seat #2 is the button
Seat 1: Rus29APX ($541.88 in chips)
Seat 2: aremom4e ($94.35 in chips)
aremom4e: posts small blind $1
Rus29APX: posts big blind $3
*** HOLE CARDS ***
aremom4e: folds
Uncalled bet ($2) returned to Rus29APX
Rus29APX collected $2 from pot
Rus29APX: doesn't show hand
*** SUMMARY ***
Total pot $2 | Rake $0
Seat 1: Rus29APX (big blind) collected ($2)
Seat 2: aremom4e (button) (small blind) folded before Flop


PokerStars Hand #146912811684:  Hold'em Limit ($3/$6 USD) - 2016/01/12 10:14:14 ET
Table 'Hammonia II' 2-max Seat #1 is the button
Seat 1: Rus29APX ($542.88 in chips)
Seat 2: aremom4e ($93.35 in chips)
Rus29APX: posts small blind $1
aremom4e: posts big blind $3
*** HOLE CARDS ***
Rus29APX: raises $3 to $6
aremom4e: raises $3 to $9
Rus29APX: calls $3
*** FLOP *** [8h 5d 7h]
aremom4e: bets $3
Rus29APX: calls $3
*** TURN *** [8h 5d 7h] [Td]
aremom4e: checks
Rus29APX: bets $6
aremom4e: calls $6
*** RIVER *** [8h 5d 7h Td] [7s]
aremom4e: checks
Rus29APX: bets $6
aremom4e: raises $6 to $12
Rus29APX: calls $6
*** SHOW DOWN ***
aremom4e: shows [7c 9c] (three of a kind, Sevens)
Rus29APX: mucks hand
aremom4e collected $59.50 from pot
*** SUMMARY ***
Total pot $60 | Rake $0.50
Board [8h 5d 7h Td 7s]
Seat 1: Rus29APX (button) (small blind) mucked
Seat 2: aremom4e (big blind) showed [7c 9c] and won ($59.50) with three of a kind, Sevens


PokerStars Hand #146912842669:  Hold'em Limit ($3/$6 USD) - 2016/01/12 10:14:54 ET
Table 'Hammonia II' 2-max Seat #1 is the button
Seat 1: Rus29APX ($488.88 in chips)
Seat 2: aremom4e ($146.35 in chips)
Rus29APX: posts small blind $1
aremom4e: posts big blind $3
*** HOLE CARDS ***
Rus29APX: raises $3 to $6
aremom4e: folds
Uncalled bet ($3) returned to Rus29APX
Rus29APX collected $6 from pot
Rus29APX: doesn't show hand
*** SUMMARY ***
Total pot $6 | Rake $0
Seat 1: Rus29APX (button) (small blind) collected ($6)
Seat 2: aremom4e (big blind) folded before Flop


PokerStars Hand #146912830674:  Hold'em Limit ($3/$6 USD) - 2016/01/12 10:14:38 ET
Table 'Hammonia II' 2-max Seat #2 is the button
Seat 1: Rus29APX ($512.88 in chips)
Seat 2: aremom4e ($122.85 in chips)
aremom4e: posts small blind $1
Rus29APX: posts big blind $3
*** HOLE CARDS ***
aremom4e: raises $3 to $6
Rus29APX: calls $3
*** FLOP *** [Qc Js Td]
Rus29APX: checks
aremom4e: bets $3
Rus29APX: raises $3 to $6
aremom4e: calls $3
*** TURN *** [Qc Js Td] [4h]
Rus29APX: bets $6
aremom4e: calls $6
*** RIVER *** [Qc Js Td 4h] [2d]
Rus29APX: bets $6
aremom4e: calls $6
*** SHOW DOWN ***
Rus29APX: shows [3d 9d] (high card Queen)
aremom4e: shows [Th Tc] (three of a kind, Tens)
aremom4e collected $47.50 from pot
*** SUMMARY ***
Total pot $48 | Rake $0.50
Board [Qc Js Td 4h 2d]
Seat 1: Rus29APX (big blind) showed [3d 9d] and lost with high card Queen
Seat 2: aremom4e (button) (small blind) showed [Th Tc] and won ($47.50) with three of a kind, Tens


PokerStars Hand #146912857704:  Hold'em Limit ($3/$6 USD) - 2016/01/12 10:15:13 ET
Table 'Hammonia II' 2-max Seat #1 is the button
Seat 1: Rus29APX ($473.88 in chips)
Seat 2: aremom4e ($160.85 in chips)
Rus29APX: posts small blind $1
aremom4e: posts big blind $3
*** HOLE CARDS ***
Rus29APX: raises $3 to $6
aremom4e: folds
Uncalled bet ($3) returned to Rus29APX
Rus29APX collected $6 from pot
Rus29APX: doesn't show hand
*** SUMMARY ***
Total pot $6 | Rake $0
Seat 1: Rus29APX (button) (small blind) collected ($6)
Seat 2: aremom4e (big blind) folded before Flop


PokerStars Hand #146912846330:  Hold'em Limit ($3/$6 USD) - 2016/01/12 10:14:59 ET
Table 'Hammonia II' 2-max Seat #2 is the button
Seat 1: Rus29APX ($491.88 in chips)
Seat 2: aremom4e ($143.35 in chips)
aremom4e: posts small blind $1
Rus29APX: posts big blind $3
*** HOLE CARDS ***
aremom4e: raises $3 to $6
Rus29APX: calls $3
*** FLOP *** [3c Kd 2s]
Rus29APX: checks
aremom4e: checks
*** TURN *** [3c Kd 2s] [4s]
Rus29APX: bets $6
aremom4e: raises $6 to $12
Rus29APX: calls $6
*** RIVER *** [3c Kd 2s 4s] [5d]
Rus29APX: checks
aremom4e: checks
*** SHOW DOWN ***
Rus29APX: shows [Jc 3s] (a pair of Threes)
aremom4e: shows [7d 4d] (a pair of Fours)
aremom4e collected $35.50 from pot
*** SUMMARY ***
Total pot $36 | Rake $0.50
Board [3c Kd 2s 4s 5d]
Seat 1: Rus29APX (big blind) showed [Jc 3s] and lost with a pair of Threes
Seat 2: aremom4e (button) (small blind) showed [7d 4d] and won ($35.50) with a pair of Fours


PokerStars Hand #146912873039:  Hold'em Limit ($3/$6 USD) - 2016/01/12 10:15:33 ET
Table 'Hammonia II' 2-max Seat #1 is the button
Seat 1: Rus29APX ($464.88 in chips)
Seat 2: aremom4e ($169.37 in chips)
Rus29APX: posts small blind $1
aremom4e: posts big blind $3
*** HOLE CARDS ***
Rus29APX: raises $3 to $6
aremom4e: calls $3
*** FLOP *** [2d 5d Ks]
aremom4e: checks
Rus29APX: bets $3
aremom4e: folds
Uncalled bet ($3) returned to Rus29APX
Rus29APX collected $11.76 from pot
Rus29APX: doesn't show hand
*** SUMMARY ***
Total pot $12 | Rake $0.24
Board [2d 5d Ks]
Seat 1: Rus29APX (button) (small blind) collected ($11.76)
Seat 2: aremom4e (big blind) folded on the Flop


PokerStars Hand #146912861680:  Hold'em Limit ($3/$6 USD) - 2016/01/12 10:15:18 ET
Table 'Hammonia II' 2-max Seat #2 is the button
Seat 1: Rus29APX ($476.88 in chips)
Seat 2: aremom4e ($157.85 in chips)
aremom4e: posts small blind $1
Rus29APX: posts big blind $3
*** HOLE CARDS ***
aremom4e: raises $3 to $6
Rus29APX: calls $3
*** FLOP *** [6s 7s Jc]
Rus29APX: checks
aremom4e: checks
*** TURN *** [6s 7s Jc] [7h]
Rus29APX: bets $6
aremom4e: calls $6
*** RIVER *** [6s 7s Jc 7h] [Ts]
Rus29APX: checks
aremom4e: checks
*** SHOW DOWN ***
Rus29APX: shows [Kh 6d] (two pair, Sevens and Sixes)
aremom4e: shows [Ah Tc] (two pair, Tens and Sevens)
aremom4e collected $23.52 from pot
*** SUMMARY ***
Total pot $24 | Rake $0.48
Board [6s 7s Jc 7h Ts]
Seat 1: Rus29APX (big blind) showed [Kh 6d] and lost with two pair, Sevens and Sixes
Seat 2: aremom4e (button) (small blind) showed [Ah Tc] and won ($23.52) with two pair, Tens and Sevens


PokerStars Hand #146912879495:  Hold'em Limit ($3/$6 USD) - 2016/01/12 10:15:41 ET
Table 'Hammonia II' 2-max Seat #2 is the button
Seat 1: Rus29APX ($470.64 in chips)
Seat 2: aremom4e ($163.37 in chips)
aremom4e: posts small blind $1
Rus29APX: posts big blind $3
*** HOLE CARDS ***
aremom4e: raises $3 to $6
Rus29APX: calls $3
*** FLOP *** [Qs 4d 6s]
Rus29APX: checks
aremom4e: checks
*** TURN *** [Qs 4d 6s] [Kh]
Rus29APX: bets $6
aremom4e: calls $6
*** RIVER *** [Qs 4d 6s Kh] [Jd]
Rus29APX: bets $6
aremom4e: folds
Uncalled bet ($6) returned to Rus29APX
Rus29APX collected $23.52 from pot
Rus29APX: doesn't show hand
*** SUMMARY ***
Total pot $24 | Rake $0.48
Board [Qs 4d 6s Kh Jd]
Seat 1: Rus29APX (big blind) collected ($23.52)
Seat 2: aremom4e (button) (small blind) folded on the River


PokerStars Hand #146912891572:  Hold'em Limit ($3/$6 USD) - 2016/01/12 10:15:57 ET
Table 'Hammonia II' 2-max Seat #1 is the button
Seat 1: Rus29APX ($482.16 in chips)
Seat 2: aremom4e ($151.37 in chips)
Rus29APX: posts small blind $1
aremom4e: posts big blind $3
*** HOLE CARDS ***
Rus29APX: raises $3 to $6
aremom4e: raises $3 to $9
Rus29APX: calls $3
*** FLOP *** [Kc Jd Kd]
aremom4e: bets $3
Rus29APX: folds
Uncalled bet ($3) returned to aremom4e
aremom4e collected $17.64 from pot
aremom4e: doesn't show hand
*** SUMMARY ***
Total pot $18 | Rake $0.36
Board [Kc Jd Kd]
Seat 1: Rus29APX (button) (small blind) folded on the Flop
Seat 2: aremom4e (big blind) collected ($17.64)


PokerStars Hand #146912898652:  Hold'em Limit ($3/$6 USD) - 2016/01/12 10:16:06 ET
Table 'Hammonia II' 2-max Seat #2 is the button
Seat 1: Rus29APX ($473.16 in chips)
Seat 2: aremom4e ($160.01 in chips)
aremom4e: posts small blind $1
Rus29APX: posts big blind $3
*** HOLE CARDS ***
aremom4e: raises $3 to $6
Rus29APX: calls $3
*** FLOP *** [Jd 5h Td]
Rus29APX: checks
aremom4e: bets $3
Rus29APX: calls $3
*** TURN *** [Jd 5h Td] [Jh]
Rus29APX: checks
aremom4e: checks
*** RIVER *** [Jd 5h Td Jh] [9s]
Rus29APX: checks
aremom4e: bets $6
Rus29APX: folds
Uncalled bet ($6) returned to aremom4e
aremom4e collected $17.64 from pot
aremom4e: doesn't show hand
*** SUMMARY ***
Total pot $18 | Rake $0.36
Board [Jd 5h Td Jh 9s]
Seat 1: Rus29APX (big blind) folded on the River
Seat 2: aremom4e (button) (small blind) collected ($17.64)


PokerStars Hand #146912919225:  Hold'em Limit ($3/$6 USD) - 2016/01/12 10:16:33 ET
Table 'Hammonia II' 2-max Seat #2 is the button
Seat 1: Rus29APX ($469.92 in chips)
Seat 2: aremom4e ($162.65 in chips)
aremom4e: posts small blind $1
Rus29APX: posts big blind $3
*** HOLE CARDS ***
aremom4e: raises $3 to $6
Rus29APX: folds
Uncalled bet ($3) returned to aremom4e
aremom4e collected $6 from pot
aremom4e: doesn't show hand
*** SUMMARY ***
Total pot $6 | Rake $0
Seat 1: Rus29APX (big blind) folded before Flop
Seat 2: aremom4e (button) (small blind) collected ($6)


PokerStars Hand #146912912513:  Hold'em Limit ($3/$6 USD) - 2016/01/12 10:16:24 ET
Table 'Hammonia II' 2-max Seat #1 is the button
Seat 1: Rus29APX ($464.16 in chips)
Seat 2: aremom4e ($168.65 in chips)
Rus29APX: posts small blind $1
aremom4e: posts big blind $3
*** HOLE CARDS ***
Rus29APX: raises $3 to $6
aremom4e: calls $3
*** FLOP *** [5h 7h 6h]
aremom4e: checks
Rus29APX: bets $3
aremom4e: folds
Uncalled bet ($3) returned to Rus29APX
Rus29APX collected $11.76 from pot
Rus29APX: doesn't show hand
*** SUMMARY ***
Total pot $12 | Rake $0.24
Board [5h 7h 6h]
Seat 1: Rus29APX (button) (small blind) collected ($11.76)
Seat 2: aremom4e (big blind) folded on the Flop


PokerStars Hand #146912928035:  Hold'em Limit ($3/$6 USD) - 2016/01/12 10:16:44 ET
Table 'Hammonia II' 2-max Seat #2 is the button
Seat 1: Rus29APX ($469.92 in chips)
Seat 2: aremom4e ($162.65 in chips)
aremom4e: posts small blind $1
Rus29APX: posts big blind $3
*** HOLE CARDS ***
aremom4e: folds
Uncalled bet ($2) returned to Rus29APX
Rus29APX collected $2 from pot
Rus29APX: doesn't show hand
*** SUMMARY ***
Total pot $2 | Rake $0
Seat 1: Rus29APX (big blind) collected ($2)
Seat 2: aremom4e (button) (small blind) folded before Flop


PokerStars Hand #146912924131:  Hold'em Limit ($3/$6 USD) - 2016/01/12 10:16:39 ET
Table 'Hammonia II' 2-max Seat #1 is the button
Seat 1: Rus29APX ($466.92 in chips)
Seat 2: aremom4e ($165.65 in chips)
Rus29APX: posts small blind $1
aremom4e: posts big blind $3
*** HOLE CARDS ***
Rus29APX: raises $3 to $6
aremom4e: folds
Uncalled bet ($3) returned to Rus29APX
Rus29APX collected $6 from pot
Rus29APX: doesn't show hand
*** SUMMARY ***
Total pot $6 | Rake $0
Seat 1: Rus29APX (button) (small blind) collected ($6)
Seat 2: aremom4e (big blind) folded before Flop


PokerStars Hand #146912932012:  Hold'em Limit ($3/$6 USD) - 2016/01/12 10:16:49 ET
Table 'Hammonia II' 2-max Seat #1 is the button
Seat 1: Rus29APX ($470.92 in chips)
Seat 2: aremom4e ($161.65 in chips)
Rus29APX: posts small blind $1
aremom4e: posts big blind $3
*** HOLE CARDS ***
Rus29APX: raises $3 to $6
aremom4e: raises $3 to $9
Rus29APX: calls $3
*** FLOP *** [6h 4d 2c]
aremom4e: bets $3
Rus29APX: calls $3
*** TURN *** [6h 4d 2c] [Ac]
aremom4e: checks
Rus29APX: bets $6
aremom4e: folds
Uncalled bet ($6) returned to Rus29APX
Rus29APX collected $23.52 from pot
Rus29APX: doesn't show hand
*** SUMMARY ***
Total pot $24 | Rake $0.48
Board [6h 4d 2c Ac]
Seat 1: Rus29APX (button) (small blind) collected ($23.52)
Seat 2: aremom4e (big blind) folded on the Turn


PokerStars Hand #146912945633:  Hold'em Limit ($3/$6 USD) - 2016/01/12 10:17:07 ET
Table 'Hammonia II' 2-max Seat #2 is the button
Seat 1: Rus29APX ($482.44 in chips)
Seat 2: aremom4e ($149.65 in chips)
aremom4e: posts small blind $1
Rus29APX: posts big blind $3
*** HOLE CARDS ***
aremom4e: raises $3 to $6
Rus29APX: raises $3 to $9
aremom4e: calls $3
*** FLOP *** [5h Ts Tc]
Rus29APX: bets $3
aremom4e: calls $3
*** TURN *** [5h Ts Tc] [Qs]
Rus29APX: bets $6
aremom4e: folds
Uncalled bet ($6) returned to Rus29APX
Rus29APX collected $23.52 from pot
Rus29APX: doesn't show hand
*** SUMMARY ***
Total pot $24 | Rake $0.48
Board [5h Ts Tc Qs]
Seat 1: Rus29APX (big blind) collected ($23.52)
Seat 2: aremom4e (button) (small blind) folded on the Turn


PokerStars Hand #146912957044:  Hold'em Limit ($3/$6 USD) - 2016/01/12 10:17:21 ET
Table 'Hammonia II' 2-max Seat #1 is the button
Seat 1: Rus29APX ($493.96 in chips)
Seat 2: aremom4e ($137.65 in chips)
Rus29APX: posts small blind $1
aremom4e: posts big blind $3
*** HOLE CARDS ***
Rus29APX: raises $3 to $6
aremom4e: calls $3
*** FLOP *** [Kh Kc 7s]
aremom4e: checks
Rus29APX: bets $3
aremom4e: folds
Uncalled bet ($3) returned to Rus29APX
Rus29APX collected $11.76 from pot
Rus29APX: doesn't show hand
*** SUMMARY ***
Total pot $12 | Rake $0.24
Board [Kh Kc 7s]
Seat 1: Rus29APX (button) (small blind) collected ($11.76)
Seat 2: aremom4e (big blind) folded on the Flop


PokerStars Hand #146912964053:  Hold'em Limit ($3/$6 USD) - 2016/01/12 10:17:31 ET
Table 'Hammonia II' 2-max Seat #2 is the button
Seat 1: Rus29APX ($499.72 in chips)
Seat 2: aremom4e ($131.65 in chips)
aremom4e: posts small blind $1
Rus29APX: posts big blind $3
*** HOLE CARDS ***
aremom4e: raises $3 to $6
Rus29APX: folds
Uncalled bet ($3) returned to aremom4e
aremom4e collected $6 from pot
aremom4e: doesn't show hand
*** SUMMARY ***
Total pot $6 | Rake $0
Seat 1: Rus29APX (big blind) folded before Flop
Seat 2: aremom4e (button) (small blind) collected ($6)


PokerStars Hand #146912968292:  Hold'em Limit ($3/$6 USD) - 2016/01/12 10:17:36 ET
Table 'Hammonia II' 2-max Seat #1 is the button
Seat 1: Rus29APX ($496.72 in chips)
Seat 2: aremom4e ($134.65 in chips)
Rus29APX: posts small blind $1
aremom4e: posts big blind $3
*** HOLE CARDS ***
Rus29APX: raises $3 to $6
aremom4e: calls $3
*** FLOP *** [Kc 5s Kd]
aremom4e: checks
Rus29APX: bets $3
aremom4e: folds
Uncalled bet ($3) returned to Rus29APX
Rus29APX collected $11.76 from pot
Rus29APX: doesn't show hand
*** SUMMARY ***
Total pot $12 | Rake $0.24
Board [Kc 5s Kd]
Seat 1: Rus29APX (button) (small blind) collected ($11.76)
Seat 2: aremom4e (big blind) folded on the Flop


PokerStars Hand #146912975166:  Hold'em Limit ($3/$6 USD) - 2016/01/12 10:17:45 ET
Table 'Hammonia II' 2-max Seat #2 is the button
Seat 1: Rus29APX ($502.48 in chips)
Seat 2: aremom4e ($128.65 in chips)
aremom4e: posts small blind $1
Rus29APX: posts big blind $3
*** HOLE CARDS ***
aremom4e: raises $3 to $6
Rus29APX: calls $3
*** FLOP *** [As 9c Qh]
Rus29APX: checks
aremom4e: bets $3
Rus29APX: raises $3 to $6
aremom4e: calls $3
*** TURN *** [As 9c Qh] [7d]
Rus29APX: bets $6
aremom4e: calls $6
*** RIVER *** [As 9c Qh 7d] [6h]
Rus29APX: bets $6
aremom4e: folds
Uncalled bet ($6) returned to Rus29APX
Rus29APX collected $35.50 from pot
Rus29APX: doesn't show hand
*** SUMMARY ***
Total pot $36 | Rake $0.50
Board [As 9c Qh 7d 6h]
Seat 1: Rus29APX (big blind) collected ($35.50)
Seat 2: aremom4e (button) (small blind) folded on the River


PokerStars Hand #146912986589:  Hold'em Limit ($3/$6 USD) - 2016/01/12 10:18:00 ET
Table 'Hammonia II' 2-max Seat #1 is the button
Seat 1: Rus29APX ($519.98 in chips)
Seat 2: aremom4e ($110.65 in chips)
Rus29APX: posts small blind $1
aremom4e: posts big blind $3
*** HOLE CARDS ***
Rus29APX: raises $3 to $6
aremom4e: calls $3
*** FLOP *** [Qh 8s Th]
aremom4e: checks
Rus29APX: bets $3
aremom4e: calls $3
*** TURN *** [Qh 8s Th] [Qs]
aremom4e: checks
Rus29APX: checks
*** RIVER *** [Qh 8s Th Qs] [Ac]
aremom4e: bets $6
Rus29APX: raises $6 to $12
aremom4e: raises $6 to $18
Rus29APX: folds
Uncalled bet ($6) returned to aremom4e
aremom4e collected $41.50 from pot
aremom4e: doesn't show hand
*** SUMMARY ***
Total pot $42 | Rake $0.50
Board [Qh 8s Th Qs Ac]
Seat 1: Rus29APX (button) (small blind) folded on the River
Seat 2: aremom4e (big blind) collected ($41.50)


PokerStars Hand #146913006072:  Hold'em Limit ($3/$6 USD) - 2016/01/12 10:18:25 ET
Table 'Hammonia II' 2-max Seat #2 is the button
Seat 1: Rus29APX ($498.98 in chips)
Seat 2: aremom4e ($131.15 in chips)
aremom4e: posts small blind $1
Rus29APX: posts big blind $3
*** HOLE CARDS ***
aremom4e: raises $3 to $6
Rus29APX: calls $3
*** FLOP *** [6c As 8d]
Rus29APX: checks
aremom4e: checks
*** TURN *** [6c As 8d] [7c]
Rus29APX: bets $6
aremom4e: calls $6
*** RIVER *** [6c As 8d 7c] [5d]
Rus29APX: checks
aremom4e: checks
*** SHOW DOWN ***
Rus29APX: shows [Th 5s] (a pair of Fives)
aremom4e: shows [Ks 7h] (a pair of Sevens)
aremom4e collected $23.52 from pot
*** SUMMARY ***
Total pot $24 | Rake $0.48
Board [6c As 8d 7c 5d]
Seat 1: Rus29APX (big blind) showed [Th 5s] and lost with a pair of Fives
Seat 2: aremom4e (button) (small blind) showed [Ks 7h] and won ($23.52) with a pair of Sevens


PokerStars Hand #146913030994:  Hold'em Limit ($3/$6 USD) - 2016/01/12 10:18:57 ET
Table 'Hammonia II' 2-max Seat #2 is the button
Seat 1: Rus29APX ($474.98 in chips)
Seat 2: aremom4e ($154.19 in chips)
aremom4e: posts small blind $1
Rus29APX: posts big blind $3
*** HOLE CARDS ***
aremom4e: folds
Uncalled bet ($2) returned to Rus29APX
Rus29APX collected $2 from pot
Rus29APX: doesn't show hand
*** SUMMARY ***
Total pot $2 | Rake $0
Seat 1: Rus29APX (big blind) collected ($2)
Seat 2: aremom4e (button) (small blind) folded before Flop


PokerStars Hand #146913018900:  Hold'em Limit ($3/$6 USD) - 2016/01/12 10:18:41 ET
Table 'Hammonia II' 2-max Seat #1 is the button
Seat 1: Rus29APX ($486.98 in chips)
Seat 2: aremom4e ($142.67 in chips)
Rus29APX: posts small blind $1
aremom4e: posts big blind $3
*** HOLE CARDS ***
Rus29APX: raises $3 to $6
aremom4e: calls $3
*** FLOP *** [4c Jh 7d]
aremom4e: checks
Rus29APX: bets $3
aremom4e: raises $3 to $6
Rus29APX: calls $3
*** TURN *** [4c Jh 7d] [9d]
aremom4e: bets $6
Rus29APX: folds
Uncalled bet ($6) returned to aremom4e
aremom4e collected $23.52 from pot
aremom4e: doesn't show hand
*** SUMMARY ***
Total pot $24 | Rake $0.48
Board [4c Jh 7d 9d]
Seat 1: Rus29APX (button) (small blind) folded on the Turn
Seat 2: aremom4e (big blind) collected ($23.52)


PokerStars Hand #146913034713:  Hold'em Limit ($3/$6 USD) - 2016/01/12 10:19:02 ET
Table 'Hammonia II' 2-max Seat #1 is the button
Seat 1: Rus29APX ($475.98 in chips)
Seat 2: aremom4e ($153.19 in chips)
Rus29APX: posts small blind $1
aremom4e: posts big blind $3
*** HOLE CARDS ***
Rus29APX: raises $3 to $6
aremom4e: raises $3 to $9
Rus29APX: calls $3
*** FLOP *** [Qh 2s Tc]
aremom4e: bets $3
Rus29APX: folds
Uncalled bet ($3) returned to aremom4e
aremom4e collected $17.64 from pot
aremom4e: doesn't show hand
*** SUMMARY ***
Total pot $18 | Rake $0.36
Board [Qh 2s Tc]
Seat 1: Rus29APX (button) (small blind) folded on the Flop
Seat 2: aremom4e (big blind) collected ($17.64)


PokerStars Hand #146913043788:  Hold'em Limit ($3/$6 USD) - 2016/01/12 10:19:14 ET
Table 'Hammonia II' 2-max Seat #2 is the button
Seat 1: Rus29APX ($466.98 in chips)
Seat 2: aremom4e ($161.83 in chips)
aremom4e: posts small blind $1
Rus29APX: posts big blind $3
*** HOLE CARDS ***
aremom4e: raises $3 to $6
Rus29APX: calls $3
*** FLOP *** [Qs 2d Kc]
Rus29APX: checks
aremom4e: bets $3
Rus29APX: raises $3 to $6
aremom4e: folds
Uncalled bet ($3) returned to Rus29APX
Rus29APX collected $17.64 from pot
Rus29APX: doesn't show hand
*** SUMMARY ***
Total pot $18 | Rake $0.36
Board [Qs 2d Kc]
Seat 1: Rus29APX (big blind) collected ($17.64)
Seat 2: aremom4e (button) (small blind) folded on the Flop


PokerStars Hand #146913053403:  Hold'em Limit ($3/$6 USD) - 2016/01/12 10:19:26 ET
Table 'Hammonia II' 2-max Seat #1 is the button
Seat 1: Rus29APX ($475.62 in chips)
Seat 2: aremom4e ($152.83 in chips)
Rus29APX: posts small blind $1
aremom4e: posts big blind $3
*** HOLE CARDS ***
Rus29APX: raises $3 to $6
aremom4e: raises $3 to $9
Rus29APX: calls $3
*** FLOP *** [2d 7c 3h]
aremom4e: bets $3
Rus29APX: calls $3
*** TURN *** [2d 7c 3h] [Ah]
aremom4e: bets $6
Rus29APX: folds
Uncalled bet ($6) returned to aremom4e
aremom4e collected $23.52 from pot
aremom4e: doesn't show hand
*** SUMMARY ***
Total pot $24 | Rake $0.48
Board [2d 7c 3h Ah]
Seat 1: Rus29APX (button) (small blind) folded on the Turn
Seat 2: aremom4e (big blind) collected ($23.52)


PokerStars Hand #146913065419:  Hold'em Limit ($3/$6 USD) - 2016/01/12 10:19:41 ET
Table 'Hammonia II' 2-max Seat #2 is the button
Seat 1: Rus29APX ($463.62 in chips)
Seat 2: aremom4e ($164.35 in chips)
aremom4e: posts small blind $1
Rus29APX: posts big blind $3
*** HOLE CARDS ***
aremom4e: raises $3 to $6
Rus29APX: folds
Uncalled bet ($3) returned to aremom4e
aremom4e collected $6 from pot
aremom4e: doesn't show hand
*** SUMMARY ***
Total pot $6 | Rake $0
Seat 1: Rus29APX (big blind) folded before Flop
Seat 2: aremom4e (button) (small blind) collected ($6)


PokerStars Hand #146913070660:  Hold'em Limit ($3/$6 USD) - 2016/01/12 10:19:48 ET
Table 'Hammonia II' 2-max Seat #1 is the button
Seat 1: Rus29APX ($460.62 in chips)
Seat 2: aremom4e ($167.35 in chips)
Rus29APX: posts small blind $1
aremom4e: posts big blind $3
*** HOLE CARDS ***
Rus29APX: raises $3 to $6
aremom4e: raises $3 to $9
Rus29APX: calls $3
*** FLOP *** [8c 7h 4d]
aremom4e: bets $3
Rus29APX: raises $3 to $6
aremom4e: calls $3
*** TURN *** [8c 7h 4d] [Tc]
aremom4e: checks
Rus29APX: bets $6
aremom4e: calls $6
*** RIVER *** [8c 7h 4d Tc] [5h]
aremom4e: checks
Rus29APX: bets $6
aremom4e: folds
Uncalled bet ($6) returned to Rus29APX
Rus29APX collected $41.50 from pot
Rus29APX: doesn't show hand
*** SUMMARY ***
Total pot $42 | Rake $0.50
Board [8c 7h 4d Tc 5h]
Seat 1: Rus29APX (button) (small blind) collected ($41.50)
Seat 2: aremom4e (big blind) folded on the River


PokerStars Hand #146913085742:  Hold'em Limit ($3/$6 USD) - 2016/01/12 10:20:07 ET
Table 'Hammonia II' 2-max Seat #2 is the button
Seat 1: Rus29APX ($481.12 in chips)
Seat 2: aremom4e ($146.35 in chips)
aremom4e: posts small blind $1
Rus29APX: posts big blind $3
*** HOLE CARDS ***
aremom4e: raises $3 to $6
Rus29APX: calls $3
*** FLOP *** [Kh Ad 6s]
Rus29APX: checks
aremom4e: bets $3
Rus29APX: folds
Uncalled bet ($3) returned to aremom4e
aremom4e collected $11.76 from pot
aremom4e: doesn't show hand
*** SUMMARY ***
Total pot $12 | Rake $0.24
Board [Kh Ad 6s]
Seat 1: Rus29APX (big blind) folded on the Flop
Seat 2: aremom4e (button) (small blind) collected ($11.76)


PokerStars Hand #146913093175:  Hold'em Limit ($3/$6 USD) - 2016/01/12 10:20:17 ET
Table 'Hammonia II' 2-max Seat #1 is the button
Seat 1: Rus29APX ($475.12 in chips)
Seat 2: aremom4e ($152.11 in chips)
Rus29APX: posts small blind $1
aremom4e: posts big blind $3
*** HOLE CARDS ***
Rus29APX: raises $3 to $6
aremom4e: calls $3
*** FLOP *** [6d 5d Ks]
aremom4e: checks
Rus29APX: bets $3
aremom4e: raises $3 to $6
Rus29APX: calls $3
*** TURN *** [6d 5d Ks] [Js]
aremom4e: bets $6
Rus29APX: calls $6
*** RIVER *** [6d 5d Ks Js] [8h]
aremom4e: bets $6
Rus29APX: folds
Uncalled bet ($6) returned to aremom4e
aremom4e collected $35.50 from pot
aremom4e: doesn't show hand
*** SUMMARY ***
Total pot $36 | Rake $0.50
Board [6d 5d Ks Js 8h]
Seat 1: Rus29APX (button) (small blind) folded on the River
Seat 2: aremom4e (big blind) collected ($35.50)


PokerStars Hand #146913105227:  Hold'em Limit ($3/$6 USD) - 2016/01/12 10:20:33 ET
Table 'Hammonia II' 2-max Seat #2 is the button
Seat 1: Rus29APX ($457.12 in chips)
Seat 2: aremom4e ($169.61 in chips)
aremom4e: posts small blind $1
Rus29APX: posts big blind $3
*** HOLE CARDS ***
aremom4e: raises $3 to $6
Rus29APX: calls $3
*** FLOP *** [Td Kh Qs]
Rus29APX: checks
aremom4e: bets $3
Rus29APX: raises $3 to $6
aremom4e: calls $3
*** TURN *** [Td Kh Qs] [9s]
Rus29APX: bets $6
aremom4e: calls $6
*** RIVER *** [Td Kh Qs 9s] [4s]
Rus29APX: bets $6
aremom4e: calls $6
*** SHOW DOWN ***
Rus29APX: shows [5s Jh] (a straight, Nine to King)
aremom4e: mucks hand
Rus29APX collected $47.50 from pot
*** SUMMARY ***
Total pot $48 | Rake $0.50
Board [Td Kh Qs 9s 4s]
Seat 1: Rus29APX (big blind) showed [5s Jh] and won ($47.50) with a straight, Nine to King
Seat 2: aremom4e (button) (small blind) mucked


PokerStars Hand #146913131655:  Hold'em Limit ($3/$6 USD) - 2016/01/12 10:21:07 ET
Table 'Hammonia II' 2-max Seat #2 is the button
Seat 1: Rus29APX ($471.62 in chips)
Seat 2: aremom4e ($154.25 in chips)
aremom4e: posts small blind $1
Rus29APX: posts big blind $3
*** HOLE CARDS ***
aremom4e: folds
Uncalled bet ($2) returned to Rus29APX
Rus29APX collected $2 from pot
Rus29APX: doesn't show hand
*** SUMMARY ***
Total pot $2 | Rake $0
Seat 1: Rus29APX (big blind) collected ($2)
Seat 2: aremom4e (button) (small blind) folded before Flop


PokerStars Hand #146913119413:  Hold'em Limit ($3/$6 USD) - 2016/01/12 10:20:51 ET
Table 'Hammonia II' 2-max Seat #1 is the button
Seat 1: Rus29APX ($480.62 in chips)
Seat 2: aremom4e ($145.61 in chips)
Rus29APX: posts small blind $1
aremom4e: posts big blind $3
*** HOLE CARDS ***
Rus29APX: raises $3 to $6
aremom4e: calls $3
*** FLOP *** [Kd Jh Jd]
aremom4e: checks
Rus29APX: bets $3
aremom4e: calls $3
*** TURN *** [Kd Jh Jd] [Ac]
aremom4e: checks
Rus29APX: checks
*** RIVER *** [Kd Jh Jd Ac] [3h]
aremom4e: bets $6
Rus29APX: folds
Uncalled bet ($6) returned to aremom4e
aremom4e collected $17.64 from pot
aremom4e: doesn't show hand
*** SUMMARY ***
Total pot $18 | Rake $0.36
Board [Kd Jh Jd Ac 3h]
Seat 1: Rus29APX (button) (small blind) folded on the River
Seat 2: aremom4e (big blind) collected ($17.64)


PokerStars Hand #146913135360:  Hold'em Limit ($3/$6 USD) - 2016/01/12 10:21:12 ET
Table 'Hammonia II' 2-max Seat #1 is the button
Seat 1: Rus29APX ($472.62 in chips)
Seat 2: aremom4e ($153.25 in chips)
Rus29APX: posts small blind $1
aremom4e: posts big blind $3
*** HOLE CARDS ***
Rus29APX: raises $3 to $6
aremom4e: calls $3
*** FLOP *** [2c 8s 7c]
aremom4e: checks
Rus29APX: bets $3
aremom4e: calls $3
*** TURN *** [2c 8s 7c] [Td]
aremom4e: checks
Rus29APX: bets $6
aremom4e: raises $6 to $12
Rus29APX: calls $6
*** RIVER *** [2c 8s 7c Td] [9h]
aremom4e: checks
Rus29APX: checks
*** SHOW DOWN ***
aremom4e: shows [Th 6c] (a straight, Six to Ten)
Rus29APX: mucks hand
aremom4e collected $41.50 from pot
*** SUMMARY ***
Total pot $42 | Rake $0.50
Board [2c 8s 7c Td 9h]
Seat 1: Rus29APX (button) (small blind) mucked
Seat 2: aremom4e (big blind) showed [Th 6c] and won ($41.50) with a straight, Six to Ten


PokerStars Hand #146913149467:  Hold'em Limit ($3/$6 USD) - 2016/01/12 10:21:30 ET
Table 'Hammonia II' 2-max Seat #2 is the button
Seat 1: Rus29APX ($451.62 in chips)
Seat 2: aremom4e ($173.75 in chips)
aremom4e: posts small blind $1
Rus29APX: posts big blind $3
*** HOLE CARDS ***
aremom4e: raises $3 to $6
Rus29APX: calls $3
*** FLOP *** [7s Qc 4s]
Rus29APX: checks
aremom4e: checks
*** TURN *** [7s Qc 4s] [3c]
Rus29APX: bets $6
aremom4e: folds
Uncalled bet ($6) returned to Rus29APX
Rus29APX collected $11.76 from pot
Rus29APX: doesn't show hand
*** SUMMARY ***
Total pot $12 | Rake $0.24
Board [7s Qc 4s 3c]
Seat 1: Rus29APX (big blind) collected ($11.76)
Seat 2: aremom4e (button) (small blind) folded on the Turn


PokerStars Hand #146913158267:  Hold'em Limit ($3/$6 USD) - 2016/01/12 10:21:41 ET
Table 'Hammonia II' 2-max Seat #1 is the button
Seat 1: Rus29APX ($457.38 in chips)
Seat 2: aremom4e ($167.75 in chips)
Rus29APX: posts small blind $1
aremom4e: posts big blind $3
*** HOLE CARDS ***
Rus29APX: raises $3 to $6
aremom4e: raises $3 to $9
Rus29APX: calls $3
*** FLOP *** [4h Ts Ad]
aremom4e: bets $3
Rus29APX: folds
Uncalled bet ($3) returned to aremom4e
aremom4e collected $17.64 from pot
aremom4e: doesn't show hand
*** SUMMARY ***
Total pot $18 | Rake $0.36
Board [4h Ts Ad]
Seat 1: Rus29APX (button) (small blind) folded on the Flop
Seat 2: aremom4e (big blind) collected ($17.64)


PokerStars Hand #146913190532:  Hold'em Limit ($3/$6 USD) - 2016/01/12 10:22:23 ET
Table 'Hammonia II' 2-max Seat #1 is the button
Seat 1: Rus29APX ($473.88 in chips)
Seat 2: aremom4e ($150.39 in chips)
Rus29APX: posts small blind $1
aremom4e: posts big blind $3
*** HOLE CARDS ***
Rus29APX: raises $3 to $6
aremom4e: calls $3
*** FLOP *** [2s Kc 5h]
aremom4e: checks
Rus29APX: bets $3
aremom4e: folds
Uncalled bet ($3) returned to Rus29APX
Rus29APX collected $11.76 from pot
Rus29APX: doesn't show hand
*** SUMMARY ***
Total pot $12 | Rake $0.24
Board [2s Kc 5h]
Seat 1: Rus29APX (button) (small blind) collected ($11.76)
Seat 2: aremom4e (big blind) folded on the Flop


PokerStars Hand #146913172000:  Hold'em Limit ($3/$6 USD) - 2016/01/12 10:21:59 ET
Table 'Hammonia II' 2-max Seat #1 is the button
Seat 1: Rus29APX ($449.38 in chips)
Seat 2: aremom4e ($175.39 in chips)
Rus29APX: posts small blind $1
aremom4e: posts big blind $3
*** HOLE CARDS ***
Rus29APX: raises $3 to $6
aremom4e: calls $3
*** FLOP *** [Ts 9d 5c]
aremom4e: checks
Rus29APX: bets $3
aremom4e: raises $3 to $6
Rus29APX: calls $3
*** TURN *** [Ts 9d 5c] [Kc]
aremom4e: bets $6
Rus29APX: raises $6 to $12
aremom4e: calls $6
*** RIVER *** [Ts 9d 5c Kc] [3d]
aremom4e: checks
Rus29APX: bets $6
aremom4e: folds
Uncalled bet ($6) returned to Rus29APX
Rus29APX collected $47.50 from pot
Rus29APX: doesn't show hand
*** SUMMARY ***
Total pot $48 | Rake $0.50
Board [Ts 9d 5c Kc 3d]
Seat 1: Rus29APX (button) (small blind) collected ($47.50)
Seat 2: aremom4e (big blind) folded on the River


PokerStars Hand #146913167740:  Hold'em Limit ($3/$6 USD) - 2016/01/12 10:21:53 ET
Table 'Hammonia II' 2-max Seat #2 is the button
Seat 1: Rus29APX ($448.38 in chips)
Seat 2: aremom4e ($176.39 in chips)
aremom4e: posts small blind $1
Rus29APX: posts big blind $3
*** HOLE CARDS ***
aremom4e: folds
Uncalled bet ($2) returned to Rus29APX
Rus29APX collected $2 from pot
*** SUMMARY ***
Total pot $2 | Rake $0
Seat 1: Rus29APX (big blind) collected ($2)
Seat 2: aremom4e (button) (small blind) folded before Flop


PokerStars Hand #146913252012:  Hold'em Limit ($3/$6 USD) - 2016/01/12 10:23:41 ET
Table 'Hammonia II' 2-max Seat #1 is the button
Seat 1: Rus29APX ($485.90 in chips)
Seat 2: aremom4e ($136.53 in chips)
Rus29APX: posts small blind $1
aremom4e: posts big blind $3
*** HOLE CARDS ***
Rus29APX: raises $3 to $6
aremom4e: folds
Uncalled bet ($3) returned to Rus29APX
Rus29APX collected $6 from pot
Rus29APX: doesn't show hand
*** SUMMARY ***
Total pot $6 | Rake $0
Seat 1: Rus29APX (button) (small blind) collected ($6)
Seat 2: aremom4e (big blind) folded before Flop


PokerStars Hand #146913239224:  Hold'em Limit ($3/$6 USD) - 2016/01/12 10:23:25 ET
Table 'Hammonia II' 2-max Seat #2 is the button
Seat 1: Rus29APX ($450.40 in chips)
Seat 2: aremom4e ($172.53 in chips)
aremom4e: posts small blind $1
Rus29APX: posts big blind $3
*** HOLE CARDS ***
aremom4e: raises $3 to $6
Rus29APX: raises $3 to $9
aremom4e: calls $3
*** FLOP *** [8c Ah 5d]
Rus29APX: bets $3
aremom4e: calls $3
*** TURN *** [8c Ah 5d] [7d]
Rus29APX: bets $6
aremom4e: raises $6 to $12
Rus29APX: raises $6 to $18
aremom4e: calls $6
*** RIVER *** [8c Ah 5d 7d] [Ts]
Rus29APX: bets $6
aremom4e: calls $6
*** SHOW DOWN ***
Rus29APX: shows [7c 8h] (two pair, Eights and Sevens)
aremom4e: mucks hand
Rus29APX collected $71.50 from pot
*** SUMMARY ***
Total pot $72 | Rake $0.50
Board [8c Ah 5d 7d Ts]
Seat 1: Rus29APX (big blind) showed [7c 8h] and won ($71.50) with two pair, Eights and Sevens
Seat 2: aremom4e (button) (small blind) mucked


PokerStars Hand #146913230812:  Hold'em Limit ($3/$6 USD) - 2016/01/12 10:23:14 ET
Table 'Hammonia II' 2-max Seat #1 is the button
Seat 1: Rus29APX ($459.40 in chips)
Seat 2: aremom4e ($163.89 in chips)
Rus29APX: posts small blind $1
aremom4e: posts big blind $3
*** HOLE CARDS ***
Rus29APX: raises $3 to $6
aremom4e: raises $3 to $9
Rus29APX: calls $3
*** FLOP *** [Qd 6c 9h]
aremom4e: bets $3
Rus29APX: folds
Uncalled bet ($3) returned to aremom4e
aremom4e collected $17.64 from pot
aremom4e: doesn't show hand
*** SUMMARY ***
Total pot $18 | Rake $0.36
Board [Qd 6c 9h]
Seat 1: Rus29APX (button) (small blind) folded on the Flop
Seat 2: aremom4e (big blind) collected ($17.64)


PokerStars Hand #146913221855:  Hold'em Limit ($3/$6 USD) - 2016/01/12 10:23:03 ET
Table 'Hammonia II' 2-max Seat #2 is the button
Seat 1: Rus29APX ($453.64 in chips)
Seat 2: aremom4e ($169.89 in chips)
aremom4e: posts small blind $1
Rus29APX: posts big blind $3
*** HOLE CARDS ***
aremom4e: raises $3 to $6
Rus29APX: calls $3
*** FLOP *** [Jd 5d Jh]
Rus29APX: checks
aremom4e: checks
*** TURN *** [Jd 5d Jh] [Ac]
Rus29APX: bets $6
aremom4e: folds
Uncalled bet ($6) returned to Rus29APX
Rus29APX collected $11.76 from pot
Rus29APX: doesn't show hand
*** SUMMARY ***
Total pot $12 | Rake $0.24
Board [Jd 5d Jh Ac]
Seat 1: Rus29APX (big blind) collected ($11.76)
Seat 2: aremom4e (button) (small blind) folded on the Turn


PokerStars Hand #146913202555:  Hold'em Limit ($3/$6 USD) - 2016/01/12 10:22:38 ET
Table 'Hammonia II' 2-max Seat #1 is the button
Seat 1: Rus29APX ($480.64 in chips)
Seat 2: aremom4e ($143.39 in chips)
Rus29APX: posts small blind $1
aremom4e: posts big blind $3
*** HOLE CARDS ***
Rus29APX: raises $3 to $6
aremom4e: raises $3 to $9
Rus29APX: calls $3
*** FLOP *** [9s Th 4c]
aremom4e: bets $3
Rus29APX: raises $3 to $6
aremom4e: calls $3
*** TURN *** [9s Th 4c] [8d]
aremom4e: checks
Rus29APX: bets $6
aremom4e: calls $6
*** RIVER *** [9s Th 4c 8d] [9h]
aremom4e: checks
Rus29APX: bets $6
aremom4e: raises $6 to $12
Rus29APX: folds
Uncalled bet ($6) returned to aremom4e
aremom4e collected $53.50 from pot
aremom4e: doesn't show hand
*** SUMMARY ***
Total pot $54 | Rake $0.50
Board [9s Th 4c 8d 9h]
Seat 1: Rus29APX (button) (small blind) folded on the River
Seat 2: aremom4e (big blind) collected ($53.50)


PokerStars Hand #146913297561:  Hold'em Limit ($3/$6 USD) - 2016/01/12 10:24:39 ET
Table 'Hammonia II' 2-max Seat #1 is the button
Seat 1: Rus29APX ($476.40 in chips)
Seat 2: aremom4e ($145.03 in chips)
Rus29APX: posts small blind $1
aremom4e: posts big blind $3
*** HOLE CARDS ***
Rus29APX: raises $3 to $6
aremom4e: calls $3
*** FLOP *** [Qc Qh 4s]
aremom4e: checks
Rus29APX: bets $3
aremom4e: calls $3
*** TURN *** [Qc Qh 4s] [2h]
aremom4e: checks
Rus29APX: bets $6
aremom4e: calls $6
*** RIVER *** [Qc Qh 4s 2h] [Ts]
aremom4e: checks
Rus29APX: checks
*** SHOW DOWN ***
aremom4e: shows [Qs 4h] (a full house, Queens full of Fours)
Rus29APX: mucks hand
aremom4e collected $29.50 from pot
*** SUMMARY ***
Total pot $30 | Rake $0.50
Board [Qc Qh 4s 2h Ts]
Seat 1: Rus29APX (button) (small blind) mucked
Seat 2: aremom4e (big blind) showed [Qs 4h] and won ($29.50) with a full house, Queens full of Fours


PokerStars Hand #146913292704:  Hold'em Limit ($3/$6 USD) - 2016/01/12 10:24:33 ET
Table 'Hammonia II' 2-max Seat #2 is the button
Seat 1: Rus29APX ($479.40 in chips)
Seat 2: aremom4e ($142.03 in chips)
aremom4e: posts small blind $1
Rus29APX: posts big blind $3
*** HOLE CARDS ***
aremom4e: raises $3 to $6
Rus29APX: folds
Uncalled bet ($3) returned to aremom4e
aremom4e collected $6 from pot
aremom4e: doesn't show hand
*** SUMMARY ***
Total pot $6 | Rake $0
Seat 1: Rus29APX (big blind) folded before Flop
Seat 2: aremom4e (button) (small blind) collected ($6)


PokerStars Hand #146913281798:  Hold'em Limit ($3/$6 USD) - 2016/01/12 10:24:19 ET
Table 'Hammonia II' 2-max Seat #1 is the button
Seat 1: Rus29APX ($464.90 in chips)
Seat 2: aremom4e ($157.03 in chips)
Rus29APX: posts small blind $1
aremom4e: posts big blind $3
*** HOLE CARDS ***
Rus29APX: raises $3 to $6
aremom4e: calls $3
*** FLOP *** [Kh 8h Th]
aremom4e: checks
Rus29APX: bets $3
aremom4e: calls $3
*** TURN *** [Kh 8h Th] [Jc]
aremom4e: checks
Rus29APX: checks
*** RIVER *** [Kh 8h Th Jc] [3h]
aremom4e: bets $6
Rus29APX: calls $6
*** SHOW DOWN ***
aremom4e: shows [Ts 2s] (a pair of Tens)
Rus29APX: shows [4c 7h] (a flush, King high)
Rus29APX collected $29.50 from pot
*** SUMMARY ***
Total pot $30 | Rake $0.50
Board [Kh 8h Th Jc 3h]
Seat 1: Rus29APX (button) (small blind) showed [4c 7h] and won ($29.50) with a flush, King high
Seat 2: aremom4e (big blind) showed [Ts 2s] and lost with a pair of Tens


PokerStars Hand #146913277534:  Hold'em Limit ($3/$6 USD) - 2016/01/12 10:24:14 ET
Table 'Hammonia II' 2-max Seat #2 is the button
Seat 1: Rus29APX ($463.90 in chips)
Seat 2: aremom4e ($158.03 in chips)
aremom4e: posts small blind $1
Rus29APX: posts big blind $3
*** HOLE CARDS ***
aremom4e: folds
Uncalled bet ($2) returned to Rus29APX
Rus29APX collected $2 from pot
Rus29APX: doesn't show hand
*** SUMMARY ***
Total pot $2 | Rake $0
Seat 1: Rus29APX (big blind) collected ($2)
Seat 2: aremom4e (button) (small blind) folded before Flop


PokerStars Hand #146913273576:  Hold'em Limit ($3/$6 USD) - 2016/01/12 10:24:09 ET
Table 'Hammonia II' 2-max Seat #1 is the button
Seat 1: Rus29APX ($464.90 in chips)
Seat 2: aremom4e ($157.03 in chips)
Rus29APX: posts small blind $1
aremom4e: posts big blind $3
*** HOLE CARDS ***
Rus29APX: folds
Uncalled bet ($2) returned to aremom4e
aremom4e collected $2 from pot
aremom4e: doesn't show hand
*** SUMMARY ***
Total pot $2 | Rake $0
Seat 1: Rus29APX (button) (small blind) folded before Flop
Seat 2: aremom4e (big blind) collected ($2)


PokerStars Hand #146913256156:  Hold'em Limit ($3/$6 USD) - 2016/01/12 10:23:46 ET
Table 'Hammonia II' 2-max Seat #2 is the button
Seat 1: Rus29APX ($488.90 in chips)
Seat 2: aremom4e ($133.53 in chips)
aremom4e: posts small blind $1
Rus29APX: posts big blind $3
*** HOLE CARDS ***
aremom4e: raises $3 to $6
Rus29APX: calls $3
*** FLOP *** [2c Qd 3s]
Rus29APX: checks
aremom4e: bets $3
Rus29APX: raises $3 to $6
aremom4e: calls $3
*** TURN *** [2c Qd 3s] [Kc]
Rus29APX: bets $6
aremom4e: calls $6
*** RIVER *** [2c Qd 3s Kc] [7c]
Rus29APX: bets $6
aremom4e: calls $6
*** SHOW DOWN ***
Rus29APX: shows [8h 4c] (high card King)
aremom4e: shows [6h Qh] (a pair of Queens)
aremom4e collected $47.50 from pot
*** SUMMARY ***
Total pot $48 | Rake $0.50
Board [2c Qd 3s Kc 7c]
Seat 1: Rus29APX (big blind) showed [8h 4c] and lost with high card King
Seat 2: aremom4e (button) (small blind) showed [6h Qh] and won ($47.50) with a pair of Queens


PokerStars Hand #146913340694:  Hold'em Limit ($3/$6 USD) - 2016/01/12 10:25:34 ET
Table 'Hammonia II' 2-max Seat #1 is the button
Seat 1: Rus29APX ($439.92 in chips)
Seat 2: aremom4e ($179.67 in chips)
Rus29APX: posts small blind $1
aremom4e: posts big blind $3
*** HOLE CARDS ***
Rus29APX: raises $3 to $6
aremom4e: raises $3 to $9
Rus29APX: calls $3
*** FLOP *** [Js 7d 9c]
aremom4e: bets $3
Rus29APX: raises $3 to $6
aremom4e: calls $3
*** TURN *** [Js 7d 9c] [Qc]
aremom4e: checks
Rus29APX: bets $6
aremom4e: calls $6
*** RIVER *** [Js 7d 9c Qc] [Ah]
aremom4e: checks
Rus29APX: checks
*** SHOW DOWN ***
aremom4e: shows [Th Kh] (a straight, Ten to Ace)
Rus29APX: mucks hand
aremom4e collected $41.50 from pot
*** SUMMARY ***
Total pot $42 | Rake $0.50
Board [Js 7d 9c Qc Ah]
Seat 1: Rus29APX (button) (small blind) mucked
Seat 2: aremom4e (big blind) showed [Th Kh] and won ($41.50) with a straight, Ten to Ace


PokerStars Hand #146913330608:  Hold'em Limit ($3/$6 USD) - 2016/01/12 10:25:21 ET
Table 'Hammonia II' 2-max Seat #2 is the button
Seat 1: Rus29APX ($428.40 in chips)
Seat 2: aremom4e ($191.67 in chips)
aremom4e: posts small blind $1
Rus29APX: posts big blind $3
*** HOLE CARDS ***
aremom4e: raises $3 to $6
Rus29APX: raises $3 to $9
aremom4e: calls $3
*** FLOP *** [8d 2s 5h]
Rus29APX: bets $3
aremom4e: calls $3
*** TURN *** [8d 2s 5h] [6s]
Rus29APX: bets $6
aremom4e: folds
Uncalled bet ($6) returned to Rus29APX
Rus29APX collected $23.52 from pot
Rus29APX: doesn't show hand
*** SUMMARY ***
Total pot $24 | Rake $0.48
Board [8d 2s 5h 6s]
Seat 1: Rus29APX (big blind) collected ($23.52)
Seat 2: aremom4e (button) (small blind) folded on the Turn


PokerStars Hand #146913321393:  Hold'em Limit ($3/$6 USD) - 2016/01/12 10:25:10 ET
Table 'Hammonia II' 2-max Seat #1 is the button
Seat 1: Rus29APX ($437.40 in chips)
Seat 2: aremom4e ($183.03 in chips)
Rus29APX: posts small blind $1
aremom4e: posts big blind $3
*** HOLE CARDS ***
Rus29APX: raises $3 to $6
aremom4e: raises $3 to $9
Rus29APX: calls $3
*** FLOP *** [Qd 5h Ac]
aremom4e: bets $3
Rus29APX: folds
Uncalled bet ($3) returned to aremom4e
aremom4e collected $17.64 from pot
aremom4e: doesn't show hand
*** SUMMARY ***
Total pot $18 | Rake $0.36
Board [Qd 5h Ac]
Seat 1: Rus29APX (button) (small blind) folded on the Flop
Seat 2: aremom4e (big blind) collected ($17.64)


PokerStars Hand #146913309961:  Hold'em Limit ($3/$6 USD) - 2016/01/12 10:24:55 ET
Table 'Hammonia II' 2-max Seat #2 is the button
Seat 1: Rus29APX ($461.40 in chips)
Seat 2: aremom4e ($159.53 in chips)
aremom4e: posts small blind $1
Rus29APX: posts big blind $3
*** HOLE CARDS ***
aremom4e: raises $3 to $6
Rus29APX: raises $3 to $9
aremom4e: calls $3
*** FLOP *** [7h 5h 4c]
Rus29APX: bets $3
aremom4e: calls $3
*** TURN *** [7h 5h 4c] [7d]
Rus29APX: bets $6
aremom4e: raises $6 to $12
Rus29APX: calls $6
*** RIVER *** [7h 5h 4c 7d] [Ts]
Rus29APX: checks
aremom4e: checks
*** SHOW DOWN ***
Rus29APX: shows [Jc Kd] (a pair of Sevens)
aremom4e: shows [5d Js] (two pair, Sevens and Fives)
aremom4e collected $47.50 from pot
*** SUMMARY ***
Total pot $48 | Rake $0.50
Board [7h 5h 4c 7d Ts]
Seat 1: Rus29APX (big blind) showed [Jc Kd] and lost with a pair of Sevens
Seat 2: aremom4e (button) (small blind) showed [5d Js] and won ($47.50) with two pair, Sevens and Fives


PokerStars Hand #146913384777:  Hold'em Limit ($3/$6 USD) - 2016/01/12 10:26:31 ET
Table 'Hammonia II' 2-max Seat #1 is the button
Seat 1: Rus29APX ($451.92 in chips)
Seat 2: aremom4e ($166.17 in chips)
Rus29APX: posts small blind $1
aremom4e: posts big blind $3
*** HOLE CARDS ***
Rus29APX: raises $3 to $6
aremom4e: calls $3
*** FLOP *** [4d 2c 5s]
aremom4e: checks
Rus29APX: bets $3
aremom4e: calls $3
*** TURN *** [4d 2c 5s] [4s]
aremom4e: checks
Rus29APX: bets $6
aremom4e: raises $6 to $12
Rus29APX: calls $6
*** RIVER *** [4d 2c 5s 4s] [7s]
aremom4e: bets $6
Rus29APX: calls $6
*** SHOW DOWN ***
aremom4e: shows [Tc 4c] (three of a kind, Fours)
Rus29APX: mucks hand
aremom4e collected $53.50 from pot
*** SUMMARY ***
Total pot $54 | Rake $0.50
Board [4d 2c 5s 4s 7s]
Seat 1: Rus29APX (button) (small blind) mucked
Seat 2: aremom4e (big blind) showed [Tc 4c] and won ($53.50) with three of a kind, Fours


PokerStars Hand #146913380127:  Hold'em Limit ($3/$6 USD) - 2016/01/12 10:26:25 ET
Table 'Hammonia II' 2-max Seat #2 is the button
Seat 1: Rus29APX ($450.92 in chips)
Seat 2: aremom4e ($167.17 in chips)
aremom4e: posts small blind $1
Rus29APX: posts big blind $3
*** HOLE CARDS ***
aremom4e: folds
Uncalled bet ($2) returned to Rus29APX
Rus29APX collected $2 from pot
Rus29APX: doesn't show hand
*** SUMMARY ***
Total pot $2 | Rake $0
Seat 1: Rus29APX (big blind) collected ($2)
Seat 2: aremom4e (button) (small blind) folded before Flop


PokerStars Hand #146913354497:  Hold'em Limit ($3/$6 USD) - 2016/01/12 10:25:52 ET
Table 'Hammonia II' 2-max Seat #2 is the button
Seat 1: Rus29APX ($418.92 in chips)
Seat 2: aremom4e ($200.17 in chips)
aremom4e: posts small blind $1
Rus29APX: posts big blind $3
*** HOLE CARDS ***
aremom4e: raises $3 to $6
Rus29APX: calls $3
*** FLOP *** [9c 2s Ac]
Rus29APX: checks
aremom4e: bets $3
Rus29APX: raises $3 to $6
aremom4e: calls $3
*** TURN *** [9c 2s Ac] [Jd]
Rus29APX: bets $6
aremom4e: calls $6
*** RIVER *** [9c 2s Ac Jd] [Ks]
Rus29APX: bets $6
aremom4e: folds
Uncalled bet ($6) returned to Rus29APX
Rus29APX collected $35.50 from pot
Rus29APX: doesn't show hand
*** SUMMARY ***
Total pot $36 | Rake $0.50
Board [9c 2s Ac Jd Ks]
Seat 1: Rus29APX (big blind) collected ($35.50)
Seat 2: aremom4e (button) (small blind) folded on the River


PokerStars Hand #146913432580:  Hold'em Limit ($3/$6 USD) - 2016/01/12 10:27:32 ET
Table 'Hammonia II' 2-max Seat #1 is the button
Seat 1: Rus29APX ($382.92 in chips)
Seat 2: aremom4e ($233.21 in chips)
Rus29APX: posts small blind $1
aremom4e: posts big blind $3
*** HOLE CARDS ***
Rus29APX: raises $3 to $6
aremom4e: raises $3 to $9
Rus29APX: calls $3
*** FLOP *** [Qc 2h 6c]
aremom4e: bets $3
Rus29APX: calls $3
*** TURN *** [Qc 2h 6c] [6s]
aremom4e: checks
Rus29APX: checks
*** RIVER *** [Qc 2h 6c 6s] [4d]
aremom4e: bets $6
Rus29APX: calls $6
*** SHOW DOWN ***
aremom4e: shows [Kh 7h] (a pair of Sixes)
Rus29APX: shows [Ks Jh] (a pair of Sixes - King+Queen+Jack kicker)
Rus29APX collected $35.50 from pot
*** SUMMARY ***
Total pot $36 | Rake $0.50
Board [Qc 2h 6c 6s 4d]
Seat 1: Rus29APX (button) (small blind) showed [Ks Jh] and won ($35.50) with a pair of Sixes
Seat 2: aremom4e (big blind) showed [Kh 7h] and lost with a pair of Sixes


PokerStars Hand #146913420658:  Hold'em Limit ($3/$6 USD) - 2016/01/12 10:27:16 ET
Table 'Hammonia II' 2-max Seat #2 is the button
Seat 1: Rus29APX ($394.92 in chips)
Seat 2: aremom4e ($221.69 in chips)
aremom4e: posts small blind $1
Rus29APX: posts big blind $3
*** HOLE CARDS ***
aremom4e: raises $3 to $6
Rus29APX: calls $3
*** FLOP *** [8h 9d 9c]
Rus29APX: checks
aremom4e: checks
*** TURN *** [8h 9d 9c] [6h]
Rus29APX: bets $6
aremom4e: calls $6
*** RIVER *** [8h 9d 9c 6h] [4h]
Rus29APX: checks
aremom4e: checks
*** SHOW DOWN ***
Rus29APX: shows [Ad 5s] (a pair of Nines)
aremom4e: shows [As Jd] (a pair of Nines - Ace+Jack kicker)
aremom4e collected $23.52 from pot
*** SUMMARY ***
Total pot $24 | Rake $0.48
Board [8h 9d 9c 6h 4h]
Seat 1: Rus29APX (big blind) showed [Ad 5s] and lost with a pair of Nines
Seat 2: aremom4e (button) (small blind) showed [As Jd] and won ($23.52) with a pair of Nines


PokerStars Hand #146913409350:  Hold'em Limit ($3/$6 USD) - 2016/01/12 10:27:02 ET
Table 'Hammonia II' 2-max Seat #1 is the button
Seat 1: Rus29APX ($406.92 in chips)
Seat 2: aremom4e ($210.17 in chips)
Rus29APX: posts small blind $1
aremom4e: posts big blind $3
*** HOLE CARDS ***
Rus29APX: raises $3 to $6
aremom4e: calls $3
*** FLOP *** [6h 4h 3s]
aremom4e: checks
Rus29APX: bets $3
aremom4e: raises $3 to $6
Rus29APX: calls $3
*** TURN *** [6h 4h 3s] [7s]
aremom4e: bets $6
Rus29APX: folds
Uncalled bet ($6) returned to aremom4e
aremom4e collected $23.52 from pot
aremom4e: doesn't show hand
*** SUMMARY ***
Total pot $24 | Rake $0.48
Board [6h 4h 3s 7s]
Seat 1: Rus29APX (button) (small blind) folded on the Turn
Seat 2: aremom4e (big blind) collected ($23.52)


PokerStars Hand #146913398622:  Hold'em Limit ($3/$6 USD) - 2016/01/12 10:26:48 ET
Table 'Hammonia II' 2-max Seat #2 is the button
Seat 1: Rus29APX ($424.92 in chips)
Seat 2: aremom4e ($192.67 in chips)
aremom4e: posts small blind $1
Rus29APX: posts big blind $3
*** HOLE CARDS ***
aremom4e: raises $3 to $6
Rus29APX: raises $3 to $9
aremom4e: calls $3
*** FLOP *** [8h 5d 4d]
Rus29APX: bets $3
aremom4e: calls $3
*** TURN *** [8h 5d 4d] [Kd]
Rus29APX: bets $6
aremom4e: calls $6
*** RIVER *** [8h 5d 4d Kd] [8c]
Rus29APX: checks
aremom4e: checks
*** SHOW DOWN ***
Rus29APX: shows [As Th] (a pair of Eights)
aremom4e: shows [6c 6h] (two pair, Eights and Sixes)
aremom4e collected $35.50 from pot
*** SUMMARY ***
Total pot $36 | Rake $0.50
Board [8h 5d 4d Kd 8c]
Seat 1: Rus29APX (big blind) showed [As Th] and lost with a pair of Eights
Seat 2: aremom4e (button) (small blind) showed [6c 6h] and won ($35.50) with two pair, Eights and Sixes


PokerStars Hand #146913491074:  Hold'em Limit ($3/$6 USD) - 2016/01/12 10:28:47 ET
Table 'Hammonia II' 2-max Seat #1 is the button
Seat 1: Rus29APX ($407.68 in chips)
Seat 2: aremom4e ($206.71 in chips)
Rus29APX: posts small blind $1
aremom4e: posts big blind $3
*** HOLE CARDS ***
Rus29APX: raises $3 to $6
aremom4e: calls $3
*** FLOP *** [7d 5d Qh]
aremom4e: checks
Rus29APX: bets $3
aremom4e: folds
Uncalled bet ($3) returned to Rus29APX
Rus29APX collected $11.76 from pot
Rus29APX: doesn't show hand
*** SUMMARY ***
Total pot $12 | Rake $0.24
Board [7d 5d Qh]
Seat 1: Rus29APX (button) (small blind) collected ($11.76)
Seat 2: aremom4e (big blind) folded on the Flop


PokerStars Hand #146913487208:  Hold'em Limit ($3/$6 USD) - 2016/01/12 10:28:41 ET
Table 'Hammonia II' 2-max Seat #2 is the button
Seat 1: Rus29APX ($406.68 in chips)
Seat 2: aremom4e ($207.71 in chips)
aremom4e: posts small blind $1
Rus29APX: posts big blind $3
*** HOLE CARDS ***
aremom4e: folds
Uncalled bet ($2) returned to Rus29APX
Rus29APX collected $2 from pot
Rus29APX: doesn't show hand
*** SUMMARY ***
Total pot $2 | Rake $0
Seat 1: Rus29APX (big blind) collected ($2)
Seat 2: aremom4e (button) (small blind) folded before Flop


PokerStars Hand #146913474613:  Hold'em Limit ($3/$6 USD) - 2016/01/12 10:28:25 ET
Table 'Hammonia II' 2-max Seat #1 is the button
Seat 1: Rus29APX ($392.18 in chips)
Seat 2: aremom4e ($222.71 in chips)
Rus29APX: posts small blind $1
aremom4e: posts big blind $3
*** HOLE CARDS ***
Rus29APX: raises $3 to $6
aremom4e: calls $3
*** FLOP *** [Kd 6d Js]
aremom4e: checks
Rus29APX: bets $3
aremom4e: calls $3
*** TURN *** [Kd 6d Js] [5c]
aremom4e: checks
Rus29APX: checks
*** RIVER *** [Kd 6d Js 5c] [Ah]
aremom4e: bets $6
Rus29APX: raises $6 to $12
aremom4e: folds
Uncalled bet ($6) returned to Rus29APX
Rus29APX collected $29.50 from pot
Rus29APX: doesn't show hand
*** SUMMARY ***
Total pot $30 | Rake $0.50
Board [Kd 6d Js 5c Ah]
Seat 1: Rus29APX (button) (small blind) collected ($29.50)
Seat 2: aremom4e (big blind) folded on the River


PokerStars Hand #146913470646:  Hold'em Limit ($3/$6 USD) - 2016/01/12 10:28:20 ET
Table 'Hammonia II' 2-max Seat #2 is the button
Seat 1: Rus29APX ($391.18 in chips)
Seat 2: aremom4e ($223.71 in chips)
aremom4e: posts small blind $1
Rus29APX: posts big blind $3
*** HOLE CARDS ***
aremom4e: folds
Uncalled bet ($2) returned to Rus29APX
Rus29APX collected $2 from pot
Rus29APX: doesn't show hand
*** SUMMARY ***
Total pot $2 | Rake $0
Seat 1: Rus29APX (big blind) collected ($2)
Seat 2: aremom4e (button) (small blind) folded before Flop


PokerStars Hand #146913463302:  Hold'em Limit ($3/$6 USD) - 2016/01/12 10:28:11 ET
Table 'Hammonia II' 2-max Seat #1 is the button
Seat 1: Rus29APX ($385.42 in chips)
Seat 2: aremom4e ($229.71 in chips)
Rus29APX: posts small blind $1
aremom4e: posts big blind $3
*** HOLE CARDS ***
Rus29APX: raises $3 to $6
aremom4e: calls $3
*** FLOP *** [8c Kh 2d]
aremom4e: checks
Rus29APX: bets $3
aremom4e: folds
Uncalled bet ($3) returned to Rus29APX
Rus29APX collected $11.76 from pot
Rus29APX: doesn't show hand
*** SUMMARY ***
Total pot $12 | Rake $0.24
Board [8c Kh 2d]
Seat 1: Rus29APX (button) (small blind) collected ($11.76)
Seat 2: aremom4e (big blind) folded on the Flop


PokerStars Hand #146913522503:  Hold'em Limit ($3/$6 USD) - 2016/01/12 10:29:26 ET
Table 'Hammonia II' 2-max Seat #2 is the button
Seat 1: Rus29APX ($431.84 in chips)
Seat 2: aremom4e ($181.71 in chips)
aremom4e: posts small blind $1
Rus29APX: posts big blind $3
*** HOLE CARDS ***
aremom4e: folds
Uncalled bet ($2) returned to Rus29APX
Rus29APX collected $2 from pot
Rus29APX: doesn't show hand
*** SUMMARY ***
Total pot $2 | Rake $0
Seat 1: Rus29APX (big blind) collected ($2)
Seat 2: aremom4e (button) (small blind) folded before Flop


PokerStars Hand #146913518353:  Hold'em Limit ($3/$6 USD) - 2016/01/12 10:29:21 ET
Table 'Hammonia II' 2-max Seat #1 is the button
Seat 1: Rus29APX ($428.84 in chips)
Seat 2: aremom4e ($184.71 in chips)
Rus29APX: posts small blind $1
aremom4e: posts big blind $3
*** HOLE CARDS ***
Rus29APX: raises $3 to $6
aremom4e: folds
Uncalled bet ($3) returned to Rus29APX
Rus29APX collected $6 from pot
Rus29APX: doesn't show hand
*** SUMMARY ***
Total pot $6 | Rake $0
Seat 1: Rus29APX (button) (small blind) collected ($6)
Seat 2: aremom4e (big blind) folded before Flop


PokerStars Hand #146913514669:  Hold'em Limit ($3/$6 USD) - 2016/01/12 10:29:17 ET
Table 'Hammonia II' 2-max Seat #2 is the button
Seat 1: Rus29APX ($427.84 in chips)
Seat 2: aremom4e ($185.71 in chips)
aremom4e: posts small blind $1
Rus29APX: posts big blind $3
*** HOLE CARDS ***
aremom4e: folds
Uncalled bet ($2) returned to Rus29APX
Rus29APX collected $2 from pot
Rus29APX: doesn't show hand
*** SUMMARY ***
Total pot $2 | Rake $0
Seat 1: Rus29APX (big blind) collected ($2)
Seat 2: aremom4e (button) (small blind) folded before Flop


PokerStars Hand #146913507568:  Hold'em Limit ($3/$6 USD) - 2016/01/12 10:29:07 ET
Table 'Hammonia II' 2-max Seat #1 is the button
Seat 1: Rus29APX ($422.08 in chips)
Seat 2: aremom4e ($191.71 in chips)
Rus29APX: posts small blind $1
aremom4e: posts big blind $3
*** HOLE CARDS ***
Rus29APX: raises $3 to $6
aremom4e: calls $3
*** FLOP *** [Td 4h 7d]
aremom4e: checks
Rus29APX: bets $3
aremom4e: folds
Uncalled bet ($3) returned to Rus29APX
Rus29APX collected $11.76 from pot
Rus29APX: doesn't show hand
*** SUMMARY ***
Total pot $12 | Rake $0.24
Board [Td 4h 7d]
Seat 1: Rus29APX (button) (small blind) collected ($11.76)
Seat 2: aremom4e (big blind) folded on the Flop


PokerStars Hand #146913498618:  Hold'em Limit ($3/$6 USD) - 2016/01/12 10:28:56 ET
Table 'Hammonia II' 2-max Seat #2 is the button
Seat 1: Rus29APX ($413.44 in chips)
Seat 2: aremom4e ($200.71 in chips)
aremom4e: posts small blind $1
Rus29APX: posts big blind $3
*** HOLE CARDS ***
aremom4e: raises $3 to $6
Rus29APX: calls $3
*** FLOP *** [Jd Ah 3c]
Rus29APX: checks
aremom4e: bets $3
Rus29APX: raises $3 to $6
aremom4e: folds
Uncalled bet ($3) returned to Rus29APX
Rus29APX collected $17.64 from pot
Rus29APX: doesn't show hand
*** SUMMARY ***
Total pot $18 | Rake $0.36
Board [Jd Ah 3c]
Seat 1: Rus29APX (big blind) collected ($17.64)
Seat 2: aremom4e (button) (small blind) folded on the Flop


PokerStars Hand #146913570842:  Hold'em Limit ($3/$6 USD) - 2016/01/12 10:30:27 ET
Table 'Hammonia II' 2-max Seat #1 is the button
Seat 1: Rus29APX ($408.34 in chips)
Seat 2: aremom4e ($203.71 in chips)
Rus29APX: posts small blind $1
aremom4e: posts big blind $3
*** HOLE CARDS ***
Rus29APX: raises $3 to $6
aremom4e: calls $3
*** FLOP *** [9d 6c 6s]
aremom4e: checks
Rus29APX: bets $3
aremom4e: folds
Uncalled bet ($3) returned to Rus29APX
Rus29APX collected $11.76 from pot
Rus29APX: doesn't show hand
*** SUMMARY ***
Total pot $12 | Rake $0.24
Board [9d 6c 6s]
Seat 1: Rus29APX (button) (small blind) collected ($11.76)
Seat 2: aremom4e (big blind) folded on the Flop


PokerStars Hand #146913559421:  Hold'em Limit ($3/$6 USD) - 2016/01/12 10:30:12 ET
Table 'Hammonia II' 2-max Seat #2 is the button
Seat 1: Rus29APX ($426.34 in chips)
Seat 2: aremom4e ($186.21 in chips)
aremom4e: posts small blind $1
Rus29APX: posts big blind $3
*** HOLE CARDS ***
aremom4e: raises $3 to $6
Rus29APX: calls $3
*** FLOP *** [Ac 4s 4c]
Rus29APX: checks
aremom4e: checks
*** TURN *** [Ac 4s 4c] [Ah]
Rus29APX: bets $6
aremom4e: calls $6
*** RIVER *** [Ac 4s 4c Ah] [Ts]
Rus29APX: bets $6
aremom4e: calls $6
*** SHOW DOWN ***
Rus29APX: shows [5c Qd] (two pair, Aces and Fours)
aremom4e: shows [Kd 8d] (two pair, Aces and Fours - King kicker)
aremom4e collected $35.50 from pot
*** SUMMARY ***
Total pot $36 | Rake $0.50
Board [Ac 4s 4c Ah Ts]
Seat 1: Rus29APX (big blind) showed [5c Qd] and lost with two pair, Aces and Fours
Seat 2: aremom4e (button) (small blind) showed [Kd 8d] and won ($35.50) with two pair, Aces and Fours


PokerStars Hand #146913546356:  Hold'em Limit ($3/$6 USD) - 2016/01/12 10:29:57 ET
Table 'Hammonia II' 2-max Seat #1 is the button
Seat 1: Rus29APX ($405.84 in chips)
Seat 2: aremom4e ($207.21 in chips)
Rus29APX: posts small blind $1
aremom4e: posts big blind $3
*** HOLE CARDS ***
Rus29APX: raises $3 to $6
aremom4e: calls $3
*** FLOP *** [2c 7s 5c]
aremom4e: checks
Rus29APX: bets $3
aremom4e: calls $3
*** TURN *** [2c 7s 5c] [Jc]
aremom4e: checks
Rus29APX: checks
*** RIVER *** [2c 7s 5c Jc] [Qc]
aremom4e: bets $6
Rus29APX: raises $6 to $12
aremom4e: calls $6
*** SHOW DOWN ***
Rus29APX: shows [9c 5s] (a flush, Queen high)
aremom4e: mucks hand
Rus29APX collected $41.50 from pot
*** SUMMARY ***
Total pot $42 | Rake $0.50
Board [2c 7s 5c Jc Qc]
Seat 1: Rus29APX (button) (small blind) showed [9c 5s] and won ($41.50) with a flush, Queen high
Seat 2: aremom4e (big blind) mucked


PokerStars Hand #146913541924:  Hold'em Limit ($3/$6 USD) - 2016/01/12 10:29:51 ET
Table 'Hammonia II' 2-max Seat #2 is the button
Seat 1: Rus29APX ($408.84 in chips)
Seat 2: aremom4e ($204.21 in chips)
aremom4e: posts small blind $1
Rus29APX: posts big blind $3
*** HOLE CARDS ***
aremom4e: raises $3 to $6
Rus29APX: folds
Uncalled bet ($3) returned to aremom4e
aremom4e collected $6 from pot
aremom4e: doesn't show hand
*** SUMMARY ***
Total pot $6 | Rake $0
Seat 1: Rus29APX (big blind) folded before Flop
Seat 2: aremom4e (button) (small blind) collected ($6)


PokerStars Hand #146913526247:  Hold'em Limit ($3/$6 USD) - 2016/01/12 10:29:31 ET
Table 'Hammonia II' 2-max Seat #1 is the button
Seat 1: Rus29APX ($432.84 in chips)
Seat 2: aremom4e ($180.71 in chips)
Rus29APX: posts small blind $1
aremom4e: posts big blind $3
*** HOLE CARDS ***
Rus29APX: raises $3 to $6
aremom4e: raises $3 to $9
Rus29APX: calls $3
*** FLOP *** [9d 8d 6s]
aremom4e: bets $3
Rus29APX: calls $3
*** TURN *** [9d 8d 6s] [4h]
aremom4e: bets $6
Rus29APX: raises $6 to $12
aremom4e: calls $6
*** RIVER *** [9d 8d 6s 4h] [Ts]
aremom4e: checks
Rus29APX: checks
*** SHOW DOWN ***
aremom4e: shows [7h Kh] (a straight, Six to Ten)
Rus29APX: mucks hand
aremom4e collected $47.50 from pot
*** SUMMARY ***
Total pot $48 | Rake $0.50
Board [9d 8d 6s 4h Ts]
Seat 1: Rus29APX (button) (small blind) mucked
Seat 2: aremom4e (big blind) showed [7h Kh] and won ($47.50) with a straight, Six to Ten


PokerStars Hand #146913626715:  Hold'em Limit ($3/$6 USD) - 2016/01/12 10:31:36 ET
Table 'Hammonia II' 2-max Seat #2 is the button
Seat 1: Rus29APX ($451.62 in chips)
Seat 2: aremom4e ($158.35 in chips)
aremom4e: posts small blind $1
Rus29APX: posts big blind $3
*** HOLE CARDS ***
aremom4e: raises $3 to $6
Rus29APX: raises $3 to $9
aremom4e: calls $3
*** FLOP *** [As 5c 7s]
Rus29APX: bets $3
aremom4e: folds
Uncalled bet ($3) returned to Rus29APX
Rus29APX collected $17.64 from pot
Rus29APX: doesn't show hand
*** SUMMARY ***
Total pot $18 | Rake $0.36
Board [As 5c 7s]
Seat 1: Rus29APX (big blind) collected ($17.64)
Seat 2: aremom4e (button) (small blind) folded on the Flop


PokerStars Hand #146913615773:  Hold'em Limit ($3/$6 USD) - 2016/01/12 10:31:23 ET
Table 'Hammonia II' 2-max Seat #1 is the button
Seat 1: Rus29APX ($460.62 in chips)
Seat 2: aremom4e ($149.71 in chips)
Rus29APX: posts small blind $1
aremom4e: posts big blind $3
*** HOLE CARDS ***
Rus29APX: raises $3 to $6
aremom4e: calls $3
*** FLOP *** [5c 7c 7s]
aremom4e: checks
Rus29APX: bets $3
aremom4e: calls $3
*** TURN *** [5c 7c 7s] [4d]
aremom4e: checks
Rus29APX: checks
*** RIVER *** [5c 7c 7s 4d] [Jd]
aremom4e: checks
Rus29APX: checks
*** SHOW DOWN ***
aremom4e: shows [6c Ah] (a pair of Sevens)
Rus29APX: mucks hand
aremom4e collected $17.64 from pot
*** SUMMARY ***
Total pot $18 | Rake $0.36
Board [5c 7c 7s 4d Jd]
Seat 1: Rus29APX (button) (small blind) mucked
Seat 2: aremom4e (big blind) showed [6c Ah] and won ($17.64) with a pair of Sevens


PokerStars Hand #146913603453:  Hold'em Limit ($3/$6 USD) - 2016/01/12 10:31:07 ET
Table 'Hammonia II' 2-max Seat #2 is the button
Seat 1: Rus29APX ($443.12 in chips)
Seat 2: aremom4e ($167.71 in chips)
aremom4e: posts small blind $1
Rus29APX: posts big blind $3
*** HOLE CARDS ***
aremom4e: raises $3 to $6
Rus29APX: raises $3 to $9
aremom4e: calls $3
*** FLOP *** [8s 8d 8h]
Rus29APX: bets $3
aremom4e: calls $3
*** TURN *** [8s 8d 8h] [6d]
Rus29APX: bets $6
aremom4e: calls $6
*** RIVER *** [8s 8d 8h 6d] [7d]
Rus29APX: checks
aremom4e: checks
*** SHOW DOWN ***
Rus29APX: shows [Ah Qc] (three of a kind, Eights)
aremom4e: mucks hand
Rus29APX collected $35.50 from pot
*** SUMMARY ***
Total pot $36 | Rake $0.50
Board [8s 8d 8h 6d 7d]
Seat 1: Rus29APX (big blind) showed [Ah Qc] and won ($35.50) with three of a kind, Eights
Seat 2: aremom4e (button) (small blind) mucked


PokerStars Hand #146913589192:  Hold'em Limit ($3/$6 USD) - 2016/01/12 10:30:50 ET
Table 'Hammonia II' 2-max Seat #1 is the button
Seat 1: Rus29APX ($425.62 in chips)
Seat 2: aremom4e ($185.71 in chips)
Rus29APX: posts small blind $1
aremom4e: posts big blind $3
*** HOLE CARDS ***
Rus29APX: raises $3 to $6
aremom4e: calls $3
*** FLOP *** [8s 4d 7c]
aremom4e: checks
Rus29APX: checks
*** TURN *** [8s 4d 7c] [9h]
aremom4e: bets $6
Rus29APX: raises $6 to $12
aremom4e: calls $6
*** RIVER *** [8s 4d 7c 9h] [2d]
aremom4e: checks
Rus29APX: bets $6
aremom4e: folds
Uncalled bet ($6) returned to Rus29APX
Rus29APX collected $35.50 from pot
Rus29APX: doesn't show hand
*** SUMMARY ***
Total pot $36 | Rake $0.50
Board [8s 4d 7c 9h 2d]
Seat 1: Rus29APX (button) (small blind) collected ($35.50)
Seat 2: aremom4e (big blind) folded on the River


PokerStars Hand #146913577895:  Hold'em Limit ($3/$6 USD) - 2016/01/12 10:30:35 ET
Table 'Hammonia II' 2-max Seat #2 is the button
Seat 1: Rus29APX ($414.10 in chips)
Seat 2: aremom4e ($197.71 in chips)
aremom4e: posts small blind $1
Rus29APX: posts big blind $3
*** HOLE CARDS ***
aremom4e: raises $3 to $6
Rus29APX: calls $3
*** FLOP *** [4s 2c 8s]
Rus29APX: checks
aremom4e: checks
*** TURN *** [4s 2c 8s] [3h]
Rus29APX: bets $6
aremom4e: calls $6
*** RIVER *** [4s 2c 8s 3h] [As]
Rus29APX: bets $6
aremom4e: folds
Uncalled bet ($6) returned to Rus29APX
Rus29APX collected $23.52 from pot
Rus29APX: doesn't show hand
*** SUMMARY ***
Total pot $24 | Rake $0.48
Board [4s 2c 8s 3h As]
Seat 1: Rus29APX (big blind) collected ($23.52)
Seat 2: aremom4e (button) (small blind) folded on the River


PokerStars Hand #146913665828:  Hold'em Limit ($3/$6 USD) - 2016/01/12 10:32:25 ET
Table 'Hammonia II' 2-max Seat #2 is the button
Seat 1: Rus29APX ($477.54 in chips)
Seat 2: aremom4e ($131.35 in chips)
aremom4e: posts small blind $1
Rus29APX: posts big blind $3
*** HOLE CARDS ***
aremom4e: raises $3 to $6
Rus29APX: calls $3
*** FLOP *** [As Qh Qs]
Rus29APX: checks
aremom4e: checks
*** TURN *** [As Qh Qs] [Th]
Rus29APX: checks
aremom4e: checks
*** RIVER *** [As Qh Qs Th] [2d]
Rus29APX: bets $6
aremom4e: folds
Uncalled bet ($6) returned to Rus29APX
Rus29APX collected $11.76 from pot
Rus29APX: doesn't show hand
*** SUMMARY ***
Total pot $12 | Rake $0.24
Board [As Qh Qs Th 2d]
Seat 1: Rus29APX (big blind) collected ($11.76)
Seat 2: aremom4e (button) (small blind) folded on the River


PokerStars Hand #146913658079:  Hold'em Limit ($3/$6 USD) - 2016/01/12 10:32:16 ET
Table 'Hammonia II' 2-max Seat #1 is the button
Seat 1: Rus29APX ($471.78 in chips)
Seat 2: aremom4e ($137.35 in chips)
Rus29APX: posts small blind $1
aremom4e: posts big blind $3
*** HOLE CARDS ***
Rus29APX: raises $3 to $6
aremom4e: calls $3
*** FLOP *** [Qh 2h Th]
aremom4e: checks
Rus29APX: bets $3
aremom4e: folds
Uncalled bet ($3) returned to Rus29APX
Rus29APX collected $11.76 from pot
Rus29APX: doesn't show hand
*** SUMMARY ***
Total pot $12 | Rake $0.24
Board [Qh 2h Th]
Seat 1: Rus29APX (button) (small blind) collected ($11.76)
Seat 2: aremom4e (big blind) folded on the Flop


PokerStars Hand #146913649664:  Hold'em Limit ($3/$6 USD) - 2016/01/12 10:32:05 ET
Table 'Hammonia II' 2-max Seat #2 is the button
Seat 1: Rus29APX ($466.02 in chips)
Seat 2: aremom4e ($143.35 in chips)
aremom4e: posts small blind $1
Rus29APX: posts big blind $3
*** HOLE CARDS ***
aremom4e: raises $3 to $6
Rus29APX: calls $3
*** FLOP *** [2h Ks 8d]
Rus29APX: checks
aremom4e: checks
*** TURN *** [2h Ks 8d] [6h]
Rus29APX: bets $6
aremom4e: folds
Uncalled bet ($6) returned to Rus29APX
Rus29APX collected $11.76 from pot
Rus29APX: doesn't show hand
*** SUMMARY ***
Total pot $12 | Rake $0.24
Board [2h Ks 8d 6h]
Seat 1: Rus29APX (big blind) collected ($11.76)
Seat 2: aremom4e (button) (small blind) folded on the Turn


PokerStars Hand #146913645412:  Hold'em Limit ($3/$6 USD) - 2016/01/12 10:32:00 ET
Table 'Hammonia II' 2-max Seat #1 is the button
Seat 1: Rus29APX ($463.02 in chips)
Seat 2: aremom4e ($146.35 in chips)
Rus29APX: posts small blind $1
aremom4e: posts big blind $3
*** HOLE CARDS ***
Rus29APX: raises $3 to $6
aremom4e: folds
Uncalled bet ($3) returned to Rus29APX
Rus29APX collected $6 from pot
Rus29APX: doesn't show hand
*** SUMMARY ***
Total pot $6 | Rake $0
Seat 1: Rus29APX (button) (small blind) collected ($6)
Seat 2: aremom4e (big blind) folded before Flop


PokerStars Hand #146913640282:  Hold'em Limit ($3/$6 USD) - 2016/01/12 10:31:53 ET
Table 'Hammonia II' 2-max Seat #2 is the button
Seat 1: Rus29APX ($466.02 in chips)
Seat 2: aremom4e ($143.35 in chips)
aremom4e: posts small blind $1
Rus29APX: posts big blind $3
*** HOLE CARDS ***
aremom4e: raises $3 to $6
Rus29APX: folds
Uncalled bet ($3) returned to aremom4e
aremom4e collected $6 from pot
aremom4e: doesn't show hand
*** SUMMARY ***
Total pot $6 | Rake $0
Seat 1: Rus29APX (big blind) folded before Flop
Seat 2: aremom4e (button) (small blind) collected ($6)


PokerStars Hand #146913633833:  Hold'em Limit ($3/$6 USD) - 2016/01/12 10:31:45 ET
Table 'Hammonia II' 2-max Seat #1 is the button
Seat 1: Rus29APX ($460.26 in chips)
Seat 2: aremom4e ($149.35 in chips)
Rus29APX: posts small blind $1
aremom4e: posts big blind $3
*** HOLE CARDS ***
Rus29APX: raises $3 to $6
aremom4e: calls $3
*** FLOP *** [8c 8s Qc]
aremom4e: checks
Rus29APX: bets $3
aremom4e: folds
Uncalled bet ($3) returned to Rus29APX
Rus29APX collected $11.76 from pot
Rus29APX: doesn't show hand
*** SUMMARY ***
Total pot $12 | Rake $0.24
Board [8c 8s Qc]
Seat 1: Rus29APX (button) (small blind) collected ($11.76)
Seat 2: aremom4e (big blind) folded on the Flop


PokerStars Hand #146913726576:  Hold'em Limit ($3/$6 USD) - 2016/01/12 10:33:40 ET
Table 'Hammonia II' 2-max Seat #1 is the button
Seat 1: Rus29APX ($517.56 in chips)
Seat 2: aremom4e ($89.99 in chips)
Rus29APX: posts small blind $1
aremom4e: posts big blind $3
*** HOLE CARDS ***
Rus29APX: raises $3 to $6
aremom4e: folds
Uncalled bet ($3) returned to Rus29APX
Rus29APX collected $6 from pot
Rus29APX: doesn't show hand
*** SUMMARY ***
Total pot $6 | Rake $0
Seat 1: Rus29APX (button) (small blind) collected ($6)
Seat 2: aremom4e (big blind) folded before Flop


PokerStars Hand #146913722701:  Hold'em Limit ($3/$6 USD) - 2016/01/12 10:33:36 ET
Table 'Hammonia II' 2-max Seat #2 is the button
Seat 1: Rus29APX ($516.56 in chips)
Seat 2: aremom4e ($90.99 in chips)
aremom4e: posts small blind $1
Rus29APX: posts big blind $3
*** HOLE CARDS ***
aremom4e: folds
Uncalled bet ($2) returned to Rus29APX
Rus29APX collected $2 from pot
Rus29APX: doesn't show hand
*** SUMMARY ***
Total pot $2 | Rake $0
Seat 1: Rus29APX (big blind) collected ($2)
Seat 2: aremom4e (button) (small blind) folded before Flop


PokerStars Hand #146913706864:  Hold'em Limit ($3/$6 USD) - 2016/01/12 10:33:16 ET
Table 'Hammonia II' 2-max Seat #1 is the button
Seat 1: Rus29APX ($484.06 in chips)
Seat 2: aremom4e ($123.99 in chips)
Rus29APX: posts small blind $1
aremom4e: posts big blind $3
*** HOLE CARDS ***
Rus29APX: raises $3 to $6
aremom4e: raises $3 to $9
Rus29APX: calls $3
*** FLOP *** [5s 2d 9s]
aremom4e: bets $3
Rus29APX: raises $3 to $6
aremom4e: calls $3
*** TURN *** [5s 2d 9s] [Qh]
aremom4e: checks
Rus29APX: bets $6
aremom4e: raises $6 to $12
Rus29APX: calls $6
*** RIVER *** [5s 2d 9s Qh] [Ad]
aremom4e: checks
Rus29APX: bets $6
aremom4e: calls $6
*** SHOW DOWN ***
Rus29APX: shows [3s 4d] (a straight, Ace to Five)
aremom4e: mucks hand
Rus29APX collected $65.50 from pot
*** SUMMARY ***
Total pot $66 | Rake $0.50
Board [5s 2d 9s Qh Ad]
Seat 1: Rus29APX (button) (small blind) showed [3s 4d] and won ($65.50) with a straight, Ace to Five
Seat 2: aremom4e (big blind) mucked


PokerStars Hand #146913702852:  Hold'em Limit ($3/$6 USD) - 2016/01/12 10:33:11 ET
Table 'Hammonia II' 2-max Seat #2 is the button
Seat 1: Rus29APX ($483.06 in chips)
Seat 2: aremom4e ($124.99 in chips)
aremom4e: posts small blind $1
Rus29APX: posts big blind $3
*** HOLE CARDS ***
aremom4e: folds
Uncalled bet ($2) returned to Rus29APX
Rus29APX collected $2 from pot
Rus29APX: doesn't show hand
*** SUMMARY ***
Total pot $2 | Rake $0
Seat 1: Rus29APX (big blind) collected ($2)
Seat 2: aremom4e (button) (small blind) folded before Flop


PokerStars Hand #146913697372:  Hold'em Limit ($3/$6 USD) - 2016/01/12 10:33:04 ET
Table 'Hammonia II' 2-max Seat #1 is the button
Seat 1: Rus29APX ($480.06 in chips)
Seat 2: aremom4e ($127.99 in chips)
Rus29APX: posts small blind $1
aremom4e: posts big blind $3
*** HOLE CARDS ***
Rus29APX: raises $3 to $6
aremom4e: folds
Uncalled bet ($3) returned to Rus29APX
Rus29APX collected $6 from pot
Rus29APX: doesn't show hand
*** SUMMARY ***
Total pot $6 | Rake $0
Seat 1: Rus29APX (button) (small blind) collected ($6)
Seat 2: aremom4e (big blind) folded before Flop


PokerStars Hand #146913686909:  Hold'em Limit ($3/$6 USD) - 2016/01/12 10:32:51 ET
Table 'Hammonia II' 2-max Seat #2 is the button
Seat 1: Rus29APX ($474.30 in chips)
Seat 2: aremom4e ($133.99 in chips)
aremom4e: posts small blind $1
Rus29APX: posts big blind $3
*** HOLE CARDS ***
aremom4e: raises $3 to $6
Rus29APX: calls $3
*** FLOP *** [8d Ts 9d]
Rus29APX: checks
aremom4e: checks
*** TURN *** [8d Ts 9d] [Qd]
Rus29APX: bets $6
aremom4e: folds
Uncalled bet ($6) returned to Rus29APX
Rus29APX collected $11.76 from pot
Rus29APX: doesn't show hand
*** SUMMARY ***
Total pot $12 | Rake $0.24
Board [8d Ts 9d Qd]
Seat 1: Rus29APX (big blind) collected ($11.76)
Seat 2: aremom4e (button) (small blind) folded on the Turn


PokerStars Hand #146913764042:  Hold'em Limit ($3/$6 USD) - 2016/01/12 10:34:27 ET
Table 'Hammonia II' 2-max Seat #2 is the button
Seat 1: Rus29APX ($552.56 in chips)
Seat 2: aremom4e ($53.99 in chips)
aremom4e: posts small blind $1
Rus29APX: posts big blind $3
*** HOLE CARDS ***
aremom4e: raises $3 to $6
Rus29APX: raises $3 to $9
aremom4e: calls $3
*** FLOP *** [5c 6h Qc]
Rus29APX: bets $3
aremom4e: calls $3
*** TURN *** [5c 6h Qc] [2h]
Rus29APX: bets $6
aremom4e: folds
Uncalled bet ($6) returned to Rus29APX
Rus29APX collected $23.52 from pot
Rus29APX: doesn't show hand
*** SUMMARY ***
Total pot $24 | Rake $0.48
Board [5c 6h Qc 2h]
Seat 1: Rus29APX (big blind) collected ($23.52)
Seat 2: aremom4e (button) (small blind) folded on the Turn


PokerStars Hand #146913759035:  Hold'em Limit ($3/$6 USD) - 2016/01/12 10:34:21 ET
Table 'Hammonia II' 2-max Seat #1 is the button
Seat 1: Rus29APX ($549.56 in chips)
Seat 2: aremom4e ($56.99 in chips)
Rus29APX: posts small blind $1
aremom4e: posts big blind $3
*** HOLE CARDS ***
Rus29APX: raises $3 to $6
aremom4e: folds
Uncalled bet ($3) returned to Rus29APX
Rus29APX collected $6 from pot
Rus29APX: doesn't show hand
*** SUMMARY ***
Total pot $6 | Rake $0
Seat 1: Rus29APX (button) (small blind) collected ($6)
Seat 2: aremom4e (big blind) folded before Flop


PokerStars Hand #146913735534:  Hold'em Limit ($3/$6 USD) - 2016/01/12 10:33:51 ET
Table 'Hammonia II' 2-max Seat #1 is the button
Seat 1: Rus29APX ($517.56 in chips)
Seat 2: aremom4e ($89.99 in chips)
Rus29APX: posts small blind $1
aremom4e: posts big blind $3
*** HOLE CARDS ***
Rus29APX: raises $3 to $6
aremom4e: calls $3
*** FLOP *** [3d 5s 2h]
aremom4e: checks
Rus29APX: bets $3
aremom4e: calls $3
*** TURN *** [3d 5s 2h] [6c]
aremom4e: checks
Rus29APX: checks
*** RIVER *** [3d 5s 2h 6c] [9d]
aremom4e: bets $6
Rus29APX: calls $6
*** SHOW DOWN ***
aremom4e: shows [7c Ah] (high card Ace)
Rus29APX: shows [9c 3h] (two pair, Nines and Threes)
Rus29APX collected $29.50 from pot
*** SUMMARY ***
Total pot $30 | Rake $0.50
Board [3d 5s 2h 6c 9d]
Seat 1: Rus29APX (button) (small blind) showed [9c 3h] and won ($29.50) with two pair, Nines and Threes
Seat 2: aremom4e (big blind) showed [7c Ah] and lost with high card Ace


PokerStars Hand #146913730650:  Hold'em Limit ($3/$6 USD) - 2016/01/12 10:33:45 ET
Table 'Hammonia II' 2-max Seat #2 is the button
Seat 1: Rus29APX ($520.56 in chips)
Seat 2: aremom4e ($86.99 in chips)
aremom4e: posts small blind $1
Rus29APX: posts big blind $3
*** HOLE CARDS ***
aremom4e: raises $3 to $6
Rus29APX: folds
Uncalled bet ($3) returned to aremom4e
aremom4e collected $6 from pot
aremom4e: doesn't show hand
*** SUMMARY ***
Total pot $6 | Rake $0
Seat 1: Rus29APX (big blind) folded before Flop
Seat 2: aremom4e (button) (small blind) collected ($6)


PokerStars Hand #146913805699:  Hold'em Limit ($3/$6 USD) - 2016/01/12 10:35:19 ET
Table 'Hammonia II' 2-max Seat #2 is the button
Seat 1: Rus29APX ($559.84 in chips)
Seat 2: aremom4e ($45.49 in chips)
aremom4e: posts small blind $1
Rus29APX: posts big blind $3
*** HOLE CARDS ***
aremom4e: raises $3 to $6
Rus29APX: raises $3 to $9
aremom4e: calls $3
*** FLOP *** [7s Qh Ac]
Rus29APX: bets $3
aremom4e: calls $3
*** TURN *** [7s Qh Ac] [7d]
Rus29APX: bets $6
aremom4e: calls $6
*** RIVER *** [7s Qh Ac 7d] [Js]
Rus29APX: bets $6
aremom4e: folds
Uncalled bet ($6) returned to Rus29APX
Rus29APX collected $35.50 from pot
Rus29APX: doesn't show hand
*** SUMMARY ***
Total pot $36 | Rake $0.50
Board [7s Qh Ac 7d Js]
Seat 1: Rus29APX (big blind) collected ($35.50)
Seat 2: aremom4e (button) (small blind) folded on the River


PokerStars Hand #146913798967:  Hold'em Limit ($3/$6 USD) - 2016/01/12 10:35:10 ET
Table 'Hammonia II' 2-max Seat #1 is the button
Seat 1: Rus29APX ($554.08 in chips)
Seat 2: aremom4e ($51.49 in chips)
Rus29APX: posts small blind $1
aremom4e: posts big blind $3
*** HOLE CARDS ***
Rus29APX: raises $3 to $6
aremom4e: calls $3
*** FLOP *** [5d 4h 5s]
aremom4e: checks
Rus29APX: bets $3
aremom4e: folds
Uncalled bet ($3) returned to Rus29APX
Rus29APX collected $11.76 from pot
Rus29APX: doesn't show hand
*** SUMMARY ***
Total pot $12 | Rake $0.24
Board [5d 4h 5s]
Seat 1: Rus29APX (button) (small blind) collected ($11.76)
Seat 2: aremom4e (big blind) folded on the Flop


PokerStars Hand #146913786713:  Hold'em Limit ($3/$6 USD) - 2016/01/12 10:34:55 ET
Table 'Hammonia II' 2-max Seat #2 is the button
Seat 1: Rus29APX ($549.08 in chips)
Seat 2: aremom4e ($56.49 in chips)
aremom4e: posts small blind $1
Rus29APX: posts big blind $3
*** HOLE CARDS ***
aremom4e: folds
Uncalled bet ($2) returned to Rus29APX
Rus29APX collected $2 from pot
Rus29APX: doesn't show hand
*** SUMMARY ***
Total pot $2 | Rake $0
Seat 1: Rus29APX (big blind) collected ($2)
Seat 2: aremom4e (button) (small blind) folded before Flop


PokerStars Hand #146913774046:  Hold'em Limit ($3/$6 USD) - 2016/01/12 10:34:39 ET
Table 'Hammonia II' 2-max Seat #1 is the button
Seat 1: Rus29APX ($564.08 in chips)
Seat 2: aremom4e ($41.99 in chips)
Rus29APX: posts small blind $1
aremom4e: posts big blind $3
*** HOLE CARDS ***
Rus29APX: raises $3 to $6
aremom4e: raises $3 to $9
Rus29APX: calls $3
*** FLOP *** [4d Kh As]
aremom4e: bets $3
Rus29APX: raises $3 to $6
aremom4e: calls $3
*** TURN *** [4d Kh As] [Ts]
aremom4e: checks
Rus29APX: checks
*** RIVER *** [4d Kh As Ts] [6s]
aremom4e: bets $6
Rus29APX: folds
Uncalled bet ($6) returned to aremom4e
aremom4e collected $29.50 from pot
aremom4e: doesn't show hand
*** SUMMARY ***
Total pot $30 | Rake $0.50
Board [4d Kh As Ts 6s]
Seat 1: Rus29APX (button) (small blind) folded on the River
Seat 2: aremom4e (big blind) collected ($29.50)


