PokerStars Hand #160655618283:  Hold'em Limit ($3/$6 USD) - 2016/10/30 14:34:42 ET
Table 'Hanko II' 6-max Seat #4 is the button
Seat 1: hubschi ($90.54 in chips)
Seat 4: VolkovDmitri ($125 in chips)
VolkovDmitri: posts small blind $1
hubschi: posts big blind $3
*** HOLE CARDS ***
VolkovDmitri: raises $3 to $6
hubschi: calls $3
*** FLOP *** [Kh 9s 2d]
hubschi: checks
VolkovDmitri: bets $3
hubschi: folds
Uncalled bet ($3) returned to VolkovDmitri
VolkovDmitri collected $11.76 from pot
VolkovDmitri: doesn't show hand
*** SUMMARY ***
Total pot $12 | Rake $0.24
Board [Kh 9s 2d]
Seat 1: hubschi (big blind) folded on the Flop
Seat 4: VolkovDmitri (button) (small blind) collected ($11.76)


PokerStars Hand #160655612719:  Hold'em Limit ($3/$6 USD) - 2016/10/30 14:34:36 ET
Table 'Hanko II' 6-max Seat #1 is the button
Seat 1: hubschi ($91.54 in chips)
Seat 4: VolkovDmitri ($124 in chips)
hubschi: posts small blind $1
VolkovDmitri: posts big blind $3
*** HOLE CARDS ***
hubschi: folds
Uncalled bet ($2) returned to VolkovDmitri
VolkovDmitri collected $2 from pot
VolkovDmitri: doesn't show hand
*** SUMMARY ***
Total pot $2 | Rake $0
Seat 1: hubschi (button) (small blind) folded before Flop
Seat 4: VolkovDmitri (big blind) collected ($2)


PokerStars Hand #160655599305:  Hold'em Limit ($3/$6 USD) - 2016/10/30 14:34:25 ET
Table 'Hanko II' 6-max Seat #4 is the button
Seat 1: hubschi ($94.54 in chips)
Seat 4: VolkovDmitri ($121 in chips)
VolkovDmitri: posts small blind $1
hubschi: posts big blind $3
*** HOLE CARDS ***
VolkovDmitri: raises $3 to $6
hubschi: folds
Uncalled bet ($3) returned to VolkovDmitri
VolkovDmitri collected $6 from pot
*** SUMMARY ***
Total pot $6 | Rake $0
Seat 1: hubschi (big blind) folded before Flop
Seat 4: VolkovDmitri (button) (small blind) collected ($6)


PokerStars Hand #160655675983:  Hold'em Limit ($3/$6 USD) - 2016/10/30 14:35:40 ET
Table 'Hanko II' 6-max Seat #4 is the button
Seat 1: hubschi ($99.04 in chips)
Seat 4: VolkovDmitri ($120 in chips)
VolkovDmitri: posts small blind $1
hubschi: posts big blind $3
*** HOLE CARDS ***
VolkovDmitri: raises $3 to $6
hubschi: folds
Uncalled bet ($3) returned to VolkovDmitri
VolkovDmitri collected $6 from pot
VolkovDmitri: doesn't show hand
*** SUMMARY ***
Total pot $6 | Rake $0
Seat 1: hubschi (big blind) folded before Flop
Seat 4: VolkovDmitri (button) (small blind) collected ($6)


PokerStars Hand #160655641834:  Hold'em Limit ($3/$6 USD) - 2016/10/30 14:35:06 ET
Table 'Hanko II' 6-max Seat #1 is the button
Seat 1: hubschi ($84.54 in chips)
Seat 4: VolkovDmitri ($130.76 in chips)
hubschi: posts small blind $1
VolkovDmitri: posts big blind $3
*** HOLE CARDS ***
hubschi: raises $3 to $6
VolkovDmitri: raises $3 to $9
hubschi: calls $3
*** FLOP *** [Tc 3c 7c]
Psynto joins the table at seat #2
VolkovDmitri: bets $3
hubschi: raises $3 to $6
VolkovDmitri: calls $3
*** TURN *** [Tc 3c 7c] [6d]
VolkovDmitri: checks
hubschi: bets $6
VolkovDmitri: folds
Uncalled bet ($6) returned to hubschi
hubschi collected $29.50 from pot
hubschi: doesn't show hand
*** SUMMARY ***
Total pot $30 | Rake $0.50
Board [Tc 3c 7c 6d]
Seat 1: hubschi (button) (small blind) collected ($29.50)
Seat 4: VolkovDmitri (big blind) folded on the Turn


PokerStars Hand #160671818722:  Hold'em Limit ($3/$6 USD) - 2016/10/30 19:29:12 ET
Table 'Hanko II' 6-max Seat #3 is the button
Seat 1: jkfocus ($68.74 in chips)
Seat 3: SirRomanov ($97.23 in chips)
SirRomanov: posts small blind $1
jkfocus: posts big blind $3
*** HOLE CARDS ***
SirRomanov: raises $3 to $6
jkfocus: calls $3
*** FLOP *** [7d 5h 6s]
jkfocus: checks
SirRomanov: bets $3
jkfocus: calls $3
*** TURN *** [7d 5h 6s] [4c]
jkfocus: checks
SirRomanov: checks
*** RIVER *** [7d 5h 6s 4c] [5s]
jkfocus: checks
SirRomanov: checks
*** SHOW DOWN ***
jkfocus: shows [Ah 6d] (two pair, Sixes and Fives)
SirRomanov: mucks hand
jkfocus collected $17.64 from pot
*** SUMMARY ***
Total pot $18 | Rake $0.36
Board [7d 5h 6s 4c 5s]
Seat 1: jkfocus (big blind) showed [Ah 6d] and won ($17.64) with two pair, Sixes and Fives
Seat 3: SirRomanov (button) (small blind) mucked


PokerStars Hand #160671810757:  Hold'em Limit ($3/$6 USD) - 2016/10/30 19:29:00 ET
Table 'Hanko II' 6-max Seat #1 is the button
Seat 1: jkfocus ($74.74 in chips)
Seat 3: SirRomanov ($91.47 in chips)
jkfocus: posts small blind $1
aade1ante: is sitting out
SirRomanov: posts big blind $3
*** HOLE CARDS ***
jkfocus: calls $2
SirRomanov: raises $3 to $6
jkfocus: calls $3
*** FLOP *** [Ks 7d Th]
SirRomanov: bets $3
jkfocus: folds
Uncalled bet ($3) returned to SirRomanov
SirRomanov collected $11.76 from pot
SirRomanov: doesn't show hand
*** SUMMARY ***
Total pot $12 | Rake $0.24
Board [Ks 7d Th]
Seat 1: jkfocus (button) (small blind) folded on the Flop
Seat 3: SirRomanov (big blind) collected ($11.76)


PokerStars Hand #160671831506:  Hold'em Limit ($3/$6 USD) - 2016/10/30 19:29:31 ET
Table 'Hanko II' 6-max Seat #1 is the button
Seat 1: jkfocus ($77.38 in chips)
Seat 3: SirRomanov ($88.23 in chips)
jkfocus: posts small blind $1
SirRomanov: posts big blind $3
*** HOLE CARDS ***
jkfocus: calls $2
SirRomanov: raises $3 to $6
jkfocus: calls $3
*** FLOP *** [2d 8h 8s]
SirRomanov: bets $3
jkfocus: folds
Uncalled bet ($3) returned to SirRomanov
SirRomanov collected $11.76 from pot
SirRomanov: doesn't show hand
*** SUMMARY ***
Total pot $12 | Rake $0.24
Board [2d 8h 8s]
Seat 1: jkfocus (button) (small blind) folded on the Flop
Seat 3: SirRomanov (big blind) collected ($11.76)


PokerStars Hand #160671869426:  Hold'em Limit ($3/$6 USD) - 2016/10/30 19:30:24 ET
Table 'Hanko II' 6-max Seat #1 is the button
Seat 1: jkfocus ($91.76 in chips)
Seat 3: SirRomanov ($72.99 in chips)
jkfocus: posts small blind $1
SirRomanov: posts big blind $3
*** HOLE CARDS ***
jkfocus: calls $2
SirRomanov: checks
*** FLOP *** [Qs Jc 7s]
SirRomanov: bets $3
jkfocus: folds
Uncalled bet ($3) returned to SirRomanov
SirRomanov collected $5.88 from pot
SirRomanov: doesn't show hand
*** SUMMARY ***
Total pot $6 | Rake $0.12
Board [Qs Jc 7s]
Seat 1: jkfocus (button) (small blind) folded on the Flop
Seat 3: SirRomanov (big blind) collected ($5.88)


PokerStars Hand #160671866239:  Hold'em Limit ($3/$6 USD) - 2016/10/30 19:30:20 ET
Table 'Hanko II' 6-max Seat #3 is the button
Seat 1: jkfocus ($90.76 in chips)
Seat 3: SirRomanov ($73.99 in chips)
SirRomanov: posts small blind $1
jkfocus: posts big blind $3
*** HOLE CARDS ***
SirRomanov: folds
Uncalled bet ($2) returned to jkfocus
jkfocus collected $2 from pot
jkfocus: doesn't show hand
*** SUMMARY ***
Total pot $2 | Rake $0
Seat 1: jkfocus (big blind) collected ($2)
Seat 3: SirRomanov (button) (small blind) folded before Flop


PokerStars Hand #160671856162:  Hold'em Limit ($3/$6 USD) - 2016/10/30 19:30:05 ET
Table 'Hanko II' 6-max Seat #1 is the button
Seat 1: jkfocus ($76.26 in chips)
Seat 3: SirRomanov ($88.99 in chips)
jkfocus: posts small blind $1
SirRomanov: posts big blind $3
*** HOLE CARDS ***
jkfocus: calls $2
SirRomanov: checks
*** FLOP *** [6s Tc 2h]
SirRomanov: checks
jkfocus: checks
*** TURN *** [6s Tc 2h] [8s]
SirRomanov: bets $6
jkfocus: calls $6
*** RIVER *** [6s Tc 2h 8s] [2d]
SirRomanov: bets $6
jkfocus: calls $6
*** SHOW DOWN ***
SirRomanov: shows [Ts 9d] (two pair, Tens and Deuces)
jkfocus: shows [6d Th] (two pair, Tens and Sixes)
jkfocus collected $29.50 from pot
*** SUMMARY ***
Total pot $30 | Rake $0.50
Board [6s Tc 2h 8s 2d]
Seat 1: jkfocus (button) (small blind) showed [6d Th] and won ($29.50) with two pair, Tens and Sixes
Seat 3: SirRomanov (big blind) showed [Ts 9d] and lost with two pair, Tens and Deuces


PokerStars Hand #160671840293:  Hold'em Limit ($3/$6 USD) - 2016/10/30 19:29:43 ET
Table 'Hanko II' 6-max Seat #3 is the button
Seat 1: jkfocus ($71.38 in chips)
Seat 3: SirRomanov ($93.99 in chips)
SirRomanov: posts small blind $1
jkfocus: posts big blind $3
*** HOLE CARDS ***
SirRomanov: folds
Uncalled bet ($2) returned to jkfocus
jkfocus collected $2 from pot
jkfocus: doesn't show hand
*** SUMMARY ***
Total pot $2 | Rake $0
Seat 1: jkfocus (big blind) collected ($2)
Seat 3: SirRomanov (button) (small blind) folded before Flop


PokerStars Hand #160671852959:  Hold'em Limit ($3/$6 USD) - 2016/10/30 19:30:01 ET
Table 'Hanko II' 6-max Seat #3 is the button
Seat 1: jkfocus ($75.26 in chips)
Seat 3: SirRomanov ($89.99 in chips)
SirRomanov: posts small blind $1
jkfocus: posts big blind $3
*** HOLE CARDS ***
SirRomanov: folds
Uncalled bet ($2) returned to jkfocus
jkfocus collected $2 from pot
jkfocus: doesn't show hand
*** SUMMARY ***
Total pot $2 | Rake $0
Seat 1: jkfocus (big blind) collected ($2)
Seat 3: SirRomanov (button) (small blind) folded before Flop


PokerStars Hand #160671843599:  Hold'em Limit ($3/$6 USD) - 2016/10/30 19:29:48 ET
Table 'Hanko II' 6-max Seat #1 is the button
Seat 1: jkfocus ($72.38 in chips)
Seat 3: SirRomanov ($92.99 in chips)
jkfocus: posts small blind $1
SirRomanov: posts big blind $3
*** HOLE CARDS ***
jkfocus: calls $2
SirRomanov: checks
*** FLOP *** [Qs 4h 6h]
SirRomanov: checks
jkfocus: checks
*** TURN *** [Qs 4h 6h] [8h]
SirRomanov: checks
jkfocus: checks
*** RIVER *** [Qs 4h 6h 8h] [Qc]
SirRomanov: checks
jkfocus: checks
*** SHOW DOWN ***
SirRomanov: shows [5d 9d] (a pair of Queens)
jkfocus: shows [3d 8d] (two pair, Queens and Eights)
jkfocus collected $5.88 from pot
*** SUMMARY ***
Total pot $6 | Rake $0.12
Board [Qs 4h 6h 8h Qc]
Seat 1: jkfocus (button) (small blind) showed [3d 8d] and won ($5.88) with two pair, Queens and Eights
Seat 3: SirRomanov (big blind) showed [5d 9d] and lost with a pair of Queens


PokerStars Hand #160671897976:  Hold'em Limit ($3/$6 USD) - 2016/10/30 19:31:05 ET
Table 'Hanko II' 6-max Seat #3 is the button
Seat 1: jkfocus ($97.26 in chips)
Seat 3: SirRomanov ($89.50 in chips)
SirRomanov: posts small blind $1
jkfocus: posts big blind $3
*** HOLE CARDS ***
SirRomanov: raises $3 to $6
jkfocus: calls $3
*** FLOP *** [Qh Kc 8c]
jkfocus: checks
SirRomanov: bets $3
jkfocus: folds
Uncalled bet ($3) returned to SirRomanov
SirRomanov collected $11.76 from pot
SirRomanov: doesn't show hand
*** SUMMARY ***
Total pot $12 | Rake $0.24
Board [Qh Kc 8c]
Seat 1: jkfocus (big blind) folded on the Flop
Seat 3: SirRomanov (button) (small blind) collected ($11.76)


PokerStars Hand #160671907784:  Hold'em Limit ($3/$6 USD) - 2016/10/30 19:31:19 ET
Table 'Hanko II' 6-max Seat #3 is the button
Seat 1: jkfocus ($90.26 in chips)
Seat 3: SirRomanov ($96.26 in chips)
SirRomanov: posts small blind $1
jkfocus: posts big blind $3
*** HOLE CARDS ***
SirRomanov: folds
Uncalled bet ($2) returned to jkfocus
jkfocus collected $2 from pot
jkfocus: doesn't show hand
*** SUMMARY ***
Total pot $2 | Rake $0
Seat 1: jkfocus (big blind) collected ($2)
Seat 3: SirRomanov (button) (small blind) folded before Flop


PokerStars Hand #160671904434:  Hold'em Limit ($3/$6 USD) - 2016/10/30 19:31:14 ET
Table 'Hanko II' 6-max Seat #1 is the button
Seat 1: jkfocus ($91.26 in chips)
Seat 3: SirRomanov ($95.26 in chips)
jkfocus: posts small blind $1
SirRomanov: posts big blind $3
*** HOLE CARDS ***
jkfocus: folds
Uncalled bet ($2) returned to SirRomanov
SirRomanov collected $2 from pot
SirRomanov: doesn't show hand
*** SUMMARY ***
Total pot $2 | Rake $0
Seat 1: jkfocus (button) (small blind) folded before Flop
Seat 3: SirRomanov (big blind) collected ($2)


PokerStars Hand #160671875510:  Hold'em Limit ($3/$6 USD) - 2016/10/30 19:30:33 ET
Table 'Hanko II' 6-max Seat #3 is the button
Seat 1: jkfocus ($88.76 in chips)
Seat 3: SirRomanov ($75.87 in chips)
SirRomanov: posts small blind $1
jkfocus: posts big blind $3
*** HOLE CARDS ***
SirRomanov: raises $3 to $6
jkfocus: calls $3
*** FLOP *** [Th 8h Kh]
jkfocus: checks
SirRomanov: bets $3
jkfocus: calls $3
*** TURN *** [Th 8h Kh] [6s]
jkfocus: checks
SirRomanov: bets $6
jkfocus: raises $6 to $12
SirRomanov: calls $6
*** RIVER *** [Th 8h Kh 6s] [5s]
jkfocus: bets $6
SirRomanov: calls $6
*** SHOW DOWN ***
jkfocus: shows [6h Jh] (a flush, King high)
SirRomanov: mucks hand
jkfocus collected $53.50 from pot
*** SUMMARY ***
Total pot $54 | Rake $0.50
Board [Th 8h Kh 6s 5s]
Seat 1: jkfocus (big blind) showed [6h Jh] and won ($53.50) with a flush, King high
Seat 3: SirRomanov (button) (small blind) mucked


PokerStars Hand #160671911455:  Hold'em Limit ($3/$6 USD) - 2016/10/30 19:31:24 ET
Table 'Hanko II' 6-max Seat #1 is the button
Seat 1: jkfocus ($91.26 in chips)
Seat 3: SirRomanov ($95.26 in chips)
jkfocus: posts small blind $1
SirRomanov: posts big blind $3
*** HOLE CARDS ***
jkfocus: calls $2
SirRomanov: raises $3 to $6
jkfocus: calls $3
*** FLOP *** [2c 4d 2s]
SirRomanov: bets $3
jkfocus: calls $3
*** TURN *** [2c 4d 2s] [Ks]
SirRomanov: bets $6
jkfocus: folds
Uncalled bet ($6) returned to SirRomanov
SirRomanov collected $17.64 from pot
SirRomanov: doesn't show hand
*** SUMMARY ***
Total pot $18 | Rake $0.36
Board [2c 4d 2s Ks]
Seat 1: jkfocus (button) (small blind) folded on the Turn
Seat 3: SirRomanov (big blind) collected ($17.64)


PokerStars Hand #160671888183:  Hold'em Limit ($3/$6 USD) - 2016/10/30 19:30:51 ET
Table 'Hanko II' 6-max Seat #1 is the button
Seat 1: jkfocus ($115.26 in chips)
Seat 3: SirRomanov ($72 in chips)
jkfocus: posts small blind $1
SirRomanov: posts big blind $3
*** HOLE CARDS ***
jkfocus: calls $2
SirRomanov: checks
*** FLOP *** [8h Qc 4s]
SirRomanov: bets $3
jkfocus: calls $3
*** TURN *** [8h Qc 4s] [5c]
SirRomanov: bets $6
jkfocus: calls $6
*** RIVER *** [8h Qc 4s 5c] [2c]
SirRomanov: bets $6
jkfocus: calls $6
*** SHOW DOWN ***
SirRomanov: shows [6c 7h] (a straight, Four to Eight)
jkfocus: mucks hand
SirRomanov collected $35.50 from pot
*** SUMMARY ***
Total pot $36 | Rake $0.50
Board [8h Qc 4s 5c 2c]
Seat 1: jkfocus (button) (small blind) mucked
Seat 3: SirRomanov (big blind) showed [6c 7h] and won ($35.50) with a straight, Four to Eight


PokerStars Hand #160671939847:  Hold'em Limit ($3/$6 USD) - 2016/10/30 19:32:05 ET
Table 'Hanko II' 6-max Seat #3 is the button
Seat 1: jkfocus ($84.90 in chips)
Seat 3: SirRomanov ($100.66 in chips)
SirRomanov: posts small blind $1
jkfocus: posts big blind $3
*** HOLE CARDS ***
SirRomanov: raises $3 to $6
jkfocus: calls $3
*** FLOP *** [Ac 6d Kc]
jkfocus: checks
SirRomanov: bets $3
jkfocus: folds
Uncalled bet ($3) returned to SirRomanov
SirRomanov collected $11.76 from pot
SirRomanov: doesn't show hand
*** SUMMARY ***
Total pot $12 | Rake $0.24
Board [Ac 6d Kc]
Seat 1: jkfocus (big blind) folded on the Flop
Seat 3: SirRomanov (button) (small blind) collected ($11.76)


PokerStars Hand #160671933072:  Hold'em Limit ($3/$6 USD) - 2016/10/30 19:31:55 ET
Table 'Hanko II' 6-max Seat #1 is the button
Seat 1: jkfocus ($90.90 in chips)
Seat 3: SirRomanov ($94.90 in chips)
jkfocus: posts small blind $1
SirRomanov: posts big blind $3
*** HOLE CARDS ***
jkfocus: calls $2
SirRomanov: raises $3 to $6
jkfocus: calls $3
*** FLOP *** [9s 8s 4s]
SirRomanov: bets $3
jkfocus: folds
Uncalled bet ($3) returned to SirRomanov
SirRomanov collected $11.76 from pot
SirRomanov: doesn't show hand
*** SUMMARY ***
Total pot $12 | Rake $0.24
Board [9s 8s 4s]
Seat 1: jkfocus (button) (small blind) folded on the Flop
Seat 3: SirRomanov (big blind) collected ($11.76)


PokerStars Hand #160671956971:  Hold'em Limit ($3/$6 USD) - 2016/10/30 19:32:30 ET
Table 'Hanko II' 6-max Seat #3 is the button
Seat 1: jkfocus ($81.78 in chips)
Seat 3: SirRomanov ($103.42 in chips)
SirRomanov: posts small blind $1
jkfocus: posts big blind $3
*** HOLE CARDS ***
SirRomanov: raises $3 to $6
jkfocus: calls $3
*** FLOP *** [2s Ad Tc]
jkfocus: checks
SirRomanov: bets $3
jkfocus: folds
Uncalled bet ($3) returned to SirRomanov
SirRomanov collected $11.76 from pot
SirRomanov: doesn't show hand
*** SUMMARY ***
Total pot $12 | Rake $0.24
Board [2s Ad Tc]
Seat 1: jkfocus (big blind) folded on the Flop
Seat 3: SirRomanov (button) (small blind) collected ($11.76)


PokerStars Hand #160671947270:  Hold'em Limit ($3/$6 USD) - 2016/10/30 19:32:16 ET
Table 'Hanko II' 6-max Seat #1 is the button
Seat 1: jkfocus ($78.90 in chips)
Seat 3: SirRomanov ($106.42 in chips)
jkfocus: posts small blind $1
SirRomanov: posts big blind $3
*** HOLE CARDS ***
jkfocus: calls $2
SirRomanov: checks
*** FLOP *** [8s 2h 7h]
SirRomanov: checks
aade1ante is disconnected
jkfocus: checks
*** TURN *** [8s 2h 7h] [4h]
SirRomanov: checks
jkfocus: checks
*** RIVER *** [8s 2h 7h 4h] [3h]
SirRomanov: checks
jkfocus: checks
*** SHOW DOWN ***
SirRomanov: shows [3s 5h] (a flush, Seven high)
jkfocus: shows [6h As] (a flush, Seven high - Six higher)
jkfocus collected $5.88 from pot
*** SUMMARY ***
Total pot $6 | Rake $0.12
Board [8s 2h 7h 4h 3h]
Seat 1: jkfocus (button) (small blind) showed [6h As] and won ($5.88) with a flush, Seven high
Seat 3: SirRomanov (big blind) showed [3s 5h] and lost with a flush, Seven high


PokerStars Hand #160671920400:  Hold'em Limit ($3/$6 USD) - 2016/10/30 19:31:37 ET
Table 'Hanko II' 6-max Seat #3 is the button
Seat 1: jkfocus ($82.26 in chips)
Seat 3: SirRomanov ($103.90 in chips)
SirRomanov: posts small blind $1
jkfocus: posts big blind $3
*** HOLE CARDS ***
SirRomanov: raises $3 to $6
jkfocus: calls $3
*** FLOP *** [8c 6h 5h]
jkfocus: checks
SirRomanov: bets $3
jkfocus: calls $3
*** TURN *** [8c 6h 5h] [6d]
jkfocus: checks
SirRomanov: checks
*** RIVER *** [8c 6h 5h 6d] [Qh]
jkfocus: checks
SirRomanov: checks
*** SHOW DOWN ***
jkfocus: shows [Qd 9h] (two pair, Queens and Sixes)
SirRomanov: mucks hand
jkfocus collected $17.64 from pot
*** SUMMARY ***
Total pot $18 | Rake $0.36
Board [8c 6h 5h 6d Qh]
Seat 1: jkfocus (big blind) showed [Qd 9h] and won ($17.64) with two pair, Queens and Sixes
Seat 3: SirRomanov (button) (small blind) mucked


PokerStars Hand #160671990529:  Hold'em Limit ($3/$6 USD) - 2016/10/30 19:33:18 ET
Table 'Hanko II' 6-max Seat #1 is the button
Seat 1: jkfocus ($67.66 in chips)
Seat 3: SirRomanov ($116.82 in chips)
jkfocus: posts small blind $1
SirRomanov: posts big blind $3
*** HOLE CARDS ***
jkfocus: folds
Uncalled bet ($2) returned to SirRomanov
SirRomanov collected $2 from pot
SirRomanov: doesn't show hand
*** SUMMARY ***
Total pot $2 | Rake $0
Seat 1: jkfocus (button) (small blind) folded before Flop
Seat 3: SirRomanov (big blind) collected ($2)


PokerStars Hand #160671986818:  Hold'em Limit ($3/$6 USD) - 2016/10/30 19:33:12 ET
Table 'Hanko II' 6-max Seat #3 is the button
Seat 1: jkfocus ($66.66 in chips)
Seat 3: SirRomanov ($117.82 in chips)
SirRomanov: posts small blind $1
jkfocus: posts big blind $3
*** HOLE CARDS ***
SirRomanov: folds
Uncalled bet ($2) returned to jkfocus
jkfocus collected $2 from pot
jkfocus: doesn't show hand
*** SUMMARY ***
Total pot $2 | Rake $0
Seat 1: jkfocus (big blind) collected ($2)
Seat 3: SirRomanov (button) (small blind) folded before Flop


PokerStars Hand #160671979809:  Hold'em Limit ($3/$6 USD) - 2016/10/30 19:33:02 ET
Table 'Hanko II' 6-max Seat #1 is the button
Seat 1: jkfocus ($63.78 in chips)
Seat 3: SirRomanov ($120.82 in chips)
jkfocus: posts small blind $1
SirRomanov: posts big blind $3
*** HOLE CARDS ***
jkfocus: calls $2
SirRomanov: checks
*** FLOP *** [5d 7s 6h]
SirRomanov: checks
jkfocus: bets $3
SirRomanov: folds
Uncalled bet ($3) returned to jkfocus
jkfocus collected $5.88 from pot
jkfocus: doesn't show hand
*** SUMMARY ***
Total pot $6 | Rake $0.12
Board [5d 7s 6h]
Seat 1: jkfocus (button) (small blind) collected ($5.88)
Seat 3: SirRomanov (big blind) folded on the Flop


PokerStars Hand #160671994377:  Hold'em Limit ($3/$6 USD) - 2016/10/30 19:33:23 ET
Table 'Hanko II' 6-max Seat #3 is the button
Seat 1: jkfocus ($66.66 in chips)
Seat 3: SirRomanov ($117.82 in chips)
SirRomanov: posts small blind $1
jkfocus: posts big blind $3
*** HOLE CARDS ***
SirRomanov: raises $3 to $6
jkfocus: calls $3
*** FLOP *** [Qd 9d 3c]
jkfocus: checks
SirRomanov: bets $3
jkfocus: calls $3
*** TURN *** [Qd 9d 3c] [Ts]
jkfocus: checks
SirRomanov: checks
*** RIVER *** [Qd 9d 3c Ts] [3d]
jkfocus: checks
SirRomanov: checks
*** SHOW DOWN ***
jkfocus: shows [3h 2d] (three of a kind, Threes)
SirRomanov: mucks hand
jkfocus collected $17.64 from pot
*** SUMMARY ***
Total pot $18 | Rake $0.36
Board [Qd 9d 3c Ts 3d]
Seat 1: jkfocus (big blind) showed [3h 2d] and won ($17.64) with three of a kind, Threes
Seat 3: SirRomanov (button) (small blind) mucked


PokerStars Hand #160671963985:  Hold'em Limit ($3/$6 USD) - 2016/10/30 19:32:40 ET
Table 'Hanko II' 6-max Seat #1 is the button
Seat 1: jkfocus ($75.78 in chips)
Seat 3: SirRomanov ($109.18 in chips)
jkfocus: posts small blind $1
SirRomanov: posts big blind $3
*** HOLE CARDS ***
jkfocus: calls $2
SirRomanov: raises $3 to $6
jkfocus: calls $3
*** FLOP *** [5h As 4d]
SirRomanov: bets $3
jkfocus: calls $3
*** TURN *** [5h As 4d] [Kd]
SirRomanov: checks
jkfocus: checks
*** RIVER *** [5h As 4d Kd] [Ad]
SirRomanov: bets $6
jkfocus: folds
Uncalled bet ($6) returned to SirRomanov
SirRomanov collected $17.64 from pot
SirRomanov: doesn't show hand
*** SUMMARY ***
Total pot $18 | Rake $0.36
Board [5h As 4d Kd Ad]
Seat 1: jkfocus (button) (small blind) folded on the River
Seat 3: SirRomanov (big blind) collected ($17.64)


PokerStars Hand #160672025011:  Hold'em Limit ($3/$6 USD) - 2016/10/30 19:34:08 ET
Table 'Hanko II' 6-max Seat #1 is the button
Seat 1: jkfocus ($69.18 in chips)
Seat 3: SirRomanov ($114.46 in chips)
jkfocus: posts small blind $1
SirRomanov: posts big blind $3
*** HOLE CARDS ***
jkfocus: raises $3 to $6
SirRomanov: folds
Uncalled bet ($3) returned to jkfocus
jkfocus collected $6 from pot
jkfocus: doesn't show hand
*** SUMMARY ***
Total pot $6 | Rake $0
Seat 1: jkfocus (button) (small blind) collected ($6)
Seat 3: SirRomanov (big blind) folded before Flop


PokerStars Hand #160672013707:  Hold'em Limit ($3/$6 USD) - 2016/10/30 19:33:51 ET
Table 'Hanko II' 6-max Seat #3 is the button
Seat 1: jkfocus ($78.18 in chips)
Seat 3: SirRomanov ($105.82 in chips)
SirRomanov: posts small blind $1
jkfocus: posts big blind $3
*** HOLE CARDS ***
SirRomanov: raises $3 to $6
jkfocus: calls $3
*** FLOP *** [2s 5d 2c]
jkfocus: checks
SirRomanov: bets $3
jkfocus: calls $3
*** TURN *** [2s 5d 2c] [Qs]
jkfocus: checks
SirRomanov: bets $6
jkfocus: folds
Uncalled bet ($6) returned to SirRomanov
SirRomanov collected $17.64 from pot
SirRomanov: doesn't show hand
*** SUMMARY ***
Total pot $18 | Rake $0.36
Board [2s 5d 2c Qs]
Seat 1: jkfocus (big blind) folded on the Turn
Seat 3: SirRomanov (button) (small blind) collected ($17.64)


PokerStars Hand #160672040474:  Hold'em Limit ($3/$6 USD) - 2016/10/30 19:34:30 ET
Table 'Hanko II' 6-max Seat #1 is the button
Seat 1: jkfocus ($80.82 in chips)
Seat 3: SirRomanov ($102.46 in chips)
jkfocus: posts small blind $1
SirRomanov: posts big blind $3
*** HOLE CARDS ***
jkfocus: calls $2
SirRomanov: raises $3 to $6
jkfocus: calls $3
*** FLOP *** [2s 7d Kd]
SirRomanov: bets $3
jkfocus: folds
Uncalled bet ($3) returned to SirRomanov
SirRomanov collected $11.76 from pot
SirRomanov: doesn't show hand
*** SUMMARY ***
Total pot $12 | Rake $0.24
Board [2s 7d Kd]
Seat 1: jkfocus (button) (small blind) folded on the Flop
Seat 3: SirRomanov (big blind) collected ($11.76)


PokerStars Hand #160672029869:  Hold'em Limit ($3/$6 USD) - 2016/10/30 19:34:15 ET
Table 'Hanko II' 6-max Seat #3 is the button
Seat 1: jkfocus ($72.18 in chips)
Seat 3: SirRomanov ($111.46 in chips)
SirRomanov: posts small blind $1
jkfocus: posts big blind $3
*** HOLE CARDS ***
SirRomanov: raises $3 to $6
jkfocus: calls $3
*** FLOP *** [Qd 7c 3d]
jkfocus: checks
SirRomanov: bets $3
jkfocus: calls $3
*** TURN *** [Qd 7c 3d] [Jh]
jkfocus: checks
SirRomanov: checks
*** RIVER *** [Qd 7c 3d Jh] [9s]
jkfocus: checks
SirRomanov: checks
*** SHOW DOWN ***
jkfocus: shows [2h Qc] (a pair of Queens)
SirRomanov: mucks hand
jkfocus collected $17.64 from pot
*** SUMMARY ***
Total pot $18 | Rake $0.36
Board [Qd 7c 3d Jh 9s]
Seat 1: jkfocus (big blind) showed [2h Qc] and won ($17.64) with a pair of Queens
Seat 3: SirRomanov (button) (small blind) mucked


PokerStars Hand #160672005226:  Hold'em Limit ($3/$6 USD) - 2016/10/30 19:33:39 ET
Table 'Hanko II' 6-max Seat #1 is the button
Seat 1: jkfocus ($75.30 in chips)
Seat 3: SirRomanov ($108.82 in chips)
jkfocus: posts small blind $1
SirRomanov: posts big blind $3
*** HOLE CARDS ***
jkfocus: calls $2
SirRomanov: checks
*** FLOP *** [6c 3c Jh]
SirRomanov: checks
jkfocus: checks
*** TURN *** [6c 3c Jh] [Qc]
SirRomanov: checks
jkfocus: checks
*** RIVER *** [6c 3c Jh Qc] [Js]
SirRomanov: checks
jkfocus: checks
*** SHOW DOWN ***
SirRomanov: shows [Td 2d] (a pair of Jacks)
jkfocus: shows [5d Qh] (two pair, Queens and Jacks)
jkfocus collected $5.88 from pot
*** SUMMARY ***
Total pot $6 | Rake $0.12
Board [6c 3c Jh Qc Js]
Seat 1: jkfocus (button) (small blind) showed [5d Qh] and won ($5.88) with two pair, Queens and Jacks
Seat 3: SirRomanov (big blind) showed [Td 2d] and lost with a pair of Jacks


PokerStars Hand #160672065220:  Hold'em Limit ($3/$6 USD) - 2016/10/30 19:35:06 ET
Table 'Hanko II' 6-max Seat #1 is the button
Seat 1: jkfocus ($83.46 in chips)
Seat 3: SirRomanov ($99.22 in chips)
jkfocus: posts small blind $1
SirRomanov: posts big blind $3
*** HOLE CARDS ***
jkfocus: calls $2
SirRomanov: checks
*** FLOP *** [9h 6d Js]
SirRomanov: checks
jkfocus: checks
*** TURN *** [9h 6d Js] [4h]
SirRomanov: checks
jkfocus: bets $6
SirRomanov: folds
Uncalled bet ($6) returned to jkfocus
jkfocus collected $5.88 from pot
jkfocus: doesn't show hand
*** SUMMARY ***
Total pot $6 | Rake $0.12
Board [9h 6d Js 4h]
Seat 1: jkfocus (button) (small blind) collected ($5.88)
Seat 3: SirRomanov (big blind) folded on the Turn


PokerStars Hand #160672061709:  Hold'em Limit ($3/$6 USD) - 2016/10/30 19:35:01 ET
Table 'Hanko II' 6-max Seat #3 is the button
Seat 1: jkfocus ($82.46 in chips)
Seat 3: SirRomanov ($100.22 in chips)
SirRomanov: posts small blind $1
jkfocus: posts big blind $3
*** HOLE CARDS ***
SirRomanov: folds
Uncalled bet ($2) returned to jkfocus
jkfocus collected $2 from pot
jkfocus: doesn't show hand
*** SUMMARY ***
Total pot $2 | Rake $0
Seat 1: jkfocus (big blind) collected ($2)
Seat 3: SirRomanov (button) (small blind) folded before Flop


PokerStars Hand #160672058297:  Hold'em Limit ($3/$6 USD) - 2016/10/30 19:34:56 ET
Table 'Hanko II' 6-max Seat #1 is the button
Seat 1: jkfocus ($83.46 in chips)
Seat 3: SirRomanov ($99.22 in chips)
jkfocus: posts small blind $1
SirRomanov: posts big blind $3
*** HOLE CARDS ***
jkfocus: folds
Uncalled bet ($2) returned to SirRomanov
SirRomanov collected $2 from pot
SirRomanov: doesn't show hand
*** SUMMARY ***
Total pot $2 | Rake $0
Seat 1: jkfocus (button) (small blind) folded before Flop
Seat 3: SirRomanov (big blind) collected ($2)


PokerStars Hand #160672075082:  Hold'em Limit ($3/$6 USD) - 2016/10/30 19:35:20 ET
Table 'Hanko II' 6-max Seat #3 is the button
Seat 1: jkfocus ($86.34 in chips)
Seat 3: SirRomanov ($96.22 in chips)
SirRomanov: posts small blind $1
jkfocus: posts big blind $3
*** HOLE CARDS ***
SirRomanov: raises $3 to $6
jkfocus: calls $3
*** FLOP *** [5c Qh 7s]
jkfocus: checks
aade1ante is disconnected
SirRomanov: bets $3
jkfocus: calls $3
*** TURN *** [5c Qh 7s] [Ah]
aade1ante leaves the table
jkfocus: checks
SirRomanov: bets $6
jkfocus: folds
Uncalled bet ($6) returned to SirRomanov
SirRomanov collected $17.64 from pot
SirRomanov: doesn't show hand
*** SUMMARY ***
Total pot $18 | Rake $0.36
Board [5c Qh 7s Ah]
Seat 1: jkfocus (big blind) folded on the Turn
Seat 3: SirRomanov (button) (small blind) collected ($17.64)


PokerStars Hand #160672047315:  Hold'em Limit ($3/$6 USD) - 2016/10/30 19:34:40 ET
Table 'Hanko II' 6-max Seat #3 is the button
Seat 1: jkfocus ($74.82 in chips)
Seat 3: SirRomanov ($108.22 in chips)
SirRomanov: posts small blind $1
jkfocus: posts big blind $3
*** HOLE CARDS ***
SirRomanov: raises $3 to $6
jkfocus: calls $3
*** FLOP *** [8h 8s 5h]
jkfocus: checks
SirRomanov: bets $3
jkfocus: calls $3
*** TURN *** [8h 8s 5h] [Qs]
jkfocus: checks
SirRomanov: checks
*** RIVER *** [8h 8s 5h Qs] [Th]
jkfocus: checks
SirRomanov: checks
*** SHOW DOWN ***
jkfocus: shows [Qc Jh] (two pair, Queens and Eights)
SirRomanov: mucks hand
jkfocus collected $17.64 from pot
*** SUMMARY ***
Total pot $18 | Rake $0.36
Board [8h 8s 5h Qs Th]
Seat 1: jkfocus (big blind) showed [Qc Jh] and won ($17.64) with two pair, Queens and Eights
Seat 3: SirRomanov (button) (small blind) mucked


PokerStars Hand #160672084914:  Hold'em Limit ($3/$6 USD) - 2016/10/30 19:35:35 ET
Table 'Hanko II' 6-max Seat #1 is the button
Seat 1: jkfocus ($77.34 in chips)
Seat 3: SirRomanov ($104.86 in chips)
jkfocus: posts small blind $1
SirRomanov: posts big blind $3
*** HOLE CARDS ***
jkfocus: calls $2
SirRomanov: raises $3 to $6
jkfocus: calls $3
*** FLOP *** [As 9s 2h]
SirRomanov: bets $3
jkfocus: calls $3
*** TURN *** [As 9s 2h] [2c]
SirRomanov: bets $6
jkfocus: calls $6
*** RIVER *** [As 9s 2h 2c] [6s]
SirRomanov: bets $6
jkfocus: calls $6
*** SHOW DOWN ***
SirRomanov: shows [Ah 3h] (two pair, Aces and Deuces)
smellyrat777 joins the table at seat #6
jkfocus: mucks hand
SirRomanov collected $41.50 from pot
*** SUMMARY ***
Total pot $42 | Rake $0.50
Board [As 9s 2h 2c 6s]
Seat 1: jkfocus (button) (small blind) mucked
Seat 3: SirRomanov (big blind) showed [Ah 3h] and won ($41.50) with two pair, Aces and Deuces


