PokerStars Hand #151837069178:  Hold'em Limit ($3/$6 USD) - 2016/04/12 20:18:15 ET
Table 'Hanko' 10-max Seat #10 is the button
Seat 7: Mind90 ($120 in chips)
Seat 10: anetkaapro ($120 in chips)
anetkaapro: posts small blind $1
Mind90: posts big blind $3
*** HOLE CARDS ***
anetkaapro: raises $3 to $6
Mind90: calls $3
*** FLOP *** [9d Jc Ac]
Mind90: bets $3
anetkaapro: folds
Uncalled bet ($3) returned to Mind90
Mind90 collected $11.76 from pot
Mind90: doesn't show hand
*** SUMMARY ***
Total pot $12 | Rake $0.24
Board [9d Jc Ac]
Seat 7: Mind90 (big blind) collected ($11.76)
Seat 10: anetkaapro (button) (small blind) folded on the Flop


PokerStars Hand #151837107384:  Hold'em Limit ($3/$6 USD) - 2016/04/12 20:19:34 ET
Table 'Hanko' 10-max Seat #7 is the button
Seat 7: Mind90 ($106.52 in chips)
Seat 10: anetkaapro ($132.50 in chips)
Mind90: posts small blind $1
anetkaapro: posts big blind $3
*** HOLE CARDS ***
Mind90: folds
Uncalled bet ($2) returned to anetkaapro
anetkaapro collected $2 from pot
anetkaapro: doesn't show hand
*** SUMMARY ***
Total pot $2 | Rake $0
Seat 7: Mind90 (button) (small blind) folded before Flop
Seat 10: anetkaapro (big blind) collected ($2)


PokerStars Hand #151837091663:  Hold'em Limit ($3/$6 USD) - 2016/04/12 20:19:01 ET
Table 'Hanko' 10-max Seat #10 is the button
Seat 7: Mind90 ($127.52 in chips)
Seat 10: anetkaapro ($112 in chips)
anetkaapro: posts small blind $1
Mind90: posts big blind $3
*** HOLE CARDS ***
anetkaapro: raises $3 to $6
Mind90: calls $3
*** FLOP *** [Kd Tc 9s]
Mind90: bets $3
anetkaapro: calls $3
*** TURN *** [Kd Tc 9s] [3c]
Mind90: bets $6
anetkaapro: calls $6
*** RIVER *** [Kd Tc 9s 3c] [Ah]
Mind90: checks
anetkaapro: bets $6
Mind90: calls $6
*** SHOW DOWN ***
anetkaapro: shows [7d Ks] (a pair of Kings)
Mind90: mucks hand
anetkaapro collected $41.50 from pot
*** SUMMARY ***
Total pot $42 | Rake $0.50
Board [Kd Tc 9s 3c Ah]
Seat 7: Mind90 (big blind) mucked
Seat 10: anetkaapro (button) (small blind) showed [7d Ks] and won ($41.50) with a pair of Kings


PokerStars Hand #151837089504:  Hold'em Limit ($3/$6 USD) - 2016/04/12 20:18:57 ET
Table 'Hanko' 10-max Seat #7 is the button
Seat 7: Mind90 ($128.52 in chips)
Seat 10: anetkaapro ($111 in chips)
Mind90: posts small blind $1
anetkaapro: posts big blind $3
*** HOLE CARDS ***
Mind90: folds
Uncalled bet ($2) returned to anetkaapro
anetkaapro collected $2 from pot
anetkaapro: doesn't show hand
*** SUMMARY ***
Total pot $2 | Rake $0
Seat 7: Mind90 (button) (small blind) folded before Flop
Seat 10: anetkaapro (big blind) collected ($2)


PokerStars Hand #151837086329:  Hold'em Limit ($3/$6 USD) - 2016/04/12 20:18:50 ET
Table 'Hanko' 10-max Seat #10 is the button
Seat 7: Mind90 ($131.52 in chips)
Seat 10: anetkaapro ($108 in chips)
anetkaapro: posts small blind $1
Mind90: posts big blind $3
*** HOLE CARDS ***
anetkaapro: raises $3 to $6
Mind90: folds
Uncalled bet ($3) returned to anetkaapro
anetkaapro collected $6 from pot
anetkaapro: doesn't show hand
*** SUMMARY ***
Total pot $6 | Rake $0
Seat 7: Mind90 (big blind) folded before Flop
Seat 10: anetkaapro (button) (small blind) collected ($6)


PokerStars Hand #151837079733:  Hold'em Limit ($3/$6 USD) - 2016/04/12 20:18:37 ET
Table 'Hanko' 10-max Seat #7 is the button
Seat 7: Mind90 ($125.76 in chips)
Seat 10: anetkaapro ($114 in chips)
Mind90: posts small blind $1
anetkaapro: posts big blind $3
*** HOLE CARDS ***
Mind90: raises $3 to $6
anetkaapro: calls $3
*** FLOP *** [2d 6s Qh]
anetkaapro: checks
Mind90: bets $3
anetkaapro: folds
Uncalled bet ($3) returned to Mind90
Mind90 collected $11.76 from pot
Mind90: doesn't show hand
*** SUMMARY ***
Total pot $12 | Rake $0.24
Board [2d 6s Qh]
Seat 7: Mind90 (button) (small blind) collected ($11.76)
Seat 10: anetkaapro (big blind) folded on the Flop


PokerStars Hand #151837138550:  Hold'em Limit ($3/$6 USD) - 2016/04/12 20:20:37 ET
Table 'Hanko' 10-max Seat #7 is the button
Seat 7: Mind90 ($133.02 in chips)
Seat 10: anetkaapro ($105.50 in chips)
Mind90: posts small blind $1
anetkaapro: posts big blind $3
*** HOLE CARDS ***
Mind90: folds
Uncalled bet ($2) returned to anetkaapro
anetkaapro collected $2 from pot
anetkaapro: doesn't show hand
*** SUMMARY ***
Total pot $2 | Rake $0
Seat 7: Mind90 (button) (small blind) folded before Flop
Seat 10: anetkaapro (big blind) collected ($2)


PokerStars Hand #151837132905:  Hold'em Limit ($3/$6 USD) - 2016/04/12 20:20:26 ET
Table 'Hanko' 10-max Seat #10 is the button
Seat 7: Mind90 ($132.02 in chips)
Seat 10: anetkaapro ($106.50 in chips)
anetkaapro: posts small blind $1
Mind90: posts big blind $3
*** HOLE CARDS ***
anetkaapro: folds
Uncalled bet ($2) returned to Mind90
Mind90 collected $2 from pot
Mind90: doesn't show hand
*** SUMMARY ***
Total pot $2 | Rake $0
Seat 7: Mind90 (big blind) collected ($2)
Seat 10: anetkaapro (button) (small blind) folded before Flop


PokerStars Hand #151837127147:  Hold'em Limit ($3/$6 USD) - 2016/04/12 20:20:14 ET
Table 'Hanko' 10-max Seat #7 is the button
Seat 7: Mind90 ($129.02 in chips)
Seat 10: anetkaapro ($109.50 in chips)
Mind90: posts small blind $1
anetkaapro: posts big blind $3
*** HOLE CARDS ***
Mind90: raises $3 to $6
anetkaapro: folds
Uncalled bet ($3) returned to Mind90
Mind90 collected $6 from pot
Mind90: doesn't show hand
*** SUMMARY ***
Total pot $6 | Rake $0
Seat 7: Mind90 (button) (small blind) collected ($6)
Seat 10: anetkaapro (big blind) folded before Flop


PokerStars Hand #151837110288:  Hold'em Limit ($3/$6 USD) - 2016/04/12 20:19:39 ET
Table 'Hanko' 10-max Seat #10 is the button
Seat 7: Mind90 ($105.52 in chips)
Seat 10: anetkaapro ($133.50 in chips)
anetkaapro: posts small blind $1
Mind90: posts big blind $3
*** HOLE CARDS ***
anetkaapro: raises $3 to $6
Mind90: raises $3 to $9
anetkaapro: calls $3
*** FLOP *** [9c Jh 2c]
Mind90: bets $3
anetkaapro: calls $3
*** TURN *** [9c Jh 2c] [2h]
Mind90: bets $6
anetkaapro: calls $6
*** RIVER *** [9c Jh 2c 2h] [9h]
Mind90: bets $6
anetkaapro: calls $6
*** SHOW DOWN ***
Mind90: shows [Kh 2d] (a full house, Deuces full of Nines)
anetkaapro: mucks hand
Mind90 collected $47.50 from pot
*** SUMMARY ***
Total pot $48 | Rake $0.50
Board [9c Jh 2c 2h 9h]
Seat 7: Mind90 (big blind) showed [Kh 2d] and won ($47.50) with a full house, Deuces full of Nines
Seat 10: anetkaapro (button) (small blind) mucked


PokerStars Hand #151837163070:  Hold'em Limit ($3/$6 USD) - 2016/04/12 20:21:28 ET
Table 'Hanko' 10-max Seat #7 is the button
Seat 7: Mind90 ($119.52 in chips)
Seat 10: anetkaapro ($117.76 in chips)
Mind90: posts small blind $1
anetkaapro: posts big blind $3
*** HOLE CARDS ***
Mind90: raises $3 to $6
anetkaapro: folds
Uncalled bet ($3) returned to Mind90
Mind90 collected $6 from pot
Mind90: doesn't show hand
*** SUMMARY ***
Total pot $6 | Rake $0
Seat 7: Mind90 (button) (small blind) collected ($6)
Seat 10: anetkaapro (big blind) folded before Flop


PokerStars Hand #151837158238:  Hold'em Limit ($3/$6 USD) - 2016/04/12 20:21:18 ET
Table 'Hanko' 10-max Seat #10 is the button
Seat 7: Mind90 ($125.52 in chips)
Seat 10: anetkaapro ($112 in chips)
anetkaapro: posts small blind $1
Mind90: posts big blind $3
*** HOLE CARDS ***
anetkaapro: raises $3 to $6
Mind90: calls $3
*** FLOP *** [6s 4d 3c]
Mind90: checks
anetkaapro: bets $3
Mind90: folds
Uncalled bet ($3) returned to anetkaapro
anetkaapro collected $11.76 from pot
anetkaapro: doesn't show hand
*** SUMMARY ***
Total pot $12 | Rake $0.24
Board [6s 4d 3c]
Seat 7: Mind90 (big blind) folded on the Flop
Seat 10: anetkaapro (button) (small blind) collected ($11.76)


PokerStars Hand #151837151114:  Hold'em Limit ($3/$6 USD) - 2016/04/12 20:21:03 ET
Table 'Hanko' 10-max Seat #7 is the button
Seat 7: Mind90 ($111.02 in chips)
Seat 10: anetkaapro ($127 in chips)
Mind90: posts small blind $1
anetkaapro: posts big blind $3
*** HOLE CARDS ***
Mind90: raises $3 to $6
anetkaapro: calls $3
*** FLOP *** [8c 8s 9c]
anetkaapro: checks
Mind90: bets $3
anetkaapro: calls $3
*** TURN *** [8c 8s 9c] [Ts]
anetkaapro: checks
Mind90: bets $6
anetkaapro: calls $6
*** RIVER *** [8c 8s 9c Ts] [Qc]
anetkaapro: checks
Mind90: checks
*** SHOW DOWN ***
anetkaapro: shows [Ah 5c] (a pair of Eights)
Mind90: shows [Th 6s] (two pair, Tens and Eights)
Mind90 collected $29.50 from pot
*** SUMMARY ***
Total pot $30 | Rake $0.50
Board [8c 8s 9c Ts Qc]
Seat 7: Mind90 (button) (small blind) showed [Th 6s] and won ($29.50) with two pair, Tens and Eights
Seat 10: anetkaapro (big blind) showed [Ah 5c] and lost with a pair of Eights


PokerStars Hand #151837140833:  Hold'em Limit ($3/$6 USD) - 2016/04/12 20:20:42 ET
Table 'Hanko' 10-max Seat #10 is the button
Seat 7: Mind90 ($132.02 in chips)
Seat 10: anetkaapro ($106.50 in chips)
anetkaapro: posts small blind $1
Mind90: posts big blind $3
*** HOLE CARDS ***
anetkaapro: raises $3 to $6
Mind90: calls $3
*** FLOP *** [2s 5c 3s]
Mind90: checks
anetkaapro: bets $3
Mind90: calls $3
*** TURN *** [2s 5c 3s] [9d]
Mind90: bets $6
anetkaapro: calls $6
*** RIVER *** [2s 5c 3s 9d] [3d]
Mind90: bets $6
anetkaapro: calls $6
*** SHOW DOWN ***
Mind90: shows [Qd 7c] (a pair of Threes)
anetkaapro: shows [Td Ah] (a pair of Threes - Ace kicker)
anetkaapro collected $41.50 from pot
*** SUMMARY ***
Total pot $42 | Rake $0.50
Board [2s 5c 3s 9d 3d]
Seat 7: Mind90 (big blind) showed [Qd 7c] and lost with a pair of Threes
Seat 10: anetkaapro (button) (small blind) showed [Td Ah] and won ($41.50) with a pair of Threes


PokerStars Hand #151837187001:  Hold'em Limit ($3/$6 USD) - 2016/04/12 20:22:18 ET
Table 'Hanko' 10-max Seat #10 is the button
Seat 7: Mind90 ($112.92 in chips)
Seat 10: anetkaapro ($123.26 in chips)
anetkaapro: posts small blind $1
Mind90: posts big blind $3
*** HOLE CARDS ***
anetkaapro: raises $3 to $6
Mind90: folds
Uncalled bet ($3) returned to anetkaapro
anetkaapro collected $6 from pot
anetkaapro: doesn't show hand
*** SUMMARY ***
Total pot $6 | Rake $0
Seat 7: Mind90 (big blind) folded before Flop
Seat 10: anetkaapro (button) (small blind) collected ($6)


PokerStars Hand #151837182502:  Hold'em Limit ($3/$6 USD) - 2016/04/12 20:22:08 ET
Table 'Hanko' 10-max Seat #7 is the button
Seat 7: Mind90 ($107.16 in chips)
Seat 10: anetkaapro ($129.26 in chips)
Mind90: posts small blind $1
anetkaapro: posts big blind $3
*** HOLE CARDS ***
Mind90: raises $3 to $6
anetkaapro: calls $3
*** FLOP *** [4d 4h 4c]
anetkaapro: checks
Mind90: bets $3
anetkaapro: folds
Uncalled bet ($3) returned to Mind90
Mind90 collected $11.76 from pot
Mind90: doesn't show hand
*** SUMMARY ***
Total pot $12 | Rake $0.24
Board [4d 4h 4c]
Seat 7: Mind90 (button) (small blind) collected ($11.76)
Seat 10: anetkaapro (big blind) folded on the Flop


PokerStars Hand #151837180233:  Hold'em Limit ($3/$6 USD) - 2016/04/12 20:22:04 ET
Table 'Hanko' 10-max Seat #10 is the button
Seat 7: Mind90 ($110.16 in chips)
Seat 10: anetkaapro ($126.26 in chips)
anetkaapro: posts small blind $1
Mind90: posts big blind $3
*** HOLE CARDS ***
anetkaapro: raises $3 to $6
Mind90: folds
Uncalled bet ($3) returned to anetkaapro
anetkaapro collected $6 from pot
anetkaapro: doesn't show hand
*** SUMMARY ***
Total pot $6 | Rake $0
Seat 7: Mind90 (big blind) folded before Flop
Seat 10: anetkaapro (button) (small blind) collected ($6)


PokerStars Hand #151837175342:  Hold'em Limit ($3/$6 USD) - 2016/04/12 20:21:53 ET
Table 'Hanko' 10-max Seat #7 is the button
Seat 7: Mind90 ($101.52 in chips)
Seat 10: anetkaapro ($135.26 in chips)
Mind90: posts small blind $1
anetkaapro: posts big blind $3
*** HOLE CARDS ***
Mind90: raises $3 to $6
anetkaapro: calls $3
*** FLOP *** [9s 8c Qc]
anetkaapro: checks
Mind90: bets $3
anetkaapro: calls $3
*** TURN *** [9s 8c Qc] [5d]
anetkaapro: checks
Mind90: bets $6
anetkaapro: folds
Uncalled bet ($6) returned to Mind90
Mind90 collected $17.64 from pot
Mind90: doesn't show hand
*** SUMMARY ***
Total pot $18 | Rake $0.36
Board [9s 8c Qc 5d]
Seat 7: Mind90 (button) (small blind) collected ($17.64)
Seat 10: anetkaapro (big blind) folded on the Turn


PokerStars Hand #151837165365:  Hold'em Limit ($3/$6 USD) - 2016/04/12 20:21:33 ET
Table 'Hanko' 10-max Seat #10 is the button
Seat 7: Mind90 ($122.52 in chips)
Seat 10: anetkaapro ($114.76 in chips)
anetkaapro: posts small blind $1
Mind90: posts big blind $3
*** HOLE CARDS ***
anetkaapro: raises $3 to $6
Mind90: calls $3
*** FLOP *** [4s 9d 4h]
Mind90: bets $3
anetkaapro: calls $3
*** TURN *** [4s 9d 4h] [3d]
Mind90: bets $6
anetkaapro: calls $6
*** RIVER *** [4s 9d 4h 3d] [9s]
Mind90: bets $6
anetkaapro: calls $6
*** SHOW DOWN ***
Mind90: shows [Kh Qd] (two pair, Nines and Fours)
anetkaapro: shows [Ad 8h] (two pair, Nines and Fours - Ace kicker)
anetkaapro collected $41.50 from pot
*** SUMMARY ***
Total pot $42 | Rake $0.50
Board [4s 9d 4h 3d 9s]
Seat 7: Mind90 (big blind) showed [Kh Qd] and lost with two pair, Nines and Fours
Seat 10: anetkaapro (button) (small blind) showed [Ad 8h] and won ($41.50) with two pair, Nines and Fours


PokerStars Hand #151837220567:  Hold'em Limit ($3/$6 USD) - 2016/04/12 20:23:27 ET
Table 'Hanko' 10-max Seat #7 is the button
Seat 7: Mind90 ($144.92 in chips)
Seat 10: anetkaapro ($89.90 in chips)
Mind90: posts small blind $1
anetkaapro: posts big blind $3
*** HOLE CARDS ***
Mind90: raises $3 to $6
anetkaapro: raises $3 to $9
Mind90: calls $3
*** FLOP *** [Tc 3h Qs]
anetkaapro: bets $3
Mind90: folds
Uncalled bet ($3) returned to anetkaapro
anetkaapro collected $17.64 from pot
anetkaapro: doesn't show hand
*** SUMMARY ***
Total pot $18 | Rake $0.36
Board [Tc 3h Qs]
Seat 7: Mind90 (button) (small blind) folded on the Flop
Seat 10: anetkaapro (big blind) collected ($17.64)


PokerStars Hand #151837217956:  Hold'em Limit ($3/$6 USD) - 2016/04/12 20:23:22 ET
Table 'Hanko' 10-max Seat #10 is the button
Seat 7: Mind90 ($147.92 in chips)
Seat 10: anetkaapro ($86.90 in chips)
anetkaapro: posts small blind $1
Mind90: posts big blind $3
*** HOLE CARDS ***
anetkaapro: raises $3 to $6
Mind90: folds
Uncalled bet ($3) returned to anetkaapro
anetkaapro collected $6 from pot
anetkaapro: doesn't show hand
*** SUMMARY ***
Total pot $6 | Rake $0
Seat 7: Mind90 (big blind) folded before Flop
Seat 10: anetkaapro (button) (small blind) collected ($6)


PokerStars Hand #151837211114:  Hold'em Limit ($3/$6 USD) - 2016/04/12 20:23:07 ET
Table 'Hanko' 10-max Seat #7 is the button
Seat 7: Mind90 ($124.42 in chips)
Seat 10: anetkaapro ($110.90 in chips)
Mind90: posts small blind $1
anetkaapro: posts big blind $3
*** HOLE CARDS ***
Mind90: raises $3 to $6
anetkaapro: raises $3 to $9
Mind90: calls $3
*** FLOP *** [Qs 5h 3c]
anetkaapro: bets $3
Mind90: calls $3
*** TURN *** [Qs 5h 3c] [2s]
anetkaapro: checks
Mind90: bets $6
anetkaapro: calls $6
*** RIVER *** [Qs 5h 3c 2s] [6h]
anetkaapro: checks
Mind90: bets $6
anetkaapro: calls $6
*** SHOW DOWN ***
Mind90: shows [6c Qc] (two pair, Queens and Sixes)
anetkaapro: mucks hand
Mind90 collected $47.50 from pot
*** SUMMARY ***
Total pot $48 | Rake $0.50
Board [Qs 5h 3c 2s 6h]
Seat 7: Mind90 (button) (small blind) showed [6c Qc] and won ($47.50) with two pair, Queens and Sixes
Seat 10: anetkaapro (big blind) mucked


PokerStars Hand #151837201647:  Hold'em Limit ($3/$6 USD) - 2016/04/12 20:22:48 ET
Table 'Hanko' 10-max Seat #10 is the button
Seat 7: Mind90 ($100.92 in chips)
Seat 10: anetkaapro ($134.90 in chips)
anetkaapro: posts small blind $1
Mind90: posts big blind $3
*** HOLE CARDS ***
anetkaapro: raises $3 to $6
Mind90: raises $3 to $9
anetkaapro: calls $3
*** FLOP *** [Td Th 2h]
Mind90: bets $3
anetkaapro: calls $3
*** TURN *** [Td Th 2h] [2d]
Mind90: bets $6
anetkaapro: calls $6
*** RIVER *** [Td Th 2h 2d] [Js]
Mind90: bets $6
anetkaapro: calls $6
*** SHOW DOWN ***
Mind90: shows [Ah Tc] (a full house, Tens full of Deuces)
anetkaapro: mucks hand
Mind90 collected $47.50 from pot
*** SUMMARY ***
Total pot $48 | Rake $0.50
Board [Td Th 2h 2d Js]
Seat 7: Mind90 (big blind) showed [Ah Tc] and won ($47.50) with a full house, Tens full of Deuces
Seat 10: anetkaapro (button) (small blind) mucked


PokerStars Hand #151837189880:  Hold'em Limit ($3/$6 USD) - 2016/04/12 20:22:24 ET
Table 'Hanko' 10-max Seat #7 is the button
Seat 7: Mind90 ($109.92 in chips)
Seat 10: anetkaapro ($126.26 in chips)
Mind90: posts small blind $1
anetkaapro: posts big blind $3
*** HOLE CARDS ***
Mind90: raises $3 to $6
anetkaapro: calls $3
*** FLOP *** [Ac 4d Js]
anetkaapro: checks
Mind90: bets $3
anetkaapro: calls $3
*** TURN *** [Ac 4d Js] [7h]
anetkaapro: checks
Mind90: checks
*** RIVER *** [Ac 4d Js 7h] [3d]
anetkaapro: checks
Mind90: checks
*** SHOW DOWN ***
anetkaapro: shows [7d Jd] (two pair, Jacks and Sevens)
Mind90: mucks hand
anetkaapro collected $17.64 from pot
*** SUMMARY ***
Total pot $18 | Rake $0.36
Board [Ac 4d Js 7h 3d]
Seat 7: Mind90 (button) (small blind) mucked
Seat 10: anetkaapro (big blind) showed [7d Jd] and won ($17.64) with two pair, Jacks and Sevens


PokerStars Hand #151837226094:  Hold'em Limit ($3/$6 USD) - 2016/04/12 20:23:38 ET
Table 'Hanko' 10-max Seat #10 is the button
Seat 7: Mind90 ($135.92 in chips)
Seat 10: anetkaapro ($98.54 in chips)
anetkaapro: posts small blind $1
Mind90: posts big blind $3
*** HOLE CARDS ***
anetkaapro: raises $3 to $6
BuzovaPro joins the table at seat #8
Mind90: raises $3 to $9
anetkaapro: calls $3
*** FLOP *** [6h Jd 4d]
Mind90: bets $3
anetkaapro: calls $3
*** TURN *** [6h Jd 4d] [3c]
Mind90: bets $6
anetkaapro: raises $6 to $12
Mind90: calls $6
*** RIVER *** [6h Jd 4d 3c] [2d]
Mind90: checks
anetkaapro: bets $6
Mind90: calls $6
*** SHOW DOWN ***
anetkaapro: shows [5d 7s] (a straight, Three to Seven)
Mind90: mucks hand
anetkaapro collected $59.50 from pot
*** SUMMARY ***
Total pot $60 | Rake $0.50
Board [6h Jd 4d 3c 2d]
Seat 7: Mind90 (big blind) mucked
Seat 10: anetkaapro (button) (small blind) showed [5d 7s] and won ($59.50) with a straight, Three to Seven


PokerStars Hand #151837296910:  Hold'em Limit ($3/$6 USD) - 2016/04/12 20:26:06 ET
Table 'Hanko' 10-max Seat #10 is the button
Seat 7: Mind90 ($140.13 in chips)
Seat 10: anetkaapro ($104 in chips)
anetkaapro: posts small blind $1
Mind90: posts big blind $3
*** HOLE CARDS ***
anetkaapro: folds
Uncalled bet ($2) returned to Mind90
Mind90 collected $2 from pot
Mind90: doesn't show hand
*** SUMMARY ***
Total pot $2 | Rake $0
Seat 7: Mind90 (big blind) collected ($2)
Seat 10: anetkaapro (button) (small blind) folded before Flop


PokerStars Hand #151837289440:  Hold'em Limit ($3/$6 USD) - 2016/04/12 20:25:51 ET
Table 'Hanko' 10-max Seat #7 is the button
Seat 7: Mind90 ($131.49 in chips)
Seat 10: anetkaapro ($113 in chips)
Mind90: posts small blind $1
anetkaapro: posts big blind $3
*** HOLE CARDS ***
Mind90: raises $3 to $6
anetkaapro: calls $3
*** FLOP *** [6d Kc 3d]
anetkaapro: checks
Mind90: bets $3
anetkaapro: calls $3
*** TURN *** [6d Kc 3d] [Td]
anetkaapro: checks
Mind90: bets $6
anetkaapro: folds
Uncalled bet ($6) returned to Mind90
Mind90 collected $17.64 from pot
Mind90: doesn't show hand
*** SUMMARY ***
Total pot $18 | Rake $0.36
Board [6d Kc 3d Td]
Seat 7: Mind90 (button) (small blind) collected ($17.64)
Seat 10: anetkaapro (big blind) folded on the Turn


PokerStars Hand #151837299215:  Hold'em Limit ($3/$6 USD) - 2016/04/12 20:26:11 ET
Table 'Hanko' 10-max Seat #7 is the button
Seat 7: Mind90 ($141.13 in chips)
Seat 10: anetkaapro ($103 in chips)
Mind90: posts small blind $1
anetkaapro: posts big blind $3
*** HOLE CARDS ***
Mind90 has timed out
Mind90: folds
Uncalled bet ($2) returned to anetkaapro
anetkaapro collected $2 from pot
anetkaapro: doesn't show hand
*** SUMMARY ***
Total pot $2 | Rake $0
Seat 7: Mind90 (button) (small blind) folded before Flop
Seat 10: anetkaapro (big blind) collected ($2)


