PokerStars Hand #167327550353:  Hold'em Limit ($3/$6 USD) - 2017/03/09 4:45:30 ET
Table 'Hanna' 6-max Seat #3 is the button
Seat 2: TbIP-TbIP 88 ($72 in chips)
Seat 3: hairy1961 ($18.32 in chips)
hairy1961: posts small blind $1
jackdog: is sitting out
TbIP-TbIP 88: posts big blind $3
*** HOLE CARDS ***
hairy1961: folds
Uncalled bet ($2) returned to TbIP-TbIP 88
TbIP-TbIP 88 collected $2 from pot
TbIP-TbIP 88: doesn't show hand
*** SUMMARY ***
Total pot $2 | Rake $0
Seat 2: TbIP-TbIP 88 (big blind) collected ($2)
Seat 3: hairy1961 (button) (small blind) folded before Flop


PokerStars Hand #167327552554:  Hold'em Limit ($3/$6 USD) - 2017/03/09 4:45:36 ET
Table 'Hanna' 6-max Seat #2 is the button
Seat 2: TbIP-TbIP 88 ($73 in chips)
Seat 3: hairy1961 ($17.32 in chips)
TbIP-TbIP 88: posts small blind $1
hairy1961: posts big blind $3
*** HOLE CARDS ***
jackdog leaves the table
TbIP-TbIP 88: raises $3 to $6
buenajojojo joins the table at seat #4
hairy1961: raises $3 to $9
TbIP-TbIP 88: calls $3
*** FLOP *** [4s 4c Ad]
hairy1961: bets $3
TbIP-TbIP 88: folds
Uncalled bet ($3) returned to hairy1961
hairy1961 collected $17.64 from pot
*** SUMMARY ***
Total pot $18 | Rake $0.36
Board [4s 4c Ad]
Seat 2: TbIP-TbIP 88 (button) (small blind) folded on the Flop
Seat 3: hairy1961 (big blind) collected ($17.64)


PokerStars Hand #167327578664:  Hold'em Limit ($3/$6 USD) - 2017/03/09 4:46:50 ET
Table 'Hanna' 6-max Seat #4 is the button
Seat 3: hairy1961 ($16.96 in chips)
Seat 4: buenajojojo ($44.40 in chips)
buenajojojo: posts small blind $1
TbIP-TbIP 88: is sitting out
hairy1961: posts big blind $3
*** HOLE CARDS ***
TbIP-TbIP 88 leaves the table
buenajojojo: calls $2
hairy1961: checks
*** FLOP *** [9c 3c 2s]
hairy1961: bets $3
buenajojojo: calls $3
*** TURN *** [9c 3c 2s] [4h]
hairy1961: bets $6
buenajojojo: calls $6
*** RIVER *** [9c 3c 2s 4h] [5s]
hairy1961: bets $4.96 and is all-in
buenajojojo: calls $4.96
*** SHOW DOWN ***
hairy1961: shows [2c Qs] (a pair of Deuces)
buenajojojo: shows [8s 9h] (a pair of Nines)
buenajojojo collected $33.42 from pot
*** SUMMARY ***
Total pot $33.92 | Rake $0.50
Board [9c 3c 2s 4h 5s]
Seat 3: hairy1961 (big blind) showed [2c Qs] and lost with a pair of Deuces
Seat 4: buenajojojo (button) (small blind) showed [8s 9h] and won ($33.42) with a pair of Nines


