PokerStars Hand #166517009982:  Hold'em Limit ($3/$6 USD) - 2017/02/20 15:17:11 ET
Table 'Hansa III' 6-max Seat #5 is the button
Seat 3: jackRizzar ($190.49 in chips)
Seat 5: Chessnok ($173.30 in chips)
Chessnok: posts small blind $1
JonnyCashBo: is sitting out
JonnyCashBo leaves the table
jackRizzar: posts big blind $3
*** HOLE CARDS ***
Chessnok: raises $3 to $6
jackRizzar: calls $3
*** FLOP *** [Th 9d Kc]
jackRizzar: checks
Chessnok: bets $3
jackRizzar: calls $3
*** TURN *** [Th 9d Kc] [6h]
jackRizzar: checks
Chessnok: bets $6
jackRizzar: raises $6 to $12
Chessnok: calls $6
*** RIVER *** [Th 9d Kc 6h] [Jh]
jackRizzar: checks
Chessnok: checks
*** SHOW DOWN ***
jackRizzar: shows [Tc 6d] (two pair, Tens and Sixes)
Chessnok: mucks hand
jackRizzar collected $41.50 from pot
*** SUMMARY ***
Total pot $42 | Rake $0.50
Board [Th 9d Kc 6h Jh]
Seat 3: jackRizzar (big blind) showed [Tc 6d] and won ($41.50) with two pair, Tens and Sixes
Seat 5: Chessnok (button) (small blind) mucked


PokerStars Hand #166517382335:  Hold'em Limit ($3/$6 USD) - 2017/02/20 15:23:20 ET
Table 'Hansa III' 6-max Seat #4 is the button
Seat 4: Fetish73 ($59.01 in chips)
Seat 5: Chessnok ($152.30 in chips)
Fetish73: posts small blind $1
Chessnok: posts big blind $3
*** HOLE CARDS ***
Fetish73: raises $3 to $6
Chessnok: raises $3 to $9
Fetish73: calls $3
*** FLOP *** [2h 4h Ac]
Chessnok: bets $3
Fetish73: calls $3
*** TURN *** [2h 4h Ac] [5h]
Chessnok: checks
Fetish73: bets $6
Chessnok: calls $6
*** RIVER *** [2h 4h Ac 5h] [Kd]
Chessnok: checks
Fetish73: checks
*** SHOW DOWN ***
Chessnok: shows [8s Ks] (a pair of Kings)
Fetish73: mucks hand
Chessnok collected $35.50 from pot
*** SUMMARY ***
Total pot $36 | Rake $0.50
Board [2h 4h Ac 5h Kd]
Seat 4: Fetish73 (button) (small blind) mucked
Seat 5: Chessnok (big blind) showed [8s Ks] and won ($35.50) with a pair of Kings


PokerStars Hand #166517407195:  Hold'em Limit ($3/$6 USD) - 2017/02/20 15:23:45 ET
Table 'Hansa III' 6-max Seat #5 is the button
Seat 4: Fetish73 ($41.01 in chips)
Seat 5: Chessnok ($169.80 in chips)
Chessnok: posts small blind $1
Fetish73: posts big blind $3
*** HOLE CARDS ***
Chessnok: raises $3 to $6
Fetish73: raises $3 to $9
Chessnok: calls $3
*** FLOP *** [2c Qs Jd]
Fetish73: bets $3
Chessnok: calls $3
*** TURN *** [2c Qs Jd] [Ks]
Fetish73: bets $6
Chessnok: raises $6 to $12
Fetish73: calls $6
*** RIVER *** [2c Qs Jd Ks] [Js]
Fetish73: bets $6
Chessnok: calls $6
*** SHOW DOWN ***
Fetish73: shows [As Jc] (three of a kind, Jacks)
Chessnok: mucks hand
Fetish73 collected $59.50 from pot
*** SUMMARY ***
Total pot $60 | Rake $0.50
Board [2c Qs Jd Ks Js]
Seat 4: Fetish73 (big blind) showed [As Jc] and won ($59.50) with three of a kind, Jacks
Seat 5: Chessnok (button) (small blind) mucked


PokerStars Hand #166517445727:  Hold'em Limit ($3/$6 USD) - 2017/02/20 15:24:23 ET
Table 'Hansa III' 6-max Seat #4 is the button
Seat 4: Fetish73 ($70.51 in chips)
Seat 5: Chessnok ($139.80 in chips)
Fetish73: posts small blind $1
Chessnok: posts big blind $3
*** HOLE CARDS ***
Fetish73: raises $3 to $6
Zubasa07 joins the table at seat #6
Chessnok: calls $3
*** FLOP *** [Ah Kd 3c]
Chessnok: checks
Fetish73: bets $3
Chessnok: calls $3
*** TURN *** [Ah Kd 3c] [6c]
Chessnok: checks
Fetish73: bets $6
Chessnok: calls $6
*** RIVER *** [Ah Kd 3c 6c] [8d]
Chessnok: bets $6
Fetish73: calls $6
*** SHOW DOWN ***
Chessnok: shows [8h Ac] (two pair, Aces and Eights)
Fetish73: mucks hand
Chessnok collected $41.50 from pot
*** SUMMARY ***
Total pot $42 | Rake $0.50
Board [Ah Kd 3c 6c 8d]
Seat 4: Fetish73 (button) (small blind) mucked
Seat 5: Chessnok (big blind) showed [8h Ac] and won ($41.50) with two pair, Aces and Eights


PokerStars Hand #166517671405:  Hold'em Limit ($3/$6 USD) - 2017/02/20 15:28:08 ET
Table 'Hansa III' 6-max Seat #5 is the button
Seat 4: Fetish73 ($35.97 in chips)
Seat 5: Chessnok ($180.04 in chips)
Chessnok: posts small blind $1
Zubasa07: is sitting out
Fetish73: posts big blind $3
*** HOLE CARDS ***
Chessnok: raises $3 to $6
Fetish73: calls $3
*** FLOP *** [7c 2h 7s]
Fetish73: checks
Chessnok: bets $3
Fetish73: raises $3 to $6
Chessnok: calls $3
*** TURN *** [7c 2h 7s] [8h]
Fetish73: bets $6
Chessnok: calls $6
*** RIVER *** [7c 2h 7s 8h] [Ac]
Fetish73: bets $6
Chessnok: folds
Uncalled bet ($6) returned to Fetish73
Fetish73 collected $35.50 from pot
*** SUMMARY ***
Total pot $36 | Rake $0.50
Board [7c 2h 7s 8h Ac]
Seat 4: Fetish73 (big blind) collected ($35.50)
Seat 5: Chessnok (button) (small blind) folded on the River


PokerStars Hand #166517722645:  Hold'em Limit ($3/$6 USD) - 2017/02/20 15:28:59 ET
Table 'Hansa III' 6-max Seat #5 is the button
Seat 4: Fetish73 ($82.97 in chips)
Seat 5: Chessnok ($132.04 in chips)
Chessnok: posts small blind $1
Fetish73: posts big blind $3
*** HOLE CARDS ***
Chessnok: raises $3 to $6
Fetish73: folds
Uncalled bet ($3) returned to Chessnok
Chessnok collected $6 from pot
Chessnok: doesn't show hand
*** SUMMARY ***
Total pot $6 | Rake $0
Seat 4: Fetish73 (big blind) folded before Flop
Seat 5: Chessnok (button) (small blind) collected ($6)


PokerStars Hand #166517696849:  Hold'em Limit ($3/$6 USD) - 2017/02/20 15:28:34 ET
Table 'Hansa III' 6-max Seat #4 is the button
Seat 4: Fetish73 ($53.47 in chips)
Seat 5: Chessnok ($162.04 in chips)
Fetish73: posts small blind $1
Chessnok: posts big blind $3
*** HOLE CARDS ***
Fetish73: raises $3 to $6
Chessnok: raises $3 to $9
Fetish73: calls $3
*** FLOP *** [6s 4c 3h]
Chessnok: bets $3
Fetish73: calls $3
*** TURN *** [6s 4c 3h] [2d]
Chessnok: bets $6
Fetish73: raises $6 to $12
Chessnok: calls $6
*** RIVER *** [6s 4c 3h 2d] [Tc]
Chessnok: checks
Fetish73: bets $6
Chessnok: calls $6
*** SHOW DOWN ***
Fetish73: shows [5d Ad] (a straight, Deuce to Six)
Chessnok: mucks hand
Fetish73 collected $59.50 from pot
*** SUMMARY ***
Total pot $60 | Rake $0.50
Board [6s 4c 3h 2d Tc]
Seat 4: Fetish73 (button) (small blind) showed [5d Ad] and won ($59.50) with a straight, Deuce to Six
Seat 5: Chessnok (big blind) mucked


PokerStars Hand #166517759477:  Hold'em Limit ($3/$6 USD) - 2017/02/20 15:29:36 ET
Table 'Hansa III' 6-max Seat #5 is the button
Seat 4: Fetish73 ($91.37 in chips)
Seat 5: Chessnok ($123.04 in chips)
Chessnok: posts small blind $1
Fetish73: posts big blind $3
*** HOLE CARDS ***
Chessnok: raises $3 to $6
Fetish73: folds
Uncalled bet ($3) returned to Chessnok
Zubasa07 leaves the table
Chessnok collected $6 from pot
Chessnok: doesn't show hand
*** SUMMARY ***
Total pot $6 | Rake $0
Seat 4: Fetish73 (big blind) folded before Flop
Seat 5: Chessnok (button) (small blind) collected ($6)


PokerStars Hand #166517749711:  Hold'em Limit ($3/$6 USD) - 2017/02/20 15:29:26 ET
Table 'Hansa III' 6-max Seat #4 is the button
Seat 4: Fetish73 ($85.61 in chips)
Seat 5: Chessnok ($129.04 in chips)
Fetish73: posts small blind $1
Chessnok: posts big blind $3
*** HOLE CARDS ***
Fetish73: raises $3 to $6
Chessnok: calls $3
*** FLOP *** [4d Ac Jc]
Chessnok: checks
Fetish73: bets $3
Chessnok: folds
Uncalled bet ($3) returned to Fetish73
Fetish73 collected $11.76 from pot
*** SUMMARY ***
Total pot $12 | Rake $0.24
Board [4d Ac Jc]
Seat 4: Fetish73 (button) (small blind) collected ($11.76)
Seat 5: Chessnok (big blind) folded on the Flop


PokerStars Hand #166517744122:  Hold'em Limit ($3/$6 USD) - 2017/02/20 15:29:21 ET
Table 'Hansa III' 6-max Seat #5 is the button
Seat 4: Fetish73 ($88.61 in chips)
Seat 5: Chessnok ($126.04 in chips)
Chessnok: posts small blind $1
Fetish73: posts big blind $3
*** HOLE CARDS ***
Chessnok: raises $3 to $6
Fetish73: folds
Uncalled bet ($3) returned to Chessnok
Chessnok collected $6 from pot
Chessnok: doesn't show hand
*** SUMMARY ***
Total pot $6 | Rake $0
Seat 4: Fetish73 (big blind) folded before Flop
Seat 5: Chessnok (button) (small blind) collected ($6)


PokerStars Hand #166517728157:  Hold'em Limit ($3/$6 USD) - 2017/02/20 15:29:05 ET
Table 'Hansa III' 6-max Seat #4 is the button
Seat 4: Fetish73 ($79.97 in chips)
Seat 5: Chessnok ($135.04 in chips)
Fetish73: posts small blind $1
Chessnok: posts big blind $3
*** HOLE CARDS ***
Fetish73: raises $3 to $6
Chessnok: calls $3
*** FLOP *** [8c Ac 4h]
Chessnok: checks
Fetish73: bets $3
Chessnok: calls $3
*** TURN *** [8c Ac 4h] [Tc]
Chessnok: checks
Fetish73: bets $6
Chessnok: folds
Uncalled bet ($6) returned to Fetish73
Fetish73 collected $17.64 from pot
*** SUMMARY ***
Total pot $18 | Rake $0.36
Board [8c Ac 4h Tc]
Seat 4: Fetish73 (button) (small blind) collected ($17.64)
Seat 5: Chessnok (big blind) folded on the Turn


PokerStars Hand #166517813761:  Hold'em Limit ($3/$6 USD) - 2017/02/20 15:30:30 ET
Table 'Hansa III' 6-max Seat #5 is the button
Seat 4: Fetish73 ($125.37 in chips)
Seat 5: Chessnok ($88.04 in chips)
Chessnok: posts small blind $1
Fetish73: posts big blind $3
*** HOLE CARDS ***
Chessnok: raises $3 to $6
Fetish73: raises $3 to $9
Chessnok: calls $3
*** FLOP *** [2s Jc Td]
Fetish73: bets $3
Chessnok: calls $3
*** TURN *** [2s Jc Td] [Kc]
Fetish73: bets $6
Chessnok: calls $6
*** RIVER *** [2s Jc Td Kc] [Qs]
Fetish73: checks
Chessnok: bets $6
Fetish73: calls $6
*** SHOW DOWN ***
Chessnok: shows [As 2d] (a straight, Ten to Ace)
Fetish73: mucks hand
Chessnok collected $47.50 from pot
*** SUMMARY ***
Total pot $48 | Rake $0.50
Board [2s Jc Td Kc Qs]
Seat 4: Fetish73 (big blind) mucked
Seat 5: Chessnok (button) (small blind) showed [As 2d] and won ($47.50) with a straight, Ten to Ace


PokerStars Hand #166517808486:  Hold'em Limit ($3/$6 USD) - 2017/02/20 15:30:25 ET
Table 'Hansa III' 6-max Seat #4 is the button
Seat 4: Fetish73 ($126.37 in chips)
Seat 5: Chessnok ($87.04 in chips)
Fetish73: posts small blind $1
Chessnok: posts big blind $3
*** HOLE CARDS ***
Fetish73: folds
Uncalled bet ($2) returned to Chessnok
Chessnok collected $2 from pot
Chessnok: doesn't show hand
*** SUMMARY ***
Total pot $2 | Rake $0
Seat 4: Fetish73 (button) (small blind) folded before Flop
Seat 5: Chessnok (big blind) collected ($2)


PokerStars Hand #166517789695:  Hold'em Limit ($3/$6 USD) - 2017/02/20 15:30:06 ET
Table 'Hansa III' 6-max Seat #5 is the button
Seat 4: Fetish73 ($108.87 in chips)
Seat 5: Chessnok ($105.04 in chips)
Chessnok: posts small blind $1
Fetish73: posts big blind $3
*** HOLE CARDS ***
Chessnok: raises $3 to $6
Fetish73: raises $3 to $9
Chessnok: calls $3
*** FLOP *** [3s 2d 8c]
Fetish73: bets $3
Chessnok: calls $3
*** TURN *** [3s 2d 8c] [3h]
Fetish73: bets $6
Chessnok: calls $6
*** RIVER *** [3s 2d 8c 3h] [Kd]
Fetish73: bets $6
Chessnok: folds
Uncalled bet ($6) returned to Fetish73
Fetish73 collected $35.50 from pot
*** SUMMARY ***
Total pot $36 | Rake $0.50
Board [3s 2d 8c 3h Kd]
Seat 4: Fetish73 (big blind) collected ($35.50)
Seat 5: Chessnok (button) (small blind) folded on the River


PokerStars Hand #166517764904:  Hold'em Limit ($3/$6 USD) - 2017/02/20 15:29:41 ET
Table 'Hansa III' 6-max Seat #4 is the button
Seat 4: Fetish73 ($88.37 in chips)
Seat 5: Chessnok ($126.04 in chips)
Fetish73: posts small blind $1
Chessnok: posts big blind $3
*** HOLE CARDS ***
Fetish73: raises $3 to $6
Chessnok: calls $3
*** FLOP *** [Kh 9h 3c]
Chessnok: checks
Fetish73: bets $3
Chessnok: calls $3
*** TURN *** [Kh 9h 3c] [Ad]
Chessnok: checks
Fetish73: bets $6
Chessnok: calls $6
*** RIVER *** [Kh 9h 3c Ad] [7s]
Chessnok: checks
Fetish73: bets $6
Chessnok: calls $6
*** SHOW DOWN ***
Fetish73: shows [As Ts] (a pair of Aces)
Chessnok: mucks hand
Fetish73 collected $41.50 from pot
*** SUMMARY ***
Total pot $42 | Rake $0.50
Board [Kh 9h 3c Ad 7s]
Seat 4: Fetish73 (button) (small blind) showed [As Ts] and won ($41.50) with a pair of Aces
Seat 5: Chessnok (big blind) mucked


PokerStars Hand #166517848300:  Hold'em Limit ($3/$6 USD) - 2017/02/20 15:31:04 ET
Table 'Hansa III' 6-max Seat #4 is the button
Seat 4: Fetish73 ($97.37 in chips)
Seat 5: Chessnok ($115.54 in chips)
Fetish73: posts small blind $1
Chessnok: posts big blind $3
*** HOLE CARDS ***
Fetish73: raises $3 to $6
Chessnok: raises $3 to $9
Fetish73: calls $3
*** FLOP *** [9s 8c 6s]
Chessnok: bets $3
Fetish73: calls $3
*** TURN *** [9s 8c 6s] [Js]
Chessnok: bets $6
Fetish73: calls $6
*** RIVER *** [9s 8c 6s Js] [7h]
Chessnok: bets $6
Fetish73: calls $6
*** SHOW DOWN ***
Chessnok: shows [As 4s] (a flush, Ace high)
Fetish73: mucks hand
Chessnok collected $47.50 from pot
*** SUMMARY ***
Total pot $48 | Rake $0.50
Board [9s 8c 6s Js 7h]
Seat 4: Fetish73 (button) (small blind) mucked
Seat 5: Chessnok (big blind) showed [As 4s] and won ($47.50) with a flush, Ace high


PokerStars Hand #166517842920:  Hold'em Limit ($3/$6 USD) - 2017/02/20 15:30:59 ET
Table 'Hansa III' 6-max Seat #5 is the button
Seat 4: Fetish73 ($100.37 in chips)
Seat 5: Chessnok ($112.54 in chips)
Chessnok: posts small blind $1
Fetish73: posts big blind $3
*** HOLE CARDS ***
Chessnok: raises $3 to $6
Fetish73: folds
Uncalled bet ($3) returned to Chessnok
Chessnok collected $6 from pot
Chessnok: doesn't show hand
*** SUMMARY ***
Total pot $6 | Rake $0
Seat 4: Fetish73 (big blind) folded before Flop
Seat 5: Chessnok (button) (small blind) collected ($6)


PokerStars Hand #166517837632:  Hold'em Limit ($3/$6 USD) - 2017/02/20 15:30:54 ET
Table 'Hansa III' 6-max Seat #4 is the button
Seat 4: Fetish73 ($101.37 in chips)
Seat 5: Chessnok ($111.54 in chips)
Fetish73: posts small blind $1
Chessnok: posts big blind $3
*** HOLE CARDS ***
Fetish73: folds
Uncalled bet ($2) returned to Chessnok
Chessnok collected $2 from pot
Chessnok: doesn't show hand
*** SUMMARY ***
Total pot $2 | Rake $0
Seat 4: Fetish73 (button) (small blind) folded before Flop
Seat 5: Chessnok (big blind) collected ($2)


PokerStars Hand #166517904279:  Hold'em Limit ($3/$6 USD) - 2017/02/20 15:32:01 ET
Table 'Hansa III' 6-max Seat #4 is the button
Seat 4: Fetish73 ($82.01 in chips)
Seat 5: Chessnok ($130.04 in chips)
Fetish73: posts small blind $1
Chessnok: posts big blind $3
*** HOLE CARDS ***
Fetish73: raises $3 to $6
Chessnok: raises $3 to $9
Fetish73: raises $3 to $12
Betting is capped
Chessnok: calls $3
*** FLOP *** [Qs 8s 5c]
Chessnok: bets $3
Fetish73: calls $3
*** TURN *** [Qs 8s 5c] [9s]
Chessnok: bets $6
Fetish73: raises $6 to $12
Chessnok: calls $6
*** RIVER *** [Qs 8s 5c 9s] [Js]
Chessnok: bets $6
Fetish73: raises $6 to $12
Chessnok: calls $6
*** SHOW DOWN ***
Fetish73: shows [As Ks] (a flush, Ace high)
Chessnok: mucks hand
Fetish73 collected $77.50 from pot
*** SUMMARY ***
Total pot $78 | Rake $0.50
Board [Qs 8s 5c 9s Js]
Seat 4: Fetish73 (button) (small blind) showed [As Ks] and won ($77.50) with a flush, Ace high
Seat 5: Chessnok (big blind) mucked


PokerStars Hand #166517867154:  Hold'em Limit ($3/$6 USD) - 2017/02/20 15:31:24 ET
Table 'Hansa III' 6-max Seat #5 is the button
Seat 4: Fetish73 ($73.37 in chips)
Seat 5: Chessnok ($139.04 in chips)
Chessnok: posts small blind $1
Fetish73: posts big blind $3
*** HOLE CARDS ***
Chessnok: raises $3 to $6
Fetish73: calls $3
*** FLOP *** [9c 4h 3s]
Fetish73: checks
Chessnok: bets $3
Fetish73: calls $3
*** TURN *** [9c 4h 3s] [8s]
Fetish73: checks
Chessnok: checks
*** RIVER *** [9c 4h 3s 8s] [4d]
Fetish73: bets $6
Chessnok: folds
Uncalled bet ($6) returned to Fetish73
Fetish73 collected $17.64 from pot
*** SUMMARY ***
Total pot $18 | Rake $0.36
Board [9c 4h 3s 8s 4d]
Seat 4: Fetish73 (big blind) collected ($17.64)
Seat 5: Chessnok (button) (small blind) folded on the River


PokerStars Hand #166517939096:  Hold'em Limit ($3/$6 USD) - 2017/02/20 15:32:37 ET
Table 'Hansa III' 6-max Seat #5 is the button
Seat 4: Fetish73 ($120.51 in chips)
Seat 5: Chessnok ($91.04 in chips)
Chessnok: posts small blind $1
Fetish73: posts big blind $3
*** HOLE CARDS ***
Chessnok: raises $3 to $6
Fetish73: calls $3
*** FLOP *** [7c 6s 5s]
Fetish73: checks
Chessnok: bets $3
Fetish73: calls $3
*** TURN *** [7c 6s 5s] [Kc]
Fetish73: checks
Chessnok: bets $6
Fetish73: calls $6
*** RIVER *** [7c 6s 5s Kc] [5h]
Fetish73: checks
Chessnok: bets $6
Fetish73: folds
Uncalled bet ($6) returned to Chessnok
Chessnok collected $29.50 from pot
Chessnok: doesn't show hand
*** SUMMARY ***
Total pot $30 | Rake $0.50
Board [7c 6s 5s Kc 5h]
Seat 4: Fetish73 (big blind) folded on the River
Seat 5: Chessnok (button) (small blind) collected ($29.50)


PokerStars Hand #166517979965:  Hold'em Limit ($3/$6 USD) - 2017/02/20 15:33:17 ET
Table 'Hansa III' 6-max Seat #4 is the button
Seat 4: Fetish73 ($123.01 in chips)
Seat 5: Chessnok ($87.54 in chips)
Fetish73: posts small blind $1
Chessnok: posts big blind $3
*** HOLE CARDS ***
Fetish73: raises $3 to $6
Chessnok: calls $3
*** FLOP *** [9c 9d 5s]
Chessnok: checks
Fetish73: bets $3
Chessnok: raises $3 to $6
Fetish73: calls $3
*** TURN *** [9c 9d 5s] [5d]
Chessnok: bets $6
Fetish73: calls $6
*** RIVER *** [9c 9d 5s 5d] [Ts]
Chessnok: bets $6
Fetish73: calls $6
*** SHOW DOWN ***
Chessnok: shows [4d 5c] (a full house, Fives full of Nines)
Fetish73: mucks hand
Chessnok collected $47.50 from pot
*** SUMMARY ***
Total pot $48 | Rake $0.50
Board [9c 9d 5s 5d Ts]
Seat 4: Fetish73 (button) (small blind) mucked
Seat 5: Chessnok (big blind) showed [4d 5c] and won ($47.50) with a full house, Fives full of Nines


PokerStars Hand #166517965812:  Hold'em Limit ($3/$6 USD) - 2017/02/20 15:33:03 ET
Table 'Hansa III' 6-max Seat #5 is the button
Seat 4: Fetish73 ($108.51 in chips)
Seat 5: Chessnok ($102.54 in chips)
Chessnok: posts small blind $1
Fetish73: posts big blind $3
*** HOLE CARDS ***
Chessnok: raises $3 to $6
Fetish73: calls $3
*** FLOP *** [Js 9h 9c]
Fetish73: checks
Chessnok: bets $3
Fetish73: calls $3
*** TURN *** [Js 9h 9c] [5c]
Fetish73: checks
Chessnok: bets $6
Fetish73: calls $6
*** RIVER *** [Js 9h 9c 5c] [2d]
Fetish73: checks
Chessnok: checks
*** SHOW DOWN ***
Fetish73: shows [2h Ah] (two pair, Nines and Deuces)
Chessnok: mucks hand
Fetish73 collected $29.50 from pot
*** SUMMARY ***
Total pot $30 | Rake $0.50
Board [Js 9h 9c 5c 2d]
Seat 4: Fetish73 (big blind) showed [2h Ah] and won ($29.50) with two pair, Nines and Deuces
Seat 5: Chessnok (button) (small blind) mucked


PokerStars Hand #166517959876:  Hold'em Limit ($3/$6 USD) - 2017/02/20 15:32:58 ET
Table 'Hansa III' 6-max Seat #4 is the button
Seat 4: Fetish73 ($105.51 in chips)
Seat 5: Chessnok ($105.54 in chips)
Fetish73: posts small blind $1
Chessnok: posts big blind $3
*** HOLE CARDS ***
Fetish73: raises $3 to $6
Chessnok: folds
Uncalled bet ($3) returned to Fetish73
Fetish73 collected $6 from pot
Fetish73: doesn't show hand
*** SUMMARY ***
Total pot $6 | Rake $0
Seat 4: Fetish73 (button) (small blind) collected ($6)
Seat 5: Chessnok (big blind) folded before Flop


PokerStars Hand #166517995115:  Hold'em Limit ($3/$6 USD) - 2017/02/20 15:33:32 ET
Table 'Hansa III' 6-max Seat #5 is the button
Seat 4: Fetish73 ($99.01 in chips)
Seat 5: Chessnok ($111.04 in chips)
Chessnok: posts small blind $1
Fetish73: posts big blind $3
*** HOLE CARDS ***
Chessnok: raises $3 to $6
Fetish73: calls $3
*** FLOP *** [Kh Ks 9h]
Fetish73: checks
Chessnok: bets $3
Fetish73: raises $3 to $6
Chessnok: raises $3 to $9
Fetish73: calls $3
*** TURN *** [Kh Ks 9h] [As]
Fetish73: checks
Chessnok: bets $6
Fetish73: calls $6
*** RIVER *** [Kh Ks 9h As] [4c]
Fetish73: checks
Chessnok: checks
*** SHOW DOWN ***
Fetish73: shows [9d Qd] (two pair, Kings and Nines)
Chessnok: shows [Jc 9s] (two pair, Kings and Nines)
Fetish73 collected $20.75 from pot
Chessnok collected $20.75 from pot
*** SUMMARY ***
Total pot $42 | Rake $0.50
Board [Kh Ks 9h As 4c]
Seat 4: Fetish73 (big blind) showed [9d Qd] and won ($20.75) with two pair, Kings and Nines
Seat 5: Chessnok (button) (small blind) showed [Jc 9s] and won ($20.75) with two pair, Kings and Nines


PokerStars Hand #166518038676:  Hold'em Limit ($3/$6 USD) - 2017/02/20 15:34:16 ET
Table 'Hansa III' 6-max Seat #4 is the button
Seat 4: Fetish73 ($116.04 in chips)
Seat 5: Chessnok ($92.79 in chips)
Fetish73: posts small blind $1
Chessnok: posts big blind $3
*** HOLE CARDS ***
Fetish73: raises $3 to $6
Chessnok: raises $3 to $9
Fetish73: calls $3
*** FLOP *** [Jh 4h 3h]
Chessnok: bets $3
Fetish73: calls $3
*** TURN *** [Jh 4h 3h] [5d]
Chessnok: bets $6
Fetish73: calls $6
*** RIVER *** [Jh 4h 3h 5d] [5h]
Chessnok: bets $6
Fetish73: calls $6
*** SHOW DOWN ***
Chessnok: shows [Jd Th] (a flush, Jack high)
Fetish73: mucks hand
Chessnok collected $47.50 from pot
*** SUMMARY ***
Total pot $48 | Rake $0.50
Board [Jh 4h 3h 5d 5h]
Seat 4: Fetish73 (button) (small blind) mucked
Seat 5: Chessnok (big blind) showed [Jd Th] and won ($47.50) with a flush, Jack high


PokerStars Hand #166518028743:  Hold'em Limit ($3/$6 USD) - 2017/02/20 15:34:06 ET
Table 'Hansa III' 6-max Seat #5 is the button
Seat 4: Fetish73 ($107.40 in chips)
Seat 5: Chessnok ($101.79 in chips)
Chessnok: posts small blind $1
Fetish73: posts big blind $3
*** HOLE CARDS ***
Chessnok: raises $3 to $6
Fetish73: raises $3 to $9
Chessnok: calls $3
*** FLOP *** [2d 3h Qs]
Fetish73: bets $3
Chessnok: folds
Uncalled bet ($3) returned to Fetish73
Fetish73 collected $17.64 from pot
Fetish73: doesn't show hand
*** SUMMARY ***
Total pot $18 | Rake $0.36
Board [2d 3h Qs]
Seat 4: Fetish73 (big blind) collected ($17.64)
Seat 5: Chessnok (button) (small blind) folded on the Flop


PokerStars Hand #166518012308:  Hold'em Limit ($3/$6 USD) - 2017/02/20 15:33:50 ET
Table 'Hansa III' 6-max Seat #4 is the button
Seat 4: Fetish73 ($98.76 in chips)
Seat 5: Chessnok ($110.79 in chips)
Fetish73: posts small blind $1
Chessnok: posts big blind $3
*** HOLE CARDS ***
Fetish73: raises $3 to $6
Chessnok: calls $3
*** FLOP *** [8c 4d 9s]
Chessnok: checks
Fetish73: bets $3
Chessnok: calls $3
*** TURN *** [8c 4d 9s] [Ts]
Chessnok: checks
Fetish73: checks
*** RIVER *** [8c 4d 9s Ts] [Ah]
Chessnok: checks
Fetish73: checks
*** SHOW DOWN ***
Chessnok: shows [3c Qc] (high card Ace)
Fetish73: shows [4c Qs] (a pair of Fours)
Fetish73 collected $17.64 from pot
*** SUMMARY ***
Total pot $18 | Rake $0.36
Board [8c 4d 9s Ts Ah]
Seat 4: Fetish73 (button) (small blind) showed [4c Qs] and won ($17.64) with a pair of Fours
Seat 5: Chessnok (big blind) showed [3c Qc] and lost with high card Ace


PokerStars Hand #166518078508:  Hold'em Limit ($3/$6 USD) - 2017/02/20 15:34:55 ET
Table 'Hansa III' 6-max Seat #4 is the button
Seat 4: Fetish73 ($77.04 in chips)
Seat 5: Chessnok ($130.79 in chips)
Fetish73: posts small blind $1
Chessnok: posts big blind $3
*** HOLE CARDS ***
Fetish73: folds
Uncalled bet ($2) returned to Chessnok
Chessnok collected $2 from pot
Chessnok: doesn't show hand
*** SUMMARY ***
Total pot $2 | Rake $0
Seat 4: Fetish73 (button) (small blind) folded before Flop
Seat 5: Chessnok (big blind) collected ($2)


PokerStars Hand #166518060488:  Hold'em Limit ($3/$6 USD) - 2017/02/20 15:34:37 ET
Table 'Hansa III' 6-max Seat #5 is the button
Seat 4: Fetish73 ($92.04 in chips)
Seat 5: Chessnok ($116.29 in chips)
Chessnok: posts small blind $1
Fetish73: posts big blind $3
*** HOLE CARDS ***
Chessnok: raises $3 to $6
Fetish73: calls $3
*** FLOP *** [2s Js 5c]
Fetish73: checks
Chessnok: bets $3
Fetish73: calls $3
*** TURN *** [2s Js 5c] [4s]
Fetish73: checks
Chessnok: bets $6
Fetish73: calls $6
*** RIVER *** [2s Js 5c 4s] [Ts]
Fetish73: checks
Chessnok: bets $6
Fetish73: folds
Uncalled bet ($6) returned to Chessnok
Chessnok collected $29.50 from pot
Chessnok: doesn't show hand
*** SUMMARY ***
Total pot $30 | Rake $0.50
Board [2s Js 5c 4s Ts]
Seat 4: Fetish73 (big blind) folded on the River
Seat 5: Chessnok (button) (small blind) collected ($29.50)


PokerStars Hand #166518101220:  Hold'em Limit ($3/$6 USD) - 2017/02/20 15:35:18 ET
Table 'Hansa III' 6-max Seat #4 is the button
Seat 4: Fetish73 ($93.54 in chips)
Seat 5: Chessnok ($113.79 in chips)
Fetish73: posts small blind $1
Chessnok: posts big blind $3
*** HOLE CARDS ***
Fetish73: raises $3 to $6
Chessnok: calls $3
*** FLOP *** [Ad Tc Td]
Chessnok: checks
Fetish73: bets $3
Chessnok: calls $3
*** TURN *** [Ad Tc Td] [Ts]
Chessnok: checks
Fetish73: bets $6
Chessnok: folds
Uncalled bet ($6) returned to Fetish73
Fetish73 collected $17.64 from pot
*** SUMMARY ***
Total pot $18 | Rake $0.36
Board [Ad Tc Td Ts]
Seat 4: Fetish73 (button) (small blind) collected ($17.64)
Seat 5: Chessnok (big blind) folded on the Turn


PokerStars Hand #166518083059:  Hold'em Limit ($3/$6 USD) - 2017/02/20 15:35:00 ET
Table 'Hansa III' 6-max Seat #5 is the button
Seat 4: Fetish73 ($76.04 in chips)
Seat 5: Chessnok ($131.79 in chips)
Chessnok: posts small blind $1
Fetish73: posts big blind $3
*** HOLE CARDS ***
Chessnok: raises $3 to $6
Fetish73: calls $3
*** FLOP *** [7s Ks Ts]
Fetish73: checks
Chessnok: checks
*** TURN *** [7s Ks Ts] [4c]
Fetish73: bets $6
Chessnok: calls $6
*** RIVER *** [7s Ks Ts 4c] [Ah]
Fetish73: bets $6
Chessnok: calls $6
*** SHOW DOWN ***
Fetish73: shows [7d Kh] (two pair, Kings and Sevens)
Chessnok: mucks hand
Fetish73 collected $35.50 from pot
*** SUMMARY ***
Total pot $36 | Rake $0.50
Board [7s Ks Ts 4c Ah]
Seat 4: Fetish73 (big blind) showed [7d Kh] and won ($35.50) with two pair, Kings and Sevens
Seat 5: Chessnok (button) (small blind) mucked


PokerStars Hand #166518119087:  Hold'em Limit ($3/$6 USD) - 2017/02/20 15:35:36 ET
Table 'Hansa III' 6-max Seat #5 is the button
Seat 4: Fetish73 ($102.18 in chips)
Seat 5: Chessnok ($104.79 in chips)
Chessnok: posts small blind $1
Fetish73: posts big blind $3
*** HOLE CARDS ***
Chessnok: folds
Uncalled bet ($2) returned to Fetish73
Fetish73 collected $2 from pot
Fetish73: doesn't show hand
*** SUMMARY ***
Total pot $2 | Rake $0
Seat 4: Fetish73 (big blind) collected ($2)
Seat 5: Chessnok (button) (small blind) folded before Flop


PokerStars Hand #166518159282:  Hold'em Limit ($3/$6 USD) - 2017/02/20 15:36:15 ET
Table 'Hansa III' 6-max Seat #5 is the button
Seat 4: Fetish73 ($117.68 in chips)
Seat 5: Chessnok ($88.79 in chips)
Chessnok: posts small blind $1
Fetish73: posts big blind $3
*** HOLE CARDS ***
Chessnok: raises $3 to $6
Fetish73: calls $3
*** FLOP *** [Th 7c Jc]
Fetish73: checks
Chessnok: bets $3
Fetish73: calls $3
*** TURN *** [Th 7c Jc] [Kd]
Fetish73: checks
Chessnok: checks
*** RIVER *** [Th 7c Jc Kd] [3h]
Fetish73: checks
Chessnok: bets $6
Fetish73: calls $6
*** SHOW DOWN ***
Chessnok: shows [9d Ts] (a pair of Tens)
Fetish73: mucks hand
Chessnok collected $29.50 from pot
*** SUMMARY ***
Total pot $30 | Rake $0.50
Board [Th 7c Jc Kd 3h]
Seat 4: Fetish73 (big blind) mucked
Seat 5: Chessnok (button) (small blind) showed [9d Ts] and won ($29.50) with a pair of Tens


PokerStars Hand #166518154901:  Hold'em Limit ($3/$6 USD) - 2017/02/20 15:36:11 ET
Table 'Hansa III' 6-max Seat #4 is the button
Seat 4: Fetish73 ($118.68 in chips)
Seat 5: Chessnok ($87.79 in chips)
Fetish73: posts small blind $1
Chessnok: posts big blind $3
*** HOLE CARDS ***
Fetish73: folds
Uncalled bet ($2) returned to Chessnok
Chessnok collected $2 from pot
Chessnok: doesn't show hand
*** SUMMARY ***
Total pot $2 | Rake $0
Seat 4: Fetish73 (button) (small blind) folded before Flop
Seat 5: Chessnok (big blind) collected ($2)


PokerStars Hand #166518148835:  Hold'em Limit ($3/$6 USD) - 2017/02/20 15:36:05 ET
Table 'Hansa III' 6-max Seat #5 is the button
Seat 4: Fetish73 ($117.68 in chips)
Seat 5: Chessnok ($88.79 in chips)
Chessnok: posts small blind $1
Fetish73: posts big blind $3
*** HOLE CARDS ***
Chessnok: folds
Uncalled bet ($2) returned to Fetish73
Fetish73 collected $2 from pot
Fetish73: doesn't show hand
*** SUMMARY ***
Total pot $2 | Rake $0
Seat 4: Fetish73 (big blind) collected ($2)
Seat 5: Chessnok (button) (small blind) folded before Flop


PokerStars Hand #166518124867:  Hold'em Limit ($3/$6 USD) - 2017/02/20 15:35:41 ET
Table 'Hansa III' 6-max Seat #4 is the button
Seat 4: Fetish73 ($103.18 in chips)
Seat 5: Chessnok ($103.79 in chips)
Fetish73: posts small blind $1
Chessnok: posts big blind $3
*** HOLE CARDS ***
Fetish73: raises $3 to $6
Chessnok: calls $3
*** FLOP *** [7c 2c 4d]
Chessnok: checks
Fetish73: bets $3
Chessnok: calls $3
*** TURN *** [7c 2c 4d] [2d]
Chessnok: checks
Fetish73: bets $6
Chessnok: calls $6
*** RIVER *** [7c 2c 4d 2d] [Tc]
Chessnok: checks
Fetish73: checks
*** SHOW DOWN ***
Chessnok: shows [Kd 6d] (a pair of Deuces)
Fetish73: shows [Ks 4h] (two pair, Fours and Deuces)
Fetish73 collected $29.50 from pot
*** SUMMARY ***
Total pot $30 | Rake $0.50
Board [7c 2c 4d 2d Tc]
Seat 4: Fetish73 (button) (small blind) showed [Ks 4h] and won ($29.50) with two pair, Fours and Deuces
Seat 5: Chessnok (big blind) showed [Kd 6d] and lost with a pair of Deuces


PokerStars Hand #166518183090:  Hold'em Limit ($3/$6 USD) - 2017/02/20 15:36:39 ET
Table 'Hansa III' 6-max Seat #4 is the button
Seat 4: Fetish73 ($102.68 in chips)
Seat 5: Chessnok ($103.29 in chips)
Fetish73: posts small blind $1
Chessnok: posts big blind $3
*** HOLE CARDS ***
Fetish73: raises $3 to $6
Chessnok: calls $3
*** FLOP *** [2c 4h 2d]
Chessnok: checks
Fetish73: bets $3
Chessnok: calls $3
*** TURN *** [2c 4h 2d] [6d]
Chessnok: checks
Fetish73: checks
*** RIVER *** [2c 4h 2d 6d] [Jh]
Chessnok: bets $6
Fetish73: raises $6 to $12
Chessnok: calls $6
*** SHOW DOWN ***
Fetish73: shows [Kh Js] (two pair, Jacks and Deuces)
Chessnok: mucks hand
Fetish73 collected $41.50 from pot
*** SUMMARY ***
Total pot $42 | Rake $0.50
Board [2c 4h 2d 6d Jh]
Seat 4: Fetish73 (button) (small blind) showed [Kh Js] and won ($41.50) with two pair, Jacks and Deuces
Seat 5: Chessnok (big blind) mucked


PokerStars Hand #166518226255:  Hold'em Limit ($3/$6 USD) - 2017/02/20 15:37:22 ET
Table 'Hansa III' 6-max Seat #5 is the button
Seat 4: Fetish73 ($117.18 in chips)
Seat 5: Chessnok ($87.93 in chips)
Chessnok: posts small blind $1
Fetish73: posts big blind $3
*** HOLE CARDS ***
Chessnok: raises $3 to $6
Fetish73: raises $3 to $9
Chessnok: calls $3
*** FLOP *** [4c Ts Jd]
Fetish73: bets $3
Chessnok: calls $3
*** TURN *** [4c Ts Jd] [2h]
Fetish73: bets $6
Chessnok: calls $6
*** RIVER *** [4c Ts Jd 2h] [9d]
Fetish73: checks
Chessnok: checks
*** SHOW DOWN ***
Fetish73: shows [Tc 8c] (a pair of Tens)
Chessnok: mucks hand
Fetish73 collected $35.50 from pot
*** SUMMARY ***
Total pot $36 | Rake $0.50
Board [4c Ts Jd 2h 9d]
Seat 4: Fetish73 (big blind) showed [Tc 8c] and won ($35.50) with a pair of Tens
Seat 5: Chessnok (button) (small blind) mucked


PokerStars Hand #166518204156:  Hold'em Limit ($3/$6 USD) - 2017/02/20 15:37:00 ET
Table 'Hansa III' 6-max Seat #5 is the button
Seat 4: Fetish73 ($123.18 in chips)
Seat 5: Chessnok ($82.29 in chips)
Chessnok: posts small blind $1
Fetish73: posts big blind $3
*** HOLE CARDS ***
Chessnok: raises $3 to $6
Fetish73: calls $3
*** FLOP *** [7h 2s 2c]
Fetish73: checks
Chessnok: bets $3
Fetish73: calls $3
*** TURN *** [7h 2s 2c] [Qh]
Fetish73: checks
Chessnok: bets $6
Fetish73: folds
Uncalled bet ($6) returned to Chessnok
Chessnok collected $17.64 from pot
Chessnok: doesn't show hand
*** SUMMARY ***
Total pot $18 | Rake $0.36
Board [7h 2s 2c Qh]
Seat 4: Fetish73 (big blind) folded on the Turn
Seat 5: Chessnok (button) (small blind) collected ($17.64)


PokerStars Hand #166518219582:  Hold'em Limit ($3/$6 USD) - 2017/02/20 15:37:15 ET
Table 'Hansa III' 6-max Seat #4 is the button
Seat 4: Fetish73 ($114.18 in chips)
Seat 5: Chessnok ($90.93 in chips)
Fetish73: posts small blind $1
Chessnok: posts big blind $3
*** HOLE CARDS ***
Fetish73: raises $3 to $6
Chessnok: folds
Uncalled bet ($3) returned to Fetish73
Fetish73 collected $6 from pot
Fetish73: doesn't show hand
*** SUMMARY ***
Total pot $6 | Rake $0
Seat 4: Fetish73 (button) (small blind) collected ($6)
Seat 5: Chessnok (big blind) folded before Flop


PokerStars Hand #166518257949:  Hold'em Limit ($3/$6 USD) - 2017/02/20 15:37:54 ET
Table 'Hansa III' 6-max Seat #4 is the button
Seat 4: Fetish73 ($127.68 in chips)
Seat 5: Chessnok ($76.69 in chips)
Fetish73: posts small blind $1
Chessnok: posts big blind $3
*** HOLE CARDS ***
Fetish73: raises $3 to $6
Chessnok: folds
Uncalled bet ($3) returned to Fetish73
Fetish73 collected $6 from pot
Fetish73: doesn't show hand
*** SUMMARY ***
Total pot $6 | Rake $0
Seat 4: Fetish73 (button) (small blind) collected ($6)
Seat 5: Chessnok (big blind) folded before Flop


PokerStars Hand #166518248231:  Hold'em Limit ($3/$6 USD) - 2017/02/20 15:37:44 ET
Table 'Hansa III' 6-max Seat #5 is the button
Seat 4: Fetish73 ($133.68 in chips)
Seat 5: Chessnok ($70.93 in chips)
Chessnok: posts small blind $1
Fetish73: posts big blind $3
*** HOLE CARDS ***
Chessnok: raises $3 to $6
Fetish73: calls $3
*** FLOP *** [Jd Kh 6s]
Fetish73: checks
Chessnok: bets $3
Fetish73: folds
Uncalled bet ($3) returned to Chessnok
Chessnok collected $11.76 from pot
Chessnok: doesn't show hand
*** SUMMARY ***
Total pot $12 | Rake $0.24
Board [Jd Kh 6s]
Seat 4: Fetish73 (big blind) folded on the Flop
Seat 5: Chessnok (button) (small blind) collected ($11.76)


PokerStars Hand #166518243912:  Hold'em Limit ($3/$6 USD) - 2017/02/20 15:37:40 ET
Table 'Hansa III' 6-max Seat #4 is the button
Seat 4: Fetish73 ($134.68 in chips)
Seat 5: Chessnok ($69.93 in chips)
Fetish73: posts small blind $1
Chessnok: posts big blind $3
*** HOLE CARDS ***
Fetish73: folds
Uncalled bet ($2) returned to Chessnok
Chessnok collected $2 from pot
Chessnok: doesn't show hand
*** SUMMARY ***
Total pot $2 | Rake $0
Seat 4: Fetish73 (button) (small blind) folded before Flop
Seat 5: Chessnok (big blind) collected ($2)


PokerStars Hand #166518292788:  Hold'em Limit ($3/$6 USD) - 2017/02/20 15:38:29 ET
Table 'Hansa III' 6-max Seat #5 is the button
Seat 4: Fetish73 ($160.18 in chips)
Seat 5: Chessnok ($60 in chips)
Chessnok: posts small blind $1
Fetish73: posts big blind $3
*** HOLE CARDS ***
Chessnok: raises $3 to $6
Fetish73: calls $3
*** FLOP *** [3c Td 7s]
Fetish73: checks
Chessnok: bets $3
Fetish73: calls $3
*** TURN *** [3c Td 7s] [6h]
Fetish73: checks
Chessnok: checks
*** RIVER *** [3c Td 7s 6h] [Js]
Fetish73: bets $6
Chessnok: raises $6 to $12
Fetish73: raises $6 to $18
Chessnok: calls $6
*** SHOW DOWN ***
Fetish73: shows [7h Jc] (two pair, Jacks and Sevens)
Chessnok: mucks hand
Fetish73 collected $53.50 from pot
*** SUMMARY ***
Total pot $54 | Rake $0.50
Board [3c Td 7s 6h Js]
Seat 4: Fetish73 (big blind) showed [7h Jc] and won ($53.50) with two pair, Jacks and Sevens
Seat 5: Chessnok (button) (small blind) mucked


PokerStars Hand #166518309549:  Hold'em Limit ($3/$6 USD) - 2017/02/20 15:38:46 ET
Table 'Hansa III' 6-max Seat #4 is the button
Seat 4: Fetish73 ($186.68 in chips)
Seat 5: Chessnok ($60 in chips)
Fetish73: posts small blind $1
Chessnok: posts big blind $3
*** HOLE CARDS ***
Fetish73: raises $3 to $6
Chessnok: calls $3
*** FLOP *** [Ad 2c 5h]
Chessnok: checks
Fetish73: bets $3
Chessnok: raises $3 to $6
Fetish73: raises $3 to $9
Chessnok: raises $3 to $12
Betting is capped
Fetish73: calls $3
*** TURN *** [Ad 2c 5h] [3h]
Chessnok: bets $6
Fetish73: calls $6
*** RIVER *** [Ad 2c 5h 3h] [Qs]
Chessnok: bets $6
Fetish73: calls $6
*** SHOW DOWN ***
Chessnok: shows [5s Jh] (a pair of Fives)
Fetish73: shows [Ac Kc] (a pair of Aces)
Fetish73 collected $59.50 from pot
*** SUMMARY ***
Total pot $60 | Rake $0.50
Board [Ad 2c 5h 3h Qs]
Seat 4: Fetish73 (button) (small blind) showed [Ac Kc] and won ($59.50) with a pair of Aces
Seat 5: Chessnok (big blind) showed [5s Jh] and lost with a pair of Fives


PokerStars Hand #166518287128:  Hold'em Limit ($3/$6 USD) - 2017/02/20 15:38:23 ET
Table 'Hansa III' 6-max Seat #4 is the button
Seat 4: Fetish73 ($157.18 in chips)
Seat 5: Chessnok ($60 in chips)
Fetish73: posts small blind $1
Chessnok: posts big blind $3
*** HOLE CARDS ***
Fetish73: raises $3 to $6
Chessnok: folds
Uncalled bet ($3) returned to Fetish73
Fetish73 collected $6 from pot
Fetish73: doesn't show hand
*** SUMMARY ***
Total pot $6 | Rake $0
Seat 4: Fetish73 (button) (small blind) collected ($6)
Seat 5: Chessnok (big blind) folded before Flop


PokerStars Hand #166518264144:  Hold'em Limit ($3/$6 USD) - 2017/02/20 15:38:00 ET
Table 'Hansa III' 6-max Seat #5 is the button
Seat 4: Fetish73 ($130.68 in chips)
Seat 5: Chessnok ($73.69 in chips)
Chessnok: posts small blind $1
Fetish73: posts big blind $3
*** HOLE CARDS ***
Chessnok: raises $3 to $6
Fetish73: calls $3
*** FLOP *** [9h 9d 6c]
Fetish73: checks
Chessnok: bets $3
Fetish73: calls $3
*** TURN *** [9h 9d 6c] [As]
Fetish73: checks
Chessnok: bets $6
Fetish73: calls $6
*** RIVER *** [9h 9d 6c As] [Ad]
Fetish73: bets $6
Chessnok: raises $6 to $12
Fetish73: raises $6 to $18
Chessnok: folds
Uncalled bet ($6) returned to Fetish73
Fetish73 collected $53.50 from pot
*** SUMMARY ***
Total pot $54 | Rake $0.50
Board [9h 9d 6c As Ad]
Seat 4: Fetish73 (big blind) collected ($53.50)
Seat 5: Chessnok (button) (small blind) folded on the River


PokerStars Hand #166518339400:  Hold'em Limit ($3/$6 USD) - 2017/02/20 15:39:15 ET
Table 'Hansa III' 6-max Seat #4 is the button
Seat 4: Fetish73 ($230.68 in chips)
Seat 5: Chessnok ($60 in chips)
Fetish73: posts small blind $1
Chessnok: posts big blind $3
*** HOLE CARDS ***
Fetish73: raises $3 to $6
Chessnok: folds
Uncalled bet ($3) returned to Fetish73
Fetish73 collected $6 from pot
*** SUMMARY ***
Total pot $6 | Rake $0
Seat 4: Fetish73 (button) (small blind) collected ($6)
Seat 5: Chessnok (big blind) folded before Flop


PokerStars Hand #166518325626:  Hold'em Limit ($3/$6 USD) - 2017/02/20 15:39:02 ET
Table 'Hansa III' 6-max Seat #5 is the button
Seat 4: Fetish73 ($216.18 in chips)
Seat 5: Chessnok ($60 in chips)
Chessnok: posts small blind $1
Fetish73: posts big blind $3
*** HOLE CARDS ***
Chessnok: raises $3 to $6
Fetish73: calls $3
*** FLOP *** [2d Js Kd]
Fetish73: checks
Chessnok: bets $3
Fetish73: calls $3
*** TURN *** [2d Js Kd] [9h]
Fetish73: checks
Chessnok: bets $6
Fetish73: calls $6
*** RIVER *** [2d Js Kd 9h] [Ad]
Fetish73: checks
Chessnok: checks
*** SHOW DOWN ***
Fetish73: shows [8c Jh] (a pair of Jacks)
Chessnok: mucks hand
Fetish73 collected $29.50 from pot
*** SUMMARY ***
Total pot $30 | Rake $0.50
Board [2d Js Kd 9h Ad]
Seat 4: Fetish73 (big blind) showed [8c Jh] and won ($29.50) with a pair of Jacks
Seat 5: Chessnok (button) (small blind) mucked


PokerStars Hand #166518358318:  Hold'em Limit ($3/$6 USD) - 2017/02/20 15:39:34 ET
Table 'Hansa III' 6-max Seat #4 is the button
Seat 4: Fetish73 ($248.18 in chips)
Seat 5: Chessnok ($60 in chips)
Fetish73: posts small blind $1
Chessnok: posts big blind $3
*** HOLE CARDS ***
Fetish73: raises $3 to $6
Chessnok: raises $3 to $9
Fetish73: calls $3
*** FLOP *** [4h Qd Jc]
Chessnok: bets $3
Fetish73: calls $3
*** TURN *** [4h Qd Jc] [8s]
Chessnok: bets $6
Fetish73: calls $6
*** RIVER *** [4h Qd Jc 8s] [Ks]
Chessnok: bets $6
Fetish73: calls $6
*** SHOW DOWN ***
Chessnok: shows [Jd Jh] (three of a kind, Jacks)
Fetish73: mucks hand
Chessnok collected $47.50 from pot
*** SUMMARY ***
Total pot $48 | Rake $0.50
Board [4h Qd Jc 8s Ks]
Seat 4: Fetish73 (button) (small blind) mucked
Seat 5: Chessnok (big blind) showed [Jd Jh] and won ($47.50) with three of a kind, Jacks


PokerStars Hand #166518345188:  Hold'em Limit ($3/$6 USD) - 2017/02/20 15:39:21 ET
Table 'Hansa III' 6-max Seat #5 is the button
Seat 4: Fetish73 ($233.68 in chips)
Seat 5: Chessnok ($60 in chips)
Chessnok: posts small blind $1
Fetish73: posts big blind $3
*** HOLE CARDS ***
Chessnok: raises $3 to $6
Fetish73: calls $3
*** FLOP *** [4h Ac 5s]
Fetish73: checks
Chessnok: bets $3
Fetish73: calls $3
*** TURN *** [4h Ac 5s] [Jh]
Fetish73: checks
Chessnok: bets $6
Fetish73: raises $6 to $12
Chessnok: folds
Uncalled bet ($6) returned to Fetish73
Fetish73 collected $29.50 from pot
*** SUMMARY ***
Total pot $30 | Rake $0.50
Board [4h Ac 5s Jh]
Seat 4: Fetish73 (big blind) collected ($29.50)
Seat 5: Chessnok (button) (small blind) folded on the Turn


PokerStars Hand #166518405548:  Hold'em Limit ($3/$6 USD) - 2017/02/20 15:40:22 ET
Table 'Hansa III' 6-max Seat #5 is the button
Seat 4: Fetish73 ($202.68 in chips)
Seat 5: Chessnok ($104 in chips)
Chessnok: posts small blind $1
Fetish73: posts big blind $3
*** HOLE CARDS ***
Chessnok: raises $3 to $6
Fetish73: calls $3
*** FLOP *** [Kc 7s Ac]
Fetish73: checks
Chessnok: bets $3
Fetish73: calls $3
*** TURN *** [Kc 7s Ac] [3h]
Fetish73: checks
Chessnok: bets $6
Fetish73: folds
Uncalled bet ($6) returned to Chessnok
Chessnok collected $17.64 from pot
Chessnok: doesn't show hand
*** SUMMARY ***
Total pot $18 | Rake $0.36
Board [Kc 7s Ac 3h]
Seat 4: Fetish73 (big blind) folded on the Turn
Seat 5: Chessnok (button) (small blind) collected ($17.64)


PokerStars Hand #166518386376:  Hold'em Limit ($3/$6 USD) - 2017/02/20 15:40:02 ET
Table 'Hansa III' 6-max Seat #4 is the button
Seat 4: Fetish73 ($238.68 in chips)
Seat 5: Chessnok ($68.50 in chips)
Fetish73: posts small blind $1
Chessnok: posts big blind $3
*** HOLE CARDS ***
Fetish73: raises $3 to $6
Chessnok: calls $3
*** FLOP *** [4c Qh 2d]
Chessnok: checks
Fetish73: bets $3
Chessnok: raises $3 to $6
Fetish73: raises $3 to $9
Chessnok: raises $3 to $12
Betting is capped
Fetish73: calls $3
*** TURN *** [4c Qh 2d] [3s]
Chessnok: checks
Fetish73: bets $6
Chessnok: calls $6
*** RIVER *** [4c Qh 2d 3s] [6d]
Chessnok: checks
Fetish73: bets $6
Chessnok: raises $6 to $12
Fetish73: calls $6
*** SHOW DOWN ***
Chessnok: shows [4d 5h] (a straight, Deuce to Six)
Fetish73: mucks hand
Chessnok collected $71.50 from pot
*** SUMMARY ***
Total pot $72 | Rake $0.50
Board [4c Qh 2d 3s 6d]
Seat 4: Fetish73 (button) (small blind) mucked
Seat 5: Chessnok (big blind) showed [4d 5h] and won ($71.50) with a straight, Deuce to Six


PokerStars Hand #166518371853:  Hold'em Limit ($3/$6 USD) - 2017/02/20 15:39:48 ET
Table 'Hansa III' 6-max Seat #5 is the button
Seat 4: Fetish73 ($224.18 in chips)
Seat 5: Chessnok ($83.50 in chips)
Chessnok: posts small blind $1
Fetish73: posts big blind $3
*** HOLE CARDS ***
Chessnok: raises $3 to $6
Fetish73: calls $3
*** FLOP *** [8s 7h 8d]
Fetish73: checks
Chessnok: bets $3
Fetish73: calls $3
*** TURN *** [8s 7h 8d] [9c]
Fetish73: checks
Chessnok: bets $6
Fetish73: calls $6
*** RIVER *** [8s 7h 8d 9c] [Th]
Fetish73: bets $6
Chessnok: folds
Uncalled bet ($6) returned to Fetish73
Fetish73 collected $29.50 from pot
*** SUMMARY ***
Total pot $30 | Rake $0.50
Board [8s 7h 8d 9c Th]
Seat 4: Fetish73 (big blind) collected ($29.50)
Seat 5: Chessnok (button) (small blind) folded on the River


PokerStars Hand #166518439835:  Hold'em Limit ($3/$6 USD) - 2017/02/20 15:40:56 ET
Table 'Hansa III' 6-max Seat #5 is the button
Seat 4: Fetish73 ($214.18 in chips)
Seat 5: Chessnok ($91.64 in chips)
Chessnok: posts small blind $1
Fetish73: posts big blind $3
*** HOLE CARDS ***
Chessnok: raises $3 to $6
Fetish73: folds
Uncalled bet ($3) returned to Chessnok
Chessnok collected $6 from pot
Chessnok: doesn't show hand
*** SUMMARY ***
Total pot $6 | Rake $0
Seat 4: Fetish73 (big blind) folded before Flop
Seat 5: Chessnok (button) (small blind) collected ($6)


PokerStars Hand #166518414679:  Hold'em Limit ($3/$6 USD) - 2017/02/20 15:40:31 ET
Table 'Hansa III' 6-max Seat #4 is the button
Seat 4: Fetish73 ($193.68 in chips)
Seat 5: Chessnok ($112.64 in chips)
Fetish73: posts small blind $1
Chessnok: posts big blind $3
*** HOLE CARDS ***
Fetish73: raises $3 to $6
Chessnok: calls $3
*** FLOP *** [3c As 7d]
Chessnok: checks
Fetish73: bets $3
Chessnok: calls $3
*** TURN *** [3c As 7d] [4h]
Chessnok: checks
Fetish73: bets $6
Chessnok: calls $6
*** RIVER *** [3c As 7d 4h] [Jc]
Chessnok: checks
Fetish73: bets $6
Chessnok: calls $6
*** SHOW DOWN ***
Fetish73: shows [7c 4c] (two pair, Sevens and Fours)
Chessnok: mucks hand
Fetish73 collected $41.50 from pot
*** SUMMARY ***
Total pot $42 | Rake $0.50
Board [3c As 7d 4h Jc]
Seat 4: Fetish73 (button) (small blind) showed [7c 4c] and won ($41.50) with two pair, Sevens and Fours
Seat 5: Chessnok (big blind) mucked


PokerStars Hand #166518444895:  Hold'em Limit ($3/$6 USD) - 2017/02/20 15:41:01 ET
Table 'Hansa III' 6-max Seat #4 is the button
Seat 4: Fetish73 ($211.18 in chips)
Seat 5: Chessnok ($94.64 in chips)
Fetish73: posts small blind $1
Chessnok: posts big blind $3
*** HOLE CARDS ***
Fetish73: raises $3 to $6
Chessnok: calls $3
*** FLOP *** [Jd Kh 8h]
Chessnok: checks
Fetish73: bets $3
Chessnok: raises $3 to $6
Fetish73: calls $3
*** TURN *** [Jd Kh 8h] [7c]
Chessnok: bets $6
Fetish73: raises $6 to $12
Chessnok: calls $6
*** RIVER *** [Jd Kh 8h 7c] [6s]
Chessnok: checks
Fetish73: bets $6
Chessnok: calls $6
*** SHOW DOWN ***
Fetish73: shows [8c 8d] (three of a kind, Eights)
Chessnok: mucks hand
Fetish73 collected $59.50 from pot
*** SUMMARY ***
Total pot $60 | Rake $0.50
Board [Jd Kh 8h 7c 6s]
Seat 4: Fetish73 (button) (small blind) showed [8c 8d] and won ($59.50) with three of a kind, Eights
Seat 5: Chessnok (big blind) mucked


PokerStars Hand #166518460977:  Hold'em Limit ($3/$6 USD) - 2017/02/20 15:41:17 ET
Table 'Hansa III' 6-max Seat #5 is the button
Seat 4: Fetish73 ($240.68 in chips)
Seat 5: Chessnok ($64.64 in chips)
Chessnok: posts small blind $1
Fetish73: posts big blind $3
*** HOLE CARDS ***
Chessnok: raises $3 to $6
Fetish73: calls $3
*** FLOP *** [Jc Ts Jd]
Fetish73: checks
Chessnok: bets $3
Fetish73: folds
Uncalled bet ($3) returned to Chessnok
Chessnok collected $11.76 from pot
Chessnok: doesn't show hand
*** SUMMARY ***
Total pot $12 | Rake $0.24
Board [Jc Ts Jd]
Seat 4: Fetish73 (big blind) folded on the Flop
Seat 5: Chessnok (button) (small blind) collected ($11.76)


PokerStars Hand #166518500954:  Hold'em Limit ($3/$6 USD) - 2017/02/20 15:41:57 ET
Table 'Hansa III' 6-max Seat #4 is the button
Seat 4: Fetish73 ($204.68 in chips)
Seat 5: Chessnok ($99.54 in chips)
Fetish73: posts small blind $1
Chessnok: posts big blind $3
*** HOLE CARDS ***
Fetish73: folds
Uncalled bet ($2) returned to Chessnok
Chessnok collected $2 from pot
Chessnok: doesn't show hand
*** SUMMARY ***
Total pot $2 | Rake $0
Seat 4: Fetish73 (button) (small blind) folded before Flop
Seat 5: Chessnok (big blind) collected ($2)


PokerStars Hand #166518489658:  Hold'em Limit ($3/$6 USD) - 2017/02/20 15:41:46 ET
Table 'Hansa III' 6-max Seat #5 is the button
Seat 4: Fetish73 ($213.68 in chips)
Seat 5: Chessnok ($90.90 in chips)
Chessnok: posts small blind $1
Fetish73: posts big blind $3
*** HOLE CARDS ***
Chessnok: raises $3 to $6
Fetish73: calls $3
*** FLOP *** [Ac Ad 5s]
Fetish73: checks
Chessnok: bets $3
Fetish73: calls $3
*** TURN *** [Ac Ad 5s] [6d]
Fetish73: checks
Chessnok: bets $6
Fetish73: folds
Uncalled bet ($6) returned to Chessnok
Chessnok collected $17.64 from pot
Chessnok: doesn't show hand
*** SUMMARY ***
Total pot $18 | Rake $0.36
Board [Ac Ad 5s 6d]
Seat 4: Fetish73 (big blind) folded on the Turn
Seat 5: Chessnok (button) (small blind) collected ($17.64)


PokerStars Hand #166518471641:  Hold'em Limit ($3/$6 USD) - 2017/02/20 15:41:28 ET
Table 'Hansa III' 6-max Seat #4 is the button
Seat 4: Fetish73 ($234.68 in chips)
Seat 5: Chessnok ($70.40 in chips)
Fetish73: posts small blind $1
Chessnok: posts big blind $3
*** HOLE CARDS ***
Fetish73: raises $3 to $6
Chessnok: calls $3
*** FLOP *** [9d 5h 3d]
Chessnok: bets $3
Fetish73: calls $3
*** TURN *** [9d 5h 3d] [4c]
Chessnok: bets $6
Fetish73: calls $6
*** RIVER *** [9d 5h 3d 4c] [Qc]
Chessnok: bets $6
Fetish73: calls $6
*** SHOW DOWN ***
Chessnok: shows [Td 9c] (a pair of Nines)
Fetish73: mucks hand
Chessnok collected $41.50 from pot
*** SUMMARY ***
Total pot $42 | Rake $0.50
Board [9d 5h 3d 4c Qc]
Seat 4: Fetish73 (button) (small blind) mucked
Seat 5: Chessnok (big blind) showed [Td 9c] and won ($41.50) with a pair of Nines


PokerStars Hand #166518541989:  Hold'em Limit ($3/$6 USD) - 2017/02/20 15:42:37 ET
Table 'Hansa III' 6-max Seat #5 is the button
Seat 4: Fetish73 ($268.68 in chips)
Seat 5: Chessnok ($60 in chips)
Chessnok: posts small blind $1
cbarnes joins the table at seat #3
Fetish73: posts big blind $3
*** HOLE CARDS ***
Chessnok: folds
Uncalled bet ($2) returned to Fetish73
Fetish73 collected $2 from pot
*** SUMMARY ***
Total pot $2 | Rake $0
Seat 4: Fetish73 (big blind) collected ($2)
Seat 5: Chessnok (button) (small blind) folded before Flop


PokerStars Hand #166518521313:  Hold'em Limit ($3/$6 USD) - 2017/02/20 15:42:18 ET
Table 'Hansa III' 6-max Seat #4 is the button
Seat 4: Fetish73 ($227.18 in chips)
Seat 5: Chessnok ($76.54 in chips)
Fetish73: posts small blind $1
Chessnok: posts big blind $3
*** HOLE CARDS ***
Fetish73: raises $3 to $6
Chessnok: raises $3 to $9
Fetish73: calls $3
*** FLOP *** [Ks 2c 9d]
Chessnok: bets $3
Fetish73: calls $3
*** TURN *** [Ks 2c 9d] [Tc]
Chessnok: bets $6
Fetish73: raises $6 to $12
Chessnok: raises $6 to $18
Fetish73: raises $6 to $24
Betting is capped
Chessnok: calls $6
*** RIVER *** [Ks 2c 9d Tc] [Kh]
Chessnok: checks
Fetish73: bets $6
Chessnok: calls $6
*** SHOW DOWN ***
Fetish73: shows [Jc Qc] (a straight, Nine to King)
Chessnok: mucks hand
Fetish73 collected $83.50 from pot
*** SUMMARY ***
Total pot $84 | Rake $0.50
Board [Ks 2c 9d Tc Kh]
Seat 4: Fetish73 (button) (small blind) showed [Jc Qc] and won ($83.50) with a straight, Nine to King
Seat 5: Chessnok (big blind) mucked


PokerStars Hand #166518505436:  Hold'em Limit ($3/$6 USD) - 2017/02/20 15:42:02 ET
Table 'Hansa III' 6-max Seat #5 is the button
Seat 4: Fetish73 ($203.68 in chips)
Seat 5: Chessnok ($100.54 in chips)
Chessnok: posts small blind $1
Fetish73: posts big blind $3
*** HOLE CARDS ***
Chessnok: raises $3 to $6
Fetish73: raises $3 to $9
Chessnok: calls $3
*** FLOP *** [7d 8d Qc]
Fetish73: bets $3
Chessnok: calls $3
*** TURN *** [7d 8d Qc] [6c]
Fetish73: bets $6
Chessnok: raises $6 to $12
Fetish73: calls $6
*** RIVER *** [7d 8d Qc 6c] [Td]
Fetish73: checks
Chessnok: checks
*** SHOW DOWN ***
Fetish73: shows [Ks Tc] (a pair of Tens)
Chessnok: mucks hand
Fetish73 collected $47.50 from pot
*** SUMMARY ***
Total pot $48 | Rake $0.50
Board [7d 8d Qc 6c Td]
Seat 4: Fetish73 (big blind) showed [Ks Tc] and won ($47.50) with a pair of Tens
Seat 5: Chessnok (button) (small blind) mucked


PokerStars Hand #166518546267:  Hold'em Limit ($3/$6 USD) - 2017/02/20 15:42:41 ET
Table 'Hansa III' 6-max Seat #4 is the button
Seat 4: Fetish73 ($269.68 in chips)
Seat 5: Chessnok ($60 in chips)
Fetish73: posts small blind $1
Chessnok: posts big blind $3
*** HOLE CARDS ***
Fetish73: raises $3 to $6
Chessnok: calls $3
*** FLOP *** [9s As 3s]
Chessnok: checks
Fetish73: bets $3
Chessnok: calls $3
*** TURN *** [9s As 3s] [Tc]
Chessnok: checks
Fetish73: bets $6
Chessnok: calls $6
*** RIVER *** [9s As 3s Tc] [9h]
Chessnok: checks
Fetish73: checks
*** SHOW DOWN ***
Chessnok: shows [8s 5d] (a pair of Nines)
Fetish73: shows [Ks 5h] (a pair of Nines - Ace+King kicker)
Fetish73 collected $29.50 from pot
*** SUMMARY ***
Total pot $30 | Rake $0.50
Board [9s As 3s Tc 9h]
Seat 4: Fetish73 (button) (small blind) showed [Ks 5h] and won ($29.50) with a pair of Nines
Seat 5: Chessnok (big blind) showed [8s 5d] and lost with a pair of Nines


PokerStars Hand #166521409412:  Hold'em Limit ($3/$6 USD) - 2017/02/20 16:32:10 ET
Table 'Hansa III' 6-max Seat #6 is the button
Seat 5: Chessnok ($207.14 in chips)
Seat 6: Krazy90 ($120 in chips)
Krazy90: posts small blind $1
ABATAPP: is sitting out
Chessnok: posts big blind $3
*** HOLE CARDS ***
Krazy90: folds
Uncalled bet ($2) returned to Chessnok
Krazy90 leaves the table
Chessnok collected $2 from pot
Chessnok: doesn't show hand
*** SUMMARY ***
Total pot $2 | Rake $0
Seat 5: Chessnok (big blind) collected ($2)
Seat 6: Krazy90 (button) (small blind) folded before Flop


