PokerStars Hand #174551419264:  Hold'em Limit ($3/$6 USD) - 2017/08/19 21:04:53 ET
Table 'Hansa' 6-max Seat #2 is the button
Seat 2: Chessnok ($61 in chips)
Seat 4: angelomain ($398.52 in chips)
Chessnok: posts small blind $1
angelomain: posts big blind $3
*** HOLE CARDS ***
Chessnok: raises $3 to $6
angelomain: calls $3
*** FLOP *** [Th 4s Kd]
angelomain: checks
Chessnok: bets $3
angelomain: calls $3
*** TURN *** [Th 4s Kd] [Tc]
angelomain: checks
Chessnok: checks
*** RIVER *** [Th 4s Kd Tc] [7c]
angelomain: checks
Chessnok: checks
*** SHOW DOWN ***
angelomain: shows [Ad 9s] (a pair of Tens)
Chessnok: mucks hand
angelomain collected $17.64 from pot
*** SUMMARY ***
Total pot $18 | Rake $0.36
Board [Th 4s Kd Tc 7c]
Seat 2: Chessnok (button) (small blind) mucked
Seat 4: angelomain (big blind) showed [Ad 9s] and won ($17.64) with a pair of Tens


PokerStars Hand #174551417215:  Hold'em Limit ($3/$6 USD) - 2017/08/19 21:04:48 ET
Table 'Hansa' 6-max Seat #4 is the button
Seat 2: Chessnok ($60 in chips)
Seat 4: angelomain ($399.52 in chips)
angelomain: posts small blind $1
Carl1891: is sitting out
Chessnok: posts big blind $3
*** HOLE CARDS ***
angelomain: folds
Uncalled bet ($2) returned to Chessnok
Carl1891 leaves the table
Chessnok collected $2 from pot
Chessnok: doesn't show hand
*** SUMMARY ***
Total pot $2 | Rake $0
Seat 2: Chessnok (big blind) collected ($2)
Seat 4: angelomain (button) (small blind) folded before Flop


PokerStars Hand #174551428650:  Hold'em Limit ($3/$6 USD) - 2017/08/19 21:05:15 ET
Table 'Hansa' 6-max Seat #4 is the button
Seat 2: Chessnok ($60 in chips)
Seat 4: angelomain ($407.16 in chips)
angelomain: posts small blind $1
Chessnok: posts big blind $3
*** HOLE CARDS ***
angelomain: folds
Uncalled bet ($2) returned to Chessnok
Chessnok collected $2 from pot
Chessnok: doesn't show hand
*** SUMMARY ***
Total pot $2 | Rake $0
Seat 2: Chessnok (big blind) collected ($2)
Seat 4: angelomain (button) (small blind) folded before Flop


PokerStars Hand #174551430812:  Hold'em Limit ($3/$6 USD) - 2017/08/19 21:05:20 ET
Table 'Hansa' 6-max Seat #2 is the button
Seat 2: Chessnok ($61 in chips)
Seat 4: angelomain ($406.16 in chips)
Chessnok: posts small blind $1
angelomain: posts big blind $3
*** HOLE CARDS ***
Chessnok: raises $3 to $6
angelomain: calls $3
*** FLOP *** [8s 2c 8d]
angelomain: checks
Chessnok: bets $3
angelomain: calls $3
*** TURN *** [8s 2c 8d] [Qh]
angelomain: checks
Chessnok: bets $6
angelomain: calls $6
*** RIVER *** [8s 2c 8d Qh] [7c]
angelomain: checks
Chessnok: bets $6
angelomain: calls $6
*** SHOW DOWN ***
Chessnok: shows [2h 5h] (two pair, Eights and Deuces)
angelomain: mucks hand
Chessnok collected $41.50 from pot
*** SUMMARY ***
Total pot $42 | Rake $0.50
Board [8s 2c 8d Qh 7c]
Seat 2: Chessnok (button) (small blind) showed [2h 5h] and won ($41.50) with two pair, Eights and Deuces
Seat 4: angelomain (big blind) mucked


PokerStars Hand #174554851744:  Hold'em Limit ($3/$6 USD) - 2017/08/19 23:52:43 ET
Table 'Hansa' 6-max Seat #2 is the button
Seat 1: Velbor107 ($300 in chips)
Seat 2: MTLranger54 ($98.46 in chips)
MTLranger54: posts small blind $1
Velbor107: posts big blind $3
*** HOLE CARDS ***
MTLranger54: raises $3 to $6
Velbor107: folds
Uncalled bet ($3) returned to MTLranger54
MTLranger54 collected $6 from pot
MTLranger54: doesn't show hand
*** SUMMARY ***
Total pot $6 | Rake $0
Seat 1: Velbor107 (big blind) folded before Flop
Seat 2: MTLranger54 (button) (small blind) collected ($6)


PokerStars Hand #174554856031:  Hold'em Limit ($3/$6 USD) - 2017/08/19 23:52:58 ET
Table 'Hansa' 6-max Seat #1 is the button
Seat 1: Velbor107 ($297 in chips)
Seat 2: MTLranger54 ($101.46 in chips)
Velbor107: posts small blind $1
MTLranger54: posts big blind $3
*** HOLE CARDS ***
B_loJkl joins the table at seat #3
Velbor107: raises $3 to $6
MTLranger54: calls $3
*** FLOP *** [Jc Jd 9h]
MTLranger54: checks
Velbor107: bets $3
MTLranger54: calls $3
*** TURN *** [Jc Jd 9h] [Jh]
MTLranger54: bets $6
Velbor107: calls $6
*** RIVER *** [Jc Jd 9h Jh] [2d]
MTLranger54: checks
Velbor107: bets $6
MTLranger54: folds
Uncalled bet ($6) returned to Velbor107
Velbor107 collected $29.50 from pot
*** SUMMARY ***
Total pot $30 | Rake $0.50
Board [Jc Jd 9h Jh 2d]
Seat 1: Velbor107 (button) (small blind) collected ($29.50)
Seat 2: MTLranger54 (big blind) folded on the River


PokerStars Hand #174559512968:  Hold'em Limit ($3/$6 USD) - 2017/08/20 4:37:42 ET
Table 'Hansa' 6-max Seat #2 is the button
Seat 2: yayaya ($155.45 in chips)
Seat 5: zizonmusang ($58.13 in chips)
yayaya: posts small blind $1
zizonmusang: posts big blind $3
*** HOLE CARDS ***
yayaya: folds
Uncalled bet ($2) returned to zizonmusang
zizonmusang collected $2 from pot
zizonmusang: doesn't show hand
*** SUMMARY ***
Total pot $2 | Rake $0
Seat 2: yayaya (button) (small blind) folded before Flop
Seat 5: zizonmusang (big blind) collected ($2)


PokerStars Hand #174559511165:  Hold'em Limit ($3/$6 USD) - 2017/08/20 4:37:36 ET
Table 'Hansa' 6-max Seat #5 is the button
Seat 2: yayaya ($154.45 in chips)
Seat 5: zizonmusang ($59.13 in chips)
zizonmusang: posts small blind $1
harrydonkey: is sitting out
harrydonkey leaves the table
yayaya: posts big blind $3
*** HOLE CARDS ***
zizonmusang: folds
Uncalled bet ($2) returned to yayaya
yayaya collected $2 from pot
*** SUMMARY ***
Total pot $2 | Rake $0
Seat 2: yayaya (big blind) collected ($2)
Seat 5: zizonmusang (button) (small blind) folded before Flop


