PokerStars Hand #168198440648:  Hold'em Limit ($3/$6 USD) - 2017/03/27 15:34:05 ET
Table 'Hansa II' 6-max Seat #1 is the button
Seat 1: Chessnok ($113 in chips)
Seat 3: No.9 ($50.61 in chips)
Chessnok: posts small blind $1
No.9: posts big blind $3
*** HOLE CARDS ***
Chessnok: raises $3 to $6
No.9: calls $3
*** FLOP *** [7c Kh 3d]
No.9: checks
Chessnok: bets $3
No.9: folds
Uncalled bet ($3) returned to Chessnok
Chessnok collected $11.76 from pot
Chessnok: doesn't show hand
*** SUMMARY ***
Total pot $12 | Rake $0.24
Board [7c Kh 3d]
Seat 1: Chessnok (button) (small blind) collected ($11.76)
Seat 3: No.9 (big blind) folded on the Flop


PokerStars Hand #168198429169:  Hold'em Limit ($3/$6 USD) - 2017/03/27 15:33:53 ET
Table 'Hansa II' 6-max Seat #3 is the button
Seat 1: Chessnok ($119 in chips)
Seat 3: No.9 ($44.85 in chips)
No.9: posts small blind $1
Chessnok: posts big blind $3
*** HOLE CARDS ***
No.9: raises $3 to $6
Chessnok: calls $3
*** FLOP *** [9c 2h 6s]
Chessnok: checks
No.9: bets $3
Chessnok: folds
Uncalled bet ($3) returned to No.9
No.9 collected $11.76 from pot
No.9: doesn't show hand
*** SUMMARY ***
Total pot $12 | Rake $0.24
Board [9c 2h 6s]
Seat 1: Chessnok (big blind) folded on the Flop
Seat 3: No.9 (button) (small blind) collected ($11.76)


PokerStars Hand #168198424878:  Hold'em Limit ($3/$6 USD) - 2017/03/27 15:33:49 ET
Table 'Hansa II' 6-max Seat #1 is the button
Seat 1: Chessnok ($120 in chips)
Seat 3: No.9 ($43.85 in chips)
Chessnok: posts small blind $1
No.9: posts big blind $3
*** HOLE CARDS ***
Chessnok: folds
Uncalled bet ($2) returned to No.9
No.9 collected $2 from pot
No.9: doesn't show hand
*** SUMMARY ***
Total pot $2 | Rake $0
Seat 1: Chessnok (button) (small blind) folded before Flop
Seat 3: No.9 (big blind) collected ($2)


PokerStars Hand #168198419684:  Hold'em Limit ($3/$6 USD) - 2017/03/27 15:33:44 ET
Table 'Hansa II' 6-max Seat #3 is the button
Seat 1: Chessnok ($119 in chips)
Seat 3: No.9 ($44.85 in chips)
No.9: posts small blind $1
Chessnok: posts big blind $3
*** HOLE CARDS ***
No.9: folds
Uncalled bet ($2) returned to Chessnok
Chessnok collected $2 from pot
Chessnok: doesn't show hand
*** SUMMARY ***
Total pot $2 | Rake $0
Seat 1: Chessnok (big blind) collected ($2)
Seat 3: No.9 (button) (small blind) folded before Flop


PokerStars Hand #168198412575:  Hold'em Limit ($3/$6 USD) - 2017/03/27 15:33:36 ET
Table 'Hansa II' 6-max Seat #1 is the button
Seat 1: Chessnok ($120 in chips)
Seat 3: No.9 ($43.85 in chips)
Chessnok: posts small blind $1
No.9: posts big blind $3
*** HOLE CARDS ***
Chessnok: folds
Uncalled bet ($2) returned to No.9
No.9 collected $2 from pot
No.9: doesn't show hand
*** SUMMARY ***
Total pot $2 | Rake $0
Seat 1: Chessnok (button) (small blind) folded before Flop
Seat 3: No.9 (big blind) collected ($2)


PokerStars Hand #168198486091:  Hold'em Limit ($3/$6 USD) - 2017/03/27 15:34:51 ET
Table 'Hansa II' 6-max Seat #3 is the button
Seat 1: Chessnok ($109.76 in chips)
Seat 3: No.9 ($53.13 in chips)
No.9: posts small blind $1
Chessnok: posts big blind $3
*** HOLE CARDS ***
No.9: raises $3 to $6
Chessnok: calls $3
*** FLOP *** [8h 5h Kd]
Chessnok: checks
No.9: bets $3
Chessnok: raises $3 to $6
No.9: calls $3
*** TURN *** [8h 5h Kd] [Ts]
Chessnok: checks
No.9: bets $6
Atef77aca joins the table at seat #6
Chessnok: calls $6
*** RIVER *** [8h 5h Kd Ts] [3c]
Chessnok: checks
No.9: bets $6
Chessnok: calls $6
*** SHOW DOWN ***
No.9: shows [5d 6h] (a pair of Fives)
Chessnok: shows [Qh 5s] (a pair of Fives - King+Queen kicker)
Chessnok collected $47.50 from pot
*** SUMMARY ***
Total pot $48 | Rake $0.50
Board [8h 5h Kd Ts 3c]
Seat 1: Chessnok (big blind) showed [Qh 5s] and won ($47.50) with a pair of Fives
Seat 3: No.9 (button) (small blind) showed [5d 6h] and lost with a pair of Fives


PokerStars Hand #168198479484:  Hold'em Limit ($3/$6 USD) - 2017/03/27 15:34:44 ET
Table 'Hansa II' 6-max Seat #1 is the button
Seat 1: Chessnok ($106.76 in chips)
Seat 3: No.9 ($56.13 in chips)
Chessnok: posts small blind $1
No.9: posts big blind $3
*** HOLE CARDS ***
Chessnok: raises $3 to $6
No.9: folds
Uncalled bet ($3) returned to Chessnok
Chessnok collected $6 from pot
Chessnok: doesn't show hand
*** SUMMARY ***
Total pot $6 | Rake $0
Seat 1: Chessnok (button) (small blind) collected ($6)
Seat 3: No.9 (big blind) folded before Flop


PokerStars Hand #168198454604:  Hold'em Limit ($3/$6 USD) - 2017/03/27 15:34:19 ET
Table 'Hansa II' 6-max Seat #3 is the button
Seat 1: Chessnok ($118.76 in chips)
Seat 3: No.9 ($44.61 in chips)
No.9: posts small blind $1
Chessnok: posts big blind $3
*** HOLE CARDS ***
No.9: raises $3 to $6
Chessnok: calls $3
*** FLOP *** [6c 4s 5c]
Chessnok: bets $3
No.9: raises $3 to $6
Chessnok: calls $3
*** TURN *** [6c 4s 5c] [8s]
Chessnok: checks
No.9: bets $6
Chessnok: folds
Uncalled bet ($6) returned to No.9
No.9 collected $23.52 from pot
No.9: doesn't show hand
*** SUMMARY ***
Total pot $24 | Rake $0.48
Board [6c 4s 5c 8s]
Seat 1: Chessnok (big blind) folded on the Turn
Seat 3: No.9 (button) (small blind) collected ($23.52)


PokerStars Hand #168198524027:  Hold'em Limit ($3/$6 USD) - 2017/03/27 15:35:29 ET
Table 'Hansa II' 6-max Seat #1 is the button
Seat 1: Chessnok ($133.26 in chips)
Seat 3: No.9 ($29.13 in chips)
Chessnok: posts small blind $1
No.9: posts big blind $3
*** HOLE CARDS ***
Chessnok: raises $3 to $6
No.9: raises $3 to $9
Chessnok: calls $3
*** FLOP *** [2c 6d 4s]
No.9: bets $3
Chessnok: calls $3
*** TURN *** [2c 6d 4s] [4h]
vestimokrec joins the table at seat #4
No.9: bets $6
Chessnok: calls $6
*** RIVER *** [2c 6d 4s 4h] [Qc]
No.9: checks
Chessnok: bets $6
No.9: folds
Uncalled bet ($6) returned to Chessnok
Chessnok collected $35.50 from pot
Chessnok: doesn't show hand
*** SUMMARY ***
Total pot $36 | Rake $0.50
Board [2c 6d 4s 4h Qc]
Seat 1: Chessnok (button) (small blind) collected ($35.50)
Seat 3: No.9 (big blind) folded on the River


PokerStars Hand #168200012791:  Hold'em Limit ($3/$6 USD) - 2017/03/27 16:02:00 ET
Table 'Hansa II' 6-max Seat #3 is the button
Seat 1: Chessnok ($259.10 in chips)
Seat 3: love_mmm ($164.84 in chips)
love_mmm: posts small blind $1
vestimokrec: is sitting out
Chessnok: posts big blind $3
*** HOLE CARDS ***
vestimokrec leaves the table
love_mmm: calls $2
Chessnok: raises $3 to $6
love_mmm: calls $3
*** FLOP *** [8d 9c 6h]
Chessnok: bets $3
love_mmm: calls $3
*** TURN *** [8d 9c 6h] [4s]
Chessnok: bets $6
love_mmm: calls $6
*** RIVER *** [8d 9c 6h 4s] [7h]
Chessnok: bets $6
love_mmm: calls $6
*** SHOW DOWN ***
Chessnok: shows [Js 8h] (a pair of Eights)
love_mmm: shows [5s Qs] (a straight, Five to Nine)
love_mmm collected $41.50 from pot
*** SUMMARY ***
Total pot $42 | Rake $0.50
Board [8d 9c 6h 4s 7h]
Seat 1: Chessnok (big blind) showed [Js 8h] and lost with a pair of Eights
Seat 3: love_mmm (button) (small blind) showed [5s Qs] and won ($41.50) with a straight, Five to Nine


