PokerStars Hand #164318477892:  Hold'em Limit ($3/$6 USD) - 2017/01/09 17:18:53 ET
Table 'Hapag' 6-max Seat #6 is the button
Seat 1: MellivoraSto ($120 in chips)
Seat 6: barranqueiro ($219.90 in chips)
barranqueiro: posts small blind $1
MellivoraSto: posts big blind $3
*** HOLE CARDS ***
barranqueiro: raises $3 to $6
MellivoraSto: calls $3
*** FLOP *** [4c 7c 7s]
MellivoraSto: bets $3
barranqueiro: calls $3
*** TURN *** [4c 7c 7s] [8c]
MellivoraSto: bets $6
barranqueiro: folds
Uncalled bet ($6) returned to MellivoraSto
MellivoraSto collected $17.64 from pot
MellivoraSto: doesn't show hand
*** SUMMARY ***
Total pot $18 | Rake $0.36
Board [4c 7c 7s 8c]
Seat 1: MellivoraSto (big blind) collected ($17.64)
Seat 6: barranqueiro (button) (small blind) folded on the Turn


PokerStars Hand #164318565390:  Hold'em Limit ($3/$6 USD) - 2017/01/09 17:20:15 ET
Table 'Hapag' 6-max Seat #1 is the button
Seat 1: MellivoraSto ($132.64 in chips)
Seat 6: barranqueiro ($206.90 in chips)
MellivoraSto: posts small blind $1
barranqueiro: posts big blind $3
*** HOLE CARDS ***
MellivoraSto: raises $3 to $6
barranqueiro: calls $3
*** FLOP *** [Ks 3c 9s]
barranqueiro: checks
MellivoraSto: bets $3
barranqueiro: calls $3
*** TURN *** [Ks 3c 9s] [2h]
barranqueiro: checks
MellivoraSto: bets $6
barranqueiro: raises $6 to $12
MellivoraSto: folds
Uncalled bet ($6) returned to barranqueiro
barranqueiro collected $29.50 from pot
*** SUMMARY ***
Total pot $30 | Rake $0.50
Board [Ks 3c 9s 2h]
Seat 1: MellivoraSto (button) (small blind) folded on the Turn
Seat 6: barranqueiro (big blind) collected ($29.50)


PokerStars Hand #164318558106:  Hold'em Limit ($3/$6 USD) - 2017/01/09 17:20:08 ET
Table 'Hapag' 6-max Seat #6 is the button
Seat 1: MellivoraSto ($131.64 in chips)
Seat 6: barranqueiro ($207.90 in chips)
barranqueiro: posts small blind $1
MellivoraSto: posts big blind $3
*** HOLE CARDS ***
barranqueiro: folds
Uncalled bet ($2) returned to MellivoraSto
MellivoraSto collected $2 from pot
MellivoraSto: doesn't show hand
*** SUMMARY ***
Total pot $2 | Rake $0
Seat 1: MellivoraSto (big blind) collected ($2)
Seat 6: barranqueiro (button) (small blind) folded before Flop


PokerStars Hand #164318549705:  Hold'em Limit ($3/$6 USD) - 2017/01/09 17:20:00 ET
Table 'Hapag' 6-max Seat #1 is the button
Seat 1: MellivoraSto ($132.64 in chips)
Seat 6: barranqueiro ($206.90 in chips)
MellivoraSto: posts small blind $1
barranqueiro: posts big blind $3
*** HOLE CARDS ***
MellivoraSto: folds
Uncalled bet ($2) returned to barranqueiro
barranqueiro collected $2 from pot
*** SUMMARY ***
Total pot $2 | Rake $0
Seat 1: MellivoraSto (button) (small blind) folded before Flop
Seat 6: barranqueiro (big blind) collected ($2)


PokerStars Hand #164318543822:  Hold'em Limit ($3/$6 USD) - 2017/01/09 17:19:55 ET
Table 'Hapag' 6-max Seat #6 is the button
Seat 1: MellivoraSto ($131.64 in chips)
Seat 6: barranqueiro ($207.90 in chips)
barranqueiro: posts small blind $1
MellivoraSto: posts big blind $3
*** HOLE CARDS ***
barranqueiro: folds
Uncalled bet ($2) returned to MellivoraSto
MellivoraSto collected $2 from pot
MellivoraSto: doesn't show hand
*** SUMMARY ***
Total pot $2 | Rake $0
Seat 1: MellivoraSto (big blind) collected ($2)
Seat 6: barranqueiro (button) (small blind) folded before Flop


PokerStars Hand #164318534281:  Hold'em Limit ($3/$6 USD) - 2017/01/09 17:19:46 ET
Table 'Hapag' 6-max Seat #1 is the button
Seat 1: MellivoraSto ($128.64 in chips)
Seat 6: barranqueiro ($210.90 in chips)
MellivoraSto: posts small blind $1
barranqueiro: posts big blind $3
*** HOLE CARDS ***
MellivoraSto: raises $3 to $6
barranqueiro: folds
Uncalled bet ($3) returned to MellivoraSto
MellivoraSto collected $6 from pot
MellivoraSto: doesn't show hand
*** SUMMARY ***
Total pot $6 | Rake $0
Seat 1: MellivoraSto (button) (small blind) collected ($6)
Seat 6: barranqueiro (big blind) folded before Flop


PokerStars Hand #164318609702:  Hold'em Limit ($3/$6 USD) - 2017/01/09 17:20:56 ET
Table 'Hapag' 6-max Seat #1 is the button
Seat 1: MellivoraSto ($111.64 in chips)
Seat 6: barranqueiro ($227.16 in chips)
MellivoraSto: posts small blind $1
barranqueiro: posts big blind $3
*** HOLE CARDS ***
MellivoraSto: raises $3 to $6
barranqueiro: raises $3 to $9
MellivoraSto: raises $3 to $12
Betting is capped
barranqueiro: calls $3
*** FLOP *** [3c 6s 2c]
barranqueiro: checks
MellivoraSto: bets $3
barranqueiro: raises $3 to $6
MellivoraSto: calls $3
*** TURN *** [3c 6s 2c] [Ah]
barranqueiro: bets $6
MellivoraSto: raises $6 to $12
barranqueiro: calls $6
*** RIVER *** [3c 6s 2c Ah] [4s]
barranqueiro: bets $6
MellivoraSto: calls $6
*** SHOW DOWN ***
barranqueiro: shows [4c 4d] (three of a kind, Fours)
MellivoraSto: mucks hand
barranqueiro collected $71.50 from pot
*** SUMMARY ***
Total pot $72 | Rake $0.50
Board [3c 6s 2c Ah 4s]
Seat 1: MellivoraSto (button) (small blind) mucked
Seat 6: barranqueiro (big blind) showed [4c 4d] and won ($71.50) with three of a kind, Fours


PokerStars Hand #164318584477:  Hold'em Limit ($3/$6 USD) - 2017/01/09 17:20:32 ET
Table 'Hapag' 6-max Seat #6 is the button
Seat 1: MellivoraSto ($117.64 in chips)
Seat 6: barranqueiro ($221.40 in chips)
barranqueiro: posts small blind $1
MellivoraSto: posts big blind $3
*** HOLE CARDS ***
barranqueiro: raises $3 to $6
MellivoraSto: calls $3
*** FLOP *** [5s 2s Td]
MellivoraSto: checks
barranqueiro: bets $3
MellivoraSto: folds
Uncalled bet ($3) returned to barranqueiro
barranqueiro collected $11.76 from pot
*** SUMMARY ***
Total pot $12 | Rake $0.24
Board [5s 2s Td]
Seat 1: MellivoraSto (big blind) folded on the Flop
Seat 6: barranqueiro (button) (small blind) collected ($11.76)


PokerStars Hand #164318670654:  Hold'em Limit ($3/$6 USD) - 2017/01/09 17:21:53 ET
Table 'Hapag' 6-max Seat #6 is the button
Seat 1: MellivoraSto ($120 in chips)
Seat 6: barranqueiro ($262.66 in chips)
barranqueiro: posts small blind $1
MellivoraSto: posts big blind $3
*** HOLE CARDS ***
barranqueiro: raises $3 to $6
MellivoraSto: calls $3
*** FLOP *** [9h Qh Ah]
MellivoraSto: bets $3
barranqueiro: calls $3
*** TURN *** [9h Qh Ah] [6c]
MellivoraSto: bets $6
barranqueiro: calls $6
*** RIVER *** [9h Qh Ah 6c] [8c]
MellivoraSto: bets $6
barranqueiro: folds
Uncalled bet ($6) returned to MellivoraSto
MellivoraSto collected $29.50 from pot
MellivoraSto: doesn't show hand
*** SUMMARY ***
Total pot $30 | Rake $0.50
Board [9h Qh Ah 6c 8c]
Seat 1: MellivoraSto (big blind) collected ($29.50)
Seat 6: barranqueiro (button) (small blind) folded on the River


PokerStars Hand #164318710603:  Hold'em Limit ($3/$6 USD) - 2017/01/09 17:22:32 ET
Table 'Hapag' 6-max Seat #1 is the button
Seat 1: MellivoraSto ($134.50 in chips)
Seat 6: barranqueiro ($247.66 in chips)
MellivoraSto: posts small blind $1
barranqueiro: posts big blind $3
*** HOLE CARDS ***
MellivoraSto: raises $3 to $6
barranqueiro: calls $3
*** FLOP *** [Th 8h Tc]
barranqueiro: checks
MellivoraSto: bets $3
barranqueiro: calls $3
*** TURN *** [Th 8h Tc] [Js]
barranqueiro: checks
MellivoraSto: bets $6
barranqueiro: raises $6 to $12
MellivoraSto: calls $6
*** RIVER *** [Th 8h Tc Js] [Jd]
barranqueiro: bets $6
MellivoraSto: calls $6
*** SHOW DOWN ***
barranqueiro: shows [6h Td] (a full house, Tens full of Jacks)
MellivoraSto: mucks hand
barranqueiro collected $53.50 from pot
*** SUMMARY ***
Total pot $54 | Rake $0.50
Board [Th 8h Tc Js Jd]
Seat 1: MellivoraSto (button) (small blind) mucked
Seat 6: barranqueiro (big blind) showed [6h Td] and won ($53.50) with a full house, Tens full of Jacks


PokerStars Hand #164318827584:  Hold'em Limit ($3/$6 USD) - 2017/01/09 17:24:29 ET
Table 'Hapag' 6-max Seat #6 is the button
Seat 1: MellivoraSto ($119 in chips)
Seat 6: barranqueiro ($295.66 in chips)
barranqueiro: posts small blind $1
MellivoraSto: posts big blind $3
*** HOLE CARDS ***
barranqueiro: raises $3 to $6
MellivoraSto: calls $3
*** FLOP *** [Js 3c Th]
MellivoraSto: checks
barranqueiro: bets $3
MellivoraSto: calls $3
*** TURN *** [Js 3c Th] [2h]
MellivoraSto: checks
barranqueiro: bets $6
MellivoraSto: raises $6 to $12
barranqueiro: calls $6
*** RIVER *** [Js 3c Th 2h] [Tc]
MellivoraSto: bets $6
barranqueiro: calls $6
*** SHOW DOWN ***
MellivoraSto: shows [8h 7h] (a pair of Tens)
barranqueiro: shows [As 2c] (two pair, Tens and Deuces)
barranqueiro collected $53.50 from pot
*** SUMMARY ***
Total pot $54 | Rake $0.50
Board [Js 3c Th 2h Tc]
Seat 1: MellivoraSto (big blind) showed [8h 7h] and lost with a pair of Tens
Seat 6: barranqueiro (button) (small blind) showed [As 2c] and won ($53.50) with two pair, Tens and Deuces


PokerStars Hand #164318817385:  Hold'em Limit ($3/$6 USD) - 2017/01/09 17:24:19 ET
Table 'Hapag' 6-max Seat #1 is the button
Seat 1: MellivoraSto ($120 in chips)
Seat 6: barranqueiro ($294.66 in chips)
MellivoraSto: posts small blind $1
barranqueiro: posts big blind $3
*** HOLE CARDS ***
MellivoraSto: folds
Uncalled bet ($2) returned to barranqueiro
barranqueiro collected $2 from pot
*** SUMMARY ***
Total pot $2 | Rake $0
Seat 1: MellivoraSto (button) (small blind) folded before Flop
Seat 6: barranqueiro (big blind) collected ($2)


PokerStars Hand #164318776096:  Hold'em Limit ($3/$6 USD) - 2017/01/09 17:23:37 ET
Table 'Hapag' 6-max Seat #6 is the button
Seat 1: MellivoraSto ($107.50 in chips)
Seat 6: barranqueiro ($274.16 in chips)
barranqueiro: posts small blind $1
MellivoraSto: posts big blind $3
*** HOLE CARDS ***
barranqueiro: raises $3 to $6
MellivoraSto: raises $3 to $9
barranqueiro: calls $3
*** FLOP *** [Td As 3s]
MellivoraSto: bets $3
barranqueiro: raises $3 to $6
MellivoraSto: calls $3
*** TURN *** [Td As 3s] [5c]
MellivoraSto: checks
barranqueiro: bets $6
MellivoraSto: calls $6
*** RIVER *** [Td As 3s 5c] [7h]
MellivoraSto: checks
barranqueiro: checks
*** SHOW DOWN ***
MellivoraSto: shows [4c Kc] (high card Ace)
barranqueiro: shows [4h 5s] (a pair of Fives)
barranqueiro collected $41.50 from pot
*** SUMMARY ***
Total pot $42 | Rake $0.50
Board [Td As 3s 5c 7h]
Seat 1: MellivoraSto (big blind) showed [4c Kc] and lost with high card Ace
Seat 6: barranqueiro (button) (small blind) showed [4h 5s] and won ($41.50) with a pair of Fives


PokerStars Hand #164318886498:  Hold'em Limit ($3/$6 USD) - 2017/01/09 17:25:29 ET
Table 'Hapag' 6-max Seat #1 is the button
Seat 1: MellivoraSto ($152.02 in chips)
Seat 6: barranqueiro ($289.16 in chips)
MellivoraSto: posts small blind $1
barranqueiro: posts big blind $3
*** HOLE CARDS ***
MellivoraSto: folds
Uncalled bet ($2) returned to barranqueiro
barranqueiro collected $2 from pot
*** SUMMARY ***
Total pot $2 | Rake $0
Seat 1: MellivoraSto (button) (small blind) folded before Flop
Seat 6: barranqueiro (big blind) collected ($2)


PokerStars Hand #164318864710:  Hold'em Limit ($3/$6 USD) - 2017/01/09 17:25:07 ET
Table 'Hapag' 6-max Seat #6 is the button
Seat 1: MellivoraSto ($131.52 in chips)
Seat 6: barranqueiro ($310.16 in chips)
barranqueiro: posts small blind $1
MellivoraSto: posts big blind $3
*** HOLE CARDS ***
barranqueiro: raises $3 to $6
MellivoraSto: raises $3 to $9
barranqueiro: raises $3 to $12
Betting is capped
MellivoraSto: calls $3
*** FLOP *** [Tc 7d 3s]
MellivoraSto: checks
barranqueiro: bets $3
MellivoraSto: calls $3
*** TURN *** [Tc 7d 3s] [Td]
MellivoraSto: checks
barranqueiro: bets $6
MellivoraSto: calls $6
*** RIVER *** [Tc 7d 3s Td] [6s]
MellivoraSto: checks
barranqueiro: checks
*** SHOW DOWN ***
MellivoraSto: shows [Qd Ah] (a pair of Tens)
barranqueiro: mucks hand
MellivoraSto collected $41.50 from pot
*** SUMMARY ***
Total pot $42 | Rake $0.50
Board [Tc 7d 3s Td 6s]
Seat 1: MellivoraSto (big blind) showed [Qd Ah] and won ($41.50) with a pair of Tens
Seat 6: barranqueiro (button) (small blind) mucked


PokerStars Hand #164318850847:  Hold'em Limit ($3/$6 USD) - 2017/01/09 17:24:53 ET
Table 'Hapag' 6-max Seat #1 is the button
Seat 1: MellivoraSto ($120 in chips)
Seat 6: barranqueiro ($322.16 in chips)
MellivoraSto: posts small blind $1
barranqueiro: posts big blind $3
*** HOLE CARDS ***
MellivoraSto: raises $3 to $6
barranqueiro: raises $3 to $9
MellivoraSto: calls $3
*** FLOP *** [Ac Qs Ad]
barranqueiro said, "tak tsk"
barranqueiro: bets $3
MellivoraSto: raises $3 to $6
barranqueiro: folds
Uncalled bet ($3) returned to MellivoraSto
MellivoraSto collected $23.52 from pot
MellivoraSto: doesn't show hand
*** SUMMARY ***
Total pot $24 | Rake $0.48
Board [Ac Qs Ad]
Seat 1: MellivoraSto (button) (small blind) collected ($23.52)
Seat 6: barranqueiro (big blind) folded on the Flop


PokerStars Hand #164318955772:  Hold'em Limit ($3/$6 USD) - 2017/01/09 17:26:40 ET
Table 'Hapag' 6-max Seat #1 is the button
Seat 1: MellivoraSto ($192.02 in chips)
Seat 6: barranqueiro ($248.16 in chips)
MellivoraSto: posts small blind $1
barranqueiro: posts big blind $3
*** HOLE CARDS ***
MellivoraSto: folds
Uncalled bet ($2) returned to barranqueiro
barranqueiro collected $2 from pot
*** SUMMARY ***
Total pot $2 | Rake $0
Seat 1: MellivoraSto (button) (small blind) folded before Flop
Seat 6: barranqueiro (big blind) collected ($2)


PokerStars Hand #164318949259:  Hold'em Limit ($3/$6 USD) - 2017/01/09 17:26:33 ET
Table 'Hapag' 6-max Seat #6 is the button
Seat 1: MellivoraSto ($191.02 in chips)
Seat 6: barranqueiro ($249.16 in chips)
barranqueiro: posts small blind $1
MellivoraSto: posts big blind $3
*** HOLE CARDS ***
barranqueiro: folds
Uncalled bet ($2) returned to MellivoraSto
MellivoraSto collected $2 from pot
MellivoraSto: doesn't show hand
*** SUMMARY ***
Total pot $2 | Rake $0
Seat 1: MellivoraSto (big blind) collected ($2)
Seat 6: barranqueiro (button) (small blind) folded before Flop


PokerStars Hand #164318944336:  Hold'em Limit ($3/$6 USD) - 2017/01/09 17:26:28 ET
Table 'Hapag' 6-max Seat #1 is the button
Seat 1: MellivoraSto ($192.02 in chips)
Seat 6: barranqueiro ($248.16 in chips)
MellivoraSto: posts small blind $1
barranqueiro: posts big blind $3
*** HOLE CARDS ***
MellivoraSto: folds
Uncalled bet ($2) returned to barranqueiro
barranqueiro collected $2 from pot
barranqueiro: doesn't show hand
*** SUMMARY ***
Total pot $2 | Rake $0
Seat 1: MellivoraSto (button) (small blind) folded before Flop
Seat 6: barranqueiro (big blind) collected ($2)


PokerStars Hand #164318937669:  Hold'em Limit ($3/$6 USD) - 2017/01/09 17:26:21 ET
Table 'Hapag' 6-max Seat #6 is the button
Seat 1: MellivoraSto ($195.02 in chips)
Seat 6: barranqueiro ($245.16 in chips)
barranqueiro: posts small blind $1
MellivoraSto: posts big blind $3
*** HOLE CARDS ***
barranqueiro: raises $3 to $6
MellivoraSto: folds
Uncalled bet ($3) returned to barranqueiro
barranqueiro collected $6 from pot
*** SUMMARY ***
Total pot $6 | Rake $0
Seat 1: MellivoraSto (big blind) folded before Flop
Seat 6: barranqueiro (button) (small blind) collected ($6)


PokerStars Hand #164318915069:  Hold'em Limit ($3/$6 USD) - 2017/01/09 17:25:58 ET
Table 'Hapag' 6-max Seat #1 is the button
Seat 1: MellivoraSto ($165.52 in chips)
Seat 6: barranqueiro ($275.16 in chips)
MellivoraSto: posts small blind $1
barranqueiro: posts big blind $3
*** HOLE CARDS ***
MellivoraSto: raises $3 to $6
barranqueiro: raises $3 to $9
MellivoraSto: calls $3
*** FLOP *** [Qc 5d 2d]
barranqueiro: bets $3
MellivoraSto: raises $3 to $6
barranqueiro: raises $3 to $9
MellivoraSto: calls $3
*** TURN *** [Qc 5d 2d] [9h]
barranqueiro: bets $6
MellivoraSto: calls $6
*** RIVER *** [Qc 5d 2d 9h] [Jc]
barranqueiro: checks
MellivoraSto: bets $6
barranqueiro: calls $6
*** SHOW DOWN ***
MellivoraSto: shows [Td 8d] (a straight, Eight to Queen)
barranqueiro: mucks hand
MellivoraSto collected $59.50 from pot
*** SUMMARY ***
Total pot $60 | Rake $0.50
Board [Qc 5d 2d 9h Jc]
Seat 1: MellivoraSto (button) (small blind) showed [Td 8d] and won ($59.50) with a straight, Eight to Queen
Seat 6: barranqueiro (big blind) mucked


PokerStars Hand #164318891922:  Hold'em Limit ($3/$6 USD) - 2017/01/09 17:25:34 ET
Table 'Hapag' 6-max Seat #6 is the button
Seat 1: MellivoraSto ($151.02 in chips)
Seat 6: barranqueiro ($290.16 in chips)
barranqueiro: posts small blind $1
MellivoraSto: posts big blind $3
*** HOLE CARDS ***
barranqueiro said, "u nervous?"
barranqueiro: raises $3 to $6
MellivoraSto: calls $3
*** FLOP *** [3c 4d Jd]
MellivoraSto: checks
barranqueiro: bets $3
MellivoraSto: calls $3
*** TURN *** [3c 4d Jd] [5c]
MellivoraSto: checks
barranqueiro: checks
*** RIVER *** [3c 4d Jd 5c] [7s]
MellivoraSto: bets $6
barranqueiro: calls $6
*** SHOW DOWN ***
MellivoraSto: shows [7h 6s] (a straight, Three to Seven)
barranqueiro: mucks hand
MellivoraSto collected $29.50 from pot
*** SUMMARY ***
Total pot $30 | Rake $0.50
Board [3c 4d Jd 5c 7s]
Seat 1: MellivoraSto (big blind) showed [7h 6s] and won ($29.50) with a straight, Three to Seven
Seat 6: barranqueiro (button) (small blind) mucked


PokerStars Hand #164318986825:  Hold'em Limit ($3/$6 USD) - 2017/01/09 17:27:12 ET
Table 'Hapag' 6-max Seat #1 is the button
Seat 1: MellivoraSto ($208.52 in chips)
Seat 6: barranqueiro ($231.16 in chips)
MellivoraSto: posts small blind $1
barranqueiro: posts big blind $3
*** HOLE CARDS ***
MellivoraSto: raises $3 to $6
barranqueiro: folds
Uncalled bet ($3) returned to MellivoraSto
MellivoraSto collected $6 from pot
MellivoraSto: doesn't show hand
*** SUMMARY ***
Total pot $6 | Rake $0
Seat 1: MellivoraSto (button) (small blind) collected ($6)
Seat 6: barranqueiro (big blind) folded before Flop


PokerStars Hand #164318961375:  Hold'em Limit ($3/$6 USD) - 2017/01/09 17:26:46 ET
Table 'Hapag' 6-max Seat #6 is the button
Seat 1: MellivoraSto ($191.02 in chips)
Seat 6: barranqueiro ($249.16 in chips)
barranqueiro: posts small blind $1
MellivoraSto: posts big blind $3
*** HOLE CARDS ***
barranqueiro: raises $3 to $6
MellivoraSto: calls $3
*** FLOP *** [4s 6c Tc]
MellivoraSto: checks
barranqueiro: bets $3
MellivoraSto: raises $3 to $6
barranqueiro: calls $3
*** TURN *** [4s 6c Tc] [7d]
MellivoraSto: bets $6
barranqueiro: calls $6
*** RIVER *** [4s 6c Tc 7d] [Ac]
MellivoraSto: bets $6
barranqueiro: folds
Uncalled bet ($6) returned to MellivoraSto
MellivoraSto collected $35.50 from pot
MellivoraSto: doesn't show hand
*** SUMMARY ***
Total pot $36 | Rake $0.50
Board [4s 6c Tc 7d Ac]
Seat 1: MellivoraSto (big blind) collected ($35.50)
Seat 6: barranqueiro (button) (small blind) folded on the River


PokerStars Hand #164319069432:  Hold'em Limit ($3/$6 USD) - 2017/01/09 17:28:37 ET
Table 'Hapag' 6-max Seat #1 is the button
Seat 1: MellivoraSto ($251.54 in chips)
Seat 6: barranqueiro ($187.16 in chips)
MellivoraSto: posts small blind $1
barranqueiro: posts big blind $3
*** HOLE CARDS ***
MellivoraSto: calls $2
barranqueiro: checks
*** FLOP *** [9d Js 6c]
barranqueiro: checks
MellivoraSto: bets $3
barranqueiro: folds
Uncalled bet ($3) returned to MellivoraSto
MellivoraSto collected $5.88 from pot
MellivoraSto: doesn't show hand
*** SUMMARY ***
Total pot $6 | Rake $0.12
Board [9d Js 6c]
Seat 1: MellivoraSto (button) (small blind) collected ($5.88)
Seat 6: barranqueiro (big blind) folded on the Flop


PokerStars Hand #164319045736:  Hold'em Limit ($3/$6 USD) - 2017/01/09 17:28:13 ET
Table 'Hapag' 6-max Seat #1 is the button
Seat 1: MellivoraSto ($241.02 in chips)
Seat 6: barranqueiro ($198.16 in chips)
MellivoraSto: posts small blind $1
barranqueiro: posts big blind $3
*** HOLE CARDS ***
MellivoraSto: folds
Uncalled bet ($2) returned to barranqueiro
barranqueiro collected $2 from pot
barranqueiro: doesn't show hand
*** SUMMARY ***
Total pot $2 | Rake $0
Seat 1: MellivoraSto (button) (small blind) folded before Flop
Seat 6: barranqueiro (big blind) collected ($2)


PokerStars Hand #164318994655:  Hold'em Limit ($3/$6 USD) - 2017/01/09 17:27:20 ET
Table 'Hapag' 6-max Seat #6 is the button
Seat 1: MellivoraSto ($211.52 in chips)
Seat 6: barranqueiro ($228.16 in chips)
barranqueiro: posts small blind $1
MellivoraSto: posts big blind $3
*** HOLE CARDS ***
barranqueiro: calls $2
MellivoraSto: raises $3 to $6
barranqueiro: calls $3
*** FLOP *** [Kc 8c 2h]
MellivoraSto: bets $3
barranqueiro: raises $3 to $6
MellivoraSto: calls $3
*** TURN *** [Kc 8c 2h] [3s]
MellivoraSto: bets $6
barranqueiro: raises $6 to $12
MellivoraSto: raises $6 to $18
barranqueiro: calls $6
*** RIVER *** [Kc 8c 2h 3s] [As]
MellivoraSto: checks
barranqueiro: checks
*** SHOW DOWN ***
MellivoraSto: shows [Kh Ts] (a pair of Kings)
barranqueiro: mucks hand
MellivoraSto collected $59.50 from pot
*** SUMMARY ***
Total pot $60 | Rake $0.50
Board [Kc 8c 2h 3s As]
Seat 1: MellivoraSto (big blind) showed [Kh Ts] and won ($59.50) with a pair of Kings
Seat 6: barranqueiro (button) (small blind) mucked


PokerStars Hand #164319108229:  Hold'em Limit ($3/$6 USD) - 2017/01/09 17:29:17 ET
Table 'Hapag' 6-max Seat #6 is the button
Seat 1: MellivoraSto ($251.18 in chips)
Seat 6: barranqueiro ($186.80 in chips)
barranqueiro: posts small blind $1
MellivoraSto: posts big blind $3
*** HOLE CARDS ***
barranqueiro: folds
Uncalled bet ($2) returned to MellivoraSto
MellivoraSto collected $2 from pot
MellivoraSto: doesn't show hand
*** SUMMARY ***
Total pot $2 | Rake $0
Seat 1: MellivoraSto (big blind) collected ($2)
Seat 6: barranqueiro (button) (small blind) folded before Flop


PokerStars Hand #164319098394:  Hold'em Limit ($3/$6 USD) - 2017/01/09 17:29:07 ET
Table 'Hapag' 6-max Seat #1 is the button
Seat 1: MellivoraSto ($245.42 in chips)
Seat 6: barranqueiro ($192.80 in chips)
MellivoraSto: posts small blind $1
barranqueiro: posts big blind $3
*** HOLE CARDS ***
MellivoraSto: raises $3 to $6
barranqueiro: calls $3
*** FLOP *** [4c 9c 8s]
barranqueiro: checks
MellivoraSto: bets $3
barranqueiro: folds
Uncalled bet ($3) returned to MellivoraSto
MellivoraSto collected $11.76 from pot
MellivoraSto: doesn't show hand
*** SUMMARY ***
Total pot $12 | Rake $0.24
Board [4c 9c 8s]
Seat 1: MellivoraSto (button) (small blind) collected ($11.76)
Seat 6: barranqueiro (big blind) folded on the Flop


PokerStars Hand #164319084648:  Hold'em Limit ($3/$6 USD) - 2017/01/09 17:28:53 ET
Table 'Hapag' 6-max Seat #6 is the button
Seat 1: MellivoraSto ($254.42 in chips)
Seat 6: barranqueiro ($184.16 in chips)
barranqueiro: posts small blind $1
MellivoraSto: posts big blind $3
*** HOLE CARDS ***
barranqueiro: raises $3 to $6
MellivoraSto: calls $3
*** FLOP *** [4h 2c 2d]
MellivoraSto: checks
barranqueiro: bets $3
MellivoraSto: calls $3
*** TURN *** [4h 2c 2d] [Th]
MellivoraSto: checks
barranqueiro: bets $6
MellivoraSto: folds
Uncalled bet ($6) returned to barranqueiro
barranqueiro collected $17.64 from pot
barranqueiro: doesn't show hand
*** SUMMARY ***
Total pot $18 | Rake $0.36
Board [4h 2c 2d Th]
Seat 1: MellivoraSto (big blind) folded on the Turn
Seat 6: barranqueiro (button) (small blind) collected ($17.64)


PokerStars Hand #164319113234:  Hold'em Limit ($3/$6 USD) - 2017/01/09 17:29:22 ET
Table 'Hapag' 6-max Seat #1 is the button
Seat 1: MellivoraSto ($252.18 in chips)
Seat 6: barranqueiro ($185.80 in chips)
MellivoraSto: posts small blind $1
barranqueiro: posts big blind $3
*** HOLE CARDS ***
MellivoraSto: raises $3 to $6
barranqueiro: calls $3
*** FLOP *** [3h 2h 3s]
barranqueiro: checks
MellivoraSto: bets $3
barranqueiro: raises $3 to $6
MellivoraSto: raises $3 to $9
barranqueiro: raises $3 to $12
Betting is capped
MellivoraSto: calls $3
*** TURN *** [3h 2h 3s] [4c]
barranqueiro: bets $6
MellivoraSto: calls $6
*** RIVER *** [3h 2h 3s 4c] [8s]
barranqueiro: bets $6
MellivoraSto: raises $6 to $12
barranqueiro: calls $6
*** SHOW DOWN ***
MellivoraSto: shows [9h Ah] (a pair of Threes)
barranqueiro: shows [Qh 8h] (two pair, Eights and Threes)
barranqueiro collected $71.50 from pot
*** SUMMARY ***
Total pot $72 | Rake $0.50
Board [3h 2h 3s 4c 8s]
Seat 1: MellivoraSto (button) (small blind) showed [9h Ah] and lost with a pair of Threes
Seat 6: barranqueiro (big blind) showed [Qh 8h] and won ($71.50) with two pair, Eights and Threes


PokerStars Hand #164319159849:  Hold'em Limit ($3/$6 USD) - 2017/01/09 17:30:11 ET
Table 'Hapag' 6-max Seat #6 is the button
Seat 1: MellivoraSto ($216.18 in chips)
Seat 6: barranqueiro ($221.30 in chips)
barranqueiro: posts small blind $1
MellivoraSto: posts big blind $3
*** HOLE CARDS ***
barranqueiro: raises $3 to $6
barranqueiro said, "no hearts"
MellivoraSto: calls $3
*** FLOP *** [4d Ac 6h]
MellivoraSto: checks
barranqueiro: bets $3
MellivoraSto: calls $3
*** TURN *** [4d Ac 6h] [4h]
MellivoraSto: checks
barranqueiro: bets $6
MellivoraSto: calls $6
*** RIVER *** [4d Ac 6h 4h] [Ts]
MellivoraSto: checks
barranqueiro: checks
*** SHOW DOWN ***
MellivoraSto: shows [9d Kc] (a pair of Fours)
barranqueiro: mucks hand
MellivoraSto collected $29.50 from pot
*** SUMMARY ***
Total pot $30 | Rake $0.50
Board [4d Ac 6h 4h Ts]
Seat 1: MellivoraSto (big blind) showed [9d Kc] and won ($29.50) with a pair of Fours
Seat 6: barranqueiro (button) (small blind) mucked


PokerStars Hand #164319189030:  Hold'em Limit ($3/$6 USD) - 2017/01/09 17:30:41 ET
Table 'Hapag' 6-max Seat #1 is the button
Seat 1: MellivoraSto ($230.68 in chips)
Seat 6: barranqueiro ($206.30 in chips)
MellivoraSto: posts small blind $1
barranqueiro: posts big blind $3
*** HOLE CARDS ***
MellivoraSto: raises $3 to $6
barranqueiro: raises $3 to $9
MellivoraSto: raises $3 to $12
Betting is capped
barranqueiro: calls $3
*** FLOP *** [9s 3d As]
barranqueiro: checks
MellivoraSto: bets $3
barranqueiro: calls $3
*** TURN *** [9s 3d As] [4d]
barranqueiro: checks
MellivoraSto: bets $6
barranqueiro: folds
Uncalled bet ($6) returned to MellivoraSto
MellivoraSto collected $29.50 from pot
MellivoraSto: doesn't show hand
*** SUMMARY ***
Total pot $30 | Rake $0.50
Board [9s 3d As 4d]
Seat 1: MellivoraSto (button) (small blind) collected ($29.50)
Seat 6: barranqueiro (big blind) folded on the Turn


PokerStars Hand #164319207788:  Hold'em Limit ($3/$6 USD) - 2017/01/09 17:31:00 ET
Table 'Hapag' 6-max Seat #6 is the button
Seat 1: MellivoraSto ($245.18 in chips)
Seat 6: barranqueiro ($191.30 in chips)
barranqueiro: posts small blind $1
MellivoraSto: posts big blind $3
*** HOLE CARDS ***
barranqueiro: calls $2
MellivoraSto: checks
*** FLOP *** [Ac Jd 4d]
MellivoraSto: bets $3
barranqueiro: folds
Uncalled bet ($3) returned to MellivoraSto
MellivoraSto collected $5.88 from pot
MellivoraSto: doesn't show hand
*** SUMMARY ***
Total pot $6 | Rake $0.12
Board [Ac Jd 4d]
Seat 1: MellivoraSto (big blind) collected ($5.88)
Seat 6: barranqueiro (button) (small blind) folded on the Flop


PokerStars Hand #164319219806:  Hold'em Limit ($3/$6 USD) - 2017/01/09 17:31:13 ET
Table 'Hapag' 6-max Seat #1 is the button
Seat 1: MellivoraSto ($248.06 in chips)
Seat 6: barranqueiro ($188.30 in chips)
MellivoraSto: posts small blind $1
barranqueiro: posts big blind $3
*** HOLE CARDS ***
MellivoraSto: raises $3 to $6
barranqueiro: calls $3
*** FLOP *** [Jh 5h 5s]
barranqueiro: checks
MellivoraSto: bets $3
barranqueiro: raises $3 to $6
MellivoraSto: calls $3
*** TURN *** [Jh 5h 5s] [3d]
barranqueiro: bets $6
MellivoraSto: calls $6
*** RIVER *** [Jh 5h 5s 3d] [9c]
barranqueiro: bets $6
MellivoraSto: calls $6
*** SHOW DOWN ***
barranqueiro: shows [2c 2s] (two pair, Fives and Deuces)
MellivoraSto: mucks hand
barranqueiro collected $47.50 from pot
*** SUMMARY ***
Total pot $48 | Rake $0.50
Board [Jh 5h 5s 3d 9c]
Seat 1: MellivoraSto (button) (small blind) mucked
Seat 6: barranqueiro (big blind) showed [2c 2s] and won ($47.50) with two pair, Fives and Deuces


PokerStars Hand #164319239713:  Hold'em Limit ($3/$6 USD) - 2017/01/09 17:31:33 ET
Table 'Hapag' 6-max Seat #6 is the button
Seat 1: MellivoraSto ($224.06 in chips)
Seat 6: barranqueiro ($211.80 in chips)
barranqueiro: posts small blind $1
MellivoraSto: posts big blind $3
*** HOLE CARDS ***
barranqueiro: calls $2
MellivoraSto: checks
*** FLOP *** [2c 8h 9s]
MellivoraSto: checks
barranqueiro: bets $3
MellivoraSto: folds
Uncalled bet ($3) returned to barranqueiro
barranqueiro collected $5.88 from pot
barranqueiro: doesn't show hand
*** SUMMARY ***
Total pot $6 | Rake $0.12
Board [2c 8h 9s]
Seat 1: MellivoraSto (big blind) folded on the Flop
Seat 6: barranqueiro (button) (small blind) collected ($5.88)


PokerStars Hand #164319250757:  Hold'em Limit ($3/$6 USD) - 2017/01/09 17:31:45 ET
Table 'Hapag' 6-max Seat #1 is the button
Seat 1: MellivoraSto ($221.06 in chips)
Seat 6: barranqueiro ($214.68 in chips)
MellivoraSto: posts small blind $1
barranqueiro: posts big blind $3
*** HOLE CARDS ***
MellivoraSto: raises $3 to $6
barranqueiro: calls $3
*** FLOP *** [2c 4d 6s]
barranqueiro: checks
MellivoraSto: bets $3
barranqueiro: raises $3 to $6
MellivoraSto: raises $3 to $9
barranqueiro: calls $3
*** TURN *** [2c 4d 6s] [Qc]
barranqueiro: checks
MellivoraSto: bets $6
barranqueiro: calls $6
*** RIVER *** [2c 4d 6s Qc] [3h]
barranqueiro: checks
MellivoraSto: bets $6
barranqueiro: calls $6
*** SHOW DOWN ***
MellivoraSto: shows [6c 9c] (a pair of Sixes)
barranqueiro: mucks hand
MellivoraSto collected $53.50 from pot
*** SUMMARY ***
Total pot $54 | Rake $0.50
Board [2c 4d 6s Qc 3h]
Seat 1: MellivoraSto (button) (small blind) showed [6c 9c] and won ($53.50) with a pair of Sixes
Seat 6: barranqueiro (big blind) mucked


PokerStars Hand #164319309220:  Hold'em Limit ($3/$6 USD) - 2017/01/09 17:32:46 ET
Table 'Hapag' 6-max Seat #1 is the button
Seat 1: MellivoraSto ($274.06 in chips)
Seat 6: barranqueiro ($160.68 in chips)
MellivoraSto: posts small blind $1
barranqueiro: posts big blind $3
*** HOLE CARDS ***
MellivoraSto: folds
Uncalled bet ($2) returned to barranqueiro
barranqueiro collected $2 from pot
barranqueiro: doesn't show hand
*** SUMMARY ***
Total pot $2 | Rake $0
Seat 1: MellivoraSto (button) (small blind) folded before Flop
Seat 6: barranqueiro (big blind) collected ($2)


PokerStars Hand #164319282016:  Hold'em Limit ($3/$6 USD) - 2017/01/09 17:32:18 ET
Table 'Hapag' 6-max Seat #6 is the button
Seat 1: MellivoraSto ($247.56 in chips)
Seat 6: barranqueiro ($187.68 in chips)
barranqueiro: posts small blind $1
MellivoraSto: posts big blind $3
*** HOLE CARDS ***
barranqueiro: calls $2
MellivoraSto: raises $3 to $6
barranqueiro: calls $3
*** FLOP *** [As Qd Jc]
MellivoraSto: bets $3
barranqueiro: calls $3
*** TURN *** [As Qd Jc] [3d]
MellivoraSto: bets $6
barranqueiro: raises $6 to $12
MellivoraSto: raises $6 to $18
barranqueiro: calls $6
*** RIVER *** [As Qd Jc 3d] [Tc]
MellivoraSto: checks
barranqueiro: checks
*** SHOW DOWN ***
MellivoraSto: shows [Js Qh] (two pair, Queens and Jacks)
barranqueiro: mucks hand
MellivoraSto collected $53.50 from pot
*** SUMMARY ***
Total pot $54 | Rake $0.50
Board [As Qd Jc 3d Tc]
Seat 1: MellivoraSto (big blind) showed [Js Qh] and won ($53.50) with two pair, Queens and Jacks
Seat 6: barranqueiro (button) (small blind) mucked


PokerStars Hand #164319313573:  Hold'em Limit ($3/$6 USD) - 2017/01/09 17:32:51 ET
Table 'Hapag' 6-max Seat #6 is the button
Seat 1: MellivoraSto ($273.06 in chips)
Seat 6: barranqueiro ($161.68 in chips)
barranqueiro: posts small blind $1
MellivoraSto: posts big blind $3
*** HOLE CARDS ***
barranqueiro: raises $3 to $6
MellivoraSto: raises $3 to $9
barranqueiro: calls $3
*** FLOP *** [9s Qh Qd]
MellivoraSto: bets $3
barranqueiro: folds
Uncalled bet ($3) returned to MellivoraSto
MellivoraSto collected $17.64 from pot
MellivoraSto: doesn't show hand
*** SUMMARY ***
Total pot $18 | Rake $0.36
Board [9s Qh Qd]
Seat 1: MellivoraSto (big blind) collected ($17.64)
Seat 6: barranqueiro (button) (small blind) folded on the Flop


PokerStars Hand #164319327146:  Hold'em Limit ($3/$6 USD) - 2017/01/09 17:33:05 ET
Table 'Hapag' 6-max Seat #1 is the button
Seat 1: MellivoraSto ($281.70 in chips)
Seat 6: barranqueiro ($152.68 in chips)
MellivoraSto: posts small blind $1
barranqueiro: posts big blind $3
*** HOLE CARDS ***
MellivoraSto: raises $3 to $6
barranqueiro: folds
Uncalled bet ($3) returned to MellivoraSto
MellivoraSto collected $6 from pot
MellivoraSto: doesn't show hand
*** SUMMARY ***
Total pot $6 | Rake $0
Seat 1: MellivoraSto (button) (small blind) collected ($6)
Seat 6: barranqueiro (big blind) folded before Flop


PokerStars Hand #164319333294:  Hold'em Limit ($3/$6 USD) - 2017/01/09 17:33:11 ET
Table 'Hapag' 6-max Seat #6 is the button
Seat 1: MellivoraSto ($284.70 in chips)
Seat 6: barranqueiro ($149.68 in chips)
barranqueiro: posts small blind $1
MellivoraSto: posts big blind $3
*** HOLE CARDS ***
barranqueiro: raises $3 to $6
MellivoraSto: calls $3
*** FLOP *** [Ks Th Qs]
MellivoraSto: checks
barranqueiro: bets $3
MellivoraSto: folds
Uncalled bet ($3) returned to barranqueiro
barranqueiro collected $11.76 from pot
*** SUMMARY ***
Total pot $12 | Rake $0.24
Board [Ks Th Qs]
Seat 1: MellivoraSto (big blind) folded on the Flop
Seat 6: barranqueiro (button) (small blind) collected ($11.76)


PokerStars Hand #164319350618:  Hold'em Limit ($3/$6 USD) - 2017/01/09 17:33:29 ET
Table 'Hapag' 6-max Seat #1 is the button
Seat 1: MellivoraSto ($278.70 in chips)
Seat 6: barranqueiro ($155.44 in chips)
MellivoraSto: posts small blind $1
barranqueiro: posts big blind $3
*** HOLE CARDS ***
MellivoraSto: folds
Uncalled bet ($2) returned to barranqueiro
barranqueiro collected $2 from pot
*** SUMMARY ***
Total pot $2 | Rake $0
Seat 1: MellivoraSto (button) (small blind) folded before Flop
Seat 6: barranqueiro (big blind) collected ($2)


PokerStars Hand #164319364888:  Hold'em Limit ($3/$6 USD) - 2017/01/09 17:33:44 ET
Table 'Hapag' 6-max Seat #6 is the button
Seat 1: MellivoraSto ($277.70 in chips)
Seat 6: barranqueiro ($156.44 in chips)
barranqueiro: posts small blind $1
MellivoraSto: posts big blind $3
*** HOLE CARDS ***
barranqueiro: raises $3 to $6
MellivoraSto: folds
Uncalled bet ($3) returned to barranqueiro
barranqueiro collected $6 from pot
*** SUMMARY ***
Total pot $6 | Rake $0
Seat 1: MellivoraSto (big blind) folded before Flop
Seat 6: barranqueiro (button) (small blind) collected ($6)


PokerStars Hand #164319375409:  Hold'em Limit ($3/$6 USD) - 2017/01/09 17:33:55 ET
Table 'Hapag' 6-max Seat #1 is the button
Seat 1: MellivoraSto ($274.70 in chips)
Seat 6: barranqueiro ($159.44 in chips)
MellivoraSto: posts small blind $1
barranqueiro: posts big blind $3
*** HOLE CARDS ***
MellivoraSto: raises $3 to $6
barranqueiro: raises $3 to $9
MellivoraSto: calls $3
*** FLOP *** [7c 8c 2d]
barranqueiro: bets $3
MellivoraSto: calls $3
*** TURN *** [7c 8c 2d] [Kd]
barranqueiro: checks
MellivoraSto: checks
*** RIVER *** [7c 8c 2d Kd] [8h]
barranqueiro: checks
MellivoraSto: bets $6
barranqueiro: calls $6
*** SHOW DOWN ***
MellivoraSto: shows [5c 7s] (two pair, Eights and Sevens)
barranqueiro: mucks hand
MellivoraSto collected $35.50 from pot
*** SUMMARY ***
Total pot $36 | Rake $0.50
Board [7c 8c 2d Kd 8h]
Seat 1: MellivoraSto (button) (small blind) showed [5c 7s] and won ($35.50) with two pair, Eights and Sevens
Seat 6: barranqueiro (big blind) mucked


PokerStars Hand #164319420954:  Hold'em Limit ($3/$6 USD) - 2017/01/09 17:34:43 ET
Table 'Hapag' 6-max Seat #6 is the button
Seat 1: MellivoraSto ($292.20 in chips)
Seat 6: barranqueiro ($141.44 in chips)
barranqueiro: posts small blind $1
MellivoraSto: posts big blind $3
*** HOLE CARDS ***
barranqueiro: raises $3 to $6
MellivoraSto: raises $3 to $9
barranqueiro: calls $3
*** FLOP *** [5c Qd Th]
MellivoraSto: bets $3
barranqueiro: calls $3
*** TURN *** [5c Qd Th] [Js]
MellivoraSto: bets $6
barranqueiro: calls $6
*** RIVER *** [5c Qd Th Js] [Tc]
MellivoraSto: bets $6
barranqueiro: calls $6
*** SHOW DOWN ***
MellivoraSto: shows [Qh Qs] (a full house, Queens full of Tens)
barranqueiro: mucks hand
MellivoraSto collected $47.50 from pot
*** SUMMARY ***
Total pot $48 | Rake $0.50
Board [5c Qd Th Js Tc]
Seat 1: MellivoraSto (big blind) showed [Qh Qs] and won ($47.50) with a full house, Queens full of Tens
Seat 6: barranqueiro (button) (small blind) mucked


PokerStars Hand #164319470022:  Hold'em Limit ($3/$6 USD) - 2017/01/09 17:35:35 ET
Table 'Hapag' 6-max Seat #1 is the button
Seat 1: MellivoraSto ($315.70 in chips)
Seat 6: barranqueiro ($117.44 in chips)
MellivoraSto: posts small blind $1
barranqueiro: posts big blind $3
*** HOLE CARDS ***
MellivoraSto: folds
Uncalled bet ($2) returned to barranqueiro
barranqueiro collected $2 from pot
*** SUMMARY ***
Total pot $2 | Rake $0
Seat 1: MellivoraSto (button) (small blind) folded before Flop
Seat 6: barranqueiro (big blind) collected ($2)


PokerStars Hand #164319476332:  Hold'em Limit ($3/$6 USD) - 2017/01/09 17:35:42 ET
Table 'Hapag' 6-max Seat #6 is the button
Seat 1: MellivoraSto ($314.70 in chips)
Seat 6: barranqueiro ($118.44 in chips)
barranqueiro: posts small blind $1
MellivoraSto: posts big blind $3
*** HOLE CARDS ***
barranqueiro: raises $3 to $6
MellivoraSto: folds
Uncalled bet ($3) returned to barranqueiro
barranqueiro collected $6 from pot
*** SUMMARY ***
Total pot $6 | Rake $0
Seat 1: MellivoraSto (big blind) folded before Flop
Seat 6: barranqueiro (button) (small blind) collected ($6)


PokerStars Hand #164319489065:  Hold'em Limit ($3/$6 USD) - 2017/01/09 17:35:55 ET
Table 'Hapag' 6-max Seat #1 is the button
Seat 1: MellivoraSto ($311.70 in chips)
Seat 6: barranqueiro ($121.44 in chips)
MellivoraSto: posts small blind $1
barranqueiro: posts big blind $3
*** HOLE CARDS ***
MellivoraSto: folds
Uncalled bet ($2) returned to barranqueiro
barranqueiro collected $2 from pot
*** SUMMARY ***
Total pot $2 | Rake $0
Seat 1: MellivoraSto (button) (small blind) folded before Flop
Seat 6: barranqueiro (big blind) collected ($2)


PokerStars Hand #164319502178:  Hold'em Limit ($3/$6 USD) - 2017/01/09 17:36:09 ET
Table 'Hapag' 6-max Seat #1 is the button
Seat 1: MellivoraSto ($311.70 in chips)
Seat 6: barranqueiro ($121.44 in chips)
MellivoraSto: posts small blind $1
barranqueiro: posts big blind $3
*** HOLE CARDS ***
MellivoraSto: folds
Uncalled bet ($2) returned to barranqueiro
barranqueiro collected $2 from pot
*** SUMMARY ***
Total pot $2 | Rake $0
Seat 1: MellivoraSto (button) (small blind) folded before Flop
Seat 6: barranqueiro (big blind) collected ($2)


PokerStars Hand #164319494333:  Hold'em Limit ($3/$6 USD) - 2017/01/09 17:36:01 ET
Table 'Hapag' 6-max Seat #6 is the button
Seat 1: MellivoraSto ($310.70 in chips)
Seat 6: barranqueiro ($122.44 in chips)
barranqueiro: posts small blind $1
MellivoraSto: posts big blind $3
*** HOLE CARDS ***
barranqueiro: folds
Uncalled bet ($2) returned to MellivoraSto
MellivoraSto collected $2 from pot
MellivoraSto: doesn't show hand
*** SUMMARY ***
Total pot $2 | Rake $0
Seat 1: MellivoraSto (big blind) collected ($2)
Seat 6: barranqueiro (button) (small blind) folded before Flop


PokerStars Hand #164319511860:  Hold'em Limit ($3/$6 USD) - 2017/01/09 17:36:15 ET
Table 'Hapag' 6-max Seat #6 is the button
Seat 1: MellivoraSto ($310.70 in chips)
Seat 6: barranqueiro ($122.44 in chips)
barranqueiro: posts small blind $1
MellivoraSto: posts big blind $3
*** HOLE CARDS ***
barranqueiro: folds
Uncalled bet ($2) returned to MellivoraSto
MellivoraSto collected $2 from pot
MellivoraSto: doesn't show hand
*** SUMMARY ***
Total pot $2 | Rake $0
Seat 1: MellivoraSto (big blind) collected ($2)
Seat 6: barranqueiro (button) (small blind) folded before Flop


PokerStars Hand #164319519582:  Hold'em Limit ($3/$6 USD) - 2017/01/09 17:36:23 ET
Table 'Hapag' 6-max Seat #1 is the button
Seat 1: MellivoraSto ($311.70 in chips)
Seat 6: barranqueiro ($121.44 in chips)
MellivoraSto: posts small blind $1
barranqueiro: posts big blind $3
*** HOLE CARDS ***
MellivoraSto: folds
Uncalled bet ($2) returned to barranqueiro
barranqueiro collected $2 from pot
barranqueiro: doesn't show hand
*** SUMMARY ***
Total pot $2 | Rake $0
Seat 1: MellivoraSto (button) (small blind) folded before Flop
Seat 6: barranqueiro (big blind) collected ($2)


PokerStars Hand #164319523885:  Hold'em Limit ($3/$6 USD) - 2017/01/09 17:36:28 ET
Table 'Hapag' 6-max Seat #6 is the button
Seat 1: MellivoraSto ($310.70 in chips)
Seat 6: barranqueiro ($122.44 in chips)
barranqueiro: posts small blind $1
MellivoraSto: posts big blind $3
*** HOLE CARDS ***
barranqueiro: calls $2
MellivoraSto: checks
*** FLOP *** [As Th Qc]
MellivoraSto: checks
barranqueiro: bets $3
MellivoraSto: folds
Uncalled bet ($3) returned to barranqueiro
barranqueiro collected $5.88 from pot
*** SUMMARY ***
Total pot $6 | Rake $0.12
Board [As Th Qc]
Seat 1: MellivoraSto (big blind) folded on the Flop
Seat 6: barranqueiro (button) (small blind) collected ($5.88)


PokerStars Hand #164319539062:  Hold'em Limit ($3/$6 USD) - 2017/01/09 17:36:44 ET
Table 'Hapag' 6-max Seat #1 is the button
Seat 1: MellivoraSto ($307.70 in chips)
Seat 6: barranqueiro ($125.32 in chips)
MellivoraSto: posts small blind $1
barranqueiro: posts big blind $3
*** HOLE CARDS ***
MellivoraSto: raises $3 to $6
barranqueiro: folds
Uncalled bet ($3) returned to MellivoraSto
MellivoraSto collected $6 from pot
MellivoraSto: doesn't show hand
*** SUMMARY ***
Total pot $6 | Rake $0
Seat 1: MellivoraSto (button) (small blind) collected ($6)
Seat 6: barranqueiro (big blind) folded before Flop


PokerStars Hand #164319548808:  Hold'em Limit ($3/$6 USD) - 2017/01/09 17:36:54 ET
Table 'Hapag' 6-max Seat #6 is the button
Seat 1: MellivoraSto ($310.70 in chips)
Seat 6: barranqueiro ($122.32 in chips)
barranqueiro: posts small blind $1
MellivoraSto: posts big blind $3
*** HOLE CARDS ***
barranqueiro: calls $2
MellivoraSto: raises $3 to $6
barranqueiro: calls $3
*** FLOP *** [7d 4c 8h]
MellivoraSto: bets $3
barranqueiro: calls $3
*** TURN *** [7d 4c 8h] [2h]
MellivoraSto: bets $6
barranqueiro: folds
Uncalled bet ($6) returned to MellivoraSto
MellivoraSto collected $17.64 from pot
MellivoraSto: doesn't show hand
*** SUMMARY ***
Total pot $18 | Rake $0.36
Board [7d 4c 8h 2h]
Seat 1: MellivoraSto (big blind) collected ($17.64)
Seat 6: barranqueiro (button) (small blind) folded on the Turn


PokerStars Hand #164319566341:  Hold'em Limit ($3/$6 USD) - 2017/01/09 17:37:13 ET
Table 'Hapag' 6-max Seat #1 is the button
Seat 1: MellivoraSto ($319.34 in chips)
Seat 6: barranqueiro ($113.32 in chips)
MellivoraSto: posts small blind $1
barranqueiro: posts big blind $3
*** HOLE CARDS ***
MellivoraSto: raises $3 to $6
barranqueiro: folds
Uncalled bet ($3) returned to MellivoraSto
MellivoraSto collected $6 from pot
MellivoraSto: doesn't show hand
*** SUMMARY ***
Total pot $6 | Rake $0
Seat 1: MellivoraSto (button) (small blind) collected ($6)
Seat 6: barranqueiro (big blind) folded before Flop


PokerStars Hand #164319571906:  Hold'em Limit ($3/$6 USD) - 2017/01/09 17:37:19 ET
Table 'Hapag' 6-max Seat #6 is the button
Seat 1: MellivoraSto ($322.34 in chips)
Seat 6: barranqueiro ($110.32 in chips)
barranqueiro: posts small blind $1
MellivoraSto: posts big blind $3
*** HOLE CARDS ***
barranqueiro: raises $3 to $6
ElverGalinda joins the table at seat #2
MellivoraSto: calls $3
*** FLOP *** [Ks 7d 6d]
MellivoraSto: checks
barranqueiro: bets $3
MellivoraSto: raises $3 to $6
barranqueiro: calls $3
*** TURN *** [Ks 7d 6d] [7c]
MellivoraSto: bets $6
barranqueiro: folds
Uncalled bet ($6) returned to MellivoraSto
MellivoraSto collected $23.52 from pot
MellivoraSto: doesn't show hand
*** SUMMARY ***
Total pot $24 | Rake $0.48
Board [Ks 7d 6d 7c]
Seat 1: MellivoraSto (big blind) collected ($23.52)
Seat 6: barranqueiro (button) (small blind) folded on the Turn


PokerStars Hand #164319838406:  Hold'em Limit ($3/$6 USD) - 2017/01/09 17:42:00 ET
Table 'Hapag' 6-max Seat #1 is the button
Seat 1: MellivoraSto ($310.67 in chips)
Seat 3: RaisemyNut$ ($116 in chips)
MellivoraSto: posts small blind $1
ElverGalinda: is sitting out
RaisemyNut$: posts big blind $3
*** HOLE CARDS ***
barranqueiro leaves the table
MellivoraSto: raises $3 to $6
RaisemyNut$: folds
Uncalled bet ($3) returned to MellivoraSto
MellivoraSto collected $6 from pot
MellivoraSto: doesn't show hand
*** SUMMARY ***
Total pot $6 | Rake $0
Seat 1: MellivoraSto (button) (small blind) collected ($6)
Seat 3: RaisemyNut$ (big blind) folded before Flop


PokerStars Hand #164320552306:  Hold'em Limit ($3/$6 USD) - 2017/01/09 17:54:49 ET
Table 'Hapag' 6-max Seat #4 is the button
Seat 3: RaisemyNut$ ($112 in chips)
Seat 4: pompier40 ($201 in chips)
pompier40: posts small blind $1
RaisemyNut$: posts big blind $3
*** HOLE CARDS ***
pompier40: folds
Uncalled bet ($2) returned to RaisemyNut$
RaisemyNut$ collected $2 from pot
RaisemyNut$: doesn't show hand
*** SUMMARY ***
Total pot $2 | Rake $0
Seat 3: RaisemyNut$ (big blind) collected ($2)
Seat 4: pompier40 (button) (small blind) folded before Flop


PokerStars Hand #164320547493:  Hold'em Limit ($3/$6 USD) - 2017/01/09 17:54:44 ET
Table 'Hapag' 6-max Seat #3 is the button
Seat 3: RaisemyNut$ ($113 in chips)
Seat 4: pompier40 ($200 in chips)
RaisemyNut$: posts small blind $1
pompier40: posts big blind $3
*** HOLE CARDS ***
RaisemyNut$: folds
Uncalled bet ($2) returned to pompier40
pompier40 collected $2 from pot
*** SUMMARY ***
Total pot $2 | Rake $0
Seat 3: RaisemyNut$ (button) (small blind) folded before Flop
Seat 4: pompier40 (big blind) collected ($2)


PokerStars Hand #164320534364:  Hold'em Limit ($3/$6 USD) - 2017/01/09 17:54:29 ET
Table 'Hapag' 6-max Seat #4 is the button
Seat 3: RaisemyNut$ ($116 in chips)
Seat 4: pompier40 ($197 in chips)
pompier40: posts small blind $1
RaisemyNut$: posts big blind $3
*** HOLE CARDS ***
pompier40: raises $3 to $6
RaisemyNut$: folds
Uncalled bet ($3) returned to pompier40
pompier40 collected $6 from pot
*** SUMMARY ***
Total pot $6 | Rake $0
Seat 3: RaisemyNut$ (big blind) folded before Flop
Seat 4: pompier40 (button) (small blind) collected ($6)


PokerStars Hand #164320510673:  Hold'em Limit ($3/$6 USD) - 2017/01/09 17:54:03 ET
Table 'Hapag' 6-max Seat #3 is the button
Seat 3: RaisemyNut$ ($113 in chips)
Seat 4: pompier40 ($200 in chips)
RaisemyNut$: posts small blind $1
pompier40: posts big blind $3
*** HOLE CARDS ***
RaisemyNut$: raises $3 to $6
pompier40: folds
Uncalled bet ($3) returned to RaisemyNut$
RaisemyNut$ collected $6 from pot
RaisemyNut$: doesn't show hand
*** SUMMARY ***
Total pot $6 | Rake $0
Seat 3: RaisemyNut$ (button) (small blind) collected ($6)
Seat 4: pompier40 (big blind) folded before Flop


PokerStars Hand #164320596990:  Hold'em Limit ($3/$6 USD) - 2017/01/09 17:55:44 ET
Table 'Hapag' 6-max Seat #4 is the button
Seat 3: RaisemyNut$ ($126.52 in chips)
Seat 4: pompier40 ($186 in chips)
pompier40: posts small blind $1
RaisemyNut$: posts big blind $3
*** HOLE CARDS ***
pompier40: raises $3 to $6
RaisemyNut$: folds
Uncalled bet ($3) returned to pompier40
pompier40 collected $6 from pot
*** SUMMARY ***
Total pot $6 | Rake $0
Seat 3: RaisemyNut$ (big blind) folded before Flop
Seat 4: pompier40 (button) (small blind) collected ($6)


PokerStars Hand #164320590691:  Hold'em Limit ($3/$6 USD) - 2017/01/09 17:55:36 ET
Table 'Hapag' 6-max Seat #3 is the button
Seat 3: RaisemyNut$ ($123.52 in chips)
Seat 4: pompier40 ($189 in chips)
RaisemyNut$: posts small blind $1
pompier40: posts big blind $3
*** HOLE CARDS ***
RaisemyNut$: raises $3 to $6
pompier40: folds
Uncalled bet ($3) returned to RaisemyNut$
RaisemyNut$ collected $6 from pot
*** SUMMARY ***
Total pot $6 | Rake $0
Seat 3: RaisemyNut$ (button) (small blind) collected ($6)
Seat 4: pompier40 (big blind) folded before Flop


PokerStars Hand #164320563117:  Hold'em Limit ($3/$6 USD) - 2017/01/09 17:55:01 ET
Table 'Hapag' 6-max Seat #4 is the button
Seat 3: RaisemyNut$ ($112 in chips)
Seat 4: pompier40 ($201 in chips)
pompier40: posts small blind $1
RaisemyNut$: posts big blind $3
*** HOLE CARDS ***
pompier40: raises $3 to $6
RaisemyNut$: calls $3
*** FLOP *** [8d Qc 7d]
RaisemyNut$: checks
pompier40: checks
*** TURN *** [8d Qc 7d] [Jh]
RaisemyNut$: bets $6
pompier40: calls $6
*** RIVER *** [8d Qc 7d Jh] [Th]
RaisemyNut$: checks
pompier40: checks
*** SHOW DOWN ***
RaisemyNut$: shows [8h Ad] (a pair of Eights)
pompier40: mucks hand
RaisemyNut$ collected $23.52 from pot
*** SUMMARY ***
Total pot $24 | Rake $0.48
Board [8d Qc 7d Jh Th]
Seat 3: RaisemyNut$ (big blind) showed [8h Ad] and won ($23.52) with a pair of Eights
Seat 4: pompier40 (button) (small blind) mucked


PokerStars Hand #164320558021:  Hold'em Limit ($3/$6 USD) - 2017/01/09 17:54:55 ET
Table 'Hapag' 6-max Seat #3 is the button
Seat 3: RaisemyNut$ ($113 in chips)
Seat 4: pompier40 ($200 in chips)
RaisemyNut$: posts small blind $1
pompier40: posts big blind $3
*** HOLE CARDS ***
RaisemyNut$: folds
Uncalled bet ($2) returned to pompier40
pompier40 collected $2 from pot
*** SUMMARY ***
Total pot $2 | Rake $0
Seat 3: RaisemyNut$ (button) (small blind) folded before Flop
Seat 4: pompier40 (big blind) collected ($2)


PokerStars Hand #164320622470:  Hold'em Limit ($3/$6 USD) - 2017/01/09 17:56:16 ET
Table 'Hapag' 6-max Seat #4 is the button
Seat 3: RaisemyNut$ ($114.52 in chips)
Seat 4: pompier40 ($197.64 in chips)
pompier40: posts small blind $1
RaisemyNut$: posts big blind $3
*** HOLE CARDS ***
pompier40: raises $3 to $6
RaisemyNut$: calls $3
*** FLOP *** [2s 2d 8s]
RaisemyNut$: checks
pompier40: bets $3
RaisemyNut$: raises $3 to $6
pompier40: raises $3 to $9
RaisemyNut$: calls $3
*** TURN *** [2s 2d 8s] [Kc]
RaisemyNut$: checks
pompier40: bets $6
RaisemyNut$: calls $6
*** RIVER *** [2s 2d 8s Kc] [4s]
RaisemyNut$: checks
pompier40: bets $6
RaisemyNut$: folds
Uncalled bet ($6) returned to pompier40
pompier40 collected $41.50 from pot
*** SUMMARY ***
Total pot $42 | Rake $0.50
Board [2s 2d 8s Kc 4s]
Seat 3: RaisemyNut$ (big blind) folded on the River
Seat 4: pompier40 (button) (small blind) collected ($41.50)


PokerStars Hand #164320603935:  Hold'em Limit ($3/$6 USD) - 2017/01/09 17:55:55 ET
Table 'Hapag' 6-max Seat #3 is the button
Seat 3: RaisemyNut$ ($123.52 in chips)
Seat 4: pompier40 ($189 in chips)
RaisemyNut$: posts small blind $1
pompier40: posts big blind $3
*** HOLE CARDS ***
RaisemyNut$: raises $3 to $6
pompier40: raises $3 to $9
RaisemyNut$: calls $3
*** FLOP *** [Jd 4s Th]
pompier40: bets $3
RaisemyNut$: folds
Uncalled bet ($3) returned to pompier40
pompier40 collected $17.64 from pot
*** SUMMARY ***
Total pot $18 | Rake $0.36
Board [Jd 4s Th]
Seat 3: RaisemyNut$ (button) (small blind) folded on the Flop
Seat 4: pompier40 (big blind) collected ($17.64)


PokerStars Hand #164320648118:  Hold'em Limit ($3/$6 USD) - 2017/01/09 17:56:52 ET
Table 'Hapag' 6-max Seat #3 is the button
Seat 3: RaisemyNut$ ($93.52 in chips)
Seat 4: pompier40 ($218.14 in chips)
RaisemyNut$: posts small blind $1
pompier40: posts big blind $3
*** HOLE CARDS ***
RaisemyNut$: raises $3 to $6
pompier40: calls $3
*** FLOP *** [8s Kh Qh]
pompier40: checks
vovojc joins the table at seat #5
RaisemyNut$: bets $3
pompier40: calls $3
*** TURN *** [8s Kh Qh] [6h]
pompier40: checks
RaisemyNut$: checks
*** RIVER *** [8s Kh Qh 6h] [7h]
pompier40: bets $6
RaisemyNut$: calls $6
*** SHOW DOWN ***
pompier40: shows [2c Ks] (a pair of Kings)
RaisemyNut$: shows [7d 6d] (two pair, Sevens and Sixes)
RaisemyNut$ collected $29.50 from pot
*** SUMMARY ***
Total pot $30 | Rake $0.50
Board [8s Kh Qh 6h 7h]
Seat 3: RaisemyNut$ (button) (small blind) showed [7d 6d] and won ($29.50) with two pair, Sevens and Sixes
Seat 4: pompier40 (big blind) showed [2c Ks] and lost with a pair of Kings


