PokerStars Hand #173130121134:  Hold'em Limit ($3/$6 USD) - 2017/07/16 19:16:25 ET
Table 'Hapag' 10-max Seat #5 is the button
Seat 1: Zubasa07 ($303 in chips)
Seat 5: Those_Bros ($58.51 in chips)
Those_Bros: posts small blind $1
Zubasa07: posts big blind $3
*** HOLE CARDS ***
Those_Bros: raises $3 to $6
Zubasa07: folds
Uncalled bet ($3) returned to Those_Bros
Those_Bros collected $6 from pot
Those_Bros: doesn't show hand
*** SUMMARY ***
Total pot $6 | Rake $0
Seat 1: Zubasa07 (big blind) folded before Flop
Seat 5: Those_Bros (button) (small blind) collected ($6)


PokerStars Hand #173130111959:  Hold'em Limit ($3/$6 USD) - 2017/07/16 19:16:11 ET
Table 'Hapag' 10-max Seat #1 is the button
Seat 1: Zubasa07 ($300 in chips)
Seat 5: Those_Bros ($61.51 in chips)
Zubasa07: posts small blind $1
Those_Bros: posts big blind $3
*** HOLE CARDS ***
Zubasa07: raises $3 to $6
Those_Bros: folds
Uncalled bet ($3) returned to Zubasa07
Zubasa07 collected $6 from pot
Zubasa07: doesn't show hand
*** SUMMARY ***
Total pot $6 | Rake $0
Seat 1: Zubasa07 (button) (small blind) collected ($6)
Seat 5: Those_Bros (big blind) folded before Flop


PokerStars Hand #173130127028:  Hold'em Limit ($3/$6 USD) - 2017/07/16 19:16:35 ET
Table 'Hapag' 10-max Seat #1 is the button
Seat 1: Zubasa07 ($300 in chips)
Seat 5: Those_Bros ($61.51 in chips)
Zubasa07: posts small blind $1
Those_Bros: posts big blind $3
*** HOLE CARDS ***
Zubasa07: raises $3 to $6
Those_Bros: calls $3
*** FLOP *** [9d Th 3s]
Those_Bros: checks
Zubasa07: bets $3
Those_Bros: raises $3 to $6
Zubasa07: calls $3
*** TURN *** [9d Th 3s] [2c]
Those_Bros: bets $6
Zubasa07: folds
Uncalled bet ($6) returned to Those_Bros
Those_Bros collected $23.52 from pot
Those_Bros: doesn't show hand
*** SUMMARY ***
Total pot $24 | Rake $0.48
Board [9d Th 3s 2c]
Seat 1: Zubasa07 (button) (small blind) folded on the Turn
Seat 5: Those_Bros (big blind) collected ($23.52)


PokerStars Hand #173130159747:  Hold'em Limit ($3/$6 USD) - 2017/07/16 19:17:27 ET
Table 'Hapag' 10-max Seat #5 is the button
Seat 1: Zubasa07 ($288 in chips)
Seat 5: Those_Bros ($73.03 in chips)
Those_Bros: posts small blind $1
Zubasa07: posts big blind $3
*** HOLE CARDS ***
Those_Bros: raises $3 to $6
Zubasa07: raises $3 to $9
Those_Bros: calls $3
*** FLOP *** [Qc 7c Js]
Those_Bros said, "gooooooooo"
Zubasa07: bets $3
Those_Bros: calls $3
*** TURN *** [Qc 7c Js] [9d]
Zubasa07: bets $6
Those_Bros said, "?"
Those_Bros: raises $6 to $12
Zubasa07: calls $6
*** RIVER *** [Qc 7c Js 9d] [5c]
Zubasa07: checks
Those_Bros: bets $6
Zubasa07: folds
Uncalled bet ($6) returned to Those_Bros
Those_Bros collected $47.50 from pot
Those_Bros: doesn't show hand
*** SUMMARY ***
Total pot $48 | Rake $0.50
Board [Qc 7c Js 9d 5c]
Seat 1: Zubasa07 (big blind) folded on the River
Seat 5: Those_Bros (button) (small blind) collected ($47.50)


