PokerStars Hand #145652783574:  Hold'em Limit ($3/$6 USD) - 2015/12/20 15:29:38 ET
Table 'Haremari III' 6-max Seat #2 is the button
Seat 2: artiZzt ($128.41 in chips)
Seat 6: Chefred ($319.21 in chips)
artiZzt: posts small blind $1
SashaYuvelir: is sitting out
ValeryRon: is sitting out
Chefred: posts big blind $3
*** HOLE CARDS ***
artiZzt: raises $3 to $6
ValeryRon leaves the table
Chefred: calls $3
*** FLOP *** [Kd 7c Tc]
Chefred: checks
artiZzt: bets $3
Chefred: calls $3
*** TURN *** [Kd 7c Tc] [Jd]
TinaTurner72 joins the table at seat #4
Chefred: checks
artiZzt: bets $6
Chefred: folds
Uncalled bet ($6) returned to artiZzt
artiZzt collected $17.64 from pot
artiZzt: doesn't show hand
*** SUMMARY ***
Total pot $18 | Rake $0.36
Board [Kd 7c Tc Jd]
Seat 2: artiZzt (button) (small blind) collected ($17.64)
Seat 6: Chefred (big blind) folded on the Turn


PokerStars Hand #145652812721:  Hold'em Limit ($3/$6 USD) - 2015/12/20 15:30:04 ET
Table 'Haremari III' 6-max Seat #6 is the button
Seat 2: artiZzt ($137.05 in chips)
Seat 6: Chefred ($310.21 in chips)
Chefred: posts small blind $1
artiZzt: posts big blind $3
*** HOLE CARDS ***
Chefred: raises $3 to $6
artiZzt: calls $3
*** FLOP *** [Ad 8d 3h]
artiZzt: checks
Chefred: bets $3
artiZzt: calls $3
*** TURN *** [Ad 8d 3h] [3s]
artiZzt: checks
Chefred: checks
*** RIVER *** [Ad 8d 3h 3s] [Ks]
artiZzt: bets $6
Chefred: calls $6
*** SHOW DOWN ***
artiZzt: shows [Th Kd] (two pair, Kings and Threes)
Chefred: shows [Kc 9d] (two pair, Kings and Threes)
artiZzt collected $14.75 from pot
Chefred collected $14.75 from pot
*** SUMMARY ***
Total pot $30 | Rake $0.50
Board [Ad 8d 3h 3s Ks]
Seat 2: artiZzt (big blind) showed [Th Kd] and won ($14.75) with two pair, Kings and Threes
Seat 6: Chefred (button) (small blind) showed [Kc 9d] and won ($14.75) with two pair, Kings and Threes


PokerStars Hand #145652866660:  Hold'em Limit ($3/$6 USD) - 2015/12/20 15:31:04 ET
Table 'Haremari III' 6-max Seat #2 is the button
Seat 2: artiZzt ($136.44 in chips)
Seat 6: Chefred ($309.96 in chips)
artiZzt: posts small blind $1
TinaTurner72: is sitting out
Zubasa07 was removed from the table for failing to post
Chefred: posts big blind $3
*** HOLE CARDS ***
artiZzt: raises $3 to $6
Chefred: folds
Uncalled bet ($3) returned to artiZzt
artiZzt collected $6 from pot
artiZzt: doesn't show hand
*** SUMMARY ***
Total pot $6 | Rake $0
Seat 2: artiZzt (button) (small blind) collected ($6)
Seat 6: Chefred (big blind) folded before Flop


PokerStars Hand #145655164159:  Hold'em Limit ($3/$6 USD) - 2015/12/20 16:08:43 ET
Table 'Haremari III' 6-max Seat #1 is the button
Seat 1: kolaz03 ($98.61 in chips)
Seat 6: Chefred ($397.06 in chips)
kolaz03: posts small blind $1
vestimokrec: is sitting out
Chefred: posts big blind $3
*** HOLE CARDS ***
kolaz03: raises $3 to $6
vestimokrec leaves the table
belik555 joins the table at seat #2
Chefred: calls $3
*** FLOP *** [As 6c 4c]
Chefred: checks
kolaz03: bets $3
Chefred: raises $3 to $6
kolaz03: folds
Uncalled bet ($3) returned to Chefred
Chefred collected $17.64 from pot
Chefred: doesn't show hand
*** SUMMARY ***
Total pot $18 | Rake $0.36
Board [As 6c 4c]
Seat 1: kolaz03 (button) (small blind) folded on the Flop
Seat 6: Chefred (big blind) collected ($17.64)


