PokerStars Hand #152796200533:  Hold'em Limit ($3/$6 USD) - 2016/05/03 10:31:02 ET
Table 'Haremari' 6-max Seat #3 is the button
Seat 3: assitoni ($151.74 in chips)
Seat 5: LolDnkaments ($207.53 in chips)
dkrt139 will be allowed to play after the button
Krazy90 will be allowed to play after the button
assitoni: posts small blind $1
LolDnkaments: posts big blind $3
*** HOLE CARDS ***
assitoni: folds
Uncalled bet ($2) returned to LolDnkaments
LolDnkaments collected $2 from pot
LolDnkaments: doesn't show hand
Günni1959 leaves the table
*** SUMMARY ***
Total pot $2 | Rake $0
Seat 3: assitoni (button) (small blind) folded before Flop
Seat 5: LolDnkaments (big blind) collected ($2)


PokerStars Hand #152798806369:  Hold'em Limit ($3/$6 USD) - 2016/05/03 11:38:54 ET
Table 'Haremari' 6-max Seat #2 is the button
Seat 2: nicmct ($292.38 in chips)
Seat 6: fsreibnitz ($121.07 in chips)
harrydonkey will be allowed to play after the button
nicmct: posts small blind $1
Agrotait: is sitting out
fsreibnitz: posts big blind $3
*** HOLE CARDS ***
nicmct: folds
Uncalled bet ($2) returned to fsreibnitz
fsreibnitz collected $2 from pot
*** SUMMARY ***
Total pot $2 | Rake $0
Seat 2: nicmct (button) (small blind) folded before Flop
Seat 6: fsreibnitz (big blind) collected ($2)


PokerStars Hand #152799285661:  Hold'em Limit ($3/$6 USD) - 2016/05/03 11:50:36 ET
Table 'Haremari' 6-max Seat #2 is the button
Seat 2: nicmct ($297.74 in chips)
Seat 4: Agrotait ($80.25 in chips)
nicmct: posts small blind $1
Agrotait: posts big blind $3
*** HOLE CARDS ***
nicmct: calls $2
Agrotait: raises $3 to $6
nicmct: calls $3
*** FLOP *** [4c Qc 5d]
Agrotait: bets $3
nicmct: calls $3
*** TURN *** [4c Qc 5d] [9d]
Agrotait: bets $6
nicmct: raises $6 to $12
Agrotait: calls $6
*** RIVER *** [4c Qc 5d 9d] [7c]
Agrotait: checks
nicmct: bets $6
Agrotait: calls $6
*** SHOW DOWN ***
nicmct: shows [4h 5c] (two pair, Fives and Fours)
Agrotait: mucks hand
nicmct collected $53.50 from pot
*** SUMMARY ***
Total pot $54 | Rake $0.50
Board [4c Qc 5d 9d 7c]
Seat 2: nicmct (button) (small blind) showed [4h 5c] and won ($53.50) with two pair, Fives and Fours
Seat 4: Agrotait (big blind) mucked


