PokerStars Hand #171702063626:  Hold'em Limit ($3/$6 USD) - 2017/06/12 19:29:01 ET
Table 'Haremari' 6-max Seat #1 is the button
Seat 1: EVBET ($300 in chips)
Seat 4: Actionni13 ($150 in chips)
EVBET: posts small blind $1
Actionni13: posts big blind $3
*** HOLE CARDS ***
EVBET: folds
Uncalled bet ($2) returned to Actionni13
Actionni13 collected $2 from pot
Actionni13: doesn't show hand
*** SUMMARY ***
Total pot $2 | Rake $0
Seat 1: EVBET (button) (small blind) folded before Flop
Seat 4: Actionni13 (big blind) collected ($2)


PokerStars Hand #171702069239:  Hold'em Limit ($3/$6 USD) - 2017/06/12 19:29:11 ET
Table 'Haremari' 6-max Seat #1 is the button
Seat 1: EVBET ($300 in chips)
Seat 4: Actionni13 ($150 in chips)
EVBET: posts small blind $1
Actionni13: posts big blind $3
*** HOLE CARDS ***
EVBET: raises $3 to $6
Actionni13: raises $3 to $9
EVBET: calls $3
*** FLOP *** [3d 3s 4c]
Actionni13: bets $3
EVBET: calls $3
*** TURN *** [3d 3s 4c] [4d]
Actionni13: bets $6
EVBET: calls $6
*** RIVER *** [3d 3s 4c 4d] [As]
Actionni13: bets $6
EVBET: calls $6
*** SHOW DOWN ***
Actionni13: shows [Ah Ks] (two pair, Aces and Fours)
EVBET: mucks hand
Actionni13 collected $47.50 from pot
*** SUMMARY ***
Total pot $48 | Rake $0.50
Board [3d 3s 4c 4d As]
Seat 1: EVBET (button) (small blind) mucked
Seat 4: Actionni13 (big blind) showed [Ah Ks] and won ($47.50) with two pair, Aces and Fours


PokerStars Hand #171702104575:  Hold'em Limit ($3/$6 USD) - 2017/06/12 19:30:16 ET
Table 'Haremari' 6-max Seat #1 is the button
Seat 1: EVBET ($287.52 in chips)
Seat 4: Actionni13 ($161.50 in chips)
EVBET: posts small blind $1
Actionni13: posts big blind $3
*** HOLE CARDS ***
EVBET: raises $3 to $6
Actionni13: calls $3
*** FLOP *** [5h Th Ah]
Actionni13: checks
EVBET: bets $3
Actionni13: raises $3 to $6
EVBET: folds
Uncalled bet ($3) returned to Actionni13
Actionni13 collected $17.64 from pot
Actionni13: doesn't show hand
*** SUMMARY ***
Total pot $18 | Rake $0.36
Board [5h Th Ah]
Seat 1: EVBET (button) (small blind) folded on the Flop
Seat 4: Actionni13 (big blind) collected ($17.64)


PokerStars Hand #171702091578:  Hold'em Limit ($3/$6 USD) - 2017/06/12 19:29:52 ET
Table 'Haremari' 6-max Seat #4 is the button
Seat 1: EVBET ($276 in chips)
Seat 4: Actionni13 ($173.50 in chips)
Actionni13: posts small blind $1
EVBET: posts big blind $3
*** HOLE CARDS ***
Actionni13: raises $3 to $6
EVBET: raises $3 to $9
Actionni13: calls $3
*** FLOP *** [4d 6s Qs]
EVBET: bets $3
Actionni13: calls $3
*** TURN *** [4d 6s Qs] [Qd]
EVBET: bets $6
Actionni13: folds
Uncalled bet ($6) returned to EVBET
EVBET collected $23.52 from pot
EVBET: doesn't show hand
*** SUMMARY ***
Total pot $24 | Rake $0.48
Board [4d 6s Qs Qd]
Seat 1: EVBET (big blind) collected ($23.52)
Seat 4: Actionni13 (button) (small blind) folded on the Turn


PokerStars Hand #171702120406:  Hold'em Limit ($3/$6 USD) - 2017/06/12 19:30:46 ET
Table 'Haremari' 6-max Seat #4 is the button
Seat 1: EVBET ($271.52 in chips)
Seat 4: Actionni13 ($176.90 in chips)
Actionni13: posts small blind $1
EVBET: posts big blind $3
*** HOLE CARDS ***
Actionni13: raises $3 to $6
EVBET: folds
Uncalled bet ($3) returned to Actionni13
Actionni13 collected $6 from pot
Actionni13: doesn't show hand
*** SUMMARY ***
Total pot $6 | Rake $0
Seat 1: EVBET (big blind) folded before Flop
Seat 4: Actionni13 (button) (small blind) collected ($6)


PokerStars Hand #171702117071:  Hold'em Limit ($3/$6 USD) - 2017/06/12 19:30:39 ET
Table 'Haremari' 6-max Seat #1 is the button
Seat 1: EVBET ($272.52 in chips)
Seat 4: Actionni13 ($175.90 in chips)
EVBET: posts small blind $1
Actionni13: posts big blind $3
*** HOLE CARDS ***
EVBET: folds
Uncalled bet ($2) returned to Actionni13
Actionni13 collected $2 from pot
Actionni13: doesn't show hand
*** SUMMARY ***
Total pot $2 | Rake $0
Seat 1: EVBET (button) (small blind) folded before Flop
Seat 4: Actionni13 (big blind) collected ($2)


PokerStars Hand #171702111180:  Hold'em Limit ($3/$6 USD) - 2017/06/12 19:30:28 ET
Table 'Haremari' 6-max Seat #4 is the button
Seat 1: EVBET ($278.52 in chips)
Seat 4: Actionni13 ($170.14 in chips)
Actionni13: posts small blind $1
EVBET: posts big blind $3
*** HOLE CARDS ***
Actionni13: raises $3 to $6
EVBET: calls $3
*** FLOP *** [Jd 3d Kc]
EVBET: checks
Actionni13: bets $3
EVBET: folds
Uncalled bet ($3) returned to Actionni13
Actionni13 collected $11.76 from pot
Actionni13: doesn't show hand
*** SUMMARY ***
Total pot $12 | Rake $0.24
Board [Jd 3d Kc]
Seat 1: EVBET (big blind) folded on the Flop
Seat 4: Actionni13 (button) (small blind) collected ($11.76)


PokerStars Hand #171702125150:  Hold'em Limit ($3/$6 USD) - 2017/06/12 19:30:54 ET
Table 'Haremari' 6-max Seat #1 is the button
Seat 1: EVBET ($268.52 in chips)
Seat 4: Actionni13 ($179.90 in chips)
EVBET: posts small blind $1
Actionni13: posts big blind $3
*** HOLE CARDS ***
EVBET: raises $3 to $6
Actionni13: raises $3 to $9
EVBET: calls $3
*** FLOP *** [4c Ac 8c]
Actionni13: bets $3
EVBET: calls $3
*** TURN *** [4c Ac 8c] [7h]
Actionni13: bets $6
EVBET: folds
Uncalled bet ($6) returned to Actionni13
Actionni13 collected $23.52 from pot
Actionni13: doesn't show hand
*** SUMMARY ***
Total pot $24 | Rake $0.48
Board [4c Ac 8c 7h]
Seat 1: EVBET (button) (small blind) folded on the Turn
Seat 4: Actionni13 (big blind) collected ($23.52)


PokerStars Hand #171702139964:  Hold'em Limit ($3/$6 USD) - 2017/06/12 19:31:21 ET
Table 'Haremari' 6-max Seat #4 is the button
Seat 1: EVBET ($256.52 in chips)
Seat 4: Actionni13 ($191.42 in chips)
Actionni13: posts small blind $1
EVBET: posts big blind $3
*** HOLE CARDS ***
Actionni13: raises $3 to $6
EVBET: calls $3
*** FLOP *** [Jh 6c 6s]
EVBET: checks
Actionni13: bets $3
EVBET: raises $3 to $6
Actionni13: calls $3
*** TURN *** [Jh 6c 6s] [8d]
EVBET: bets $6
Actionni13: calls $6
*** RIVER *** [Jh 6c 6s 8d] [Jc]
EVBET: bets $6
Actionni13: calls $6
*** SHOW DOWN ***
EVBET: shows [Ac 6d] (a full house, Sixes full of Jacks)
Actionni13: mucks hand
EVBET collected $47.50 from pot
*** SUMMARY ***
Total pot $48 | Rake $0.50
Board [Jh 6c 6s 8d Jc]
Seat 1: EVBET (big blind) showed [Ac 6d] and won ($47.50) with a full house, Sixes full of Jacks
Seat 4: Actionni13 (button) (small blind) mucked


PokerStars Hand #171702161360:  Hold'em Limit ($3/$6 USD) - 2017/06/12 19:32:02 ET
Table 'Haremari' 6-max Seat #1 is the button
Seat 1: EVBET ($280.02 in chips)
Seat 4: Actionni13 ($167.42 in chips)
EVBET: posts small blind $1
Actionni13: posts big blind $3
*** HOLE CARDS ***
EVBET: raises $3 to $6
Actionni13: calls $3
*** FLOP *** [Ad 9d 6c]
Actionni13: checks
EVBET: bets $3
Actionni13: calls $3
*** TURN *** [Ad 9d 6c] [8s]
Actionni13: checks
EVBET: bets $6
Actionni13: calls $6
*** RIVER *** [Ad 9d 6c 8s] [Qs]
Actionni13: checks
EVBET: checks
*** SHOW DOWN ***
Actionni13: shows [7s Kh] (high card Ace)
EVBET: shows [8h 7c] (a pair of Eights)
EVBET collected $29.50 from pot
*** SUMMARY ***
Total pot $30 | Rake $0.50
Board [Ad 9d 6c 8s Qs]
Seat 1: EVBET (button) (small blind) showed [8h 7c] and won ($29.50) with a pair of Eights
Seat 4: Actionni13 (big blind) showed [7s Kh] and lost with high card Ace


PokerStars Hand #171702215371:  Hold'em Limit ($3/$6 USD) - 2017/06/12 19:33:42 ET
Table 'Haremari' 6-max Seat #1 is the button
Seat 1: EVBET ($258.52 in chips)
Seat 4: Actionni13 ($187.92 in chips)
EVBET: posts small blind $1
Actionni13: posts big blind $3
*** HOLE CARDS ***
EVBET: raises $3 to $6
Actionni13: folds
Uncalled bet ($3) returned to EVBET
EVBET collected $6 from pot
EVBET: doesn't show hand
*** SUMMARY ***
Total pot $6 | Rake $0
Seat 1: EVBET (button) (small blind) collected ($6)
Seat 4: Actionni13 (big blind) folded before Flop


PokerStars Hand #171702177173:  Hold'em Limit ($3/$6 USD) - 2017/06/12 19:32:31 ET
Table 'Haremari' 6-max Seat #4 is the button
Seat 1: EVBET ($294.52 in chips)
Seat 4: Actionni13 ($152.42 in chips)
Actionni13: posts small blind $1
EVBET: posts big blind $3
*** HOLE CARDS ***
Actionni13: raises $3 to $6
EVBET: calls $3
*** FLOP *** [Jd 2d 4c]
EVBET: checks
Actionni13: bets $3
EVBET: raises $3 to $6
Actionni13: calls $3
*** TURN *** [Jd 2d 4c] [Tc]
EVBET: bets $6
Actionni13: raises $6 to $12
EVBET: calls $6
*** RIVER *** [Jd 2d 4c Tc] [Qd]
EVBET: checks
Actionni13: bets $6
EVBET: raises $6 to $12
Actionni13: calls $6
*** SHOW DOWN ***
EVBET: shows [8h Ac] (high card Ace)
Actionni13: shows [5d 6d] (a flush, Queen high)
Actionni13 collected $71.50 from pot
*** SUMMARY ***
Total pot $72 | Rake $0.50
Board [Jd 2d 4c Tc Qd]
Seat 1: EVBET (big blind) showed [8h Ac] and lost with high card Ace
Seat 4: Actionni13 (button) (small blind) showed [5d 6d] and won ($71.50) with a flush, Queen high


PokerStars Hand #171702224291:  Hold'em Limit ($3/$6 USD) - 2017/06/12 19:33:58 ET
Table 'Haremari' 6-max Seat #4 is the button
Seat 1: EVBET ($261.52 in chips)
Seat 4: Actionni13 ($184.92 in chips)
Actionni13: posts small blind $1
EVBET: posts big blind $3
*** HOLE CARDS ***
Actionni13: raises $3 to $6
EVBET: folds
Uncalled bet ($3) returned to Actionni13
Actionni13 collected $6 from pot
Actionni13: doesn't show hand
*** SUMMARY ***
Total pot $6 | Rake $0
Seat 1: EVBET (big blind) folded before Flop
Seat 4: Actionni13 (button) (small blind) collected ($6)


PokerStars Hand #171702235317:  Hold'em Limit ($3/$6 USD) - 2017/06/12 19:34:19 ET
Table 'Haremari' 6-max Seat #4 is the button
Seat 1: EVBET ($249.52 in chips)
Seat 4: Actionni13 ($196.56 in chips)
Actionni13: posts small blind $1
EVBET: posts big blind $3
*** HOLE CARDS ***
Actionni13: raises $3 to $6
EVBET: calls $3
*** FLOP *** [8s 2h Ks]
EVBET: checks
Actionni13: bets $3
EVBET: folds
Uncalled bet ($3) returned to Actionni13
Actionni13 collected $11.76 from pot
Actionni13: doesn't show hand
*** SUMMARY ***
Total pot $12 | Rake $0.24
Board [8s 2h Ks]
Seat 1: EVBET (big blind) folded on the Flop
Seat 4: Actionni13 (button) (small blind) collected ($11.76)


PokerStars Hand #171702281132:  Hold'em Limit ($3/$6 USD) - 2017/06/12 19:35:45 ET
Table 'Haremari' 6-max Seat #4 is the button
Seat 1: EVBET ($274.52 in chips)
Seat 4: Actionni13 ($170.32 in chips)
Actionni13: posts small blind $1
EVBET: posts big blind $3
*** HOLE CARDS ***
Actionni13: folds
Uncalled bet ($2) returned to EVBET
EVBET collected $2 from pot
EVBET: doesn't show hand
*** SUMMARY ***
Total pot $2 | Rake $0
Seat 1: EVBET (big blind) collected ($2)
Seat 4: Actionni13 (button) (small blind) folded before Flop


PokerStars Hand #171702278657:  Hold'em Limit ($3/$6 USD) - 2017/06/12 19:35:41 ET
Table 'Haremari' 6-max Seat #1 is the button
Seat 1: EVBET ($275.52 in chips)
Seat 4: Actionni13 ($169.32 in chips)
EVBET: posts small blind $1
Actionni13: posts big blind $3
*** HOLE CARDS ***
EVBET: folds
Uncalled bet ($2) returned to Actionni13
Actionni13 collected $2 from pot
Actionni13: doesn't show hand
*** SUMMARY ***
Total pot $2 | Rake $0
Seat 1: EVBET (button) (small blind) folded before Flop
Seat 4: Actionni13 (big blind) collected ($2)


PokerStars Hand #171702266076:  Hold'em Limit ($3/$6 USD) - 2017/06/12 19:35:17 ET
Table 'Haremari' 6-max Seat #4 is the button
Seat 1: EVBET ($258.02 in chips)
Seat 4: Actionni13 ($187.32 in chips)
Actionni13: posts small blind $1
EVBET: posts big blind $3
*** HOLE CARDS ***
Actionni13: raises $3 to $6
EVBET: calls $3
*** FLOP *** [Ac Kd 4d]
EVBET: checks
Actionni13: bets $3
EVBET: raises $3 to $6
Actionni13: calls $3
*** TURN *** [Ac Kd 4d] [3s]
EVBET: bets $6
Actionni13: calls $6
*** RIVER *** [Ac Kd 4d 3s] [9c]
EVBET: checks
Actionni13: checks
*** SHOW DOWN ***
EVBET: shows [2h As] (a pair of Aces)
Actionni13: mucks hand
EVBET collected $35.50 from pot
*** SUMMARY ***
Total pot $36 | Rake $0.50
Board [Ac Kd 4d 3s 9c]
Seat 1: EVBET (big blind) showed [2h As] and won ($35.50) with a pair of Aces
Seat 4: Actionni13 (button) (small blind) mucked


PokerStars Hand #171702285877:  Hold'em Limit ($3/$6 USD) - 2017/06/12 19:35:54 ET
Table 'Haremari' 6-max Seat #1 is the button
Seat 1: EVBET ($275.52 in chips)
Seat 4: Actionni13 ($169.32 in chips)
EVBET: posts small blind $1
Actionni13: posts big blind $3
*** HOLE CARDS ***
EVBET: raises $3 to $6
Actionni13: calls $3
*** FLOP *** [4h 2h Kd]
Actionni13: checks
EVBET: checks
*** TURN *** [4h 2h Kd] [5s]
Actionni13: bets $6
EVBET: folds
Uncalled bet ($6) returned to Actionni13
Actionni13 collected $11.76 from pot
Actionni13: doesn't show hand
*** SUMMARY ***
Total pot $12 | Rake $0.24
Board [4h 2h Kd 5s]
Seat 1: EVBET (button) (small blind) folded on the Turn
Seat 4: Actionni13 (big blind) collected ($11.76)


PokerStars Hand #171702319108:  Hold'em Limit ($3/$6 USD) - 2017/06/12 19:36:44 ET
Table 'Haremari' 6-max Seat #4 is the button
Seat 1: EVBET ($274.28 in chips)
Seat 4: Actionni13 ($170.08 in chips)
Actionni13: posts small blind $1
EVBET: posts big blind $3
*** HOLE CARDS ***
Actionni13: raises $3 to $6
EVBET: folds
Uncalled bet ($3) returned to Actionni13
Actionni13 collected $6 from pot
Actionni13: doesn't show hand
*** SUMMARY ***
Total pot $6 | Rake $0
Seat 1: EVBET (big blind) folded before Flop
Seat 4: Actionni13 (button) (small blind) collected ($6)


PokerStars Hand #171702316994:  Hold'em Limit ($3/$6 USD) - 2017/06/12 19:36:40 ET
Table 'Haremari' 6-max Seat #1 is the button
Seat 1: EVBET ($275.28 in chips)
Seat 4: Actionni13 ($169.08 in chips)
EVBET: posts small blind $1
Actionni13: posts big blind $3
*** HOLE CARDS ***
EVBET: folds
Uncalled bet ($2) returned to Actionni13
Actionni13 collected $2 from pot
Actionni13: doesn't show hand
*** SUMMARY ***
Total pot $2 | Rake $0
Seat 1: EVBET (button) (small blind) folded before Flop
Seat 4: Actionni13 (big blind) collected ($2)


PokerStars Hand #171702308416:  Hold'em Limit ($3/$6 USD) - 2017/06/12 19:36:24 ET
Table 'Haremari' 6-max Seat #4 is the button
Seat 1: EVBET ($269.52 in chips)
Seat 4: Actionni13 ($175.08 in chips)
Actionni13: posts small blind $1
EVBET: posts big blind $3
*** HOLE CARDS ***
Actionni13: raises $3 to $6
EVBET: calls $3
*** FLOP *** [3s 2h 5h]
EVBET: checks
Actionni13: checks
*** TURN *** [3s 2h 5h] [Ts]
EVBET: bets $6
Actionni13: folds
Uncalled bet ($6) returned to EVBET
EVBET collected $11.76 from pot
EVBET: doesn't show hand
*** SUMMARY ***
Total pot $12 | Rake $0.24
Board [3s 2h 5h Ts]
Seat 1: EVBET (big blind) collected ($11.76)
Seat 4: Actionni13 (button) (small blind) folded on the Turn


PokerStars Hand #171702349150:  Hold'em Limit ($3/$6 USD) - 2017/06/12 19:37:42 ET
Table 'Haremari' 6-max Seat #4 is the button
Seat 1: EVBET ($271.03 in chips)
Seat 4: Actionni13 ($172.83 in chips)
Actionni13: posts small blind $1
EVBET: posts big blind $3
*** HOLE CARDS ***
Actionni13: raises $3 to $6
EVBET: folds
Uncalled bet ($3) returned to Actionni13
Actionni13 collected $6 from pot
Actionni13: doesn't show hand
*** SUMMARY ***
Total pot $6 | Rake $0
Seat 1: EVBET (big blind) folded before Flop
Seat 4: Actionni13 (button) (small blind) collected ($6)


PokerStars Hand #171702345012:  Hold'em Limit ($3/$6 USD) - 2017/06/12 19:37:34 ET
Table 'Haremari' 6-max Seat #1 is the button
Seat 1: EVBET ($272.03 in chips)
Seat 4: Actionni13 ($171.83 in chips)
EVBET: posts small blind $1
Actionni13: posts big blind $3
*** HOLE CARDS ***
EVBET: folds
Uncalled bet ($2) returned to Actionni13
Actionni13 collected $2 from pot
Actionni13: doesn't show hand
*** SUMMARY ***
Total pot $2 | Rake $0
Seat 1: EVBET (button) (small blind) folded before Flop
Seat 4: Actionni13 (big blind) collected ($2)


PokerStars Hand #171702340147:  Hold'em Limit ($3/$6 USD) - 2017/06/12 19:37:25 ET
Table 'Haremari' 6-max Seat #4 is the button
Seat 1: EVBET ($271.03 in chips)
Seat 4: Actionni13 ($172.83 in chips)
Actionni13: posts small blind $1
EVBET: posts big blind $3
*** HOLE CARDS ***
Actionni13: folds
Uncalled bet ($2) returned to EVBET
EVBET collected $2 from pot
EVBET: doesn't show hand
*** SUMMARY ***
Total pot $2 | Rake $0
Seat 1: EVBET (big blind) collected ($2)
Seat 4: Actionni13 (button) (small blind) folded before Flop


PokerStars Hand #171702380121:  Hold'em Limit ($3/$6 USD) - 2017/06/12 19:38:41 ET
Table 'Haremari' 6-max Seat #1 is the button
Seat 1: EVBET ($273.67 in chips)
Seat 4: Actionni13 ($169.71 in chips)
EVBET: posts small blind $1
Actionni13: posts big blind $3
*** HOLE CARDS ***
EVBET: raises $3 to $6
Actionni13: raises $3 to $9
EVBET: calls $3
*** FLOP *** [3d Ac As]
Actionni13: bets $3
EVBET: calls $3
*** TURN *** [3d Ac As] [Tc]
Actionni13: checks
EVBET: checks
*** RIVER *** [3d Ac As Tc] [Qd]
Actionni13: bets $6
EVBET: folds
Uncalled bet ($6) returned to Actionni13
Actionni13 collected $23.52 from pot
Actionni13: doesn't show hand
*** SUMMARY ***
Total pot $24 | Rake $0.48
Board [3d Ac As Tc Qd]
Seat 1: EVBET (button) (small blind) folded on the River
Seat 4: Actionni13 (big blind) collected ($23.52)


PokerStars Hand #171702353792:  Hold'em Limit ($3/$6 USD) - 2017/06/12 19:37:51 ET
Table 'Haremari' 6-max Seat #1 is the button
Seat 1: EVBET ($268.03 in chips)
Seat 4: Actionni13 ($175.83 in chips)
EVBET: posts small blind $1
Actionni13: posts big blind $3
*** HOLE CARDS ***
EVBET: raises $3 to $6
Actionni13: calls $3
*** FLOP *** [Kc Qh Tc]
Actionni13: checks
EVBET: checks
*** TURN *** [Kc Qh Tc] [Ad]
Actionni13: checks
EVBET: checks
*** RIVER *** [Kc Qh Tc Ad] [Jc]
Actionni13: checks
EVBET: checks
*** SHOW DOWN ***
Actionni13: shows [6h Jh] (a straight, Ten to Ace)
EVBET: shows [Th 6s] (a straight, Ten to Ace)
Actionni13 collected $5.88 from pot
EVBET collected $5.88 from pot
*** SUMMARY ***
Total pot $12 | Rake $0.24
Board [Kc Qh Tc Ad Jc]
Seat 1: EVBET (button) (small blind) showed [Th 6s] and won ($5.88) with a straight, Ten to Ace
Seat 4: Actionni13 (big blind) showed [6h Jh] and won ($5.88) with a straight, Ten to Ace


PokerStars Hand #171702364296:  Hold'em Limit ($3/$6 USD) - 2017/06/12 19:38:11 ET
Table 'Haremari' 6-max Seat #4 is the button
Seat 1: EVBET ($267.91 in chips)
Seat 4: Actionni13 ($175.71 in chips)
Actionni13: posts small blind $1
EVBET: posts big blind $3
*** HOLE CARDS ***
Actionni13: raises $3 to $6
EVBET: calls $3
*** FLOP *** [8s 6d 8d]
EVBET: checks
Actionni13: checks
*** TURN *** [8s 6d 8d] [Ts]
EVBET: bets $6
Actionni13: folds
Uncalled bet ($6) returned to EVBET
EVBET collected $11.76 from pot
EVBET: doesn't show hand
*** SUMMARY ***
Total pot $12 | Rake $0.24
Board [8s 6d 8d Ts]
Seat 1: EVBET (big blind) collected ($11.76)
Seat 4: Actionni13 (button) (small blind) folded on the Turn


PokerStars Hand #171702371757:  Hold'em Limit ($3/$6 USD) - 2017/06/12 19:38:25 ET
Table 'Haremari' 6-max Seat #1 is the button
Seat 1: EVBET ($273.67 in chips)
Seat 4: Actionni13 ($169.71 in chips)
EVBET: posts small blind $1
Actionni13: posts big blind $3
*** HOLE CARDS ***
EVBET: folds
Uncalled bet ($2) returned to Actionni13
Actionni13 collected $2 from pot
Actionni13: doesn't show hand
*** SUMMARY ***
Total pot $2 | Rake $0
Seat 1: EVBET (button) (small blind) folded before Flop
Seat 4: Actionni13 (big blind) collected ($2)


PokerStars Hand #171702374008:  Hold'em Limit ($3/$6 USD) - 2017/06/12 19:38:29 ET
Table 'Haremari' 6-max Seat #4 is the button
Seat 1: EVBET ($272.67 in chips)
Seat 4: Actionni13 ($170.71 in chips)
Actionni13: posts small blind $1
EVBET: posts big blind $3
*** HOLE CARDS ***
Actionni13: folds
Uncalled bet ($2) returned to EVBET
EVBET collected $2 from pot
EVBET: doesn't show hand
*** SUMMARY ***
Total pot $2 | Rake $0
Seat 1: EVBET (big blind) collected ($2)
Seat 4: Actionni13 (button) (small blind) folded before Flop


PokerStars Hand #171702411961:  Hold'em Limit ($3/$6 USD) - 2017/06/12 19:39:42 ET
Table 'Haremari' 6-max Seat #4 is the button
Seat 1: EVBET ($255.42 in chips)
Seat 4: Actionni13 ($186.74 in chips)
Actionni13: posts small blind $1
EVBET: posts big blind $3
*** HOLE CARDS ***
Actionni13: folds
Uncalled bet ($2) returned to EVBET
B_loJkl joins the table at seat #5
EVBET collected $2 from pot
EVBET: doesn't show hand
*** SUMMARY ***
Total pot $2 | Rake $0
Seat 1: EVBET (big blind) collected ($2)
Seat 4: Actionni13 (button) (small blind) folded before Flop


PokerStars Hand #171702402578:  Hold'em Limit ($3/$6 USD) - 2017/06/12 19:39:24 ET
Table 'Haremari' 6-max Seat #1 is the button
Seat 1: EVBET ($261.42 in chips)
Seat 4: Actionni13 ($180.98 in chips)
EVBET: posts small blind $1
Actionni13: posts big blind $3
*** HOLE CARDS ***
EVBET: raises $3 to $6
Actionni13: calls $3
*** FLOP *** [8c 6d Jh]
Actionni13: checks
EVBET: checks
*** TURN *** [8c 6d Jh] [Qc]
Actionni13: checks
EVBET: checks
*** RIVER *** [8c 6d Jh Qc] [8s]
Actionni13: checks
EVBET: checks
Gayapoker joins the table at seat #3
*** SHOW DOWN ***
Actionni13: shows [Ad 3s] (a pair of Eights)
EVBET: mucks hand
Actionni13 collected $11.76 from pot
*** SUMMARY ***
Total pot $12 | Rake $0.24
Board [8c 6d Jh Qc 8s]
Seat 1: EVBET (button) (small blind) mucked
Seat 4: Actionni13 (big blind) showed [Ad 3s] and won ($11.76) with a pair of Eights


PokerStars Hand #171702391583:  Hold'em Limit ($3/$6 USD) - 2017/06/12 19:39:03 ET
Table 'Haremari' 6-max Seat #4 is the button
Seat 1: EVBET ($261.67 in chips)
Seat 4: Actionni13 ($181.23 in chips)
Actionni13: posts small blind $1
EVBET: posts big blind $3
*** HOLE CARDS ***
Actionni13: raises $3 to $6
EVBET: calls $3
*** FLOP *** [Jh 2s 2d]
EVBET: checks
Actionni13: bets $3
EVBET: raises $3 to $6
Actionni13: calls $3
*** TURN *** [Jh 2s 2d] [Tc]
EVBET: bets $6
Actionni13: calls $6
*** RIVER *** [Jh 2s 2d Tc] [Jc]
EVBET: bets $6
Actionni13: calls $6
*** SHOW DOWN ***
EVBET: shows [7h As] (two pair, Jacks and Deuces)
Actionni13: shows [7c Ac] (two pair, Jacks and Deuces)
EVBET collected $23.75 from pot
Actionni13 collected $23.75 from pot
*** SUMMARY ***
Total pot $48 | Rake $0.50
Board [Jh 2s 2d Tc Jc]
Seat 1: EVBET (big blind) showed [7h As] and won ($23.75) with two pair, Jacks and Deuces
Seat 4: Actionni13 (button) (small blind) showed [7c Ac] and won ($23.75) with two pair, Jacks and Deuces


