PokerStars Hand #169753567110:  Hold'em Limit ($3/$6 USD) - 2017/04/30 6:33:44 ET
Table 'Haremari' 6-max Seat #4 is the button
Seat 4: JANETHEARTS ($88.57 in chips)
Seat 5: VolkovDmitri ($168.18 in chips)
JANETHEARTS: posts small blind $1
VolkovDmitri: posts big blind $3
*** HOLE CARDS ***
oldtimers XX leaves the table
JANETHEARTS: folds
Uncalled bet ($2) returned to VolkovDmitri
VolkovDmitri collected $2 from pot
VolkovDmitri: doesn't show hand
*** SUMMARY ***
Total pot $2 | Rake $0
Seat 4: JANETHEARTS (button) (small blind) folded before Flop
Seat 5: VolkovDmitri (big blind) collected ($2)


PokerStars Hand #169753561649:  Hold'em Limit ($3/$6 USD) - 2017/04/30 6:33:32 ET
Table 'Haremari' 6-max Seat #5 is the button
Seat 4: JANETHEARTS ($97.57 in chips)
Seat 5: VolkovDmitri ($159.54 in chips)
VolkovDmitri: posts small blind $1
JANETHEARTS: posts big blind $3
*** HOLE CARDS ***
VolkovDmitri: raises $3 to $6
JANETHEARTS: calls $3
*** FLOP *** [Qs 2h Qc]
JANETHEARTS: bets $3
VolkovDmitri: raises $3 to $6
JANETHEARTS: folds
Uncalled bet ($3) returned to VolkovDmitri
VolkovDmitri collected $17.64 from pot
VolkovDmitri: doesn't show hand
*** SUMMARY ***
Total pot $18 | Rake $0.36
Board [Qs 2h Qc]
Seat 4: JANETHEARTS (big blind) folded on the Flop
Seat 5: VolkovDmitri (button) (small blind) collected ($17.64)


PokerStars Hand #169753569616:  Hold'em Limit ($3/$6 USD) - 2017/04/30 6:33:50 ET
Table 'Haremari' 6-max Seat #5 is the button
Seat 4: JANETHEARTS ($87.57 in chips)
Seat 5: VolkovDmitri ($169.18 in chips)
VolkovDmitri: posts small blind $1
JANETHEARTS: posts big blind $3
*** HOLE CARDS ***
VolkovDmitri: raises $3 to $6
JANETHEARTS: calls $3
*** FLOP *** [Kd 6c Jd]
JANETHEARTS: bets $3
VolkovDmitri: calls $3
*** TURN *** [Kd 6c Jd] [Th]
JANETHEARTS: bets $6
VolkovDmitri: raises $6 to $12
JANETHEARTS: folds
Uncalled bet ($6) returned to VolkovDmitri
VolkovDmitri collected $29.50 from pot
VolkovDmitri: doesn't show hand
*** SUMMARY ***
Total pot $30 | Rake $0.50
Board [Kd 6c Jd Th]
Seat 4: JANETHEARTS (big blind) folded on the Turn
Seat 5: VolkovDmitri (button) (small blind) collected ($29.50)


PokerStars Hand #169753579693:  Hold'em Limit ($3/$6 USD) - 2017/04/30 6:34:12 ET
Table 'Haremari' 6-max Seat #4 is the button
Seat 4: JANETHEARTS ($72.57 in chips)
Seat 5: VolkovDmitri ($183.68 in chips)
JANETHEARTS: posts small blind $1
VolkovDmitri: posts big blind $3
*** HOLE CARDS ***
JANETHEARTS: folds
Uncalled bet ($2) returned to VolkovDmitri
VolkovDmitri collected $2 from pot
VolkovDmitri: doesn't show hand
*** SUMMARY ***
Total pot $2 | Rake $0
Seat 4: JANETHEARTS (button) (small blind) folded before Flop
Seat 5: VolkovDmitri (big blind) collected ($2)


PokerStars Hand #169753582123:  Hold'em Limit ($3/$6 USD) - 2017/04/30 6:34:18 ET
Table 'Haremari' 6-max Seat #5 is the button
Seat 4: JANETHEARTS ($71.57 in chips)
Seat 5: VolkovDmitri ($184.68 in chips)
VolkovDmitri: posts small blind $1
JANETHEARTS: posts big blind $3
*** HOLE CARDS ***
VolkovDmitri: raises $3 to $6
JANETHEARTS: folds
Uncalled bet ($3) returned to VolkovDmitri
JANETHEARTS leaves the table
VolkovDmitri collected $6 from pot
VolkovDmitri: doesn't show hand
*** SUMMARY ***
Total pot $6 | Rake $0
Seat 4: JANETHEARTS (big blind) folded before Flop
Seat 5: VolkovDmitri (button) (small blind) collected ($6)


