PokerStars Hand #166191745009:  Hold'em Limit ($3/$6 USD) - 2017/02/14 6:25:13 ET
Table 'Harmonia II' 6-max Seat #6 is the button
Seat 4: MTails ($120 in chips)
Seat 6: nordschrott ($65.97 in chips)
nordschrott: posts small blind $1
MTails: posts big blind $3
*** HOLE CARDS ***
TinaTurner72 joins the table at seat #1
nordschrott: calls $2
MTails: raises $3 to $6
nordschrott: calls $3
*** FLOP *** [8d 9c Ad]
MTails: bets $3
nordschrott: calls $3
*** TURN *** [8d 9c Ad] [2c]
MTails: bets $6
nordschrott: calls $6
*** RIVER *** [8d 9c Ad 2c] [4s]
MTails: checks
nordschrott: checks
*** SHOW DOWN ***
MTails: shows [Kd 5s] (high card Ace)
nordschrott: shows [8h 6c] (a pair of Eights)
nordschrott collected $29.50 from pot
*** SUMMARY ***
Total pot $30 | Rake $0.50
Board [8d 9c Ad 2c 4s]
Seat 4: MTails (big blind) showed [Kd 5s] and lost with high card Ace
Seat 6: nordschrott (button) (small blind) showed [8h 6c] and won ($29.50) with a pair of Eights


PokerStars Hand #166191755728:  Hold'em Limit ($3/$6 USD) - 2017/02/14 6:25:36 ET
Table 'Harmonia II' 6-max Seat #4 is the button
Seat 4: MTails ($105 in chips)
Seat 6: nordschrott ($80.47 in chips)
MTails: posts small blind $1
nordschrott: posts big blind $3
*** HOLE CARDS ***
MTails: raises $3 to $6
nordschrott: calls $3
*** FLOP *** [As 7d Ac]
nordschrott: checks
MTails: bets $3
nordschrott: folds
Uncalled bet ($3) returned to MTails
MTails collected $11.76 from pot
*** SUMMARY ***
Total pot $12 | Rake $0.24
Board [As 7d Ac]
Seat 4: MTails (button) (small blind) collected ($11.76)
Seat 6: nordschrott (big blind) folded on the Flop


PokerStars Hand #166193420098:  Hold'em Limit ($3/$6 USD) - 2017/02/14 7:22:06 ET
Table 'Harmonia II' 6-max Seat #2 is the button
Seat 2: AzureCaper ($115.29 in chips)
Seat 5: dwer43 ($184.98 in chips)
AzureCaper: posts small blind $1
Widegermany: is sitting out
VolkovDmitri: is sitting out
dwer43: posts big blind $3
*** HOLE CARDS ***
AzureCaper: folds
Uncalled bet ($2) returned to dwer43
dwer43 collected $2 from pot
*** SUMMARY ***
Total pot $2 | Rake $0
Seat 2: AzureCaper (button) (small blind) folded before Flop
Seat 5: dwer43 (big blind) collected ($2)


