PokerStars Hand #163513807827:  Hold'em Limit ($3/$6 USD) - 2016/12/25 16:20:31 ET
Table 'Harmonia II' 6-max Seat #4 is the button
Seat 3: hollotibi ($114 in chips)
Seat 4: VolkovDmitri ($125.76 in chips)
VolkovDmitri: posts small blind $1
hollotibi: posts big blind $3
*** HOLE CARDS ***
VolkovDmitri: raises $3 to $6
hollotibi: raises $3 to $9
VolkovDmitri: calls $3
*** FLOP *** [4s Tc 8d]
hollotibi: bets $3
ToDaFelt joins the table at seat #5
VolkovDmitri: raises $3 to $6
hollotibi: calls $3
*** TURN *** [4s Tc 8d] [2h]
hollotibi: checks
VolkovDmitri: bets $6
hollotibi: calls $6
*** RIVER *** [4s Tc 8d 2h] [Kc]
hollotibi: bets $6
VolkovDmitri: calls $6
*** SHOW DOWN ***
hollotibi: shows [As Qc] (high card Ace)
VolkovDmitri: shows [6d Th] (a pair of Tens)
VolkovDmitri collected $53.50 from pot
*** SUMMARY ***
Total pot $54 | Rake $0.50
Board [4s Tc 8d 2h Kc]
Seat 3: hollotibi (big blind) showed [As Qc] and lost with high card Ace
Seat 4: VolkovDmitri (button) (small blind) showed [6d Th] and won ($53.50) with a pair of Tens


PokerStars Hand #163513828518:  Hold'em Limit ($3/$6 USD) - 2016/12/25 16:20:51 ET
Table 'Harmonia II' 6-max Seat #3 is the button
Seat 3: hollotibi ($87 in chips)
Seat 4: VolkovDmitri ($152.26 in chips)
hollotibi: posts small blind $1
VolkovDmitri: posts big blind $3
*** HOLE CARDS ***
hollotibi: raises $3 to $6
VolkovDmitri: raises $3 to $9
hollotibi: raises $3 to $12
Betting is capped
VolkovDmitri: calls $3
*** FLOP *** [7h 7d As]
VolkovDmitri: bets $3
hollotibi: calls $3
*** TURN *** [7h 7d As] [6c]
VolkovDmitri: checks
hollotibi: checks
*** RIVER *** [7h 7d As 6c] [8h]
VolkovDmitri: checks
hollotibi: checks
*** SHOW DOWN ***
VolkovDmitri: shows [3c 3h] (two pair, Sevens and Threes)
hollotibi: mucks hand
VolkovDmitri collected $29.50 from pot
*** SUMMARY ***
Total pot $30 | Rake $0.50
Board [7h 7d As 6c 8h]
Seat 3: hollotibi (button) (small blind) mucked
Seat 4: VolkovDmitri (big blind) showed [3c 3h] and won ($29.50) with two pair, Sevens and Threes


PokerStars Hand #163513877909:  Hold'em Limit ($3/$6 USD) - 2016/12/25 16:21:41 ET
Table 'Harmonia II' 6-max Seat #5 is the button
Seat 4: VolkovDmitri ($165.76 in chips)
Seat 5: ToDaFelt ($117 in chips)
ToDaFelt: posts small blind $1
hollotibi: is sitting out
VolkovDmitri: posts big blind $3
*** HOLE CARDS ***
hollotibi leaves the table
ToDaFelt: raises $3 to $6
VolkovDmitri: calls $3
*** FLOP *** [3d Jc 3c]
VolkovDmitri: checks
ToDaFelt: bets $3
VolkovDmitri: folds
Uncalled bet ($3) returned to ToDaFelt
ToDaFelt collected $11.76 from pot
ToDaFelt: doesn't show hand
*** SUMMARY ***
Total pot $12 | Rake $0.24
Board [3d Jc 3c]
Seat 4: VolkovDmitri (big blind) folded on the Flop
Seat 5: ToDaFelt (button) (small blind) collected ($11.76)


PokerStars Hand #163514520091:  Hold'em Limit ($3/$6 USD) - 2016/12/25 16:32:31 ET
Table 'Harmonia II' 6-max Seat #3 is the button
Seat 3: ulrich80 ($106.75 in chips)
Seat 4: VolkovDmitri ($165.52 in chips)
ulrich80: posts small blind $1
VolkovDmitri: posts big blind $3
*** HOLE CARDS ***
ulrich80: raises $3 to $6
VolkovDmitri: raises $3 to $9
ulrich80: calls $3
*** FLOP *** [8h 7s 3c]
VolkovDmitri: bets $3
ulrich80: calls $3
*** TURN *** [8h 7s 3c] [8c]
VolkovDmitri: bets $6
ulrich80: folds
Uncalled bet ($6) returned to VolkovDmitri
VolkovDmitri collected $23.52 from pot
VolkovDmitri: doesn't show hand
*** SUMMARY ***
Total pot $24 | Rake $0.48
Board [8h 7s 3c 8c]
Seat 3: ulrich80 (button) (small blind) folded on the Turn
Seat 4: VolkovDmitri (big blind) collected ($23.52)


PokerStars Hand #163514557098:  Hold'em Limit ($3/$6 USD) - 2016/12/25 16:33:09 ET
Table 'Harmonia II' 6-max Seat #3 is the button
Seat 3: ulrich80 ($94.50 in chips)
Seat 4: VolkovDmitri ($176.79 in chips)
ulrich80: posts small blind $1
VolkovDmitri: posts big blind $3
*** HOLE CARDS ***
ulrich80: folds
Uncalled bet ($2) returned to VolkovDmitri
VolkovDmitri collected $2 from pot
VolkovDmitri: doesn't show hand
*** SUMMARY ***
Total pot $2 | Rake $0
Seat 3: ulrich80 (button) (small blind) folded before Flop
Seat 4: VolkovDmitri (big blind) collected ($2)


PokerStars Hand #163514534831:  Hold'em Limit ($3/$6 USD) - 2016/12/25 16:32:46 ET
Table 'Harmonia II' 6-max Seat #4 is the button
Seat 3: ulrich80 ($94.75 in chips)
Seat 4: VolkovDmitri ($177.04 in chips)
VolkovDmitri: posts small blind $1
ulrich80: posts big blind $3
*** HOLE CARDS ***
VolkovDmitri: raises $3 to $6
ulrich80: calls $3
*** FLOP *** [Tc 5c 9h]
ulrich80: checks
VolkovDmitri: bets $3
ulrich80: calls $3
*** TURN *** [Tc 5c 9h] [Th]
ulrich80: checks
VolkovDmitri: bets $6
ulrich80: raises $6 to $12
VolkovDmitri: calls $6
*** RIVER *** [Tc 5c 9h Th] [9c]
ulrich80: bets $6
VolkovDmitri: calls $6
*** SHOW DOWN ***
ulrich80: shows [4h 9s] (a full house, Nines full of Tens)
VolkovDmitri: shows [9d 5d] (a full house, Nines full of Tens)
ulrich80 collected $26.75 from pot
VolkovDmitri collected $26.75 from pot
*** SUMMARY ***
Total pot $54 | Rake $0.50
Board [Tc 5c 9h Th 9c]
Seat 3: ulrich80 (big blind) showed [4h 9s] and won ($26.75) with a full house, Nines full of Tens
Seat 4: VolkovDmitri (button) (small blind) showed [9d 5d] and won ($26.75) with a full house, Nines full of Tens


PokerStars Hand #163514562423:  Hold'em Limit ($3/$6 USD) - 2016/12/25 16:33:15 ET
Table 'Harmonia II' 6-max Seat #4 is the button
Seat 3: ulrich80 ($93.50 in chips)
Seat 4: VolkovDmitri ($177.79 in chips)
VolkovDmitri: posts small blind $1
ulrich80: posts big blind $3
*** HOLE CARDS ***
VolkovDmitri: raises $3 to $6
ulrich80: calls $3
*** FLOP *** [2c 8s Td]
ulrich80: checks
VolkovDmitri: bets $3
ulrich80: calls $3
*** TURN *** [2c 8s Td] [2s]
ulrich80: checks
VolkovDmitri: checks
*** RIVER *** [2c 8s Td 2s] [3d]
ulrich80: bets $6
VolkovDmitri: calls $6
*** SHOW DOWN ***
ulrich80: shows [7d Js] (a pair of Deuces)
VolkovDmitri: shows [Qc 5s] (a pair of Deuces - Queen kicker)
VolkovDmitri collected $29.50 from pot
*** SUMMARY ***
Total pot $30 | Rake $0.50
Board [2c 8s Td 2s 3d]
Seat 3: ulrich80 (big blind) showed [7d Js] and lost with a pair of Deuces
Seat 4: VolkovDmitri (button) (small blind) showed [Qc 5s] and won ($29.50) with a pair of Deuces


PokerStars Hand #163514579991:  Hold'em Limit ($3/$6 USD) - 2016/12/25 16:33:32 ET
Table 'Harmonia II' 6-max Seat #3 is the button
Seat 3: ulrich80 ($78.50 in chips)
Seat 4: VolkovDmitri ($192.29 in chips)
ulrich80: posts small blind $1
VolkovDmitri: posts big blind $3
*** HOLE CARDS ***
ulrich80: raises $3 to $6
VolkovDmitri: raises $3 to $9
ulrich80: raises $3 to $12
Betting is capped
VolkovDmitri: calls $3
*** FLOP *** [7c Kh Th]
VolkovDmitri: checks
ulrich80: bets $3
VolkovDmitri: calls $3
*** TURN *** [7c Kh Th] [Kd]
2outers<3me joins the table at seat #2
VolkovDmitri: checks
ulrich80: bets $6
VolkovDmitri: calls $6
*** RIVER *** [7c Kh Th Kd] [5h]
VolkovDmitri: checks
ulrich80: bets $6
VolkovDmitri: calls $6
*** SHOW DOWN ***
ulrich80: shows [Qc Ks] (three of a kind, Kings)
VolkovDmitri: mucks hand
ulrich80 collected $53.50 from pot
*** SUMMARY ***
Total pot $54 | Rake $0.50
Board [7c Kh Th Kd 5h]
Seat 3: ulrich80 (button) (small blind) showed [Qc Ks] and won ($53.50) with three of a kind, Kings
Seat 4: VolkovDmitri (big blind) mucked


PokerStars Hand #163514772920:  Hold'em Limit ($3/$6 USD) - 2016/12/25 16:36:51 ET
Table 'Harmonia II' 6-max Seat #1 is the button
Seat 1: Actionni13 ($150 in chips)
Seat 2: 2outers<3me ($16.87 in chips)
Actionni13: posts small blind $1
2outers<3me: posts big blind $3
*** HOLE CARDS ***
Actionni13: raises $3 to $6
2outers<3me: calls $3
*** FLOP *** [6c Jc Jh]
2outers<3me: checks
ToDaFelt joins the table at seat #6
VolkovDmitri leaves the table
Actionni13: bets $3
2outers<3me: raises $3 to $6
Actionni13: folds
Uncalled bet ($3) returned to 2outers<3me
2outers<3me collected $17.64 from pot
2outers<3me: doesn't show hand
*** SUMMARY ***
Total pot $18 | Rake $0.36
Board [6c Jc Jh]
Seat 1: Actionni13 (button) (small blind) folded on the Flop
Seat 2: 2outers<3me (big blind) collected ($17.64)


PokerStars Hand #163514767177:  Hold'em Limit ($3/$6 USD) - 2016/12/25 16:36:45 ET
Table 'Harmonia II' 6-max Seat #2 is the button
Seat 1: Actionni13 ($151.07 in chips)
Seat 2: 2outers<3me ($13.87 in chips)
2outers<3me: posts small blind $1
Actionni13: posts big blind $3
*** HOLE CARDS ***
2outers<3me: raises $3 to $6
Actionni13: folds
Uncalled bet ($3) returned to 2outers<3me
2outers<3me collected $6 from pot
2outers<3me: doesn't show hand
*** SUMMARY ***
Total pot $6 | Rake $0
Seat 1: Actionni13 (big blind) folded before Flop
Seat 2: 2outers<3me (button) (small blind) collected ($6)


PokerStars Hand #163514935963:  Hold'em Limit ($3/$6 USD) - 2016/12/25 16:39:36 ET
Table 'Harmonia II' 6-max Seat #6 is the button
Seat 1: Actionni13 ($156.61 in chips)
Seat 6: ToDaFelt ($149.62 in chips)
ToDaFelt: posts small blind $1
Actionni13: posts big blind $3
*** HOLE CARDS ***
ToDaFelt: raises $3 to $6
Actionni13: calls $3
*** FLOP *** [8c 4h 7d]
Actionni13: checks
ToDaFelt: bets $3
Actionni13: calls $3
*** TURN *** [8c 4h 7d] [3s]
Actionni13: checks
ToDaFelt: checks
*** RIVER *** [8c 4h 7d 3s] [9d]
Actionni13: bets $6
ToDaFelt: calls $6
*** SHOW DOWN ***
Actionni13: shows [Ah 4s] (a pair of Fours)
ToDaFelt: mucks hand
Actionni13 collected $29.50 from pot
*** SUMMARY ***
Total pot $30 | Rake $0.50
Board [8c 4h 7d 3s 9d]
Seat 1: Actionni13 (big blind) showed [Ah 4s] and won ($29.50) with a pair of Fours
Seat 6: ToDaFelt (button) (small blind) mucked


