PokerStars Hand #171902559796:  Hold'em Limit ($3/$6 USD) - 2017/06/17 16:27:14 ET
Table 'Harpalyke' 6-max Seat #3 is the button
Seat 3: SpartakM1985 ($152.53 in chips)
Seat 4: belik555 ($104.38 in chips)
SpartakM1985: posts small blind $1
belik555: posts big blind $3
*** HOLE CARDS ***
SpartakM1985: folds
Uncalled bet ($2) returned to belik555
belik555 collected $2 from pot
belik555: doesn't show hand
*** SUMMARY ***
Total pot $2 | Rake $0
Seat 3: SpartakM1985 (button) (small blind) folded before Flop
Seat 4: belik555 (big blind) collected ($2)


PokerStars Hand #171902550041:  Hold'em Limit ($3/$6 USD) - 2017/06/17 16:27:01 ET
Table 'Harpalyke' 6-max Seat #4 is the button
Seat 3: SpartakM1985 ($146.77 in chips)
Seat 4: belik555 ($110.38 in chips)
belik555: posts small blind $1
SpartakM1985: posts big blind $3
*** HOLE CARDS ***
belik555: raises $3 to $6
SpartakM1985: calls $3
*** FLOP *** [Qs 8d Ac]
SpartakM1985: bets $3
belik555: folds
Uncalled bet ($3) returned to SpartakM1985
SpartakM1985 collected $11.76 from pot
SpartakM1985: doesn't show hand
*** SUMMARY ***
Total pot $12 | Rake $0.24
Board [Qs 8d Ac]
Seat 3: SpartakM1985 (big blind) collected ($11.76)
Seat 4: belik555 (button) (small blind) folded on the Flop


PokerStars Hand #171902534479:  Hold'em Limit ($3/$6 USD) - 2017/06/17 16:26:40 ET
Table 'Harpalyke' 6-max Seat #3 is the button
Seat 3: SpartakM1985 ($161.77 in chips)
Seat 4: belik555 ($95.88 in chips)
SpartakM1985: posts small blind $1
belik555: posts big blind $3
*** HOLE CARDS ***
SpartakM1985: raises $3 to $6
belik555: calls $3
*** FLOP *** [Ts 9d 7s]
belik555: checks
SpartakM1985: bets $3
belik555: calls $3
*** TURN *** [Ts 9d 7s] [3c]
belik555: checks
SpartakM1985: checks
*** RIVER *** [Ts 9d 7s 3c] [9h]
belik555: bets $6
SpartakM1985: calls $6
*** SHOW DOWN ***
belik555: shows [Qc 7c] (two pair, Nines and Sevens)
SpartakM1985: mucks hand
belik555 collected $29.50 from pot
*** SUMMARY ***
Total pot $30 | Rake $0.50
Board [Ts 9d 7s 3c 9h]
Seat 3: SpartakM1985 (button) (small blind) mucked
Seat 4: belik555 (big blind) showed [Qc 7c] and won ($29.50) with two pair, Nines and Sevens


PokerStars Hand #171902528182:  Hold'em Limit ($3/$6 USD) - 2017/06/17 16:26:32 ET
Table 'Harpalyke' 6-max Seat #4 is the button
Seat 3: SpartakM1985 ($164.77 in chips)
Seat 4: belik555 ($92.88 in chips)
belik555: posts small blind $1
SpartakM1985: posts big blind $3
*** HOLE CARDS ***
belik555: raises $3 to $6
SpartakM1985: folds
Uncalled bet ($3) returned to belik555
belik555 collected $6 from pot
belik555: doesn't show hand
*** SUMMARY ***
Total pot $6 | Rake $0
Seat 3: SpartakM1985 (big blind) folded before Flop
Seat 4: belik555 (button) (small blind) collected ($6)


PokerStars Hand #171902508026:  Hold'em Limit ($3/$6 USD) - 2017/06/17 16:26:05 ET
Table 'Harpalyke' 6-max Seat #3 is the button
Seat 3: SpartakM1985 ($167.77 in chips)
Seat 4: belik555 ($90 in chips)
SpartakM1985: posts small blind $1
belik555: posts big blind $3
*** HOLE CARDS ***
SpartakM1985: calls $2
belik555: checks
*** FLOP *** [8h Kd 4s]
belik555: bets $3
SpartakM1985: folds
Uncalled bet ($3) returned to belik555
belik555 collected $5.88 from pot
belik555: doesn't show hand
*** SUMMARY ***
Total pot $6 | Rake $0.12
Board [8h Kd 4s]
Seat 3: SpartakM1985 (button) (small blind) folded on the Flop
Seat 4: belik555 (big blind) collected ($5.88)


PokerStars Hand #171902603953:  Hold'em Limit ($3/$6 USD) - 2017/06/17 16:28:14 ET
Table 'Harpalyke' 6-max Seat #3 is the button
Seat 3: SpartakM1985 ($135.17 in chips)
Seat 4: belik555 ($120.88 in chips)
SpartakM1985: posts small blind $1
belik555: posts big blind $3
*** HOLE CARDS ***
SpartakM1985: folds
Uncalled bet ($2) returned to belik555
belik555 collected $2 from pot
belik555: doesn't show hand
*** SUMMARY ***
Total pot $2 | Rake $0
Seat 3: SpartakM1985 (button) (small blind) folded before Flop
Seat 4: belik555 (big blind) collected ($2)


PokerStars Hand #171902582783:  Hold'em Limit ($3/$6 USD) - 2017/06/17 16:27:45 ET
Table 'Harpalyke' 6-max Seat #4 is the button
Seat 3: SpartakM1985 ($159.17 in chips)
Seat 4: belik555 ($97.38 in chips)
belik555: posts small blind $1
SpartakM1985: posts big blind $3
*** HOLE CARDS ***
belik555: raises $3 to $6
SpartakM1985: raises $3 to $9
belik555: calls $3
*** FLOP *** [7s Jh Js]
SpartakM1985: bets $3
belik555: calls $3
*** TURN *** [7s Jh Js] [8c]
SpartakM1985: bets $6
belik555: calls $6
*** RIVER *** [7s Jh Js 8c] [Kh]
SpartakM1985: checks
belik555: bets $6
SpartakM1985: calls $6
*** SHOW DOWN ***
belik555: shows [6h Jd] (three of a kind, Jacks)
SpartakM1985: mucks hand
belik555 collected $47.50 from pot
*** SUMMARY ***
Total pot $48 | Rake $0.50
Board [7s Jh Js 8c Kh]
Seat 3: SpartakM1985 (big blind) mucked
Seat 4: belik555 (button) (small blind) showed [6h Jd] and won ($47.50) with three of a kind, Jacks


PokerStars Hand #171902579501:  Hold'em Limit ($3/$6 USD) - 2017/06/17 16:27:41 ET
Table 'Harpalyke' 6-max Seat #3 is the button
Seat 3: SpartakM1985 ($160.17 in chips)
Seat 4: belik555 ($96.38 in chips)
SpartakM1985: posts small blind $1
belik555: posts big blind $3
*** HOLE CARDS ***
SpartakM1985: folds
Uncalled bet ($2) returned to belik555
belik555 collected $2 from pot
belik555: doesn't show hand
*** SUMMARY ***
Total pot $2 | Rake $0
Seat 3: SpartakM1985 (button) (small blind) folded before Flop
Seat 4: belik555 (big blind) collected ($2)


PokerStars Hand #171902563313:  Hold'em Limit ($3/$6 USD) - 2017/06/17 16:27:19 ET
Table 'Harpalyke' 6-max Seat #4 is the button
Seat 3: SpartakM1985 ($151.53 in chips)
Seat 4: belik555 ($105.38 in chips)
belik555: posts small blind $1
SpartakM1985: posts big blind $3
*** HOLE CARDS ***
belik555: raises $3 to $6
SpartakM1985: calls $3
*** FLOP *** [3h 8h 5c]
SpartakM1985: checks
belik555: bets $3
SpartakM1985: calls $3
*** TURN *** [3h 8h 5c] [Kd]
SpartakM1985: checks
belik555: checks
*** RIVER *** [3h 8h 5c Kd] [7d]
SpartakM1985: bets $6
belik555: folds
Uncalled bet ($6) returned to SpartakM1985
SpartakM1985 collected $17.64 from pot
SpartakM1985: doesn't show hand
*** SUMMARY ***
Total pot $18 | Rake $0.36
Board [3h 8h 5c Kd 7d]
Seat 3: SpartakM1985 (big blind) collected ($17.64)
Seat 4: belik555 (button) (small blind) folded on the River


PokerStars Hand #171902624756:  Hold'em Limit ($3/$6 USD) - 2017/06/17 16:28:42 ET
Table 'Harpalyke' 6-max Seat #3 is the button
Seat 3: SpartakM1985 ($148.67 in chips)
Seat 4: belik555 ($106.88 in chips)
SpartakM1985: posts small blind $1
belik555: posts big blind $3
*** HOLE CARDS ***
SpartakM1985: raises $3 to $6
belik555: calls $3
*** FLOP *** [Jc 6s 5s]
belik555: checks
SpartakM1985: bets $3
belik555: calls $3
*** TURN *** [Jc 6s 5s] [4h]
belik555: checks
SpartakM1985: bets $6
belik555: calls $6
*** RIVER *** [Jc 6s 5s 4h] [As]
belik555: checks
SpartakM1985: checks
*** SHOW DOWN ***
belik555: shows [6h 9c] (a pair of Sixes)
SpartakM1985: shows [Ts Jh] (a pair of Jacks)
SpartakM1985 collected $29.50 from pot
*** SUMMARY ***
Total pot $30 | Rake $0.50
Board [Jc 6s 5s 4h As]
Seat 3: SpartakM1985 (button) (small blind) showed [Ts Jh] and won ($29.50) with a pair of Jacks
Seat 4: belik555 (big blind) showed [6h 9c] and lost with a pair of Sixes


PokerStars Hand #171902607739:  Hold'em Limit ($3/$6 USD) - 2017/06/17 16:28:19 ET
Table 'Harpalyke' 6-max Seat #4 is the button
Seat 3: SpartakM1985 ($134.17 in chips)
Seat 4: belik555 ($121.88 in chips)
belik555: posts small blind $1
SpartakM1985: posts big blind $3
*** HOLE CARDS ***
belik555: raises $3 to $6
SpartakM1985: calls $3
*** FLOP *** [5h Jd 5c]
SpartakM1985: checks
belik555: bets $3
SpartakM1985: calls $3
*** TURN *** [5h Jd 5c] [Kh]
SpartakM1985: checks
belik555: checks
*** RIVER *** [5h Jd 5c Kh] [4h]
SpartakM1985: bets $6
belik555: calls $6
*** SHOW DOWN ***
SpartakM1985: shows [Jc 8s] (two pair, Jacks and Fives)
belik555: mucks hand
SpartakM1985 collected $29.50 from pot
*** SUMMARY ***
Total pot $30 | Rake $0.50
Board [5h Jd 5c Kh 4h]
Seat 3: SpartakM1985 (big blind) showed [Jc 8s] and won ($29.50) with two pair, Jacks and Fives
Seat 4: belik555 (button) (small blind) mucked


PokerStars Hand #171902685720:  Hold'em Limit ($3/$6 USD) - 2017/06/17 16:30:05 ET
Table 'Harpalyke' 6-max Seat #4 is the button
Seat 3: SpartakM1985 ($152.81 in chips)
Seat 4: belik555 ($108.28 in chips)
belik555: posts small blind $1
SpartakM1985: posts big blind $3
*** HOLE CARDS ***
belik555: raises $3 to $6
SpartakM1985: calls $3
*** FLOP *** [5d 2s 5h]
SpartakM1985: checks
belik555: bets $3
SpartakM1985: calls $3
*** TURN *** [5d 2s 5h] [Kh]
SpartakM1985: checks
belik555: bets $6
SpartakM1985: raises $6 to $12
belik555: folds
Uncalled bet ($6) returned to SpartakM1985
SpartakM1985 collected $29.50 from pot
SpartakM1985: doesn't show hand
*** SUMMARY ***
Total pot $30 | Rake $0.50
Board [5d 2s 5h Kh]
Seat 3: SpartakM1985 (big blind) collected ($29.50)
Seat 4: belik555 (button) (small blind) folded on the Turn


PokerStars Hand #171902670800:  Hold'em Limit ($3/$6 USD) - 2017/06/17 16:29:45 ET
Table 'Harpalyke' 6-max Seat #3 is the button
Seat 3: SpartakM1985 ($164.81 in chips)
Seat 4: belik555 ($96.76 in chips)
SpartakM1985: posts small blind $1
belik555: posts big blind $3
*** HOLE CARDS ***
SpartakM1985: raises $3 to $6
belik555: raises $3 to $9
SpartakM1985: calls $3
*** FLOP *** [4h Kc 9h]
belik555: bets $3
SpartakM1985: calls $3
*** TURN *** [4h Kc 9h] [Jh]
belik555: bets $6
SpartakM1985: folds
Uncalled bet ($6) returned to belik555
belik555 collected $23.52 from pot
belik555: doesn't show hand
*** SUMMARY ***
Total pot $24 | Rake $0.48
Board [4h Kc 9h Jh]
Seat 3: SpartakM1985 (button) (small blind) folded on the Turn
Seat 4: belik555 (big blind) collected ($23.52)


PokerStars Hand #171902658558:  Hold'em Limit ($3/$6 USD) - 2017/06/17 16:29:28 ET
Table 'Harpalyke' 6-max Seat #4 is the button
Seat 3: SpartakM1985 ($170.81 in chips)
Seat 4: belik555 ($91 in chips)
belik555: posts small blind $1
SpartakM1985: posts big blind $3
*** HOLE CARDS ***
belik555: raises $3 to $6
SpartakM1985: calls $3
*** FLOP *** [7s Qs Tc]
SpartakM1985: checks
belik555: bets $3
SpartakM1985: folds
Uncalled bet ($3) returned to belik555
belik555 collected $11.76 from pot
belik555: doesn't show hand
*** SUMMARY ***
Total pot $12 | Rake $0.24
Board [7s Qs Tc]
Seat 3: SpartakM1985 (big blind) folded on the Flop
Seat 4: belik555 (button) (small blind) collected ($11.76)


PokerStars Hand #171902654887:  Hold'em Limit ($3/$6 USD) - 2017/06/17 16:29:24 ET
Table 'Harpalyke' 6-max Seat #3 is the button
Seat 3: SpartakM1985 ($171.81 in chips)
Seat 4: belik555 ($90 in chips)
SpartakM1985: posts small blind $1
belik555: posts big blind $3
*** HOLE CARDS ***
SpartakM1985: folds
Uncalled bet ($2) returned to belik555
belik555 collected $2 from pot
belik555: doesn't show hand
*** SUMMARY ***
Total pot $2 | Rake $0
Seat 3: SpartakM1985 (button) (small blind) folded before Flop
Seat 4: belik555 (big blind) collected ($2)


PokerStars Hand #171902638517:  Hold'em Limit ($3/$6 USD) - 2017/06/17 16:29:01 ET
Table 'Harpalyke' 6-max Seat #4 is the button
Seat 3: SpartakM1985 ($163.17 in chips)
Seat 4: belik555 ($91.88 in chips)
belik555: posts small blind $1
SpartakM1985: posts big blind $3
*** HOLE CARDS ***
belik555: raises $3 to $6
SpartakM1985: calls $3
*** FLOP *** [Qd As 3s]
SpartakM1985: checks
belik555: bets $3
SpartakM1985: calls $3
*** TURN *** [Qd As 3s] [Qh]
SpartakM1985: checks
belik555: checks
*** RIVER *** [Qd As 3s Qh] [2s]
SpartakM1985: checks
belik555: checks
*** SHOW DOWN ***
SpartakM1985: shows [Ah 7h] (two pair, Aces and Queens)
belik555: mucks hand
SpartakM1985 collected $17.64 from pot
*** SUMMARY ***
Total pot $18 | Rake $0.36
Board [Qd As 3s Qh 2s]
Seat 3: SpartakM1985 (big blind) showed [Ah 7h] and won ($17.64) with two pair, Aces and Queens
Seat 4: belik555 (button) (small blind) mucked


PokerStars Hand #171902716559:  Hold'em Limit ($3/$6 USD) - 2017/06/17 16:30:47 ET
Table 'Harpalyke' 6-max Seat #4 is the button
Seat 3: SpartakM1985 ($155.31 in chips)
Seat 4: belik555 ($104.80 in chips)
belik555: posts small blind $1
SpartakM1985: posts big blind $3
*** HOLE CARDS ***
belik555: raises $3 to $6
SpartakM1985: calls $3
*** FLOP *** [7s Qc 9d]
SpartakM1985: checks
belik555: bets $3
SpartakM1985: calls $3
*** TURN *** [7s Qc 9d] [Kc]
SpartakM1985: checks
belik555: checks
*** RIVER *** [7s Qc 9d Kc] [Ts]
SpartakM1985: checks
belik555: checks
*** SHOW DOWN ***
SpartakM1985: shows [Qd 2d] (a pair of Queens)
belik555: mucks hand
SpartakM1985 collected $17.64 from pot
*** SUMMARY ***
Total pot $18 | Rake $0.36
Board [7s Qc 9d Kc Ts]
Seat 3: SpartakM1985 (big blind) showed [Qd 2d] and won ($17.64) with a pair of Queens
Seat 4: belik555 (button) (small blind) mucked


PokerStars Hand #171902698450:  Hold'em Limit ($3/$6 USD) - 2017/06/17 16:30:23 ET
Table 'Harpalyke' 6-max Seat #3 is the button
Seat 3: SpartakM1985 ($167.31 in chips)
Seat 4: belik555 ($93.28 in chips)
SpartakM1985: posts small blind $1
belik555: posts big blind $3
*** HOLE CARDS ***
SpartakM1985: raises $3 to $6
belik555: calls $3
*** FLOP *** [4s 4c 3h]
belik555: checks
SpartakM1985: bets $3
belik555: raises $3 to $6
SpartakM1985: calls $3
*** TURN *** [4s 4c 3h] [5s]
belik555: bets $6
SpartakM1985: folds
Uncalled bet ($6) returned to belik555
belik555 collected $23.52 from pot
belik555: doesn't show hand
*** SUMMARY ***
Total pot $24 | Rake $0.48
Board [4s 4c 3h 5s]
Seat 3: SpartakM1985 (button) (small blind) folded on the Turn
Seat 4: belik555 (big blind) collected ($23.52)


PokerStars Hand #171902755735:  Hold'em Limit ($3/$6 USD) - 2017/06/17 16:31:41 ET
Table 'Harpalyke' 6-max Seat #3 is the button
Seat 3: SpartakM1985 ($156.95 in chips)
Seat 4: belik555 ($102.56 in chips)
SpartakM1985: posts small blind $1
belik555: posts big blind $3
*** HOLE CARDS ***
SpartakM1985: raises $3 to $6
belik555: calls $3
*** FLOP *** [Kc 4d 7d]
belik555: checks
SpartakM1985: bets $3
belik555: calls $3
*** TURN *** [Kc 4d 7d] [Js]
belik555: checks
SpartakM1985: bets $6
belik555: calls $6
*** RIVER *** [Kc 4d 7d Js] [8h]
belik555: checks
SpartakM1985: bets $6
belik555: folds
Uncalled bet ($6) returned to SpartakM1985
SpartakM1985 collected $29.50 from pot
SpartakM1985: doesn't show hand
*** SUMMARY ***
Total pot $30 | Rake $0.50
Board [Kc 4d 7d Js 8h]
Seat 3: SpartakM1985 (button) (small blind) collected ($29.50)
Seat 4: belik555 (big blind) folded on the River


PokerStars Hand #171902746584:  Hold'em Limit ($3/$6 USD) - 2017/06/17 16:31:28 ET
Table 'Harpalyke' 6-max Seat #4 is the button
Seat 3: SpartakM1985 ($162.95 in chips)
Seat 4: belik555 ($96.80 in chips)
belik555: posts small blind $1
SpartakM1985: posts big blind $3
*** HOLE CARDS ***
belik555: raises $3 to $6
SpartakM1985: calls $3
*** FLOP *** [2d Qh Qc]
SpartakM1985: checks
belik555: bets $3
SpartakM1985: folds
Uncalled bet ($3) returned to belik555
belik555 collected $11.76 from pot
belik555: doesn't show hand
*** SUMMARY ***
Total pot $12 | Rake $0.24
Board [2d Qh Qc]
Seat 3: SpartakM1985 (big blind) folded on the Flop
Seat 4: belik555 (button) (small blind) collected ($11.76)


PokerStars Hand #171902742668:  Hold'em Limit ($3/$6 USD) - 2017/06/17 16:31:23 ET
Table 'Harpalyke' 6-max Seat #3 is the button
Seat 3: SpartakM1985 ($163.95 in chips)
Seat 4: belik555 ($95.80 in chips)
SpartakM1985: posts small blind $1
belik555: posts big blind $3
*** HOLE CARDS ***
SpartakM1985: folds
Uncalled bet ($2) returned to belik555
belik555 collected $2 from pot
belik555: doesn't show hand
*** SUMMARY ***
Total pot $2 | Rake $0
Seat 3: SpartakM1985 (button) (small blind) folded before Flop
Seat 4: belik555 (big blind) collected ($2)


PokerStars Hand #171902823570:  Hold'em Limit ($3/$6 USD) - 2017/06/17 16:33:13 ET
Table 'Harpalyke' 6-max Seat #3 is the button
Seat 3: SpartakM1985 ($159.09 in chips)
Seat 4: belik555 ($104.50 in chips)
SpartakM1985: posts small blind $1
belik555: posts big blind $3
*** HOLE CARDS ***
SpartakM1985: folds
Uncalled bet ($2) returned to belik555
belik555 collected $2 from pot
belik555: doesn't show hand
*** SUMMARY ***
Total pot $2 | Rake $0
Seat 3: SpartakM1985 (button) (small blind) folded before Flop
Seat 4: belik555 (big blind) collected ($2)


PokerStars Hand #171902801070:  Hold'em Limit ($3/$6 USD) - 2017/06/17 16:32:42 ET
Table 'Harpalyke' 6-max Seat #4 is the button
Seat 3: SpartakM1985 ($174.09 in chips)
Seat 4: belik555 ($90 in chips)
belik555: posts small blind $1
SpartakM1985: posts big blind $3
*** HOLE CARDS ***
belik555: raises $3 to $6
SpartakM1985: calls $3
*** FLOP *** [Qh 5c 4c]
SpartakM1985: checks
belik555: bets $3
SpartakM1985: calls $3
*** TURN *** [Qh 5c 4c] [3s]
SpartakM1985: bets $6
belik555: calls $6
*** RIVER *** [Qh 5c 4c 3s] [2h]
SpartakM1985: checks
belik555: checks
*** SHOW DOWN ***
SpartakM1985: shows [3h 7c] (a pair of Threes)
belik555: shows [7s Qs] (a pair of Queens)
belik555 collected $29.50 from pot
*** SUMMARY ***
Total pot $30 | Rake $0.50
Board [Qh 5c 4c 3s 2h]
Seat 3: SpartakM1985 (big blind) showed [3h 7c] and lost with a pair of Threes
Seat 4: belik555 (button) (small blind) showed [7s Qs] and won ($29.50) with a pair of Queens


PokerStars Hand #171902790012:  Hold'em Limit ($3/$6 USD) - 2017/06/17 16:32:27 ET
Table 'Harpalyke' 6-max Seat #3 is the button
Seat 3: SpartakM1985 ($165.45 in chips)
Seat 4: belik555 ($95.76 in chips)
SpartakM1985: posts small blind $1
belik555: posts big blind $3
*** HOLE CARDS ***
SpartakM1985: raises $3 to $6
belik555: calls $3
*** FLOP *** [6s As 4c]
belik555: checks
SpartakM1985: bets $3
belik555: calls $3
*** TURN *** [6s As 4c] [6c]
belik555: checks
SpartakM1985: bets $6
belik555: folds
Uncalled bet ($6) returned to SpartakM1985
SpartakM1985 collected $17.64 from pot
SpartakM1985: doesn't show hand
*** SUMMARY ***
Total pot $18 | Rake $0.36
Board [6s As 4c 6c]
Seat 3: SpartakM1985 (button) (small blind) collected ($17.64)
Seat 4: belik555 (big blind) folded on the Turn


PokerStars Hand #171902781189:  Hold'em Limit ($3/$6 USD) - 2017/06/17 16:32:15 ET
Table 'Harpalyke' 6-max Seat #4 is the button
Seat 3: SpartakM1985 ($171.45 in chips)
Seat 4: belik555 ($90 in chips)
belik555: posts small blind $1
SpartakM1985: posts big blind $3
*** HOLE CARDS ***
belik555: raises $3 to $6
SpartakM1985: calls $3
*** FLOP *** [9c Kc Ks]
SpartakM1985: checks
belik555: bets $3
SpartakM1985: folds
Uncalled bet ($3) returned to belik555
belik555 collected $11.76 from pot
belik555: doesn't show hand
*** SUMMARY ***
Total pot $12 | Rake $0.24
Board [9c Kc Ks]
Seat 3: SpartakM1985 (big blind) folded on the Flop
Seat 4: belik555 (button) (small blind) collected ($11.76)


PokerStars Hand #171902856186:  Hold'em Limit ($3/$6 USD) - 2017/06/17 16:33:57 ET
Table 'Harpalyke' 6-max Seat #4 is the button
Seat 3: SpartakM1985 ($172.49 in chips)
Seat 4: belik555 ($90.50 in chips)
belik555: posts small blind $1
SpartakM1985: posts big blind $3
*** HOLE CARDS ***
belik555: raises $3 to $6
SpartakM1985: calls $3
*** FLOP *** [2h Qc 4c]
SpartakM1985: checks
belik555: bets $3
SpartakM1985: calls $3
*** TURN *** [2h Qc 4c] [3c]
SpartakM1985: checks
Bablonaut joins the table at seat #2
belik555: checks
*** RIVER *** [2h Qc 4c 3c] [4h]
SpartakM1985: bets $6
belik555: folds
Uncalled bet ($6) returned to SpartakM1985
SpartakM1985 collected $17.64 from pot
SpartakM1985: doesn't show hand
*** SUMMARY ***
Total pot $18 | Rake $0.36
Board [2h Qc 4c 3c 4h]
Seat 3: SpartakM1985 (big blind) collected ($17.64)
Seat 4: belik555 (button) (small blind) folded on the River


PokerStars Hand #171902845470:  Hold'em Limit ($3/$6 USD) - 2017/06/17 16:33:43 ET
Table 'Harpalyke' 6-max Seat #3 is the button
Seat 3: SpartakM1985 ($166.73 in chips)
Seat 4: belik555 ($96.50 in chips)
SpartakM1985: posts small blind $1
belik555: posts big blind $3
*** HOLE CARDS ***
SpartakM1985: raises $3 to $6
belik555: calls $3
*** FLOP *** [7c 2d Qh]
belik555: checks
SpartakM1985: checks
*** TURN *** [7c 2d Qh] [Js]
belik555: checks
SpartakM1985: bets $6
belik555: folds
Uncalled bet ($6) returned to SpartakM1985
SpartakM1985 collected $11.76 from pot
SpartakM1985: doesn't show hand
*** SUMMARY ***
Total pot $12 | Rake $0.24
Board [7c 2d Qh Js]
Seat 3: SpartakM1985 (button) (small blind) collected ($11.76)
Seat 4: belik555 (big blind) folded on the Turn


PokerStars Hand #171902827105:  Hold'em Limit ($3/$6 USD) - 2017/06/17 16:33:17 ET
Table 'Harpalyke' 6-max Seat #4 is the button
Seat 3: SpartakM1985 ($158.09 in chips)
Seat 4: belik555 ($105.50 in chips)
belik555: posts small blind $1
SpartakM1985: posts big blind $3
*** HOLE CARDS ***
belik555: raises $3 to $6
SpartakM1985: calls $3
*** FLOP *** [6c Kh Tc]
SpartakM1985: checks
belik555: bets $3
SpartakM1985: calls $3
*** TURN *** [6c Kh Tc] [3d]
SpartakM1985: checks
belik555: checks
*** RIVER *** [6c Kh Tc 3d] [8h]
SpartakM1985: checks
belik555: checks
*** SHOW DOWN ***
SpartakM1985: shows [5d Ac] (high card Ace)
belik555: mucks hand
SpartakM1985 collected $17.64 from pot
*** SUMMARY ***
Total pot $18 | Rake $0.36
Board [6c Kh Tc 3d 8h]
Seat 3: SpartakM1985 (big blind) showed [5d Ac] and won ($17.64) with high card Ace
Seat 4: belik555 (button) (small blind) mucked


PokerStars Hand #171902872011:  Hold'em Limit ($3/$6 USD) - 2017/06/17 16:34:19 ET
Table 'Harpalyke' 6-max Seat #3 is the button
Seat 3: SpartakM1985 ($181.13 in chips)
Seat 4: belik555 ($90 in chips)
SpartakM1985: posts small blind $1
belik555: posts big blind $3
*** HOLE CARDS ***
SpartakM1985: raises $3 to $6
belik555: calls $3
*** FLOP *** [Js Jd 8c]
belik555: checks
SpartakM1985: bets $3
belik555: folds
Uncalled bet ($3) returned to SpartakM1985
SpartakM1985 collected $11.76 from pot
SpartakM1985: doesn't show hand
*** SUMMARY ***
Total pot $12 | Rake $0.24
Board [Js Jd 8c]
Seat 3: SpartakM1985 (button) (small blind) collected ($11.76)
Seat 4: belik555 (big blind) folded on the Flop


PokerStars Hand #171908443170:  Hold'em Limit ($3/$6 USD) - 2017/06/17 18:50:54 ET
Table 'Harpalyke' 6-max Seat #4 is the button
Seat 1: makimaki ($274.25 in chips)
Seat 4: scorpio04 ($150 in chips)
scorpio04: posts small blind $1
craaa: is sitting out
makimaki: posts big blind $3
*** HOLE CARDS ***
scorpio04: raises $3 to $6
makimaki: calls $3
*** FLOP *** [Tc 4s 3d]
craaa leaves the table
makimaki: checks
scorpio04: bets $3
makimaki: folds
Uncalled bet ($3) returned to scorpio04
scorpio04 collected $11.76 from pot
scorpio04: doesn't show hand
*** SUMMARY ***
Total pot $12 | Rake $0.24
Board [Tc 4s 3d]
Seat 1: makimaki (big blind) folded on the Flop
Seat 4: scorpio04 (button) (small blind) collected ($11.76)


