PokerStars Hand #170386094702:  Hold'em Limit ($3/$6 USD) - 2017/05/13 20:43:35 ET
Table 'Harpalyke' 6-max Seat #1 is the button
Seat 1: hooverr ($118.02 in chips)
Seat 4: xxPSRxx ($146.50 in chips)
hooverr: posts small blind $1
xxPSRxx: posts big blind $3
*** HOLE CARDS ***
hooverr: raises $3 to $6
xxPSRxx: calls $3
*** FLOP *** [2d 7s 4s]
xxPSRxx: checks
hooverr: checks
*** TURN *** [2d 7s 4s] [3h]
xxPSRxx: bets $6
hooverr: calls $6
*** RIVER *** [2d 7s 4s 3h] [4h]
xxPSRxx: checks
hooverr: checks
*** SHOW DOWN ***
xxPSRxx: shows [8c 9h] (a pair of Fours)
hooverr: shows [Kh 5c] (a pair of Fours - King kicker)
hooverr collected $23.52 from pot
*** SUMMARY ***
Total pot $24 | Rake $0.48
Board [2d 7s 4s 3h 4h]
Seat 1: hooverr (button) (small blind) showed [Kh 5c] and won ($23.52) with a pair of Fours
Seat 4: xxPSRxx (big blind) showed [8c 9h] and lost with a pair of Fours


PokerStars Hand #170386078234:  Hold'em Limit ($3/$6 USD) - 2017/05/13 20:43:00 ET
Table 'Harpalyke' 6-max Seat #1 is the button
Seat 1: hooverr ($145.02 in chips)
Seat 4: xxPSRxx ($120 in chips)
hooverr: posts small blind $1
xxPSRxx: posts big blind $3
*** HOLE CARDS ***
hooverr: raises $3 to $6
xxPSRxx: raises $3 to $9
hooverr: calls $3
*** FLOP *** [4c 3h 6d]
xxPSRxx: bets $3
hooverr: calls $3
*** TURN *** [4c 3h 6d] [6c]
xxPSRxx: bets $6
hooverr: raises $6 to $12
xxPSRxx: calls $6
*** RIVER *** [4c 3h 6d 6c] [4d]
xxPSRxx: checks
hooverr: checks
*** SHOW DOWN ***
xxPSRxx: shows [8s 8c] (two pair, Eights and Sixes)
hooverr: mucks hand
xxPSRxx collected $47.50 from pot
*** SUMMARY ***
Total pot $48 | Rake $0.50
Board [4c 3h 6d 6c 4d]
Seat 1: hooverr (button) (small blind) mucked
Seat 4: xxPSRxx (big blind) showed [8s 8c] and won ($47.50) with two pair, Eights and Sixes


PokerStars Hand #170386092107:  Hold'em Limit ($3/$6 USD) - 2017/05/13 20:43:29 ET
Table 'Harpalyke' 6-max Seat #4 is the button
Seat 1: hooverr ($121.02 in chips)
Seat 4: xxPSRxx ($143.50 in chips)
xxPSRxx: posts small blind $1
hooverr: posts big blind $3
*** HOLE CARDS ***
xxPSRxx: raises $3 to $6
hooverr: folds
Uncalled bet ($3) returned to xxPSRxx
xxPSRxx collected $6 from pot
xxPSRxx: doesn't show hand
*** SUMMARY ***
Total pot $6 | Rake $0
Seat 1: hooverr (big blind) folded before Flop
Seat 4: xxPSRxx (button) (small blind) collected ($6)


PokerStars Hand #170386105330:  Hold'em Limit ($3/$6 USD) - 2017/05/13 20:43:57 ET
Table 'Harpalyke' 6-max Seat #4 is the button
Seat 1: hooverr ($129.54 in chips)
Seat 4: xxPSRxx ($134.50 in chips)
xxPSRxx: posts small blind $1
hooverr: posts big blind $3
*** HOLE CARDS ***
xxPSRxx: raises $3 to $6
hooverr: calls $3
*** FLOP *** [Kd Qd Jc]
hooverr: bets $3
xxPSRxx: calls $3
*** TURN *** [Kd Qd Jc] [7h]
hooverr: checks
xxPSRxx: checks
*** RIVER *** [Kd Qd Jc 7h] [6s]
hooverr: checks
xxPSRxx: checks
*** SHOW DOWN ***
hooverr: shows [6c 4c] (a pair of Sixes)
xxPSRxx: mucks hand
hooverr collected $17.64 from pot
*** SUMMARY ***
Total pot $18 | Rake $0.36
Board [Kd Qd Jc 7h 6s]
Seat 1: hooverr (big blind) showed [6c 4c] and won ($17.64) with a pair of Sixes
Seat 4: xxPSRxx (button) (small blind) mucked


PokerStars Hand #170387443939:  Hold'em Limit ($3/$6 USD) - 2017/05/13 21:34:14 ET
Table 'Harpalyke' 6-max Seat #3 is the button
Seat 3: Rednaxela05 ($269.57 in chips)
Seat 4: xxPSRxx ($113.94 in chips)
Rednaxela05: posts small blind $1
xxPSRxx: posts big blind $3
*** HOLE CARDS ***
Rednaxela05: raises $3 to $6
xxPSRxx: raises $3 to $9
Joker4691 leaves the table
Rednaxela05: raises $3 to $12
Betting is capped
xxPSRxx: calls $3
*** FLOP *** [7s 8s Jc]
xxPSRxx: checks
Rednaxela05: bets $3
xxPSRxx: calls $3
*** TURN *** [7s 8s Jc] [8h]
xxPSRxx: checks
Rednaxela05: bets $6
xxPSRxx: calls $6
*** RIVER *** [7s 8s Jc 8h] [6c]
xxPSRxx: checks
Rednaxela05: bets $6
xxPSRxx: calls $6
*** SHOW DOWN ***
Rednaxela05: shows [Qc Qs] (two pair, Queens and Eights)
xxPSRxx: mucks hand
Rednaxela05 collected $53.50 from pot
*** SUMMARY ***
Total pot $54 | Rake $0.50
Board [7s 8s Jc 8h 6c]
Seat 3: Rednaxela05 (button) (small blind) showed [Qc Qs] and won ($53.50) with two pair, Queens and Eights
Seat 4: xxPSRxx (big blind) mucked


