PokerStars Hand #170382673191:  Hold'em Limit ($3/$6 USD) - 2017/05/13 19:00:43 ET
Table 'Harpalyke' 6-max Seat #4 is the button
Seat 3: Eklund_1891 ($111 in chips)
Seat 4: Actionni13 ($158.64 in chips)
Actionni13: posts small blind $1
Eklund_1891: posts big blind $3
*** HOLE CARDS ***
Actionni13: raises $3 to $6
Eklund_1891: calls $3
*** FLOP *** [7d 8d 6h]
Eklund_1891: checks
Actionni13: bets $3
Eklund_1891: calls $3
*** TURN *** [7d 8d 6h] [6c]
Eklund_1891: checks
Actionni13: bets $6
Eklund_1891: calls $6
*** RIVER *** [7d 8d 6h 6c] [Qc]
Eklund_1891: checks
Actionni13: bets $6
Eklund_1891: calls $6
*** SHOW DOWN ***
Actionni13: shows [7c 9c] (two pair, Sevens and Sixes)
Eklund_1891: mucks hand
Actionni13 collected $41.50 from pot
*** SUMMARY ***
Total pot $42 | Rake $0.50
Board [7d 8d 6h 6c Qc]
Seat 3: Eklund_1891 (big blind) mucked
Seat 4: Actionni13 (button) (small blind) showed [7c 9c] and won ($41.50) with two pair, Sevens and Sixes


PokerStars Hand #170382667210:  Hold'em Limit ($3/$6 USD) - 2017/05/13 19:00:33 ET
Table 'Harpalyke' 6-max Seat #3 is the button
Seat 3: Eklund_1891 ($120 in chips)
Seat 4: Actionni13 ($150 in chips)
Eklund_1891: posts small blind $1
Actionni13: posts big blind $3
*** HOLE CARDS ***
Eklund_1891: raises $3 to $6
Actionni13: raises $3 to $9
Eklund_1891: calls $3
*** FLOP *** [Ts As 8s]
Actionni13: bets $3
Eklund_1891: folds
Uncalled bet ($3) returned to Actionni13
Actionni13 collected $17.64 from pot
Actionni13: doesn't show hand
*** SUMMARY ***
Total pot $18 | Rake $0.36
Board [Ts As 8s]
Seat 3: Eklund_1891 (button) (small blind) folded on the Flop
Seat 4: Actionni13 (big blind) collected ($17.64)


PokerStars Hand #170382701685:  Hold'em Limit ($3/$6 USD) - 2017/05/13 19:01:31 ET
Table 'Harpalyke' 6-max Seat #3 is the button
Seat 3: Eklund_1891 ($98.50 in chips)
Seat 4: Actionni13 ($169.90 in chips)
Eklund_1891: posts small blind $1
Actionni13: posts big blind $3
*** HOLE CARDS ***
Eklund_1891: raises $3 to $6
Actionni13: calls $3
*** FLOP *** [Js 7h As]
Actionni13: checks
Eklund_1891: checks
*** TURN *** [Js 7h As] [2h]
Actionni13: bets $6
Eklund_1891: folds
Uncalled bet ($6) returned to Actionni13
Actionni13 collected $11.76 from pot
Actionni13: doesn't show hand
*** SUMMARY ***
Total pot $12 | Rake $0.24
Board [Js 7h As 2h]
Seat 3: Eklund_1891 (button) (small blind) folded on the Turn
Seat 4: Actionni13 (big blind) collected ($11.76)


PokerStars Hand #170382696765:  Hold'em Limit ($3/$6 USD) - 2017/05/13 19:01:23 ET
Table 'Harpalyke' 6-max Seat #4 is the button
Seat 3: Eklund_1891 ($104.50 in chips)
Seat 4: Actionni13 ($164.14 in chips)
Actionni13: posts small blind $1
Eklund_1891: posts big blind $3
*** HOLE CARDS ***
Actionni13: raises $3 to $6
Eklund_1891: calls $3
*** FLOP *** [3c Jc Ah]
Eklund_1891: checks
Actionni13: bets $3
Eklund_1891: folds
Uncalled bet ($3) returned to Actionni13
Actionni13 collected $11.76 from pot
Actionni13: doesn't show hand
*** SUMMARY ***
Total pot $12 | Rake $0.24
Board [3c Jc Ah]
Seat 3: Eklund_1891 (big blind) folded on the Flop
Seat 4: Actionni13 (button) (small blind) collected ($11.76)


PokerStars Hand #170382682910:  Hold'em Limit ($3/$6 USD) - 2017/05/13 19:01:00 ET
Table 'Harpalyke' 6-max Seat #3 is the button
Seat 3: Eklund_1891 ($90 in chips)
Seat 4: Actionni13 ($179.14 in chips)
Eklund_1891: posts small blind $1
Actionni13: posts big blind $3
*** HOLE CARDS ***
Eklund_1891: raises $3 to $6
Actionni13: calls $3
*** FLOP *** [5s 8h 2s]
Actionni13: checks
Eklund_1891: bets $3
Actionni13: calls $3
*** TURN *** [5s 8h 2s] [7d]
Actionni13: checks
Eklund_1891: checks
*** RIVER *** [5s 8h 2s 7d] [9h]
Actionni13: bets $6
Eklund_1891: raises $6 to $12
Actionni13: folds
Uncalled bet ($6) returned to Eklund_1891
Eklund_1891 collected $29.50 from pot
Eklund_1891: doesn't show hand
*** SUMMARY ***
Total pot $30 | Rake $0.50
Board [5s 8h 2s 7d 9h]
Seat 3: Eklund_1891 (button) (small blind) collected ($29.50)
Seat 4: Actionni13 (big blind) folded on the River


PokerStars Hand #170382747632:  Hold'em Limit ($3/$6 USD) - 2017/05/13 19:02:44 ET
Table 'Harpalyke' 6-max Seat #4 is the button
Seat 3: Eklund_1891 ($109.66 in chips)
Seat 4: Actionni13 ($157.42 in chips)
Actionni13: posts small blind $1
Eklund_1891: posts big blind $3
*** HOLE CARDS ***
Actionni13: raises $3 to $6
Eklund_1891: raises $3 to $9
Actionni13: calls $3
*** FLOP *** [5h 7d 8h]
Eklund_1891: bets $3
Actionni13: calls $3
*** TURN *** [5h 7d 8h] [3h]
Eklund_1891: bets $6
Actionni13: calls $6
*** RIVER *** [5h 7d 8h 3h] [8c]
Eklund_1891: bets $6
Actionni13: folds
Uncalled bet ($6) returned to Eklund_1891
Eklund_1891 collected $35.50 from pot
Eklund_1891: doesn't show hand
*** SUMMARY ***
Total pot $36 | Rake $0.50
Board [5h 7d 8h 3h 8c]
Seat 3: Eklund_1891 (big blind) collected ($35.50)
Seat 4: Actionni13 (button) (small blind) folded on the River


PokerStars Hand #170382721102:  Hold'em Limit ($3/$6 USD) - 2017/05/13 19:02:03 ET
Table 'Harpalyke' 6-max Seat #3 is the button
Seat 3: Eklund_1891 ($104.02 in chips)
Seat 4: Actionni13 ($163.66 in chips)
Eklund_1891: posts small blind $1
Actionni13: posts big blind $3
*** HOLE CARDS ***
Eklund_1891: raises $3 to $6
Actionni13: folds
Uncalled bet ($3) returned to Eklund_1891
Eklund_1891 collected $6 from pot
Eklund_1891: doesn't show hand
*** SUMMARY ***
Total pot $6 | Rake $0
Seat 3: Eklund_1891 (button) (small blind) collected ($6)
Seat 4: Actionni13 (big blind) folded before Flop


PokerStars Hand #170382783635:  Hold'em Limit ($3/$6 USD) - 2017/05/13 19:03:41 ET
Table 'Harpalyke' 6-max Seat #3 is the button
Seat 3: Eklund_1891 ($73.16 in chips)
Seat 4: Actionni13 ($203 in chips)
Eklund_1891: posts small blind $1
Actionni13: posts big blind $3
*** HOLE CARDS ***
Eklund_1891: raises $3 to $6
Actionni13: calls $3
*** FLOP *** [7s 9d 3d]
Actionni13: checks
Eklund_1891: checks
*** TURN *** [7s 9d 3d] [Jh]
Actionni13: bets $6
Eklund_1891: calls $6
*** RIVER *** [7s 9d 3d Jh] [6d]
Actionni13: bets $6
Eklund_1891: folds
Uncalled bet ($6) returned to Actionni13
Actionni13 collected $23.52 from pot
Actionni13: doesn't show hand
*** SUMMARY ***
Total pot $24 | Rake $0.48
Board [7s 9d 3d Jh 6d]
Seat 3: Eklund_1891 (button) (small blind) folded on the River
Seat 4: Actionni13 (big blind) collected ($23.52)


PokerStars Hand #170382769843:  Hold'em Limit ($3/$6 USD) - 2017/05/13 19:03:19 ET
Table 'Harpalyke' 6-max Seat #4 is the button
Seat 3: Eklund_1891 ($103.16 in chips)
Seat 4: Actionni13 ($173.50 in chips)
Actionni13: posts small blind $1
Eklund_1891: posts big blind $3
*** HOLE CARDS ***
Actionni13: raises $3 to $6
Eklund_1891: raises $3 to $9
Actionni13: calls $3
*** FLOP *** [Qs 4c 8h]
Eklund_1891: bets $3
Actionni13: calls $3
*** TURN *** [Qs 4c 8h] [Ad]
Eklund_1891: bets $6
Actionni13: raises $6 to $12
Eklund_1891: calls $6
*** RIVER *** [Qs 4c 8h Ad] [3d]
Eklund_1891: checks
Actionni13: bets $6
Eklund_1891: calls $6
*** SHOW DOWN ***
Actionni13: shows [9c Ah] (a pair of Aces)
Eklund_1891: mucks hand
Actionni13 collected $59.50 from pot
*** SUMMARY ***
Total pot $60 | Rake $0.50
Board [Qs 4c 8h Ad 3d]
Seat 3: Eklund_1891 (big blind) mucked
Seat 4: Actionni13 (button) (small blind) showed [9c Ah] and won ($59.50) with a pair of Aces


PokerStars Hand #170382758138:  Hold'em Limit ($3/$6 USD) - 2017/05/13 19:03:00 ET
Table 'Harpalyke' 6-max Seat #3 is the button
Seat 3: Eklund_1891 ($127.16 in chips)
Seat 4: Actionni13 ($150 in chips)
Eklund_1891: posts small blind $1
Actionni13: posts big blind $3
*** HOLE CARDS ***
Eklund_1891: raises $3 to $6
Actionni13: calls $3
*** FLOP *** [Js 4h Jh]
Actionni13: checks
Eklund_1891: bets $3
Actionni13: raises $3 to $6
Eklund_1891: calls $3
*** TURN *** [Js 4h Jh] [Qh]
Actionni13: bets $6
Eklund_1891: calls $6
*** RIVER *** [Js 4h Jh Qh] [3c]
Actionni13: bets $6
Eklund_1891: calls $6
*** SHOW DOWN ***
Actionni13: shows [8s Jd] (three of a kind, Jacks)
Eklund_1891: mucks hand
Actionni13 collected $47.50 from pot
*** SUMMARY ***
Total pot $48 | Rake $0.50
Board [Js 4h Jh Qh 3c]
Seat 3: Eklund_1891 (button) (small blind) mucked
Seat 4: Actionni13 (big blind) showed [8s Jd] and won ($47.50) with three of a kind, Jacks


PokerStars Hand #170382828484:  Hold'em Limit ($3/$6 USD) - 2017/05/13 19:04:52 ET
Table 'Harpalyke' 6-max Seat #3 is the button
Seat 3: Eklund_1891 ($111.11 in chips)
Seat 4: Actionni13 ($198.28 in chips)
Eklund_1891: posts small blind $1
Actionni13: posts big blind $3
*** HOLE CARDS ***
Eklund_1891: folds
Uncalled bet ($2) returned to Actionni13
Actionni13 collected $2 from pot
Actionni13: doesn't show hand
*** SUMMARY ***
Total pot $2 | Rake $0
Seat 3: Eklund_1891 (button) (small blind) folded before Flop
Seat 4: Actionni13 (big blind) collected ($2)


PokerStars Hand #170382825189:  Hold'em Limit ($3/$6 USD) - 2017/05/13 19:04:46 ET
Table 'Harpalyke' 6-max Seat #4 is the button
Seat 3: Eklund_1891 ($110.11 in chips)
Seat 4: Actionni13 ($199.28 in chips)
Actionni13: posts small blind $1
Eklund_1891: posts big blind $3
*** HOLE CARDS ***
Actionni13: folds
Uncalled bet ($2) returned to Eklund_1891
Eklund_1891 collected $2 from pot
Eklund_1891: doesn't show hand
*** SUMMARY ***
Total pot $2 | Rake $0
Seat 3: Eklund_1891 (big blind) collected ($2)
Seat 4: Actionni13 (button) (small blind) folded before Flop


PokerStars Hand #170382821437:  Hold'em Limit ($3/$6 USD) - 2017/05/13 19:04:41 ET
Table 'Harpalyke' 6-max Seat #3 is the button
Seat 3: Eklund_1891 ($107.11 in chips)
Seat 4: Actionni13 ($202.28 in chips)
Eklund_1891: posts small blind $1
Actionni13: posts big blind $3
*** HOLE CARDS ***
Eklund_1891: raises $3 to $6
Actionni13: folds
Uncalled bet ($3) returned to Eklund_1891
Eklund_1891 collected $6 from pot
Eklund_1891: doesn't show hand
*** SUMMARY ***
Total pot $6 | Rake $0
Seat 3: Eklund_1891 (button) (small blind) collected ($6)
Seat 4: Actionni13 (big blind) folded before Flop


PokerStars Hand #170382811895:  Hold'em Limit ($3/$6 USD) - 2017/05/13 19:04:25 ET
Table 'Harpalyke' 6-max Seat #4 is the button
Seat 3: Eklund_1891 ($101.35 in chips)
Seat 4: Actionni13 ($208.28 in chips)
Actionni13: posts small blind $1
Eklund_1891: posts big blind $3
*** HOLE CARDS ***
Actionni13: raises $3 to $6
Eklund_1891: calls $3
*** FLOP *** [8c 4c Jd]
Eklund_1891: checks
Actionni13: checks
*** TURN *** [8c 4c Jd] [3h]
Eklund_1891: checks
Actionni13: checks
*** RIVER *** [8c 4c Jd 3h] [9c]
Eklund_1891: bets $6
Actionni13: folds
Uncalled bet ($6) returned to Eklund_1891
Eklund_1891 collected $11.76 from pot
Eklund_1891: doesn't show hand
*** SUMMARY ***
Total pot $12 | Rake $0.24
Board [8c 4c Jd 3h 9c]
Seat 3: Eklund_1891 (big blind) collected ($11.76)
Seat 4: Actionni13 (button) (small blind) folded on the River


PokerStars Hand #170382804642:  Hold'em Limit ($3/$6 USD) - 2017/05/13 19:04:14 ET
Table 'Harpalyke' 6-max Seat #3 is the button
Seat 3: Eklund_1891 ($107.35 in chips)
Seat 4: Actionni13 ($202.52 in chips)
Eklund_1891: posts small blind $1
Actionni13: posts big blind $3
*** HOLE CARDS ***
Eklund_1891: raises $3 to $6
Actionni13: calls $3
*** FLOP *** [7d 3s 2s]
Actionni13: checks
Eklund_1891: checks
*** TURN *** [7d 3s 2s] [Jh]
Actionni13: bets $6
Eklund_1891: folds
Uncalled bet ($6) returned to Actionni13
Actionni13 collected $11.76 from pot
Actionni13: doesn't show hand
*** SUMMARY ***
Total pot $12 | Rake $0.24
Board [7d 3s 2s Jh]
Seat 3: Eklund_1891 (button) (small blind) folded on the Turn
Seat 4: Actionni13 (big blind) collected ($11.76)


PokerStars Hand #170382794327:  Hold'em Limit ($3/$6 USD) - 2017/05/13 19:03:58 ET
Table 'Harpalyke' 6-max Seat #4 is the button
Seat 3: Eklund_1891 ($61.16 in chips)
Seat 4: Actionni13 ($214.52 in chips)
Actionni13: posts small blind $1
Eklund_1891: posts big blind $3
*** HOLE CARDS ***
Actionni13: raises $3 to $6
Eklund_1891: raises $3 to $9
Actionni13: calls $3
*** FLOP *** [2d Th Kh]
Eklund_1891: bets $3
Actionni13: calls $3
*** TURN *** [2d Th Kh] [Kc]
Eklund_1891: bets $6
Actionni13: folds
Uncalled bet ($6) returned to Eklund_1891
Eklund_1891 collected $23.52 from pot
Eklund_1891: doesn't show hand
*** SUMMARY ***
Total pot $24 | Rake $0.48
Board [2d Th Kh Kc]
Seat 3: Eklund_1891 (big blind) collected ($23.52)
Seat 4: Actionni13 (button) (small blind) folded on the Turn


PokerStars Hand #170382873884:  Hold'em Limit ($3/$6 USD) - 2017/05/13 19:06:04 ET
Table 'Harpalyke' 6-max Seat #4 is the button
Seat 3: Eklund_1891 ($112.39 in chips)
Seat 4: Actionni13 ($195.80 in chips)
Actionni13: posts small blind $1
Eklund_1891: posts big blind $3
*** HOLE CARDS ***
Actionni13: raises $3 to $6
Eklund_1891: folds
Uncalled bet ($3) returned to Actionni13
Actionni13 collected $6 from pot
Actionni13: doesn't show hand
*** SUMMARY ***
Total pot $6 | Rake $0
Seat 3: Eklund_1891 (big blind) folded before Flop
Seat 4: Actionni13 (button) (small blind) collected ($6)


PokerStars Hand #170382867132:  Hold'em Limit ($3/$6 USD) - 2017/05/13 19:05:53 ET
Table 'Harpalyke' 6-max Seat #3 is the button
Seat 3: Eklund_1891 ($124.39 in chips)
Seat 4: Actionni13 ($184.28 in chips)
Eklund_1891: posts small blind $1
Actionni13: posts big blind $3
*** HOLE CARDS ***
Eklund_1891: raises $3 to $6
Actionni13: raises $3 to $9
Eklund_1891: calls $3
*** FLOP *** [Tc 5s 2s]
Actionni13: bets $3
Eklund_1891: calls $3
*** TURN *** [Tc 5s 2s] [Th]
Actionni13: bets $6
Eklund_1891: folds
Uncalled bet ($6) returned to Actionni13
Actionni13 collected $23.52 from pot
Actionni13: doesn't show hand
*** SUMMARY ***
Total pot $24 | Rake $0.48
Board [Tc 5s 2s Th]
Seat 3: Eklund_1891 (button) (small blind) folded on the Turn
Seat 4: Actionni13 (big blind) collected ($23.52)


PokerStars Hand #170382864288:  Hold'em Limit ($3/$6 USD) - 2017/05/13 19:05:49 ET
Table 'Harpalyke' 6-max Seat #4 is the button
Seat 3: Eklund_1891 ($127.39 in chips)
Seat 4: Actionni13 ($181.28 in chips)
Actionni13: posts small blind $1
Eklund_1891: posts big blind $3
*** HOLE CARDS ***
Actionni13: raises $3 to $6
Eklund_1891: folds
Uncalled bet ($3) returned to Actionni13
Actionni13 collected $6 from pot
Actionni13: doesn't show hand
*** SUMMARY ***
Total pot $6 | Rake $0
Seat 3: Eklund_1891 (big blind) folded before Flop
Seat 4: Actionni13 (button) (small blind) collected ($6)


PokerStars Hand #170382849303:  Hold'em Limit ($3/$6 USD) - 2017/05/13 19:05:25 ET
Table 'Harpalyke' 6-max Seat #3 is the button
Seat 3: Eklund_1891 ($121.63 in chips)
Seat 4: Actionni13 ($187.28 in chips)
Eklund_1891: posts small blind $1
Actionni13: posts big blind $3
*** HOLE CARDS ***
Eklund_1891: raises $3 to $6
Actionni13: calls $3
*** FLOP *** [6h 5s Tc]
Actionni13: checks
Eklund_1891: checks
*** TURN *** [6h 5s Tc] [Ac]
Actionni13: checks
Eklund_1891: checks
*** RIVER *** [6h 5s Tc Ac] [3d]
Actionni13: checks
Eklund_1891: checks
*** SHOW DOWN ***
Actionni13: shows [Jc 7d] (high card Ace)
Eklund_1891: shows [9d Kh] (high card Ace - King kicker)
Eklund_1891 collected $11.76 from pot
*** SUMMARY ***
Total pot $12 | Rake $0.24
Board [6h 5s Tc Ac 3d]
Seat 3: Eklund_1891 (button) (small blind) showed [9d Kh] and won ($11.76) with high card Ace
Seat 4: Actionni13 (big blind) showed [Jc 7d] and lost with high card Ace


PokerStars Hand #170382831318:  Hold'em Limit ($3/$6 USD) - 2017/05/13 19:04:56 ET
Table 'Harpalyke' 6-max Seat #4 is the button
Seat 3: Eklund_1891 ($110.11 in chips)
Seat 4: Actionni13 ($199.28 in chips)
Actionni13: posts small blind $1
Eklund_1891: posts big blind $3
*** HOLE CARDS ***
Actionni13: raises $3 to $6
Eklund_1891: calls $3
*** FLOP *** [7c Ks 5d]
Eklund_1891: checks
Actionni13: bets $3
Eklund_1891: raises $3 to $6
Actionni13: calls $3
*** TURN *** [7c Ks 5d] [Th]
Eklund_1891: checks
Actionni13: checks
*** RIVER *** [7c Ks 5d Th] [4d]
Eklund_1891: checks
Actionni13: checks
*** SHOW DOWN ***
Eklund_1891: shows [5s 3s] (a pair of Fives)
Actionni13: mucks hand
Eklund_1891 collected $23.52 from pot
*** SUMMARY ***
Total pot $24 | Rake $0.48
Board [7c Ks 5d Th 4d]
Seat 3: Eklund_1891 (big blind) showed [5s 3s] and won ($23.52) with a pair of Fives
Seat 4: Actionni13 (button) (small blind) mucked


PokerStars Hand #170382902955:  Hold'em Limit ($3/$6 USD) - 2017/05/13 19:06:47 ET
Table 'Harpalyke' 6-max Seat #3 is the button
Seat 3: Eklund_1891 ($111.89 in chips)
Seat 4: Actionni13 ($195.30 in chips)
Eklund_1891: posts small blind $1
Actionni13: posts big blind $3
*** HOLE CARDS ***
Eklund_1891: raises $3 to $6
Actionni13: calls $3
*** FLOP *** [8c 7s 4c]
Actionni13: checks
Eklund_1891: bets $3
Actionni13: folds
Uncalled bet ($3) returned to Eklund_1891
Eklund_1891 collected $11.76 from pot
Eklund_1891: doesn't show hand
*** SUMMARY ***
Total pot $12 | Rake $0.24
Board [8c 7s 4c]
Seat 3: Eklund_1891 (button) (small blind) collected ($11.76)
Seat 4: Actionni13 (big blind) folded on the Flop


PokerStars Hand #170382889021:  Hold'em Limit ($3/$6 USD) - 2017/05/13 19:06:25 ET
Table 'Harpalyke' 6-max Seat #4 is the button
Seat 3: Eklund_1891 ($126.89 in chips)
Seat 4: Actionni13 ($180.80 in chips)
Actionni13: posts small blind $1
Eklund_1891: posts big blind $3
*** HOLE CARDS ***
Actionni13: raises $3 to $6
Eklund_1891: calls $3
*** FLOP *** [7c 8h 2d]
Eklund_1891: checks
Actionni13: bets $3
Eklund_1891: calls $3
*** TURN *** [7c 8h 2d] [4h]
Eklund_1891: checks
Actionni13: bets $6
Eklund_1891: calls $6
*** RIVER *** [7c 8h 2d 4h] [Td]
Eklund_1891: checks
Actionni13: bets $6
Eklund_1891: folds
Uncalled bet ($6) returned to Actionni13
Actionni13 collected $29.50 from pot
Actionni13: doesn't show hand
Chessnok joins the table at seat #5
*** SUMMARY ***
Total pot $30 | Rake $0.50
Board [7c 8h 2d 4h Td]
Seat 3: Eklund_1891 (big blind) folded on the River
Seat 4: Actionni13 (button) (small blind) collected ($29.50)


PokerStars Hand #170382877419:  Hold'em Limit ($3/$6 USD) - 2017/05/13 19:06:10 ET
Table 'Harpalyke' 6-max Seat #3 is the button
Seat 3: Eklund_1891 ($109.39 in chips)
Seat 4: Actionni13 ($198.80 in chips)
Eklund_1891: posts small blind $1
Actionni13: posts big blind $3
*** HOLE CARDS ***
Eklund_1891: raises $3 to $6
Actionni13: calls $3
*** FLOP *** [2h 5h Qh]
Actionni13: checks
Eklund_1891: checks
*** TURN *** [2h 5h Qh] [8s]
Actionni13: bets $6
Eklund_1891: calls $6
*** RIVER *** [2h 5h Qh 8s] [7c]
Actionni13: bets $6
Eklund_1891: calls $6
*** SHOW DOWN ***
Actionni13: shows [9h Tc] (high card Queen)
Eklund_1891: shows [9c 8c] (a pair of Eights)
Eklund_1891 collected $35.50 from pot
*** SUMMARY ***
Total pot $36 | Rake $0.50
Board [2h 5h Qh 8s 7c]
Seat 3: Eklund_1891 (button) (small blind) showed [9c 8c] and won ($35.50) with a pair of Eights
Seat 4: Actionni13 (big blind) showed [9h Tc] and lost with high card Queen


