PokerStars Hand #160421939299:  Hold'em Limit ($3/$6 USD) - 2016/10/25 12:24:25 ET
Table 'Hartmut II' 6-max Seat #2 is the button
Seat 2: xcgxcg2005 ($120 in chips)
Seat 3: Azrarn ($120 in chips)
xcgxcg2005: posts small blind $1
Azrarn: posts big blind $3
*** HOLE CARDS ***
xcgxcg2005: raises $3 to $6
Azrarn: folds
Uncalled bet ($3) returned to xcgxcg2005
xcgxcg2005 collected $6 from pot
xcgxcg2005: doesn't show hand
*** SUMMARY ***
Total pot $6 | Rake $0
Seat 2: xcgxcg2005 (button) (small blind) collected ($6)
Seat 3: Azrarn (big blind) folded before Flop


PokerStars Hand #160421962409:  Hold'em Limit ($3/$6 USD) - 2016/10/25 12:24:57 ET
Table 'Hartmut II' 6-max Seat #2 is the button
Seat 2: xcgxcg2005 ($120 in chips)
Seat 3: Azrarn ($120 in chips)
xcgxcg2005: posts small blind $1
Azrarn: posts big blind $3
*** HOLE CARDS ***
xcgxcg2005: folds
Uncalled bet ($2) returned to Azrarn
Azrarn collected $2 from pot
*** SUMMARY ***
Total pot $2 | Rake $0
Seat 2: xcgxcg2005 (button) (small blind) folded before Flop
Seat 3: Azrarn (big blind) collected ($2)


PokerStars Hand #160421957070:  Hold'em Limit ($3/$6 USD) - 2016/10/25 12:24:50 ET
Table 'Hartmut II' 6-max Seat #3 is the button
Seat 2: xcgxcg2005 ($123 in chips)
Seat 3: Azrarn ($117 in chips)
Azrarn: posts small blind $1
xcgxcg2005: posts big blind $3
*** HOLE CARDS ***
Azrarn: raises $3 to $6
xcgxcg2005: folds
Uncalled bet ($3) returned to Azrarn
Azrarn collected $6 from pot
*** SUMMARY ***
Total pot $6 | Rake $0
Seat 2: xcgxcg2005 (big blind) folded before Flop
Seat 3: Azrarn (button) (small blind) collected ($6)


PokerStars Hand #160421966162:  Hold'em Limit ($3/$6 USD) - 2016/10/25 12:25:02 ET
Table 'Hartmut II' 6-max Seat #3 is the button
Seat 2: xcgxcg2005 ($119 in chips)
Seat 3: Azrarn ($121 in chips)
Azrarn: posts small blind $1
xcgxcg2005: posts big blind $3
*** HOLE CARDS ***
Azrarn: raises $3 to $6
xcgxcg2005: raises $3 to $9
Azrarn: calls $3
*** FLOP *** [8c Qd Jd]
xcgxcg2005: bets $3
Azrarn: folds
Uncalled bet ($3) returned to xcgxcg2005
xcgxcg2005 collected $17.64 from pot
xcgxcg2005: doesn't show hand
*** SUMMARY ***
Total pot $18 | Rake $0.36
Board [8c Qd Jd]
Seat 2: xcgxcg2005 (big blind) collected ($17.64)
Seat 3: Azrarn (button) (small blind) folded on the Flop


PokerStars Hand #160421976379:  Hold'em Limit ($3/$6 USD) - 2016/10/25 12:25:16 ET
Table 'Hartmut II' 6-max Seat #2 is the button
Seat 2: xcgxcg2005 ($127.64 in chips)
Seat 3: Azrarn ($112 in chips)
xcgxcg2005: posts small blind $1
Azrarn: posts big blind $3
*** HOLE CARDS ***
xcgxcg2005: raises $3 to $6
Azrarn: folds
Uncalled bet ($3) returned to xcgxcg2005
xcgxcg2005 collected $6 from pot
xcgxcg2005: doesn't show hand
*** SUMMARY ***
Total pot $6 | Rake $0
Seat 2: xcgxcg2005 (button) (small blind) collected ($6)
Seat 3: Azrarn (big blind) folded before Flop


PokerStars Hand #160421982206:  Hold'em Limit ($3/$6 USD) - 2016/10/25 12:25:24 ET
Table 'Hartmut II' 6-max Seat #3 is the button
Seat 2: xcgxcg2005 ($130.64 in chips)
Seat 3: Azrarn ($109 in chips)
Azrarn: posts small blind $1
xcgxcg2005: posts big blind $3
*** HOLE CARDS ***
Azrarn: raises $3 to $6
xcgxcg2005: calls $3
*** FLOP *** [Ac Kc 8d]
xcgxcg2005: checks
Azrarn: bets $3
xcgxcg2005: raises $3 to $6
Azrarn: folds
Uncalled bet ($3) returned to xcgxcg2005
xcgxcg2005 collected $17.64 from pot
xcgxcg2005: doesn't show hand
*** SUMMARY ***
Total pot $18 | Rake $0.36
Board [Ac Kc 8d]
Seat 2: xcgxcg2005 (big blind) collected ($17.64)
Seat 3: Azrarn (button) (small blind) folded on the Flop


PokerStars Hand #160421992916:  Hold'em Limit ($3/$6 USD) - 2016/10/25 12:25:39 ET
Table 'Hartmut II' 6-max Seat #2 is the button
Seat 2: xcgxcg2005 ($139.28 in chips)
Seat 3: Azrarn ($100 in chips)
xcgxcg2005: posts small blind $1
Azrarn: posts big blind $3
*** HOLE CARDS ***
xcgxcg2005: raises $3 to $6
Azrarn: folds
Uncalled bet ($3) returned to xcgxcg2005
xcgxcg2005 collected $6 from pot
xcgxcg2005: doesn't show hand
*** SUMMARY ***
Total pot $6 | Rake $0
Seat 2: xcgxcg2005 (button) (small blind) collected ($6)
Seat 3: Azrarn (big blind) folded before Flop


PokerStars Hand #160422012685:  Hold'em Limit ($3/$6 USD) - 2016/10/25 12:26:06 ET
Table 'Hartmut II' 6-max Seat #2 is the button
Seat 2: xcgxcg2005 ($159.78 in chips)
Seat 3: Azrarn ($79 in chips)
xcgxcg2005: posts small blind $1
Azrarn: posts big blind $3
*** HOLE CARDS ***
xcgxcg2005: folds
Uncalled bet ($2) returned to Azrarn
Azrarn collected $2 from pot
*** SUMMARY ***
Total pot $2 | Rake $0
Seat 2: xcgxcg2005 (button) (small blind) folded before Flop
Seat 3: Azrarn (big blind) collected ($2)


PokerStars Hand #160421998573:  Hold'em Limit ($3/$6 USD) - 2016/10/25 12:25:46 ET
Table 'Hartmut II' 6-max Seat #3 is the button
Seat 2: xcgxcg2005 ($142.28 in chips)
Seat 3: Azrarn ($97 in chips)
Azrarn: posts small blind $1
xcgxcg2005: posts big blind $3
*** HOLE CARDS ***
Azrarn: raises $3 to $6
xcgxcg2005: calls $3
*** FLOP *** [2d 9d Ts]
xcgxcg2005: checks
Azrarn: checks
*** TURN *** [2d 9d Ts] [Ad]
xcgxcg2005: checks
Azrarn: bets $6
xcgxcg2005: calls $6
*** RIVER *** [2d 9d Ts Ad] [6h]
xcgxcg2005: checks
Azrarn: bets $6
xcgxcg2005: calls $6
*** SHOW DOWN ***
Azrarn: shows [9h 4h] (a pair of Nines)
xcgxcg2005: shows [9s Qh] (a pair of Nines - Ace+Queen kicker)
xcgxcg2005 collected $35.50 from pot
*** SUMMARY ***
Total pot $36 | Rake $0.50
Board [2d 9d Ts Ad 6h]
Seat 2: xcgxcg2005 (big blind) showed [9s Qh] and won ($35.50) with a pair of Nines
Seat 3: Azrarn (button) (small blind) showed [9h 4h] and lost with a pair of Nines


PokerStars Hand #160422025970:  Hold'em Limit ($3/$6 USD) - 2016/10/25 12:26:24 ET
Table 'Hartmut II' 6-max Seat #2 is the button
Seat 2: xcgxcg2005 ($167.42 in chips)
Seat 3: Azrarn ($72 in chips)
xcgxcg2005: posts small blind $1
Azrarn: posts big blind $3
*** HOLE CARDS ***
xcgxcg2005: folds
Uncalled bet ($2) returned to Azrarn
Azrarn collected $2 from pot
*** SUMMARY ***
Total pot $2 | Rake $0
Seat 2: xcgxcg2005 (button) (small blind) folded before Flop
Seat 3: Azrarn (big blind) collected ($2)


PokerStars Hand #160422016391:  Hold'em Limit ($3/$6 USD) - 2016/10/25 12:26:11 ET
Table 'Hartmut II' 6-max Seat #3 is the button
Seat 2: xcgxcg2005 ($158.78 in chips)
Seat 3: Azrarn ($80 in chips)
Azrarn: posts small blind $1
xcgxcg2005: posts big blind $3
*** HOLE CARDS ***
Azrarn: raises $3 to $6
xcgxcg2005: raises $3 to $9
Azrarn: calls $3
*** FLOP *** [Qd 3s 9h]
xcgxcg2005: bets $3
Azrarn: folds
Uncalled bet ($3) returned to xcgxcg2005
xcgxcg2005 collected $17.64 from pot
xcgxcg2005: doesn't show hand
*** SUMMARY ***
Total pot $18 | Rake $0.36
Board [Qd 3s 9h]
Seat 2: xcgxcg2005 (big blind) collected ($17.64)
Seat 3: Azrarn (button) (small blind) folded on the Flop


PokerStars Hand #160422029736:  Hold'em Limit ($3/$6 USD) - 2016/10/25 12:26:29 ET
Table 'Hartmut II' 6-max Seat #3 is the button
Seat 2: xcgxcg2005 ($166.42 in chips)
Seat 3: Azrarn ($73 in chips)
Azrarn: posts small blind $1
xcgxcg2005: posts big blind $3
*** HOLE CARDS ***
Azrarn: raises $3 to $6
xcgxcg2005: folds
Uncalled bet ($3) returned to Azrarn
Azrarn collected $6 from pot
*** SUMMARY ***
Total pot $6 | Rake $0
Seat 2: xcgxcg2005 (big blind) folded before Flop
Seat 3: Azrarn (button) (small blind) collected ($6)


PokerStars Hand #160422035591:  Hold'em Limit ($3/$6 USD) - 2016/10/25 12:26:37 ET
Table 'Hartmut II' 6-max Seat #2 is the button
Seat 2: xcgxcg2005 ($163.42 in chips)
Seat 3: Azrarn ($76 in chips)
xcgxcg2005: posts small blind $1
Azrarn: posts big blind $3
*** HOLE CARDS ***
xcgxcg2005: raises $3 to $6
Azrarn: calls $3
*** FLOP *** [8d 3s Ad]
Azrarn: checks
xcgxcg2005: bets $3
Azrarn: raises $3 to $6
xcgxcg2005: folds
Uncalled bet ($3) returned to Azrarn
Azrarn collected $17.64 from pot
*** SUMMARY ***
Total pot $18 | Rake $0.36
Board [8d 3s Ad]
Seat 2: xcgxcg2005 (button) (small blind) folded on the Flop
Seat 3: Azrarn (big blind) collected ($17.64)


PokerStars Hand #160422056858:  Hold'em Limit ($3/$6 USD) - 2016/10/25 12:27:06 ET
Table 'Hartmut II' 6-max Seat #2 is the button
Seat 2: xcgxcg2005 ($139.42 in chips)
Seat 3: Azrarn ($99.14 in chips)
xcgxcg2005: posts small blind $1
Azrarn: posts big blind $3
*** HOLE CARDS ***
xcgxcg2005: folds
Uncalled bet ($2) returned to Azrarn
Azrarn collected $2 from pot
*** SUMMARY ***
Total pot $2 | Rake $0
Seat 2: xcgxcg2005 (button) (small blind) folded before Flop
Seat 3: Azrarn (big blind) collected ($2)


PokerStars Hand #160422044166:  Hold'em Limit ($3/$6 USD) - 2016/10/25 12:26:49 ET
Table 'Hartmut II' 6-max Seat #3 is the button
Seat 2: xcgxcg2005 ($154.42 in chips)
Seat 3: Azrarn ($84.64 in chips)
Azrarn: posts small blind $1
xcgxcg2005: posts big blind $3
*** HOLE CARDS ***
Azrarn: raises $3 to $6
xcgxcg2005: raises $3 to $9
Azrarn: calls $3
*** FLOP *** [3c 3s 8d]
xcgxcg2005: bets $3
Azrarn: raises $3 to $6
xcgxcg2005: calls $3
*** TURN *** [3c 3s 8d] [6h]
xcgxcg2005: checks
Azrarn: bets $6
xcgxcg2005: folds
Uncalled bet ($6) returned to Azrarn
Azrarn collected $29.50 from pot
*** SUMMARY ***
Total pot $30 | Rake $0.50
Board [3c 3s 8d 6h]
Seat 2: xcgxcg2005 (big blind) folded on the Turn
Seat 3: Azrarn (button) (small blind) collected ($29.50)


PokerStars Hand #160422064246:  Hold'em Limit ($3/$6 USD) - 2016/10/25 12:27:16 ET
Table 'Hartmut II' 6-max Seat #2 is the button
Seat 2: xcgxcg2005 ($135.42 in chips)
Seat 3: Azrarn ($103.14 in chips)
xcgxcg2005: posts small blind $1
Azrarn: posts big blind $3
*** HOLE CARDS ***
xcgxcg2005: folds
Uncalled bet ($2) returned to Azrarn
Azrarn collected $2 from pot
*** SUMMARY ***
Total pot $2 | Rake $0
Seat 2: xcgxcg2005 (button) (small blind) folded before Flop
Seat 3: Azrarn (big blind) collected ($2)


PokerStars Hand #160422060301:  Hold'em Limit ($3/$6 USD) - 2016/10/25 12:27:11 ET
Table 'Hartmut II' 6-max Seat #3 is the button
Seat 2: xcgxcg2005 ($138.42 in chips)
Seat 3: Azrarn ($100.14 in chips)
Azrarn: posts small blind $1
xcgxcg2005: posts big blind $3
*** HOLE CARDS ***
Azrarn: raises $3 to $6
xcgxcg2005: folds
Uncalled bet ($3) returned to Azrarn
Azrarn collected $6 from pot
*** SUMMARY ***
Total pot $6 | Rake $0
Seat 2: xcgxcg2005 (big blind) folded before Flop
Seat 3: Azrarn (button) (small blind) collected ($6)


PokerStars Hand #160422067749:  Hold'em Limit ($3/$6 USD) - 2016/10/25 12:27:21 ET
Table 'Hartmut II' 6-max Seat #3 is the button
Seat 2: xcgxcg2005 ($134.42 in chips)
Seat 3: Azrarn ($104.14 in chips)
Azrarn: posts small blind $1
xcgxcg2005: posts big blind $3
*** HOLE CARDS ***
Azrarn: raises $3 to $6
xcgxcg2005: raises $3 to $9
Azrarn: calls $3
*** FLOP *** [5h 4c 6d]
xcgxcg2005: bets $3
Azrarn: calls $3
*** TURN *** [5h 4c 6d] [6s]
xcgxcg2005: bets $6
Azrarn: calls $6
*** RIVER *** [5h 4c 6d 6s] [7s]
xcgxcg2005: checks
Azrarn: checks
*** SHOW DOWN ***
xcgxcg2005: shows [As Ah] (two pair, Aces and Sixes)
Azrarn: mucks hand
xcgxcg2005 collected $35.50 from pot
*** SUMMARY ***
Total pot $36 | Rake $0.50
Board [5h 4c 6d 6s 7s]
Seat 2: xcgxcg2005 (big blind) showed [As Ah] and won ($35.50) with two pair, Aces and Sixes
Seat 3: Azrarn (button) (small blind) mucked


PokerStars Hand #160422080177:  Hold'em Limit ($3/$6 USD) - 2016/10/25 12:27:38 ET
Table 'Hartmut II' 6-max Seat #2 is the button
Seat 2: xcgxcg2005 ($151.92 in chips)
Seat 3: Azrarn ($86.14 in chips)
xcgxcg2005: posts small blind $1
Azrarn: posts big blind $3
*** HOLE CARDS ***
JesusLebtNOT joins the table at seat #4
xcgxcg2005: folds
Uncalled bet ($2) returned to Azrarn
Azrarn collected $2 from pot
*** SUMMARY ***
Total pot $2 | Rake $0
Seat 2: xcgxcg2005 (button) (small blind) folded before Flop
Seat 3: Azrarn (big blind) collected ($2)


PokerStars Hand #160422491580:  Hold'em Limit ($3/$6 USD) - 2016/10/25 12:36:55 ET
Table 'Hartmut II' 6-max Seat #4 is the button
Seat 2: xcgxcg2005 ($187.83 in chips)
Seat 4: JesusLebtNOT ($128.38 in chips)
JesusLebtNOT: posts small blind $1
vestimokrec: is sitting out
xcgxcg2005: posts big blind $3
*** HOLE CARDS ***
vestimokrec leaves the table
JesusLebtNOT: raises $3 to $6
xcgxcg2005: raises $3 to $9
JesusLebtNOT: calls $3
*** FLOP *** [8d 3c 8h]
xcgxcg2005: bets $3
JesusLebtNOT: calls $3
*** TURN *** [8d 3c 8h] [8c]
xcgxcg2005: bets $6
JesusLebtNOT: raises $6 to $12
xcgxcg2005: calls $6
*** RIVER *** [8d 3c 8h 8c] [Jd]
xcgxcg2005: checks
JesusLebtNOT: bets $6
xcgxcg2005: calls $6
*** SHOW DOWN ***
JesusLebtNOT: shows [9s Th] (three of a kind, Eights)
xcgxcg2005: shows [Qh Kh] (three of a kind, Eights - King kicker)
xcgxcg2005 collected $59.50 from pot
*** SUMMARY ***
Total pot $60 | Rake $0.50
Board [8d 3c 8h 8c Jd]
Seat 2: xcgxcg2005 (big blind) showed [Qh Kh] and won ($59.50) with three of a kind, Eights
Seat 4: JesusLebtNOT (button) (small blind) showed [9s Th] and lost with three of a kind, Eights


