PokerStars Hand #146369641661:  Hold'em Limit ($3/$6 USD) - 2016/01/02 23:22:31 ET
Table 'Hartmut' 2-max Seat #1 is the button
Seat 1: LotsaBalls12 ($39.25 in chips)
Seat 2: Necromadx ($134.50 in chips)
LotsaBalls12: posts small blind $1
Necromadx: posts big blind $3
*** HOLE CARDS ***
LotsaBalls12: folds
Uncalled bet ($2) returned to Necromadx
LotsaBalls12 leaves the table
Necromadx collected $2 from pot
Necromadx: doesn't show hand
*** SUMMARY ***
Total pot $2 | Rake $0
Seat 1: LotsaBalls12 (button) (small blind) folded before Flop
Seat 2: Necromadx (big blind) collected ($2)


PokerStars Hand #146369632753:  Hold'em Limit ($3/$6 USD) - 2016/01/02 23:22:07 ET
Table 'Hartmut' 2-max Seat #2 is the button
Seat 1: LotsaBalls12 ($54.25 in chips)
Seat 2: Necromadx ($120 in chips)
Necromadx: posts small blind $1
LotsaBalls12: posts big blind $3
*** HOLE CARDS ***
Necromadx: raises $3 to $6
LotsaBalls12: calls $3
*** FLOP *** [Js 4d 7d]
LotsaBalls12: checks
Necromadx: bets $3
LotsaBalls12: calls $3
*** TURN *** [Js 4d 7d] [Qd]
LotsaBalls12: checks
Necromadx: bets $6
LotsaBalls12: calls $6
*** RIVER *** [Js 4d 7d Qd] [7h]
LotsaBalls12: checks
Necromadx: bets $6
LotsaBalls12: folds
Uncalled bet ($6) returned to Necromadx
Necromadx collected $29.50 from pot
Necromadx: doesn't show hand
*** SUMMARY ***
Total pot $30 | Rake $0.50
Board [Js 4d 7d Qd 7h]
Seat 1: LotsaBalls12 (big blind) folded on the River
Seat 2: Necromadx (button) (small blind) collected ($29.50)


PokerStars Hand #146369673807:  Hold'em Limit ($3/$6 USD) - 2016/01/02 23:23:58 ET
Table 'Hartmut' 2-max Seat #2 is the button
Seat 1: LotsaBalls12 ($50.25 in chips)
Seat 2: Necromadx ($135.50 in chips)
Necromadx: posts small blind $1
LotsaBalls12: posts big blind $3
*** HOLE CARDS ***
Necromadx: raises $3 to $6
LotsaBalls12: calls $3
*** FLOP *** [As 3s Ac]
LotsaBalls12: checks
Necromadx: bets $3
LotsaBalls12: calls $3
*** TURN *** [As 3s Ac] [6c]
LotsaBalls12: checks
Necromadx: checks
*** RIVER *** [As 3s Ac 6c] [5s]
LotsaBalls12: bets $6
Necromadx: calls $6
*** SHOW DOWN ***
LotsaBalls12: shows [Jc Jd] (two pair, Aces and Jacks)
Necromadx: mucks hand
LotsaBalls12 collected $29.50 from pot
*** SUMMARY ***
Total pot $30 | Rake $0.50
Board [As 3s Ac 6c 5s]
Seat 1: LotsaBalls12 (big blind) showed [Jc Jd] and won ($29.50) with two pair, Aces and Jacks
Seat 2: Necromadx (button) (small blind) mucked


PokerStars Hand #146369699883:  Hold'em Limit ($3/$6 USD) - 2016/01/02 23:25:08 ET
Table 'Hartmut' 2-max Seat #1 is the button
Seat 1: LotsaBalls12 ($51.39 in chips)
Seat 2: Necromadx ($142.50 in chips)
LotsaBalls12: posts small blind $1
Necromadx: posts big blind $3
*** HOLE CARDS ***
LotsaBalls12: calls $2
Necromadx: checks
*** FLOP *** [2s 4s 3c]
Necromadx: bets $3
LotsaBalls12: calls $3
*** TURN *** [2s 4s 3c] [5d]
Necromadx: bets $6
LotsaBalls12: calls $6
*** RIVER *** [2s 4s 3c 5d] [Kd]
Necromadx: bets $6
LotsaBalls12: calls $6
*** SHOW DOWN ***
Necromadx: shows [6d 3h] (a straight, Deuce to Six)
LotsaBalls12: mucks hand
Necromadx collected $35.50 from pot
*** SUMMARY ***
Total pot $36 | Rake $0.50
Board [2s 4s 3c 5d Kd]
Seat 1: LotsaBalls12 (button) (small blind) mucked
Seat 2: Necromadx (big blind) showed [6d 3h] and won ($35.50) with a straight, Deuce to Six


PokerStars Hand #146369698182:  Hold'em Limit ($3/$6 USD) - 2016/01/02 23:25:04 ET
Table 'Hartmut' 2-max Seat #2 is the button
Seat 1: LotsaBalls12 ($50.39 in chips)
Seat 2: Necromadx ($143.50 in chips)
Necromadx: posts small blind $1
LotsaBalls12: posts big blind $3
*** HOLE CARDS ***
Necromadx: folds
Uncalled bet ($2) returned to LotsaBalls12
LotsaBalls12 collected $2 from pot
LotsaBalls12: doesn't show hand
*** SUMMARY ***
Total pot $2 | Rake $0
Seat 1: LotsaBalls12 (big blind) collected ($2)
Seat 2: Necromadx (button) (small blind) folded before Flop


PokerStars Hand #146369691643:  Hold'em Limit ($3/$6 USD) - 2016/01/02 23:24:46 ET
Table 'Hartmut' 2-max Seat #1 is the button
Seat 1: LotsaBalls12 ($74.39 in chips)
Seat 2: Necromadx ($120 in chips)
LotsaBalls12: posts small blind $1
Necromadx: posts big blind $3
*** HOLE CARDS ***
LotsaBalls12: raises $3 to $6
Necromadx: calls $3
*** FLOP *** [4s 2s 9c]
Necromadx: checks
LotsaBalls12: bets $3
Necromadx: raises $3 to $6
LotsaBalls12: calls $3
*** TURN *** [4s 2s 9c] [8s]
Necromadx: bets $6
LotsaBalls12: calls $6
*** RIVER *** [4s 2s 9c 8s] [2d]
Necromadx: bets $6
LotsaBalls12: calls $6
*** SHOW DOWN ***
Necromadx: shows [9h 2h] (a full house, Deuces full of Nines)
LotsaBalls12: mucks hand
Necromadx collected $47.50 from pot
*** SUMMARY ***
Total pot $48 | Rake $0.50
Board [4s 2s 9c 8s 2d]
Seat 1: LotsaBalls12 (button) (small blind) mucked
Seat 2: Necromadx (big blind) showed [9h 2h] and won ($47.50) with a full house, Deuces full of Nines


PokerStars Hand #146369689807:  Hold'em Limit ($3/$6 USD) - 2016/01/02 23:24:41 ET
Table 'Hartmut' 2-max Seat #2 is the button
Seat 1: LotsaBalls12 ($73.39 in chips)
Seat 2: Necromadx ($120 in chips)
Necromadx: posts small blind $1
LotsaBalls12: posts big blind $3
*** HOLE CARDS ***
Necromadx: folds
Uncalled bet ($2) returned to LotsaBalls12
LotsaBalls12 collected $2 from pot
LotsaBalls12: doesn't show hand
*** SUMMARY ***
Total pot $2 | Rake $0
Seat 1: LotsaBalls12 (big blind) collected ($2)
Seat 2: Necromadx (button) (small blind) folded before Flop


PokerStars Hand #146369683010:  Hold'em Limit ($3/$6 USD) - 2016/01/02 23:24:23 ET
Table 'Hartmut' 2-max Seat #1 is the button
Seat 1: LotsaBalls12 ($64.75 in chips)
Seat 2: Necromadx ($120.50 in chips)
LotsaBalls12: posts small blind $1
Necromadx: posts big blind $3
*** HOLE CARDS ***
LotsaBalls12: calls $2
Necromadx: raises $3 to $6
LotsaBalls12: calls $3
*** FLOP *** [3d Ah 4d]
Necromadx: bets $3
LotsaBalls12: calls $3
*** TURN *** [3d Ah 4d] [Qc]
Necromadx: checks
LotsaBalls12: bets $6
Necromadx: folds
Uncalled bet ($6) returned to LotsaBalls12
LotsaBalls12 collected $17.64 from pot
LotsaBalls12: doesn't show hand
*** SUMMARY ***
Total pot $18 | Rake $0.36
Board [3d Ah 4d Qc]
Seat 1: LotsaBalls12 (button) (small blind) collected ($17.64)
Seat 2: Necromadx (big blind) folded on the Turn


PokerStars Hand #146369722974:  Hold'em Limit ($3/$6 USD) - 2016/01/02 23:26:11 ET
Table 'Hartmut' 2-max Seat #1 is the button
Seat 1: LotsaBalls12 ($41.64 in chips)
Seat 2: Necromadx ($150.51 in chips)
LotsaBalls12: posts small blind $1
Necromadx: posts big blind $3
*** HOLE CARDS ***
LotsaBalls12: raises $3 to $6
Necromadx: calls $3
*** FLOP *** [8s 7s Qd]
Necromadx: checks
LotsaBalls12: bets $3
Necromadx: calls $3
*** TURN *** [8s 7s Qd] [Kd]
Necromadx: checks
LotsaBalls12: bets $6
Necromadx: raises $6 to $12
LotsaBalls12: calls $6
*** RIVER *** [8s 7s Qd Kd] [4d]
Necromadx: bets $6
LotsaBalls12: calls $6
*** SHOW DOWN ***
Necromadx: shows [Ks 3d] (a pair of Kings)
LotsaBalls12: mucks hand
Necromadx collected $53.50 from pot
*** SUMMARY ***
Total pot $54 | Rake $0.50
Board [8s 7s Qd Kd 4d]
Seat 1: LotsaBalls12 (button) (small blind) mucked
Seat 2: Necromadx (big blind) showed [Ks 3d] and won ($53.50) with a pair of Kings


PokerStars Hand #146369717791:  Hold'em Limit ($3/$6 USD) - 2016/01/02 23:25:57 ET
Table 'Hartmut' 2-max Seat #2 is the button
Seat 1: LotsaBalls12 ($41.89 in chips)
Seat 2: Necromadx ($150.76 in chips)
Necromadx: posts small blind $1
LotsaBalls12: posts big blind $3
*** HOLE CARDS ***
Necromadx: raises $3 to $6
LotsaBalls12: calls $3
*** FLOP *** [5c Qc 5d]
LotsaBalls12: bets $3
Necromadx: calls $3
*** TURN *** [5c Qc 5d] [3s]
LotsaBalls12: checks
Necromadx: checks
*** RIVER *** [5c Qc 5d 3s] [Jh]
LotsaBalls12: bets $6
Necromadx: calls $6
*** SHOW DOWN ***
LotsaBalls12: shows [Jc 2s] (two pair, Jacks and Fives)
Necromadx: shows [8s Jd] (two pair, Jacks and Fives)
LotsaBalls12 collected $14.75 from pot
Necromadx collected $14.75 from pot
*** SUMMARY ***
Total pot $30 | Rake $0.50
Board [5c Qc 5d 3s Jh]
Seat 1: LotsaBalls12 (big blind) showed [Jc 2s] and won ($14.75) with two pair, Jacks and Fives
Seat 2: Necromadx (button) (small blind) showed [8s Jd] and won ($14.75) with two pair, Jacks and Fives


PokerStars Hand #146369712033:  Hold'em Limit ($3/$6 USD) - 2016/01/02 23:25:41 ET
Table 'Hartmut' 2-max Seat #1 is the button
Seat 1: LotsaBalls12 ($27.39 in chips)
Seat 2: Necromadx ($165.76 in chips)
LotsaBalls12: posts small blind $1
Necromadx: posts big blind $3
*** HOLE CARDS ***
LotsaBalls12: calls $2
Necromadx: checks
*** FLOP *** [8h Kh 9h]
Necromadx: checks
LotsaBalls12: checks
*** TURN *** [8h Kh 9h] [Ac]
Necromadx: checks
LotsaBalls12: bets $6
Necromadx: calls $6
*** RIVER *** [8h Kh 9h Ac] [4c]
Necromadx: checks
LotsaBalls12: bets $6
Necromadx: calls $6
*** SHOW DOWN ***
LotsaBalls12: shows [6s Kd] (a pair of Kings)
Necromadx: mucks hand
LotsaBalls12 collected $29.50 from pot
*** SUMMARY ***
Total pot $30 | Rake $0.50
Board [8h Kh 9h Ac 4c]
Seat 1: LotsaBalls12 (button) (small blind) showed [6s Kd] and won ($29.50) with a pair of Kings
Seat 2: Necromadx (big blind) mucked


PokerStars Hand #146369706194:  Hold'em Limit ($3/$6 USD) - 2016/01/02 23:25:25 ET
Table 'Hartmut' 2-max Seat #2 is the button
Seat 1: LotsaBalls12 ($33.39 in chips)
Seat 2: Necromadx ($160 in chips)
Necromadx: posts small blind $1
LotsaBalls12: posts big blind $3
*** HOLE CARDS ***
Necromadx: raises $3 to $6
LotsaBalls12: calls $3
*** FLOP *** [9d Jd Ks]
LotsaBalls12: checks
Necromadx: bets $3
LotsaBalls12: folds
Uncalled bet ($3) returned to Necromadx
Necromadx collected $11.76 from pot
Necromadx: doesn't show hand
*** SUMMARY ***
Total pot $12 | Rake $0.24
Board [9d Jd Ks]
Seat 1: LotsaBalls12 (big blind) folded on the Flop
Seat 2: Necromadx (button) (small blind) collected ($11.76)


PokerStars Hand #146369729011:  Hold'em Limit ($3/$6 USD) - 2016/01/02 23:26:27 ET
Table 'Hartmut' 2-max Seat #2 is the button
Seat 1: LotsaBalls12 ($14.64 in chips)
Seat 2: Necromadx ($177.01 in chips)
Necromadx: posts small blind $1
LotsaBalls12: posts big blind $3
*** HOLE CARDS ***
Necromadx: raises $3 to $6
LotsaBalls12: raises $3 to $9
Necromadx: calls $3
*** FLOP *** [Ad Th 2h]
LotsaBalls12: checks
Necromadx: bets $3
LotsaBalls12: raises $2.64 to $5.64 and is all-in
Necromadx: calls $2.64
*** TURN *** [Ad Th 2h] [6d]
*** RIVER *** [Ad Th 2h 6d] [8d]
*** SHOW DOWN ***
LotsaBalls12: shows [6s Qd] (a pair of Sixes)
Necromadx: shows [Jc As] (a pair of Aces)
Necromadx collected $28.78 from pot
*** SUMMARY ***
Total pot $29.28 | Rake $0.50
Board [Ad Th 2h 6d 8d]
Seat 1: LotsaBalls12 (big blind) showed [6s Qd] and lost with a pair of Sixes
Seat 2: Necromadx (button) (small blind) showed [Jc As] and won ($28.78) with a pair of Aces


PokerStars Hand #146369843158:  Hold'em Limit ($3/$6 USD) - 2016/01/02 23:31:42 ET
Table 'Hartmut' 2-max Seat #1 is the button
Seat 1: LotsaBalls12 ($21.02 in chips)
Seat 2: Necromadx ($218.05 in chips)
LotsaBalls12: posts small blind $1
Necromadx: posts big blind $3
*** HOLE CARDS ***
LotsaBalls12: calls $2
Necromadx: checks
*** FLOP *** [3c Js 5s]
Necromadx: checks
LotsaBalls12: checks
*** TURN *** [3c Js 5s] [Qc]
Necromadx: bets $6
LotsaBalls12: folds
Uncalled bet ($6) returned to Necromadx
Necromadx collected $5.88 from pot
Necromadx: doesn't show hand
*** SUMMARY ***
Total pot $6 | Rake $0.12
Board [3c Js 5s Qc]
Seat 1: LotsaBalls12 (button) (small blind) folded on the Turn
Seat 2: Necromadx (big blind) collected ($5.88)


PokerStars Hand #146369824945:  Hold'em Limit ($3/$6 USD) - 2016/01/02 23:30:52 ET
Table 'Hartmut' 2-max Seat #1 is the button
Seat 1: LotsaBalls12 ($56.02 in chips)
Seat 2: Necromadx ($184.15 in chips)
LotsaBalls12: posts small blind $1
Necromadx: posts big blind $3
*** HOLE CARDS ***
LotsaBalls12: calls $2
Necromadx: raises $3 to $6
LotsaBalls12: calls $3
*** FLOP *** [2s Th 5h]
Necromadx: bets $3
LotsaBalls12: folds
Uncalled bet ($3) returned to Necromadx
Necromadx collected $11.76 from pot
Necromadx: doesn't show hand
*** SUMMARY ***
Total pot $12 | Rake $0.24
Board [2s Th 5h]
Seat 1: LotsaBalls12 (button) (small blind) folded on the Flop
Seat 2: Necromadx (big blind) collected ($11.76)


PokerStars Hand #146369829910:  Hold'em Limit ($3/$6 USD) - 2016/01/02 23:31:05 ET
Table 'Hartmut' 2-max Seat #1 is the button
Seat 1: LotsaBalls12 ($51.02 in chips)
Seat 2: Necromadx ($188.91 in chips)
LotsaBalls12: posts small blind $1
Necromadx: posts big blind $3
*** HOLE CARDS ***
LotsaBalls12: calls $2
Necromadx: raises $3 to $6
LotsaBalls12: calls $3
*** FLOP *** [Kh 4d Ad]
Necromadx: bets $3
LotsaBalls12: calls $3
*** TURN *** [Kh 4d Ad] [9s]
Necromadx: bets $6
LotsaBalls12: calls $6
*** RIVER *** [Kh 4d Ad 9s] [Qc]
Necromadx: bets $6
LotsaBalls12: calls $6
*** SHOW DOWN ***
Necromadx: shows [Ac 2h] (a pair of Aces)
LotsaBalls12: mucks hand
Necromadx collected $41.50 from pot
*** SUMMARY ***
Total pot $42 | Rake $0.50
Board [Kh 4d Ad 9s Qc]
Seat 1: LotsaBalls12 (button) (small blind) mucked
Seat 2: Necromadx (big blind) showed [Ac 2h] and won ($41.50) with a pair of Aces


PokerStars Hand #146369837112:  Hold'em Limit ($3/$6 USD) - 2016/01/02 23:31:25 ET
Table 'Hartmut' 2-max Seat #2 is the button
Seat 1: LotsaBalls12 ($30.02 in chips)
Seat 2: Necromadx ($209.41 in chips)
Necromadx: posts small blind $1
LotsaBalls12: posts big blind $3
*** HOLE CARDS ***
Necromadx: raises $3 to $6
LotsaBalls12: calls $3
*** FLOP *** [8c 5s 9h]
LotsaBalls12: checks
Necromadx: bets $3
LotsaBalls12: calls $3
*** TURN *** [8c 5s 9h] [5c]
LotsaBalls12: checks
Necromadx: checks
*** RIVER *** [8c 5s 9h 5c] [6s]
LotsaBalls12: checks
Necromadx: checks
*** SHOW DOWN ***
LotsaBalls12: shows [Jc As] (a pair of Fives)
Necromadx: shows [Qd 6c] (two pair, Sixes and Fives)
Necromadx collected $17.64 from pot
*** SUMMARY ***
Total pot $18 | Rake $0.36
Board [8c 5s 9h 5c 6s]
Seat 1: LotsaBalls12 (big blind) showed [Jc As] and lost with a pair of Fives
Seat 2: Necromadx (button) (small blind) showed [Qd 6c] and won ($17.64) with two pair, Sixes and Fives


PokerStars Hand #146369828456:  Hold'em Limit ($3/$6 USD) - 2016/01/02 23:31:01 ET
Table 'Hartmut' 2-max Seat #2 is the button
Seat 1: LotsaBalls12 ($50.02 in chips)
Seat 2: Necromadx ($189.91 in chips)
Necromadx: posts small blind $1
LotsaBalls12: posts big blind $3
*** HOLE CARDS ***
Necromadx: folds
Uncalled bet ($2) returned to LotsaBalls12
LotsaBalls12 collected $2 from pot
LotsaBalls12: doesn't show hand
*** SUMMARY ***
Total pot $2 | Rake $0
Seat 1: LotsaBalls12 (big blind) collected ($2)
Seat 2: Necromadx (button) (small blind) folded before Flop


PokerStars Hand #146369847081:  Hold'em Limit ($3/$6 USD) - 2016/01/02 23:31:53 ET
Table 'Hartmut' 2-max Seat #2 is the button
Seat 1: LotsaBalls12 ($18.02 in chips)
Seat 2: Necromadx ($220.93 in chips)
Necromadx: posts small blind $1
LotsaBalls12: posts big blind $3
*** HOLE CARDS ***
Necromadx: raises $3 to $6
LotsaBalls12: calls $3
*** FLOP *** [4h Ks 5c]
LotsaBalls12: checks
Necromadx: bets $3
LotsaBalls12: calls $3
*** TURN *** [4h Ks 5c] [8h]
LotsaBalls12: bets $6
Necromadx: raises $6 to $12
LotsaBalls12: calls $3.02 and is all-in
Uncalled bet ($2.98) returned to Necromadx
*** RIVER *** [4h Ks 5c 8h] [Th]
*** SHOW DOWN ***
LotsaBalls12: shows [2h 8s] (a pair of Eights)
Necromadx: shows [Qh Qd] (a pair of Queens)
Necromadx collected $35.54 from pot
*** SUMMARY ***
Total pot $36.04 | Rake $0.50
Board [4h Ks 5c 8h Th]
Seat 1: LotsaBalls12 (big blind) showed [2h 8s] and lost with a pair of Eights
Seat 2: Necromadx (button) (small blind) showed [Qh Qd] and won ($35.54) with a pair of Queens


