PokerStars Hand #167265409207:  Hold'em Limit ($3/$6 USD) - 2017/03/07 17:03:58 ET
Table 'Hassaleh II' 6-max Seat #3 is the button
Seat 3: NAUTJE1337 ($80.26 in chips)
Seat 5: dragon1893 ($150 in chips)
NAUTJE1337: posts small blind $1
dragon1893: posts big blind $3
*** HOLE CARDS ***
NAUTJE1337: folds
Uncalled bet ($2) returned to dragon1893
dragon1893 collected $2 from pot
dragon1893: doesn't show hand
*** SUMMARY ***
Total pot $2 | Rake $0
Seat 3: NAUTJE1337 (button) (small blind) folded before Flop
Seat 5: dragon1893 (big blind) collected ($2)


PokerStars Hand #167265398798:  Hold'em Limit ($3/$6 USD) - 2017/03/07 17:03:46 ET
Table 'Hassaleh II' 6-max Seat #5 is the button
Seat 3: NAUTJE1337 ($53.76 in chips)
Seat 5: dragon1893 ($150 in chips)
dragon1893: posts small blind $1
NAUTJE1337: posts big blind $3
*** HOLE CARDS ***
dragon1893: raises $3 to $6
NAUTJE1337: calls $3
*** FLOP *** [Qc Ts 5h]
NAUTJE1337: checks
dragon1893: bets $3
NAUTJE1337: calls $3
*** TURN *** [Qc Ts 5h] [5c]
NAUTJE1337: checks
dragon1893: bets $6
NAUTJE1337: raises $6 to $12
dragon1893: calls $6
*** RIVER *** [Qc Ts 5h 5c] [3h]
NAUTJE1337: bets $6
dragon1893: calls $6
*** SHOW DOWN ***
NAUTJE1337: shows [4s Qd] (two pair, Queens and Fives)
dragon1893: mucks hand
NAUTJE1337 collected $53.50 from pot
*** SUMMARY ***
Total pot $54 | Rake $0.50
Board [Qc Ts 5h 5c 3h]
Seat 3: NAUTJE1337 (big blind) showed [4s Qd] and won ($53.50) with two pair, Queens and Fives
Seat 5: dragon1893 (button) (small blind) mucked


PokerStars Hand #167265702410:  Hold'em Limit ($3/$6 USD) - 2017/03/07 17:09:38 ET
Table 'Hassaleh II' 6-max Seat #3 is the button
Seat 3: NAUTJE1337 ($57.02 in chips)
Seat 4: Koraseg ($109.74 in chips)
NAUTJE1337: posts small blind $1
Koraseg: posts big blind $3
*** HOLE CARDS ***
NAUTJE1337: raises $3 to $6
Koraseg: folds
Uncalled bet ($3) returned to NAUTJE1337
NAUTJE1337 collected $6 from pot
*** SUMMARY ***
Total pot $6 | Rake $0
Seat 3: NAUTJE1337 (button) (small blind) collected ($6)
Seat 4: Koraseg (big blind) folded before Flop


PokerStars Hand #167265686083:  Hold'em Limit ($3/$6 USD) - 2017/03/07 17:09:19 ET
Table 'Hassaleh II' 6-max Seat #4 is the button
Seat 3: NAUTJE1337 ($28.76 in chips)
Seat 4: Koraseg ($138.50 in chips)
Koraseg: posts small blind $1
NAUTJE1337: posts big blind $3
*** HOLE CARDS ***
Koraseg: raises $3 to $6
NAUTJE1337: calls $3
*** FLOP *** [4d Qd 6s]
NAUTJE1337: checks
Koraseg: bets $3
NAUTJE1337: raises $3 to $6
Koraseg: calls $3
*** TURN *** [4d Qd 6s] [Qs]
NAUTJE1337: bets $6
Koraseg: calls $6
*** RIVER *** [4d Qd 6s Qs] [Ks]
NAUTJE1337: bets $6
Koraseg: raises $6 to $12
NAUTJE1337: calls $4.76 and is all-in
Uncalled bet ($1.24) returned to Koraseg
*** SHOW DOWN ***
Koraseg: shows [Qh Ac] (three of a kind, Queens)
NAUTJE1337: shows [Qc 4s] (a full house, Queens full of Fours)
NAUTJE1337 collected $57.02 from pot
*** SUMMARY ***
Total pot $57.52 | Rake $0.50
Board [4d Qd 6s Qs Ks]
Seat 3: NAUTJE1337 (big blind) showed [Qc 4s] and won ($57.02) with a full house, Queens full of Fours
Seat 4: Koraseg (button) (small blind) showed [Qh Ac] and lost with three of a kind, Queens


PokerStars Hand #167265682473:  Hold'em Limit ($3/$6 USD) - 2017/03/07 17:09:15 ET
Table 'Hassaleh II' 6-max Seat #3 is the button
Seat 3: NAUTJE1337 ($29.76 in chips)
Seat 4: Koraseg ($137.50 in chips)
NAUTJE1337: posts small blind $1
Koraseg: posts big blind $3
*** HOLE CARDS ***
NAUTJE1337: folds
Uncalled bet ($2) returned to Koraseg
Koraseg collected $2 from pot
Koraseg: doesn't show hand
*** SUMMARY ***
Total pot $2 | Rake $0
Seat 3: NAUTJE1337 (button) (small blind) folded before Flop
Seat 4: Koraseg (big blind) collected ($2)


PokerStars Hand #167265676159:  Hold'em Limit ($3/$6 USD) - 2017/03/07 17:09:07 ET
Table 'Hassaleh II' 6-max Seat #4 is the button
Seat 3: NAUTJE1337 ($28.76 in chips)
Seat 4: Koraseg ($138.50 in chips)
Koraseg: posts small blind $1
NAUTJE1337: posts big blind $3
*** HOLE CARDS ***
Koraseg: folds
Uncalled bet ($2) returned to NAUTJE1337
NAUTJE1337 collected $2 from pot
*** SUMMARY ***
Total pot $2 | Rake $0
Seat 3: NAUTJE1337 (big blind) collected ($2)
Seat 4: Koraseg (button) (small blind) folded before Flop


PokerStars Hand #167265660803:  Hold'em Limit ($3/$6 USD) - 2017/03/07 17:08:50 ET
Table 'Hassaleh II' 6-max Seat #3 is the button
Seat 3: NAUTJE1337 ($23 in chips)
Seat 4: Koraseg ($144.50 in chips)
NAUTJE1337: posts small blind $1
Koraseg: posts big blind $3
*** HOLE CARDS ***
NAUTJE1337: raises $3 to $6
Koraseg: calls $3
*** FLOP *** [5d Jd Ks]
Koraseg: checks
NAUTJE1337: bets $3
Koraseg: folds
Uncalled bet ($3) returned to NAUTJE1337
NAUTJE1337 collected $11.76 from pot
*** SUMMARY ***
Total pot $12 | Rake $0.24
Board [5d Jd Ks]
Seat 3: NAUTJE1337 (button) (small blind) collected ($11.76)
Seat 4: Koraseg (big blind) folded on the Flop


PokerStars Hand #167265642082:  Hold'em Limit ($3/$6 USD) - 2017/03/07 17:08:28 ET
Table 'Hassaleh II' 6-max Seat #4 is the button
Seat 3: NAUTJE1337 ($47 in chips)
Seat 4: Koraseg ($121 in chips)
Koraseg: posts small blind $1
NAUTJE1337: posts big blind $3
*** HOLE CARDS ***
Koraseg: raises $3 to $6
NAUTJE1337: raises $3 to $9
Koraseg: calls $3
*** FLOP *** [Td 2h 8s]
NAUTJE1337: bets $3
Koraseg: calls $3
*** TURN *** [Td 2h 8s] [5d]
NAUTJE1337: bets $6
Koraseg: calls $6
*** RIVER *** [Td 2h 8s 5d] [Jc]
NAUTJE1337: bets $6
Koraseg: calls $6
*** SHOW DOWN ***
NAUTJE1337: shows [4c 4s] (a pair of Fours)
Koraseg: shows [9h Ts] (a pair of Tens)
Koraseg collected $47.50 from pot
*** SUMMARY ***
Total pot $48 | Rake $0.50
Board [Td 2h 8s 5d Jc]
Seat 3: NAUTJE1337 (big blind) showed [4c 4s] and lost with a pair of Fours
Seat 4: Koraseg (button) (small blind) showed [9h Ts] and won ($47.50) with a pair of Tens


PokerStars Hand #167265744633:  Hold'em Limit ($3/$6 USD) - 2017/03/07 17:10:27 ET
Table 'Hassaleh II' 6-max Seat #4 is the button
Seat 3: NAUTJE1337 ($70.42 in chips)
Seat 4: Koraseg ($95.74 in chips)
Koraseg: posts small blind $1
NAUTJE1337: posts big blind $3
*** HOLE CARDS ***
Koraseg: raises $3 to $6
NAUTJE1337: raises $3 to $9
Koraseg: calls $3
*** FLOP *** [6s 2c Tc]
NAUTJE1337: bets $3
Koraseg: calls $3
*** TURN *** [6s 2c Tc] [Qc]
NAUTJE1337: bets $6
Koraseg: calls $6
*** RIVER *** [6s 2c Tc Qc] [8d]
NAUTJE1337: bets $6
Koraseg: calls $6
*** SHOW DOWN ***
NAUTJE1337: shows [8h Ad] (a pair of Eights)
Koraseg: mucks hand
NAUTJE1337 collected $47.50 from pot
*** SUMMARY ***
Total pot $48 | Rake $0.50
Board [6s 2c Tc Qc 8d]
Seat 3: NAUTJE1337 (big blind) showed [8h Ad] and won ($47.50) with a pair of Eights
Seat 4: Koraseg (button) (small blind) mucked


PokerStars Hand #167265761726:  Hold'em Limit ($3/$6 USD) - 2017/03/07 17:10:47 ET
Table 'Hassaleh II' 6-max Seat #3 is the button
Seat 3: NAUTJE1337 ($93.92 in chips)
Seat 4: Koraseg ($71.74 in chips)
NAUTJE1337: posts small blind $1
Koraseg: posts big blind $3
*** HOLE CARDS ***
NAUTJE1337: raises $3 to $6
Koraseg: calls $3
*** FLOP *** [4h 4d 5s]
Koraseg: checks
NAUTJE1337: bets $3
Koraseg: raises $3 to $6
NAUTJE1337: calls $3
*** TURN *** [4h 4d 5s] [Ks]
Koraseg: bets $6
NAUTJE1337: calls $6
*** RIVER *** [4h 4d 5s Ks] [Kc]
Koraseg: checks
NAUTJE1337: checks
*** SHOW DOWN ***
Koraseg: shows [6s 9s] (two pair, Kings and Fours)
NAUTJE1337: shows [Ad Th] (two pair, Kings and Fours - Ace kicker)
NAUTJE1337 collected $35.50 from pot
*** SUMMARY ***
Total pot $36 | Rake $0.50
Board [4h 4d 5s Ks Kc]
Seat 3: NAUTJE1337 (button) (small blind) showed [Ad Th] and won ($35.50) with two pair, Kings and Fours
Seat 4: Koraseg (big blind) showed [6s 9s] and lost with two pair, Kings and Fours


PokerStars Hand #167265720196:  Hold'em Limit ($3/$6 USD) - 2017/03/07 17:09:59 ET
Table 'Hassaleh II' 6-max Seat #3 is the button
Seat 3: NAUTJE1337 ($68.66 in chips)
Seat 4: Koraseg ($97.74 in chips)
NAUTJE1337: posts small blind $1
Koraseg: posts big blind $3
*** HOLE CARDS ***
NAUTJE1337: folds
Uncalled bet ($2) returned to Koraseg
Koraseg collected $2 from pot
Koraseg: doesn't show hand
*** SUMMARY ***
Total pot $2 | Rake $0
Seat 3: NAUTJE1337 (button) (small blind) folded before Flop
Seat 4: Koraseg (big blind) collected ($2)


PokerStars Hand #167265707493:  Hold'em Limit ($3/$6 USD) - 2017/03/07 17:09:44 ET
Table 'Hassaleh II' 6-max Seat #4 is the button
Seat 3: NAUTJE1337 ($60.02 in chips)
Seat 4: Koraseg ($106.74 in chips)
Koraseg: posts small blind $1
NAUTJE1337: posts big blind $3
*** HOLE CARDS ***
Koraseg: raises $3 to $6
NAUTJE1337: calls $3
*** FLOP *** [4d 5s 3d]
NAUTJE1337: checks
Koraseg: bets $3
NAUTJE1337: calls $3
*** TURN *** [4d 5s 3d] [Qc]
NAUTJE1337: checks
Koraseg: checks
*** RIVER *** [4d 5s 3d Qc] [2d]
NAUTJE1337: bets $6
Koraseg: folds
Uncalled bet ($6) returned to NAUTJE1337
NAUTJE1337 collected $17.64 from pot
*** SUMMARY ***
Total pot $18 | Rake $0.36
Board [4d 5s 3d Qc 2d]
Seat 3: NAUTJE1337 (big blind) collected ($17.64)
Seat 4: Koraseg (button) (small blind) folded on the River


PokerStars Hand #167265725350:  Hold'em Limit ($3/$6 USD) - 2017/03/07 17:10:05 ET
Table 'Hassaleh II' 6-max Seat #4 is the button
Seat 3: NAUTJE1337 ($67.66 in chips)
Seat 4: Koraseg ($98.74 in chips)
Koraseg: posts small blind $1
NAUTJE1337: posts big blind $3
*** HOLE CARDS ***
Koraseg: raises $3 to $6
NAUTJE1337: folds
Uncalled bet ($3) returned to Koraseg
Koraseg collected $6 from pot
Koraseg: doesn't show hand
*** SUMMARY ***
Total pot $6 | Rake $0
Seat 3: NAUTJE1337 (big blind) folded before Flop
Seat 4: Koraseg (button) (small blind) collected ($6)


