PokerStars Hand #145760651920:  Hold'em Limit ($3/$6 USD) - 2015/12/22 16:37:03 ET
Table 'Hassaleh' 2-max Seat #2 is the button
Seat 1: BigYelloFish ($124.76 in chips)
Seat 2: simper11 ($122.88 in chips)
simper11: posts small blind $1
BigYelloFish: posts big blind $3
*** HOLE CARDS ***
simper11: raises $3 to $6
BigYelloFish: raises $3 to $9
simper11: calls $3
*** FLOP *** [As Jh Jc]
BigYelloFish: bets $3
simper11: calls $3
*** TURN *** [As Jh Jc] [3s]
BigYelloFish: checks
simper11: bets $6
BigYelloFish: folds
Uncalled bet ($6) returned to simper11
simper11 collected $23.52 from pot
simper11: doesn't show hand
*** SUMMARY ***
Total pot $24 | Rake $0.48
Board [As Jh Jc 3s]
Seat 1: BigYelloFish (big blind) folded on the Turn
Seat 2: simper11 (button) (small blind) collected ($23.52)


PokerStars Hand #145760725691:  Hold'em Limit ($3/$6 USD) - 2015/12/22 16:38:16 ET
Table 'Hassaleh' 2-max Seat #2 is the button
Seat 1: BigYelloFish ($122.15 in chips)
Seat 2: simper11 ($124.15 in chips)
simper11: posts small blind $1
BigYelloFish: posts big blind $3
*** HOLE CARDS ***
simper11: raises $3 to $6
BigYelloFish: folds
Uncalled bet ($3) returned to simper11
simper11 collected $6 from pot
simper11: doesn't show hand
*** SUMMARY ***
Total pot $6 | Rake $0
Seat 1: BigYelloFish (big blind) folded before Flop
Seat 2: simper11 (button) (small blind) collected ($6)


PokerStars Hand #145760699710:  Hold'em Limit ($3/$6 USD) - 2015/12/22 16:37:50 ET
Table 'Hassaleh' 2-max Seat #1 is the button
Seat 1: BigYelloFish ($122.40 in chips)
Seat 2: simper11 ($124.40 in chips)
BigYelloFish: posts small blind $1
simper11: posts big blind $3
*** HOLE CARDS ***
BigYelloFish: raises $3 to $6
simper11: calls $3
*** FLOP *** [2d 3c Ah]
simper11: checks
BigYelloFish: bets $3
simper11: calls $3
*** TURN *** [2d 3c Ah] [4c]
simper11: checks
BigYelloFish: bets $6
simper11: calls $6
*** RIVER *** [2d 3c Ah 4c] [Ac]
simper11: checks
BigYelloFish: bets $6
simper11: raises $6 to $12
BigYelloFish: calls $6
*** SHOW DOWN ***
simper11: shows [Qc 5d] (a straight, Ace to Five)
BigYelloFish: shows [5h 9d] (a straight, Ace to Five)
simper11 collected $26.75 from pot
BigYelloFish collected $26.75 from pot
*** SUMMARY ***
Total pot $54 | Rake $0.50
Board [2d 3c Ah 4c Ac]
Seat 1: BigYelloFish (button) (small blind) showed [5h 9d] and won ($26.75) with a straight, Ace to Five
Seat 2: simper11 (big blind) showed [Qc 5d] and won ($26.75) with a straight, Ace to Five


PokerStars Hand #145760695245:  Hold'em Limit ($3/$6 USD) - 2015/12/22 16:37:46 ET
Table 'Hassaleh' 2-max Seat #2 is the button
Seat 1: BigYelloFish ($121.40 in chips)
Seat 2: simper11 ($125.40 in chips)
simper11: posts small blind $1
BigYelloFish: posts big blind $3
*** HOLE CARDS ***
simper11: folds
Uncalled bet ($2) returned to BigYelloFish
BigYelloFish collected $2 from pot
BigYelloFish: doesn't show hand
*** SUMMARY ***
Total pot $2 | Rake $0
Seat 1: BigYelloFish (big blind) collected ($2)
Seat 2: simper11 (button) (small blind) folded before Flop


PokerStars Hand #145760684000:  Hold'em Limit ($3/$6 USD) - 2015/12/22 16:37:35 ET
Table 'Hassaleh' 2-max Seat #1 is the button
Seat 1: BigYelloFish ($112.76 in chips)
Seat 2: simper11 ($134.40 in chips)
BigYelloFish: posts small blind $1
simper11: posts big blind $3
*** HOLE CARDS ***
BigYelloFish: raises $3 to $6
simper11: calls $3
*** FLOP *** [3d 8c 5s]
simper11: checks
BigYelloFish: bets $3
simper11: calls $3
*** TURN *** [3d 8c 5s] [9h]
simper11: checks
BigYelloFish: bets $6
simper11: folds
Uncalled bet ($6) returned to BigYelloFish
BigYelloFish collected $17.64 from pot
BigYelloFish: doesn't show hand
*** SUMMARY ***
Total pot $18 | Rake $0.36
Board [3d 8c 5s 9h]
Seat 1: BigYelloFish (button) (small blind) collected ($17.64)
Seat 2: simper11 (big blind) folded on the Turn


PokerStars Hand #145760776154:  Hold'em Limit ($3/$6 USD) - 2015/12/22 16:39:05 ET
Table 'Hassaleh' 2-max Seat #1 is the button
Seat 1: BigYelloFish ($100.79 in chips)
Seat 2: simper11 ($144.65 in chips)
BigYelloFish: posts small blind $1
simper11: posts big blind $3
*** HOLE CARDS ***
BigYelloFish: calls $2
simper11: checks
*** FLOP *** [5c 6d 5d]
simper11: checks
BigYelloFish: checks
*** TURN *** [5c 6d 5d] [Jc]
simper11: checks
BigYelloFish: checks
*** RIVER *** [5c 6d 5d Jc] [Ah]
simper11: checks
BigYelloFish: bets $6
simper11: folds
Uncalled bet ($6) returned to BigYelloFish
BigYelloFish collected $5.88 from pot
BigYelloFish: doesn't show hand
*** SUMMARY ***
Total pot $6 | Rake $0.12
Board [5c 6d 5d Jc Ah]
Seat 1: BigYelloFish (button) (small blind) collected ($5.88)
Seat 2: simper11 (big blind) folded on the River


PokerStars Hand #145760766235:  Hold'em Limit ($3/$6 USD) - 2015/12/22 16:38:55 ET
Table 'Hassaleh' 2-max Seat #2 is the button
Seat 1: BigYelloFish ($92.15 in chips)
Seat 2: simper11 ($153.65 in chips)
simper11: posts small blind $1
BigYelloFish: posts big blind $3
*** HOLE CARDS ***
simper11: raises $3 to $6
BigYelloFish: raises $3 to $9
simper11: calls $3
*** FLOP *** [Ah Jc 5d]
BigYelloFish: bets $3
simper11: folds
Uncalled bet ($3) returned to BigYelloFish
BigYelloFish collected $17.64 from pot
BigYelloFish: doesn't show hand
*** SUMMARY ***
Total pot $18 | Rake $0.36
Board [Ah Jc 5d]
Seat 1: BigYelloFish (big blind) collected ($17.64)
Seat 2: simper11 (button) (small blind) folded on the Flop


PokerStars Hand #145760735379:  Hold'em Limit ($3/$6 USD) - 2015/12/22 16:38:25 ET
Table 'Hassaleh' 2-max Seat #1 is the button
Seat 1: BigYelloFish ($119.15 in chips)
Seat 2: simper11 ($127.15 in chips)
BigYelloFish: posts small blind $1
simper11: posts big blind $3
*** HOLE CARDS ***
BigYelloFish: raises $3 to $6
simper11: calls $3
*** FLOP *** [8h Kh 4h]
simper11: checks
BigYelloFish: bets $3
simper11: calls $3
*** TURN *** [8h Kh 4h] [4c]
simper11: checks
BigYelloFish: bets $6
simper11: calls $6
*** RIVER *** [8h Kh 4h 4c] [5d]
simper11: checks
BigYelloFish: bets $6
simper11: raises $6 to $12
BigYelloFish: calls $6
*** SHOW DOWN ***
simper11: shows [7h 6c] (a straight, Four to Eight)
BigYelloFish: mucks hand
simper11 collected $53.50 from pot
*** SUMMARY ***
Total pot $54 | Rake $0.50
Board [8h Kh 4h 4c 5d]
Seat 1: BigYelloFish (button) (small blind) mucked
Seat 2: simper11 (big blind) showed [7h 6c] and won ($53.50) with a straight, Four to Eight


PokerStars Hand #145760850730:  Hold'em Limit ($3/$6 USD) - 2015/12/22 16:40:19 ET
Table 'Hassaleh' 2-max Seat #2 is the button
Seat 1: BigYelloFish ($138.81 in chips)
Seat 2: simper11 ($120 in chips)
simper11: posts small blind $1
BigYelloFish: posts big blind $3
*** HOLE CARDS ***
simper11: raises $3 to $6
BigYelloFish: folds
Uncalled bet ($3) returned to simper11
simper11 collected $6 from pot
simper11: doesn't show hand
*** SUMMARY ***
Total pot $6 | Rake $0
Seat 1: BigYelloFish (big blind) folded before Flop
Seat 2: simper11 (button) (small blind) collected ($6)


PokerStars Hand #145760838221:  Hold'em Limit ($3/$6 USD) - 2015/12/22 16:40:06 ET
Table 'Hassaleh' 2-max Seat #1 is the button
Seat 1: BigYelloFish ($130.17 in chips)
Seat 2: simper11 ($120 in chips)
BigYelloFish: posts small blind $1
simper11: posts big blind $3
*** HOLE CARDS ***
BigYelloFish: raises $3 to $6
simper11: calls $3
*** FLOP *** [3s Kd 8d]
simper11: checks
BigYelloFish: bets $3
simper11: calls $3
*** TURN *** [3s Kd 8d] [4s]
simper11: checks
BigYelloFish: bets $6
simper11: folds
Uncalled bet ($6) returned to BigYelloFish
BigYelloFish collected $17.64 from pot
BigYelloFish: doesn't show hand
*** SUMMARY ***
Total pot $18 | Rake $0.36
Board [3s Kd 8d 4s]
Seat 1: BigYelloFish (button) (small blind) collected ($17.64)
Seat 2: simper11 (big blind) folded on the Turn


PokerStars Hand #145760823187:  Hold'em Limit ($3/$6 USD) - 2015/12/22 16:39:52 ET
Table 'Hassaleh' 2-max Seat #2 is the button
Seat 1: BigYelloFish ($94.67 in chips)
Seat 2: simper11 ($150.17 in chips)
simper11: posts small blind $1
BigYelloFish: posts big blind $3
*** HOLE CARDS ***
simper11: raises $3 to $6
BigYelloFish: calls $3
*** FLOP *** [2h 3d Kh]
BigYelloFish: checks
simper11: bets $3
BigYelloFish: raises $3 to $6
simper11: calls $3
*** TURN *** [2h 3d Kh] [4h]
BigYelloFish: bets $6
simper11: raises $6 to $12
BigYelloFish: raises $6 to $18
simper11: calls $6
*** RIVER *** [2h 3d Kh 4h] [Jc]
BigYelloFish: bets $6
simper11: calls $6
*** SHOW DOWN ***
BigYelloFish: shows [8h 5h] (a flush, King high)
simper11: mucks hand
BigYelloFish collected $71.50 from pot
*** SUMMARY ***
Total pot $72 | Rake $0.50
Board [2h 3d Kh 4h Jc]
Seat 1: BigYelloFish (big blind) showed [8h 5h] and won ($71.50) with a flush, King high
Seat 2: simper11 (button) (small blind) mucked


PokerStars Hand #145760814275:  Hold'em Limit ($3/$6 USD) - 2015/12/22 16:39:43 ET
Table 'Hassaleh' 2-max Seat #1 is the button
Seat 1: BigYelloFish ($91.67 in chips)
Seat 2: simper11 ($153.17 in chips)
BigYelloFish: posts small blind $1
simper11: posts big blind $3
*** HOLE CARDS ***
BigYelloFish: raises $3 to $6
simper11: folds
Uncalled bet ($3) returned to BigYelloFish
BigYelloFish collected $6 from pot
BigYelloFish: doesn't show hand
*** SUMMARY ***
Total pot $6 | Rake $0
Seat 1: BigYelloFish (button) (small blind) collected ($6)
Seat 2: simper11 (big blind) folded before Flop


PokerStars Hand #145760795333:  Hold'em Limit ($3/$6 USD) - 2015/12/22 16:39:24 ET
Table 'Hassaleh' 2-max Seat #2 is the button
Seat 1: BigYelloFish ($103.67 in chips)
Seat 2: simper11 ($141.65 in chips)
simper11: posts small blind $1
BigYelloFish: posts big blind $3
*** HOLE CARDS ***
simper11: raises $3 to $6
BigYelloFish: raises $3 to $9
simper11: calls $3
*** FLOP *** [Ts Jd Th]
BigYelloFish: bets $3
simper11: calls $3
*** TURN *** [Ts Jd Th] [Qc]
BigYelloFish: checks
simper11: checks
*** RIVER *** [Ts Jd Th Qc] [As]
BigYelloFish: checks
simper11: checks
*** SHOW DOWN ***
BigYelloFish: shows [3d 2d] (a pair of Tens)
simper11: shows [2c Jc] (two pair, Jacks and Tens)
simper11 collected $23.52 from pot
*** SUMMARY ***
Total pot $24 | Rake $0.48
Board [Ts Jd Th Qc As]
Seat 1: BigYelloFish (big blind) showed [3d 2d] and lost with a pair of Tens
Seat 2: simper11 (button) (small blind) showed [2c Jc] and won ($23.52) with two pair, Jacks and Tens


PokerStars Hand #145760926127:  Hold'em Limit ($3/$6 USD) - 2015/12/22 16:41:33 ET
Table 'Hassaleh' 2-max Seat #2 is the button
Seat 1: BigYelloFish ($132.31 in chips)
Seat 2: simper11 ($137.16 in chips)
simper11: posts small blind $1
BigYelloFish: posts big blind $3
*** HOLE CARDS ***
simper11: folds
Uncalled bet ($2) returned to BigYelloFish
BigYelloFish collected $2 from pot
BigYelloFish: doesn't show hand
*** SUMMARY ***
Total pot $2 | Rake $0
Seat 1: BigYelloFish (big blind) collected ($2)
Seat 2: simper11 (button) (small blind) folded before Flop


PokerStars Hand #145760921300:  Hold'em Limit ($3/$6 USD) - 2015/12/22 16:41:28 ET
Table 'Hassaleh' 2-max Seat #1 is the button
Seat 1: BigYelloFish ($129.31 in chips)
Seat 2: simper11 ($140.16 in chips)
BigYelloFish: posts small blind $1
simper11: posts big blind $3
*** HOLE CARDS ***
BigYelloFish: raises $3 to $6
simper11: folds
Uncalled bet ($3) returned to BigYelloFish
BigYelloFish collected $6 from pot
BigYelloFish: doesn't show hand
*** SUMMARY ***
Total pot $6 | Rake $0
Seat 1: BigYelloFish (button) (small blind) collected ($6)
Seat 2: simper11 (big blind) folded before Flop


PokerStars Hand #145760914019:  Hold'em Limit ($3/$6 USD) - 2015/12/22 16:41:21 ET
Table 'Hassaleh' 2-max Seat #2 is the button
Seat 1: BigYelloFish ($135.31 in chips)
Seat 2: simper11 ($134.40 in chips)
simper11: posts small blind $1
BigYelloFish: posts big blind $3
*** HOLE CARDS ***
simper11: raises $3 to $6
BigYelloFish: calls $3
*** FLOP *** [Qs Kh 9c]
BigYelloFish: checks
simper11: bets $3
BigYelloFish: folds
Uncalled bet ($3) returned to simper11
simper11 collected $11.76 from pot
simper11: doesn't show hand
*** SUMMARY ***
Total pot $12 | Rake $0.24
Board [Qs Kh 9c]
Seat 1: BigYelloFish (big blind) folded on the Flop
Seat 2: simper11 (button) (small blind) collected ($11.76)


PokerStars Hand #145760897207:  Hold'em Limit ($3/$6 USD) - 2015/12/22 16:41:05 ET
Table 'Hassaleh' 2-max Seat #1 is the button
Seat 1: BigYelloFish ($141.31 in chips)
Seat 2: simper11 ($128.64 in chips)
BigYelloFish: posts small blind $1
simper11: posts big blind $3
*** HOLE CARDS ***
BigYelloFish: raises $3 to $6
simper11: calls $3
*** FLOP *** [4d Js Kd]
simper11: checks
BigYelloFish: checks
*** TURN *** [4d Js Kd] [3c]
simper11: bets $6
BigYelloFish: folds
Uncalled bet ($6) returned to simper11
simper11 collected $11.76 from pot
simper11: doesn't show hand
*** SUMMARY ***
Total pot $12 | Rake $0.24
Board [4d Js Kd 3c]
Seat 1: BigYelloFish (button) (small blind) folded on the Turn
Seat 2: simper11 (big blind) collected ($11.76)


PokerStars Hand #145760874754:  Hold'em Limit ($3/$6 USD) - 2015/12/22 16:40:42 ET
Table 'Hassaleh' 2-max Seat #2 is the button
Seat 1: BigYelloFish ($150.31 in chips)
Seat 2: simper11 ($120 in chips)
simper11: posts small blind $1
BigYelloFish: posts big blind $3
*** HOLE CARDS ***
simper11: raises $3 to $6
BigYelloFish: raises $3 to $9
simper11: calls $3
*** FLOP *** [7s Qs 6d]
BigYelloFish: checks
simper11: checks
*** TURN *** [7s Qs 6d] [5c]
BigYelloFish: checks
simper11: bets $6
BigYelloFish: folds
Uncalled bet ($6) returned to simper11
simper11 collected $17.64 from pot
simper11: doesn't show hand
*** SUMMARY ***
Total pot $18 | Rake $0.36
Board [7s Qs 6d 5c]
Seat 1: BigYelloFish (big blind) folded on the Turn
Seat 2: simper11 (button) (small blind) collected ($17.64)


PokerStars Hand #145760855807:  Hold'em Limit ($3/$6 USD) - 2015/12/22 16:40:24 ET
Table 'Hassaleh' 2-max Seat #1 is the button
Seat 1: BigYelloFish ($135.81 in chips)
Seat 2: simper11 ($123 in chips)
BigYelloFish: posts small blind $1
simper11: posts big blind $3
*** HOLE CARDS ***
BigYelloFish: raises $3 to $6
simper11: calls $3
*** FLOP *** [Qs Kd 2s]
simper11: checks
BigYelloFish: bets $3
simper11: calls $3
*** TURN *** [Qs Kd 2s] [Tc]
simper11: checks
BigYelloFish: bets $6
simper11: calls $6
*** RIVER *** [Qs Kd 2s Tc] [2h]
simper11: checks
BigYelloFish: bets $6
simper11: folds
Uncalled bet ($6) returned to BigYelloFish
BigYelloFish collected $29.50 from pot
BigYelloFish: doesn't show hand
*** SUMMARY ***
Total pot $30 | Rake $0.50
Board [Qs Kd 2s Tc 2h]
Seat 1: BigYelloFish (button) (small blind) collected ($29.50)
Seat 2: simper11 (big blind) folded on the River


PokerStars Hand #145760976045:  Hold'em Limit ($3/$6 USD) - 2015/12/22 16:42:23 ET
Table 'Hassaleh' 2-max Seat #2 is the button
Seat 1: BigYelloFish ($112.06 in chips)
Seat 2: simper11 ($156.29 in chips)
simper11: posts small blind $1
BigYelloFish: posts big blind $3
*** HOLE CARDS ***
simper11: raises $3 to $6
BigYelloFish: raises $3 to $9
simper11: calls $3
*** FLOP *** [7s Qc 9c]
BigYelloFish: bets $3
simper11: calls $3
*** TURN *** [7s Qc 9c] [Tc]
BigYelloFish: checks
simper11: checks
*** RIVER *** [7s Qc 9c Tc] [Qs]
BigYelloFish: bets $6
simper11: folds
Uncalled bet ($6) returned to BigYelloFish
BigYelloFish collected $23.52 from pot
BigYelloFish: doesn't show hand
*** SUMMARY ***
Total pot $24 | Rake $0.48
Board [7s Qc 9c Tc Qs]
Seat 1: BigYelloFish (big blind) collected ($23.52)
Seat 2: simper11 (button) (small blind) folded on the River


PokerStars Hand #145760962740:  Hold'em Limit ($3/$6 USD) - 2015/12/22 16:42:09 ET
Table 'Hassaleh' 2-max Seat #1 is the button
Seat 1: BigYelloFish ($130.06 in chips)
Seat 2: simper11 ($138.79 in chips)
BigYelloFish: posts small blind $1
simper11: posts big blind $3
*** HOLE CARDS ***
BigYelloFish: raises $3 to $6
simper11: calls $3
*** FLOP *** [Kc 6c 2s]
simper11: checks
BigYelloFish: bets $3
simper11: raises $3 to $6
BigYelloFish: calls $3
*** TURN *** [Kc 6c 2s] [Qd]
simper11: bets $6
BigYelloFish: calls $6
*** RIVER *** [Kc 6c 2s Qd] [6h]
simper11: bets $6
BigYelloFish: folds
Uncalled bet ($6) returned to simper11
simper11 collected $35.50 from pot
simper11: doesn't show hand
*** SUMMARY ***
Total pot $36 | Rake $0.50
Board [Kc 6c 2s Qd 6h]
Seat 1: BigYelloFish (button) (small blind) folded on the River
Seat 2: simper11 (big blind) collected ($35.50)


PokerStars Hand #145760957888:  Hold'em Limit ($3/$6 USD) - 2015/12/22 16:42:05 ET
Table 'Hassaleh' 2-max Seat #2 is the button
Seat 1: BigYelloFish ($133.06 in chips)
Seat 2: simper11 ($135.79 in chips)
simper11: posts small blind $1
BigYelloFish: posts big blind $3
*** HOLE CARDS ***
simper11: raises $3 to $6
BigYelloFish: folds
Uncalled bet ($3) returned to simper11
simper11 collected $6 from pot
simper11: doesn't show hand
*** SUMMARY ***
Total pot $6 | Rake $0
Seat 1: BigYelloFish (big blind) folded before Flop
Seat 2: simper11 (button) (small blind) collected ($6)


PokerStars Hand #145760953168:  Hold'em Limit ($3/$6 USD) - 2015/12/22 16:42:00 ET
Table 'Hassaleh' 2-max Seat #1 is the button
Seat 1: BigYelloFish ($130.06 in chips)
Seat 2: simper11 ($138.79 in chips)
BigYelloFish: posts small blind $1
simper11: posts big blind $3
*** HOLE CARDS ***
BigYelloFish: raises $3 to $6
simper11: folds
Uncalled bet ($3) returned to BigYelloFish
BigYelloFish collected $6 from pot
BigYelloFish: doesn't show hand
*** SUMMARY ***
Total pot $6 | Rake $0
Seat 1: BigYelloFish (button) (small blind) collected ($6)
Seat 2: simper11 (big blind) folded before Flop


PokerStars Hand #145760940391:  Hold'em Limit ($3/$6 USD) - 2015/12/22 16:41:47 ET
Table 'Hassaleh' 2-max Seat #2 is the button
Seat 1: BigYelloFish ($130.31 in chips)
Seat 2: simper11 ($139.04 in chips)
simper11: posts small blind $1
BigYelloFish: posts big blind $3
*** HOLE CARDS ***
simper11: raises $3 to $6
BigYelloFish: raises $3 to $9
simper11: calls $3
*** FLOP *** [8s 7c 7d]
BigYelloFish: bets $3
simper11: calls $3
*** TURN *** [8s 7c 7d] [2h]
BigYelloFish: bets $6
simper11: raises $6 to $12
BigYelloFish: calls $6
*** RIVER *** [8s 7c 7d 2h] [Qh]
BigYelloFish: checks
simper11: bets $6
BigYelloFish: calls $6
*** SHOW DOWN ***
simper11: shows [8c Td] (two pair, Eights and Sevens)
BigYelloFish: shows [8h 9h] (two pair, Eights and Sevens)
BigYelloFish collected $29.75 from pot
simper11 collected $29.75 from pot
*** SUMMARY ***
Total pot $60 | Rake $0.50
Board [8s 7c 7d 2h Qh]
Seat 1: BigYelloFish (big blind) showed [8h 9h] and won ($29.75) with two pair, Eights and Sevens
Seat 2: simper11 (button) (small blind) showed [8c Td] and won ($29.75) with two pair, Eights and Sevens


PokerStars Hand #145760930588:  Hold'em Limit ($3/$6 USD) - 2015/12/22 16:41:37 ET
Table 'Hassaleh' 2-max Seat #1 is the button
Seat 1: BigYelloFish ($133.31 in chips)
Seat 2: simper11 ($136.16 in chips)
BigYelloFish: posts small blind $1
simper11: posts big blind $3
*** HOLE CARDS ***
BigYelloFish: calls $2
simper11: checks
*** FLOP *** [Ad Kc 9d]
simper11: checks
BigYelloFish: checks
*** TURN *** [Ad Kc 9d] [2d]
simper11: bets $6
BigYelloFish: folds
Uncalled bet ($6) returned to simper11
simper11 collected $5.88 from pot
simper11: doesn't show hand
*** SUMMARY ***
Total pot $6 | Rake $0.12
Board [Ad Kc 9d 2d]
Seat 1: BigYelloFish (button) (small blind) folded on the Turn
Seat 2: simper11 (big blind) collected ($5.88)


PokerStars Hand #145761041438:  Hold'em Limit ($3/$6 USD) - 2015/12/22 16:43:27 ET
Table 'Hassaleh' 2-max Seat #1 is the button
Seat 1: BigYelloFish ($180.34 in chips)
Seat 2: simper11 ($120 in chips)
BigYelloFish: posts small blind $1
simper11: posts big blind $3
*** HOLE CARDS ***
BigYelloFish: raises $3 to $6
simper11: calls $3
*** FLOP *** [As 8d Jc]
simper11: checks
BigYelloFish: bets $3
simper11: raises $3 to $6
BigYelloFish: calls $3
*** TURN *** [As 8d Jc] [Jd]
simper11: bets $6
BigYelloFish: calls $6
*** RIVER *** [As 8d Jc Jd] [Qc]
simper11: bets $6
BigYelloFish: calls $6
*** SHOW DOWN ***
simper11: shows [4s Ad] (two pair, Aces and Jacks)
BigYelloFish: shows [7d Ac] (two pair, Aces and Jacks)
simper11 collected $23.75 from pot
BigYelloFish collected $23.75 from pot
*** SUMMARY ***
Total pot $48 | Rake $0.50
Board [As 8d Jc Jd Qc]
Seat 1: BigYelloFish (button) (small blind) showed [7d Ac] and won ($23.75) with two pair, Aces and Jacks
Seat 2: simper11 (big blind) showed [4s Ad] and won ($23.75) with two pair, Aces and Jacks


PokerStars Hand #145761030023:  Hold'em Limit ($3/$6 USD) - 2015/12/22 16:43:16 ET
Table 'Hassaleh' 2-max Seat #2 is the button
Seat 1: BigYelloFish ($156.84 in chips)
Seat 2: simper11 ($121.76 in chips)
simper11: posts small blind $1
BigYelloFish: posts big blind $3
*** HOLE CARDS ***
simper11: raises $3 to $6
BigYelloFish: raises $3 to $9
simper11: calls $3
*** FLOP *** [4d Td Ks]
BigYelloFish: bets $3
simper11: calls $3
*** TURN *** [4d Td Ks] [3s]
BigYelloFish: bets $6
simper11: calls $6
*** RIVER *** [4d Td Ks 3s] [5h]
BigYelloFish: bets $6
simper11: calls $6
*** SHOW DOWN ***
BigYelloFish: shows [Qs Ts] (a pair of Tens)
simper11: mucks hand
BigYelloFish collected $47.50 from pot
*** SUMMARY ***
Total pot $48 | Rake $0.50
Board [4d Td Ks 3s 5h]
Seat 1: BigYelloFish (big blind) showed [Qs Ts] and won ($47.50) with a pair of Tens
Seat 2: simper11 (button) (small blind) mucked


PokerStars Hand #145761024958:  Hold'em Limit ($3/$6 USD) - 2015/12/22 16:43:11 ET
Table 'Hassaleh' 2-max Seat #1 is the button
Seat 1: BigYelloFish ($153.84 in chips)
Seat 2: simper11 ($124.76 in chips)
BigYelloFish: posts small blind $1
simper11: posts big blind $3
*** HOLE CARDS ***
BigYelloFish: raises $3 to $6
simper11: folds
Uncalled bet ($3) returned to BigYelloFish
BigYelloFish collected $6 from pot
BigYelloFish: doesn't show hand
*** SUMMARY ***
Total pot $6 | Rake $0
Seat 1: BigYelloFish (button) (small blind) collected ($6)
Seat 2: simper11 (big blind) folded before Flop


PokerStars Hand #145761020650:  Hold'em Limit ($3/$6 USD) - 2015/12/22 16:43:07 ET
Table 'Hassaleh' 2-max Seat #2 is the button
Seat 1: BigYelloFish ($152.84 in chips)
Seat 2: simper11 ($125.76 in chips)
simper11: posts small blind $1
BigYelloFish: posts big blind $3
*** HOLE CARDS ***
simper11: folds
Uncalled bet ($2) returned to BigYelloFish
BigYelloFish collected $2 from pot
BigYelloFish: doesn't show hand
*** SUMMARY ***
Total pot $2 | Rake $0
Seat 1: BigYelloFish (big blind) collected ($2)
Seat 2: simper11 (button) (small blind) folded before Flop


PokerStars Hand #145761009304:  Hold'em Limit ($3/$6 USD) - 2015/12/22 16:42:56 ET
Table 'Hassaleh' 2-max Seat #1 is the button
Seat 1: BigYelloFish ($158.84 in chips)
Seat 2: simper11 ($120 in chips)
BigYelloFish: posts small blind $1
simper11: posts big blind $3
*** HOLE CARDS ***
BigYelloFish: raises $3 to $6
simper11: calls $3
*** FLOP *** [2c 3d 7s]
simper11: checks
BigYelloFish: checks
*** TURN *** [2c 3d 7s] [7h]
simper11: checks
BigYelloFish: checks
*** RIVER *** [2c 3d 7s 7h] [8h]
simper11: checks
BigYelloFish: checks
*** SHOW DOWN ***
simper11: shows [9h Jc] (a pair of Sevens)
BigYelloFish: mucks hand
simper11 collected $11.76 from pot
*** SUMMARY ***
Total pot $12 | Rake $0.24
Board [2c 3d 7s 7h 8h]
Seat 1: BigYelloFish (button) (small blind) mucked
Seat 2: simper11 (big blind) showed [9h Jc] and won ($11.76) with a pair of Sevens


PokerStars Hand #145760997005:  Hold'em Limit ($3/$6 USD) - 2015/12/22 16:42:44 ET
Table 'Hassaleh' 2-max Seat #2 is the button
Seat 1: BigYelloFish ($129.34 in chips)
Seat 2: simper11 ($138.29 in chips)
simper11: posts small blind $1
BigYelloFish: posts big blind $3
*** HOLE CARDS ***
simper11: raises $3 to $6
BigYelloFish: raises $3 to $9
simper11: calls $3
*** FLOP *** [Kc 9s Jh]
BigYelloFish: bets $3
simper11: calls $3
*** TURN *** [Kc 9s Jh] [Qc]
BigYelloFish: bets $6
simper11: raises $6 to $12
BigYelloFish: calls $6
*** RIVER *** [Kc 9s Jh Qc] [3h]
BigYelloFish: checks
simper11: bets $6
BigYelloFish: calls $6
*** SHOW DOWN ***
simper11: shows [7s 8c] (high card King)
BigYelloFish: shows [Jc Qs] (two pair, Queens and Jacks)
BigYelloFish collected $59.50 from pot
*** SUMMARY ***
Total pot $60 | Rake $0.50
Board [Kc 9s Jh Qc 3h]
Seat 1: BigYelloFish (big blind) showed [Jc Qs] and won ($59.50) with two pair, Queens and Jacks
Seat 2: simper11 (button) (small blind) showed [7s 8c] and lost with high card King


PokerStars Hand #145760987074:  Hold'em Limit ($3/$6 USD) - 2015/12/22 16:42:34 ET
Table 'Hassaleh' 2-max Seat #1 is the button
Seat 1: BigYelloFish ($123.58 in chips)
Seat 2: simper11 ($144.29 in chips)
BigYelloFish: posts small blind $1
simper11: posts big blind $3
*** HOLE CARDS ***
BigYelloFish: raises $3 to $6
simper11: calls $3
*** FLOP *** [Qh 8d Jh]
simper11: checks
BigYelloFish: checks
*** TURN *** [Qh 8d Jh] [Qc]
simper11: checks
BigYelloFish: bets $6
simper11: folds
Uncalled bet ($6) returned to BigYelloFish
BigYelloFish collected $11.76 from pot
BigYelloFish: doesn't show hand
*** SUMMARY ***
Total pot $12 | Rake $0.24
Board [Qh 8d Jh Qc]
Seat 1: BigYelloFish (button) (small blind) collected ($11.76)
Seat 2: simper11 (big blind) folded on the Turn


PokerStars Hand #145761102071:  Hold'em Limit ($3/$6 USD) - 2015/12/22 16:44:28 ET
Table 'Hassaleh' 2-max Seat #1 is the button
Seat 1: BigYelloFish ($194.85 in chips)
Seat 2: simper11 ($120 in chips)
BigYelloFish: posts small blind $1
simper11: posts big blind $3
*** HOLE CARDS ***
BigYelloFish: raises $3 to $6
simper11: folds
Uncalled bet ($3) returned to BigYelloFish
BigYelloFish collected $6 from pot
BigYelloFish: doesn't show hand
*** SUMMARY ***
Total pot $6 | Rake $0
Seat 1: BigYelloFish (button) (small blind) collected ($6)
Seat 2: simper11 (big blind) folded before Flop


PokerStars Hand #145761090483:  Hold'em Limit ($3/$6 USD) - 2015/12/22 16:44:17 ET
Table 'Hassaleh' 2-max Seat #2 is the button
Seat 1: BigYelloFish ($177.35 in chips)
Seat 2: simper11 ($121.50 in chips)
simper11: posts small blind $1
BigYelloFish: posts big blind $3
*** HOLE CARDS ***
simper11: raises $3 to $6
BigYelloFish: raises $3 to $9
simper11: calls $3
*** FLOP *** [Ah Qs 5c]
BigYelloFish: bets $3
simper11: calls $3
*** TURN *** [Ah Qs 5c] [7s]
BigYelloFish: checks
simper11: bets $6
BigYelloFish: calls $6
*** RIVER *** [Ah Qs 5c 7s] [8d]
BigYelloFish: checks
simper11: checks
*** SHOW DOWN ***
BigYelloFish: shows [Kd 7d] (a pair of Sevens)
simper11: mucks hand
BigYelloFish collected $35.50 from pot
*** SUMMARY ***
Total pot $36 | Rake $0.50
Board [Ah Qs 5c 7s 8d]
Seat 1: BigYelloFish (big blind) showed [Kd 7d] and won ($35.50) with a pair of Sevens
Seat 2: simper11 (button) (small blind) mucked


PokerStars Hand #145761077582:  Hold'em Limit ($3/$6 USD) - 2015/12/22 16:44:04 ET
Table 'Hassaleh' 2-max Seat #1 is the button
Seat 1: BigYelloFish ($156.85 in chips)
Seat 2: simper11 ($142.50 in chips)
BigYelloFish: posts small blind $1
simper11: posts big blind $3
*** HOLE CARDS ***
BigYelloFish: raises $3 to $6
simper11: calls $3
*** FLOP *** [Tc 7d 7c]
simper11: checks
BigYelloFish: bets $3
simper11: calls $3
*** TURN *** [Tc 7d 7c] [2c]
simper11: checks
BigYelloFish: bets $6
simper11: calls $6
*** RIVER *** [Tc 7d 7c 2c] [Ks]
simper11: checks
BigYelloFish: bets $6
simper11: calls $6
*** SHOW DOWN ***
BigYelloFish: shows [7h Kh] (a full house, Sevens full of Kings)
simper11: mucks hand
BigYelloFish collected $41.50 from pot
*** SUMMARY ***
Total pot $42 | Rake $0.50
Board [Tc 7d 7c 2c Ks]
Seat 1: BigYelloFish (button) (small blind) showed [7h Kh] and won ($41.50) with a full house, Sevens full of Kings
Seat 2: simper11 (big blind) mucked


PokerStars Hand #145761073049:  Hold'em Limit ($3/$6 USD) - 2015/12/22 16:43:59 ET
Table 'Hassaleh' 2-max Seat #2 is the button
Seat 1: BigYelloFish ($155.85 in chips)
Seat 2: simper11 ($143.50 in chips)
simper11: posts small blind $1
BigYelloFish: posts big blind $3
*** HOLE CARDS ***
simper11: folds
Uncalled bet ($2) returned to BigYelloFish
BigYelloFish collected $2 from pot
BigYelloFish: doesn't show hand
*** SUMMARY ***
Total pot $2 | Rake $0
Seat 1: BigYelloFish (big blind) collected ($2)
Seat 2: simper11 (button) (small blind) folded before Flop


PokerStars Hand #145761066021:  Hold'em Limit ($3/$6 USD) - 2015/12/22 16:43:52 ET
Table 'Hassaleh' 2-max Seat #1 is the button
Seat 1: BigYelloFish ($150.09 in chips)
Seat 2: simper11 ($149.50 in chips)
BigYelloFish: posts small blind $1
simper11: posts big blind $3
*** HOLE CARDS ***
BigYelloFish: raises $3 to $6
simper11: calls $3
*** FLOP *** [2h 9d Qs]
simper11: checks
BigYelloFish: bets $3
simper11: folds
Uncalled bet ($3) returned to BigYelloFish
BigYelloFish collected $11.76 from pot
BigYelloFish: doesn't show hand
*** SUMMARY ***
Total pot $12 | Rake $0.24
Board [2h 9d Qs]
Seat 1: BigYelloFish (button) (small blind) collected ($11.76)
Seat 2: simper11 (big blind) folded on the Flop


PokerStars Hand #145761052288:  Hold'em Limit ($3/$6 USD) - 2015/12/22 16:43:38 ET
Table 'Hassaleh' 2-max Seat #2 is the button
Seat 1: BigYelloFish ($180.09 in chips)
Seat 2: simper11 ($120 in chips)
simper11: posts small blind $1
BigYelloFish: posts big blind $3
*** HOLE CARDS ***
simper11: raises $3 to $6
BigYelloFish: calls $3
*** FLOP *** [7d Qc 9h]
BigYelloFish: checks
simper11: bets $3
BigYelloFish: raises $3 to $6
simper11: calls $3
*** TURN *** [7d Qc 9h] [2d]
BigYelloFish: bets $6
simper11: raises $6 to $12
BigYelloFish: calls $6
*** RIVER *** [7d Qc 9h 2d] [Jc]
BigYelloFish: checks
simper11: bets $6
BigYelloFish: calls $6
*** SHOW DOWN ***
simper11: shows [9d 7c] (two pair, Nines and Sevens)
BigYelloFish: mucks hand
simper11 collected $59.50 from pot
*** SUMMARY ***
Total pot $60 | Rake $0.50
Board [7d Qc 9h 2d Jc]
Seat 1: BigYelloFish (big blind) mucked
Seat 2: simper11 (button) (small blind) showed [9d 7c] and won ($59.50) with two pair, Nines and Sevens


PokerStars Hand #145761151748:  Hold'em Limit ($3/$6 USD) - 2015/12/22 16:45:18 ET
Table 'Hassaleh' 2-max Seat #2 is the button
Seat 1: BigYelloFish ($220.85 in chips)
Seat 2: simper11 ($131.52 in chips)
simper11: posts small blind $1
BigYelloFish: posts big blind $3
*** HOLE CARDS ***
simper11: raises $3 to $6
BigYelloFish: raises $3 to $9
simper11: calls $3
*** FLOP *** [4s Ah 3s]
BigYelloFish: bets $3
simper11: calls $3
*** TURN *** [4s Ah 3s] [Ts]
BigYelloFish: bets $6
simper11: raises $6 to $12
BigYelloFish: raises $6 to $18
simper11: calls $6
*** RIVER *** [4s Ah 3s Ts] [4d]
BigYelloFish: bets $6
simper11: folds
Uncalled bet ($6) returned to BigYelloFish
BigYelloFish collected $59.50 from pot
BigYelloFish: doesn't show hand
*** SUMMARY ***
Total pot $60 | Rake $0.50
Board [4s Ah 3s Ts 4d]
Seat 1: BigYelloFish (big blind) collected ($59.50)
Seat 2: simper11 (button) (small blind) folded on the River


PokerStars Hand #145761142287:  Hold'em Limit ($3/$6 USD) - 2015/12/22 16:45:08 ET
Table 'Hassaleh' 2-max Seat #1 is the button
Seat 1: BigYelloFish ($232.85 in chips)
Seat 2: simper11 ($120 in chips)
BigYelloFish: posts small blind $1
simper11: posts big blind $3
*** HOLE CARDS ***
BigYelloFish: raises $3 to $6
simper11: raises $3 to $9
BigYelloFish: calls $3
*** FLOP *** [Tc Ts Kd]
simper11: bets $3
BigYelloFish: calls $3
*** TURN *** [Tc Ts Kd] [3d]
simper11: bets $6
BigYelloFish: folds
Uncalled bet ($6) returned to simper11
simper11 collected $23.52 from pot
simper11: doesn't show hand
*** SUMMARY ***
Total pot $24 | Rake $0.48
Board [Tc Ts Kd 3d]
Seat 1: BigYelloFish (button) (small blind) folded on the Turn
Seat 2: simper11 (big blind) collected ($23.52)


PokerStars Hand #145761131047:  Hold'em Limit ($3/$6 USD) - 2015/12/22 16:44:57 ET
Table 'Hassaleh' 2-max Seat #2 is the button
Seat 1: BigYelloFish ($218.35 in chips)
Seat 2: simper11 ($120 in chips)
simper11: posts small blind $1
BigYelloFish: posts big blind $3
*** HOLE CARDS ***
simper11: raises $3 to $6
BigYelloFish: calls $3
*** FLOP *** [3c Kc 2c]
BigYelloFish: checks
simper11: bets $3
BigYelloFish: calls $3
*** TURN *** [3c Kc 2c] [Qd]
BigYelloFish: checks
simper11: bets $6
BigYelloFish: calls $6
*** RIVER *** [3c Kc 2c Qd] [Js]
BigYelloFish: checks
simper11: checks
*** SHOW DOWN ***
BigYelloFish: shows [Jc 6s] (a pair of Jacks)
simper11: mucks hand
BigYelloFish collected $29.50 from pot
*** SUMMARY ***
Total pot $30 | Rake $0.50
Board [3c Kc 2c Qd Js]
Seat 1: BigYelloFish (big blind) showed [Jc 6s] and won ($29.50) with a pair of Jacks
Seat 2: simper11 (button) (small blind) mucked


PokerStars Hand #145761117330:  Hold'em Limit ($3/$6 USD) - 2015/12/22 16:44:44 ET
Table 'Hassaleh' 2-max Seat #1 is the button
Seat 1: BigYelloFish ($188.85 in chips)
Seat 2: simper11 ($128.64 in chips)
BigYelloFish: posts small blind $1
simper11: posts big blind $3
*** HOLE CARDS ***
BigYelloFish: raises $3 to $6
simper11: calls $3
*** FLOP *** [Kh 5h 2h]
simper11: checks
BigYelloFish: bets $3
simper11: raises $3 to $6
BigYelloFish: calls $3
*** TURN *** [Kh 5h 2h] [2d]
simper11: bets $6
BigYelloFish: raises $6 to $12
simper11: calls $6
*** RIVER *** [Kh 5h 2h 2d] [4s]
simper11: checks
BigYelloFish: bets $6
simper11: calls $6
*** SHOW DOWN ***
BigYelloFish: shows [3h Th] (a flush, King high)
simper11: mucks hand
BigYelloFish collected $59.50 from pot
*** SUMMARY ***
Total pot $60 | Rake $0.50
Board [Kh 5h 2h 2d 4s]
Seat 1: BigYelloFish (button) (small blind) showed [3h Th] and won ($59.50) with a flush, King high
Seat 2: simper11 (big blind) mucked


PokerStars Hand #145761107104:  Hold'em Limit ($3/$6 USD) - 2015/12/22 16:44:33 ET
Table 'Hassaleh' 2-max Seat #2 is the button
Seat 1: BigYelloFish ($197.85 in chips)
Seat 2: simper11 ($120 in chips)
simper11: posts small blind $1
BigYelloFish: posts big blind $3
*** HOLE CARDS ***
simper11: raises $3 to $6
BigYelloFish: calls $3
*** FLOP *** [9h Kc 4d]
BigYelloFish: checks
simper11: bets $3
BigYelloFish: calls $3
*** TURN *** [9h Kc 4d] [5d]
BigYelloFish: checks
simper11: bets $6
BigYelloFish: folds
Uncalled bet ($6) returned to simper11
simper11 collected $17.64 from pot
simper11: doesn't show hand
*** SUMMARY ***
Total pot $18 | Rake $0.36
Board [9h Kc 4d 5d]
Seat 1: BigYelloFish (big blind) folded on the Turn
Seat 2: simper11 (button) (small blind) collected ($17.64)


PokerStars Hand #145761221802:  Hold'em Limit ($3/$6 USD) - 2015/12/22 16:46:28 ET
Table 'Hassaleh' 2-max Seat #1 is the button
Seat 1: BigYelloFish ($234.60 in chips)
Seat 2: simper11 ($133.75 in chips)
BigYelloFish: posts small blind $1
simper11: posts big blind $3
*** HOLE CARDS ***
BigYelloFish: raises $3 to $6
simper11: calls $3
*** FLOP *** [Td 9s 9c]
simper11: checks
BigYelloFish: bets $3
simper11: calls $3
*** TURN *** [Td 9s 9c] [2c]
simper11: checks
BigYelloFish: bets $6
simper11: folds
Uncalled bet ($6) returned to BigYelloFish
BigYelloFish collected $17.64 from pot
BigYelloFish: doesn't show hand
*** SUMMARY ***
Total pot $18 | Rake $0.36
Board [Td 9s 9c 2c]
Seat 1: BigYelloFish (button) (small blind) collected ($17.64)
Seat 2: simper11 (big blind) folded on the Turn


PokerStars Hand #145761208955:  Hold'em Limit ($3/$6 USD) - 2015/12/22 16:46:15 ET
Table 'Hassaleh' 2-max Seat #2 is the button
Seat 1: BigYelloFish ($205.10 in chips)
Seat 2: simper11 ($163.75 in chips)
simper11: posts small blind $1
BigYelloFish: posts big blind $3
*** HOLE CARDS ***
simper11: raises $3 to $6
BigYelloFish: raises $3 to $9
simper11: calls $3
*** FLOP *** [Jd Tc 4d]
BigYelloFish: bets $3
simper11: calls $3
*** TURN *** [Jd Tc 4d] [7d]
BigYelloFish: bets $6
simper11: raises $6 to $12
BigYelloFish: calls $6
*** RIVER *** [Jd Tc 4d 7d] [2d]
BigYelloFish: bets $6
simper11: calls $6
*** SHOW DOWN ***
BigYelloFish: shows [Td Kc] (a flush, Jack high)
simper11: mucks hand
BigYelloFish collected $59.50 from pot
*** SUMMARY ***
Total pot $60 | Rake $0.50
Board [Jd Tc 4d 7d 2d]
Seat 1: BigYelloFish (big blind) showed [Td Kc] and won ($59.50) with a flush, Jack high
Seat 2: simper11 (button) (small blind) mucked


PokerStars Hand #145761194670:  Hold'em Limit ($3/$6 USD) - 2015/12/22 16:46:01 ET
Table 'Hassaleh' 2-max Seat #1 is the button
Seat 1: BigYelloFish ($232.10 in chips)
Seat 2: simper11 ($137.25 in chips)
BigYelloFish: posts small blind $1
simper11: posts big blind $3
*** HOLE CARDS ***
BigYelloFish: raises $3 to $6
simper11: calls $3
*** FLOP *** [4s 5h 9d]
simper11: checks
BigYelloFish: bets $3
simper11: calls $3
*** TURN *** [4s 5h 9d] [Jh]
simper11: checks
BigYelloFish: bets $6
simper11: raises $6 to $12
BigYelloFish: calls $6
*** RIVER *** [4s 5h 9d Jh] [Tc]
simper11: bets $6
BigYelloFish: calls $6
*** SHOW DOWN ***
simper11: shows [5s 4h] (two pair, Fives and Fours)
BigYelloFish: mucks hand
simper11 collected $53.50 from pot
*** SUMMARY ***
Total pot $54 | Rake $0.50
Board [4s 5h 9d Jh Tc]
Seat 1: BigYelloFish (button) (small blind) mucked
Seat 2: simper11 (big blind) showed [5s 4h] and won ($53.50) with two pair, Fives and Fours


PokerStars Hand #145761180356:  Hold'em Limit ($3/$6 USD) - 2015/12/22 16:45:47 ET
Table 'Hassaleh' 2-max Seat #2 is the button
Seat 1: BigYelloFish ($232.35 in chips)
Seat 2: simper11 ($137.50 in chips)
simper11: posts small blind $1
BigYelloFish: posts big blind $3
*** HOLE CARDS ***
simper11: raises $3 to $6
BigYelloFish: calls $3
*** FLOP *** [8c Qd 3h]
BigYelloFish: checks
simper11: bets $3
BigYelloFish: calls $3
*** TURN *** [8c Qd 3h] [Qs]
BigYelloFish: checks
simper11: bets $6
BigYelloFish: calls $6
*** RIVER *** [8c Qd 3h Qs] [3s]
BigYelloFish: checks
simper11: checks
*** SHOW DOWN ***
BigYelloFish: shows [2s 2c] (two pair, Queens and Threes)
simper11: shows [2h 4h] (two pair, Queens and Threes)
BigYelloFish collected $14.75 from pot
simper11 collected $14.75 from pot
*** SUMMARY ***
Total pot $30 | Rake $0.50
Board [8c Qd 3h Qs 3s]
Seat 1: BigYelloFish (big blind) showed [2s 2c] and won ($14.75) with two pair, Queens and Threes
Seat 2: simper11 (button) (small blind) showed [2h 4h] and won ($14.75) with two pair, Queens and Threes


PokerStars Hand #145761165729:  Hold'em Limit ($3/$6 USD) - 2015/12/22 16:45:32 ET
Table 'Hassaleh' 2-max Seat #1 is the button
Seat 1: BigYelloFish ($250.35 in chips)
Seat 2: simper11 ($120 in chips)
BigYelloFish: posts small blind $1
simper11: posts big blind $3
*** HOLE CARDS ***
BigYelloFish: raises $3 to $6
simper11: calls $3
*** FLOP *** [8c 9h 3c]
simper11: checks
BigYelloFish: bets $3
simper11: raises $3 to $6
BigYelloFish: calls $3
*** TURN *** [8c 9h 3c] [Ah]
simper11: bets $6
BigYelloFish: calls $6
*** RIVER *** [8c 9h 3c Ah] [Kh]
simper11: bets $6
BigYelloFish: folds
Uncalled bet ($6) returned to simper11
simper11 collected $35.50 from pot
simper11: doesn't show hand
*** SUMMARY ***
Total pot $36 | Rake $0.50
Board [8c 9h 3c Ah Kh]
Seat 1: BigYelloFish (button) (small blind) folded on the River
Seat 2: simper11 (big blind) collected ($35.50)


PokerStars Hand #145761280569:  Hold'em Limit ($3/$6 USD) - 2015/12/22 16:47:27 ET
Table 'Hassaleh' 2-max Seat #2 is the button
Seat 1: BigYelloFish ($245.24 in chips)
Seat 2: simper11 ($121.01 in chips)
simper11: posts small blind $1
BigYelloFish: posts big blind $3
*** HOLE CARDS ***
simper11: raises $3 to $6
BigYelloFish: raises $3 to $9
simper11: calls $3
*** FLOP *** [2c 5c 7s]
BigYelloFish: bets $3
simper11: calls $3
*** TURN *** [2c 5c 7s] [3d]
BigYelloFish: checks
simper11: bets $6
BigYelloFish: calls $6
*** RIVER *** [2c 5c 7s 3d] [8s]
BigYelloFish: checks
simper11: bets $6
BigYelloFish: calls $6
*** SHOW DOWN ***
simper11: shows [Ah Qd] (high card Ace)
BigYelloFish: shows [Qs Ad] (high card Ace)
BigYelloFish collected $23.75 from pot
simper11 collected $23.75 from pot
*** SUMMARY ***
Total pot $48 | Rake $0.50
Board [2c 5c 7s 3d 8s]
Seat 1: BigYelloFish (big blind) showed [Qs Ad] and won ($23.75) with high card Ace
Seat 2: simper11 (button) (small blind) showed [Ah Qd] and won ($23.75) with high card Ace


PokerStars Hand #145761269513:  Hold'em Limit ($3/$6 USD) - 2015/12/22 16:47:16 ET
Table 'Hassaleh' 2-max Seat #1 is the button
Seat 1: BigYelloFish ($227.74 in chips)
Seat 2: simper11 ($139.01 in chips)
BigYelloFish: posts small blind $1
simper11: posts big blind $3
*** HOLE CARDS ***
BigYelloFish: raises $3 to $6
simper11: calls $3
*** FLOP *** [5h Ah Tc]
simper11: checks
BigYelloFish: bets $3
simper11: raises $3 to $6
BigYelloFish: calls $3
*** TURN *** [5h Ah Tc] [Kc]
simper11: bets $6
BigYelloFish: raises $6 to $12
simper11: folds
Uncalled bet ($6) returned to BigYelloFish
BigYelloFish collected $35.50 from pot
BigYelloFish: doesn't show hand
*** SUMMARY ***
Total pot $36 | Rake $0.50
Board [5h Ah Tc Kc]
Seat 1: BigYelloFish (button) (small blind) collected ($35.50)
Seat 2: simper11 (big blind) folded on the Turn


PokerStars Hand #145761260975:  Hold'em Limit ($3/$6 USD) - 2015/12/22 16:47:07 ET
Table 'Hassaleh' 2-max Seat #2 is the button
Seat 1: BigYelloFish ($233.74 in chips)
Seat 2: simper11 ($133.25 in chips)
simper11: posts small blind $1
BigYelloFish: posts big blind $3
*** HOLE CARDS ***
simper11: raises $3 to $6
BigYelloFish: calls $3
*** FLOP *** [Qc 2s Jd]
BigYelloFish: checks
simper11: bets $3
BigYelloFish: folds
Uncalled bet ($3) returned to simper11
simper11 collected $11.76 from pot
simper11: doesn't show hand
*** SUMMARY ***
Total pot $12 | Rake $0.24
Board [Qc 2s Jd]
Seat 1: BigYelloFish (big blind) folded on the Flop
Seat 2: simper11 (button) (small blind) collected ($11.76)


PokerStars Hand #145761247852:  Hold'em Limit ($3/$6 USD) - 2015/12/22 16:46:54 ET
Table 'Hassaleh' 2-max Seat #1 is the button
Seat 1: BigYelloFish ($213.24 in chips)
Seat 2: simper11 ($154.25 in chips)
BigYelloFish: posts small blind $1
simper11: posts big blind $3
*** HOLE CARDS ***
BigYelloFish: raises $3 to $6
simper11: calls $3
*** FLOP *** [4h 4d 5s]
simper11: checks
BigYelloFish: bets $3
simper11: calls $3
*** TURN *** [4h 4d 5s] [2s]
simper11: checks
BigYelloFish: bets $6
simper11: calls $6
*** RIVER *** [4h 4d 5s 2s] [Jd]
simper11: checks
BigYelloFish: bets $6
simper11: calls $6
*** SHOW DOWN ***
BigYelloFish: shows [As Ac] (two pair, Aces and Fours)
simper11: mucks hand
BigYelloFish collected $41.50 from pot
*** SUMMARY ***
Total pot $42 | Rake $0.50
Board [4h 4d 5s 2s Jd]
Seat 1: BigYelloFish (button) (small blind) showed [As Ac] and won ($41.50) with two pair, Aces and Fours
Seat 2: simper11 (big blind) mucked


PokerStars Hand #145761233612:  Hold'em Limit ($3/$6 USD) - 2015/12/22 16:46:40 ET
Table 'Hassaleh' 2-max Seat #2 is the button
Seat 1: BigYelloFish ($243.24 in chips)
Seat 2: simper11 ($124.75 in chips)
simper11: posts small blind $1
BigYelloFish: posts big blind $3
*** HOLE CARDS ***
simper11: raises $3 to $6
BigYelloFish: calls $3
*** FLOP *** [6h Td 5h]
BigYelloFish: checks
simper11: bets $3
BigYelloFish: raises $3 to $6
simper11: calls $3
*** TURN *** [6h Td 5h] [Qd]
BigYelloFish: bets $6
simper11: raises $6 to $12
BigYelloFish: calls $6
*** RIVER *** [6h Td 5h Qd] [5s]
BigYelloFish: checks
simper11: bets $6
BigYelloFish: calls $6
*** SHOW DOWN ***
simper11: shows [Ts Kh] (two pair, Tens and Fives)
BigYelloFish: mucks hand
simper11 collected $59.50 from pot
*** SUMMARY ***
Total pot $60 | Rake $0.50
Board [6h Td 5h Qd 5s]
Seat 1: BigYelloFish (big blind) mucked
Seat 2: simper11 (button) (small blind) showed [Ts Kh] and won ($59.50) with two pair, Tens and Fives


PokerStars Hand #145761293167:  Hold'em Limit ($3/$6 USD) - 2015/12/22 16:47:40 ET
Table 'Hassaleh' 2-max Seat #1 is the button
Seat 1: BigYelloFish ($244.99 in chips)
Seat 2: simper11 ($120.76 in chips)
BigYelloFish: posts small blind $1
simper11: posts big blind $3
*** HOLE CARDS ***
BigYelloFish: raises $3 to $6
simper11: raises $3 to $9
BigYelloFish: calls $3
*** FLOP *** [Qc 2s Jc]
simper11: bets $3
BigYelloFish: folds
Uncalled bet ($3) returned to simper11
simper11 collected $17.64 from pot
simper11: doesn't show hand
*** SUMMARY ***
Total pot $18 | Rake $0.36
Board [Qc 2s Jc]
Seat 1: BigYelloFish (button) (small blind) folded on the Flop
Seat 2: simper11 (big blind) collected ($17.64)


PokerStars Hand #145761301124:  Hold'em Limit ($3/$6 USD) - 2015/12/22 16:47:47 ET
Table 'Hassaleh' 2-max Seat #2 is the button
Seat 1: BigYelloFish ($235.99 in chips)
Seat 2: simper11 ($129.40 in chips)
simper11: posts small blind $1
BigYelloFish: posts big blind $3
*** HOLE CARDS ***
simper11: raises $3 to $6
BigYelloFish: raises $3 to $9
simper11: calls $3
*** FLOP *** [2c 7c 7d]
BigYelloFish: bets $3
simper11: calls $3
*** TURN *** [2c 7c 7d] [Kh]
BigYelloFish: bets $6
simper11: raises $6 to $12
BigYelloFish: calls $6
*** RIVER *** [2c 7c 7d Kh] [3s]
BigYelloFish: checks
simper11: bets $6
BigYelloFish: calls $6
*** SHOW DOWN ***
simper11: shows [Qh 7h] (three of a kind, Sevens)
BigYelloFish: mucks hand
simper11 collected $59.50 from pot
*** SUMMARY ***
Total pot $60 | Rake $0.50
Board [2c 7c 7d Kh 3s]
Seat 1: BigYelloFish (big blind) mucked
Seat 2: simper11 (button) (small blind) showed [Qh 7h] and won ($59.50) with three of a kind, Sevens


PokerStars Hand #145761420045:  Hold'em Limit ($3/$6 USD) - 2015/12/22 16:49:46 ET
Table 'Hassaleh' 2-max Seat #2 is the button
Seat 1: BigYelloFish ($187.99 in chips)
Seat 2: simper11 ($176.40 in chips)
simper11: posts small blind $1
BigYelloFish: posts big blind $3
*** HOLE CARDS ***
simper11: folds
Uncalled bet ($2) returned to BigYelloFish
BigYelloFish collected $2 from pot
BigYelloFish: doesn't show hand
*** SUMMARY ***
Total pot $2 | Rake $0
Seat 1: BigYelloFish (big blind) collected ($2)
Seat 2: simper11 (button) (small blind) folded before Flop


PokerStars Hand #145761373476:  Hold'em Limit ($3/$6 USD) - 2015/12/22 16:48:59 ET
Table 'Hassaleh' 2-max Seat #1 is the button
Seat 1: BigYelloFish ($205.99 in chips)
Seat 2: simper11 ($158.90 in chips)
BigYelloFish: posts small blind $1
simper11: posts big blind $3
*** HOLE CARDS ***
BigYelloFish: raises $3 to $6
simper11: calls $3
*** FLOP *** [3c 7s 6c]
simper11: checks
BigYelloFish: bets $3
simper11: raises $3 to $6
BigYelloFish: calls $3
*** TURN *** [3c 7s 6c] [2d]
simper11: bets $6
BigYelloFish: calls $6
*** RIVER *** [3c 7s 6c 2d] [8s]
simper11: bets $6
BigYelloFish: folds
Uncalled bet ($6) returned to simper11
simper11 collected $35.50 from pot
simper11: doesn't show hand
*** SUMMARY ***
Total pot $36 | Rake $0.50
Board [3c 7s 6c 2d 8s]
Seat 1: BigYelloFish (button) (small blind) folded on the River
Seat 2: simper11 (big blind) collected ($35.50)


PokerStars Hand #145761424494:  Hold'em Limit ($3/$6 USD) - 2015/12/22 16:49:50 ET
Table 'Hassaleh' 2-max Seat #1 is the button
Seat 1: BigYelloFish ($188.99 in chips)
Seat 2: simper11 ($175.40 in chips)
BigYelloFish: posts small blind $1
simper11: posts big blind $3
*** HOLE CARDS ***
BigYelloFish: raises $3 to $6
simper11: folds
Uncalled bet ($3) returned to BigYelloFish
BigYelloFish collected $6 from pot
BigYelloFish: doesn't show hand
*** SUMMARY ***
Total pot $6 | Rake $0
Seat 1: BigYelloFish (button) (small blind) collected ($6)
Seat 2: simper11 (big blind) folded before Flop


PokerStars Hand #145761432668:  Hold'em Limit ($3/$6 USD) - 2015/12/22 16:49:58 ET
Table 'Hassaleh' 2-max Seat #2 is the button
Seat 1: BigYelloFish ($191.99 in chips)
Seat 2: simper11 ($172.40 in chips)
simper11: posts small blind $1
BigYelloFish: posts big blind $3
*** HOLE CARDS ***
simper11: raises $3 to $6
BigYelloFish: raises $3 to $9
simper11: calls $3
*** FLOP *** [Kh 7h Jh]
BigYelloFish: bets $3
simper11: calls $3
*** TURN *** [Kh 7h Jh] [8d]
BigYelloFish: bets $6
simper11: calls $6
*** RIVER *** [Kh 7h Jh 8d] [Ah]
BigYelloFish: checks
simper11: bets $6
BigYelloFish: calls $6
*** SHOW DOWN ***
simper11: shows [Ts Qd] (a straight, Ten to Ace)
BigYelloFish: mucks hand
simper11 collected $47.50 from pot
*** SUMMARY ***
Total pot $48 | Rake $0.50
Board [Kh 7h Jh 8d Ah]
Seat 1: BigYelloFish (big blind) mucked
Seat 2: simper11 (button) (small blind) showed [Ts Qd] and won ($47.50) with a straight, Ten to Ace


PokerStars Hand #145761445967:  Hold'em Limit ($3/$6 USD) - 2015/12/22 16:50:12 ET
Table 'Hassaleh' 2-max Seat #1 is the button
Seat 1: BigYelloFish ($167.99 in chips)
Seat 2: simper11 ($195.90 in chips)
BigYelloFish: posts small blind $1
simper11: posts big blind $3
*** HOLE CARDS ***
BigYelloFish: raises $3 to $6
simper11: calls $3
*** FLOP *** [As 3d 7c]
simper11: checks
BigYelloFish: bets $3
simper11: calls $3
*** TURN *** [As 3d 7c] [8c]
simper11: checks
BigYelloFish: bets $6
simper11: folds
Uncalled bet ($6) returned to BigYelloFish
BigYelloFish collected $17.64 from pot
BigYelloFish: doesn't show hand
*** SUMMARY ***
Total pot $18 | Rake $0.36
Board [As 3d 7c 8c]
Seat 1: BigYelloFish (button) (small blind) collected ($17.64)
Seat 2: simper11 (big blind) folded on the Turn


PokerStars Hand #145761460126:  Hold'em Limit ($3/$6 USD) - 2015/12/22 16:50:26 ET
Table 'Hassaleh' 2-max Seat #1 is the button
Seat 1: BigYelloFish ($177.63 in chips)
Seat 2: simper11 ($185.90 in chips)
BigYelloFish: posts small blind $1
simper11: posts big blind $3
*** HOLE CARDS ***
BigYelloFish: raises $3 to $6
simper11: calls $3
*** FLOP *** [7d Td 2h]
simper11: checks
BigYelloFish: bets $3
simper11: folds
Uncalled bet ($3) returned to BigYelloFish
BigYelloFish collected $11.76 from pot
BigYelloFish: doesn't show hand
*** SUMMARY ***
Total pot $12 | Rake $0.24
Board [7d Td 2h]
Seat 1: BigYelloFish (button) (small blind) collected ($11.76)
Seat 2: simper11 (big blind) folded on the Flop


PokerStars Hand #145761455542:  Hold'em Limit ($3/$6 USD) - 2015/12/22 16:50:22 ET
Table 'Hassaleh' 2-max Seat #2 is the button
Seat 1: BigYelloFish ($176.63 in chips)
Seat 2: simper11 ($186.90 in chips)
simper11: posts small blind $1
BigYelloFish: posts big blind $3
*** HOLE CARDS ***
simper11: folds
Uncalled bet ($2) returned to BigYelloFish
BigYelloFish collected $2 from pot
BigYelloFish: doesn't show hand
*** SUMMARY ***
Total pot $2 | Rake $0
Seat 1: BigYelloFish (big blind) collected ($2)
Seat 2: simper11 (button) (small blind) folded before Flop


PokerStars Hand #145761473294:  Hold'em Limit ($3/$6 USD) - 2015/12/22 16:50:39 ET
Table 'Hassaleh' 2-max Seat #1 is the button
Seat 1: BigYelloFish ($184.39 in chips)
Seat 2: simper11 ($178.90 in chips)
BigYelloFish: posts small blind $1
simper11: posts big blind $3
*** HOLE CARDS ***
BigYelloFish: folds
Uncalled bet ($2) returned to simper11
simper11 collected $2 from pot
simper11: doesn't show hand
*** SUMMARY ***
Total pot $2 | Rake $0
Seat 1: BigYelloFish (button) (small blind) folded before Flop
Seat 2: simper11 (big blind) collected ($2)


PokerStars Hand #145761468431:  Hold'em Limit ($3/$6 USD) - 2015/12/22 16:50:34 ET
Table 'Hassaleh' 2-max Seat #2 is the button
Seat 1: BigYelloFish ($183.39 in chips)
Seat 2: simper11 ($179.90 in chips)
simper11: posts small blind $1
BigYelloFish: posts big blind $3
*** HOLE CARDS ***
simper11: folds
Uncalled bet ($2) returned to BigYelloFish
BigYelloFish collected $2 from pot
BigYelloFish: doesn't show hand
*** SUMMARY ***
Total pot $2 | Rake $0
Seat 1: BigYelloFish (big blind) collected ($2)
Seat 2: simper11 (button) (small blind) folded before Flop


PokerStars Hand #145761477976:  Hold'em Limit ($3/$6 USD) - 2015/12/22 16:50:44 ET
Table 'Hassaleh' 2-max Seat #2 is the button
Seat 1: BigYelloFish ($183.39 in chips)
Seat 2: simper11 ($179.90 in chips)
simper11: posts small blind $1
BigYelloFish: posts big blind $3
*** HOLE CARDS ***
simper11: folds
Uncalled bet ($2) returned to BigYelloFish
BigYelloFish collected $2 from pot
BigYelloFish: doesn't show hand
*** SUMMARY ***
Total pot $2 | Rake $0
Seat 1: BigYelloFish (big blind) collected ($2)
Seat 2: simper11 (button) (small blind) folded before Flop


PokerStars Hand #145761482685:  Hold'em Limit ($3/$6 USD) - 2015/12/22 16:50:49 ET
Table 'Hassaleh' 2-max Seat #1 is the button
Seat 1: BigYelloFish ($184.39 in chips)
Seat 2: simper11 ($178.90 in chips)
BigYelloFish: posts small blind $1
simper11: posts big blind $3
*** HOLE CARDS ***
BigYelloFish: raises $3 to $6
simper11: calls $3
*** FLOP *** [Kh Qs 9c]
simper11: checks
BigYelloFish: checks
*** TURN *** [Kh Qs 9c] [8d]
simper11: bets $6
BigYelloFish: folds
Uncalled bet ($6) returned to simper11
simper11 collected $11.76 from pot
simper11: doesn't show hand
*** SUMMARY ***
Total pot $12 | Rake $0.24
Board [Kh Qs 9c 8d]
Seat 1: BigYelloFish (button) (small blind) folded on the Turn
Seat 2: simper11 (big blind) collected ($11.76)


PokerStars Hand #145761491456:  Hold'em Limit ($3/$6 USD) - 2015/12/22 16:50:57 ET
Table 'Hassaleh' 2-max Seat #2 is the button
Seat 1: BigYelloFish ($178.39 in chips)
Seat 2: simper11 ($184.66 in chips)
simper11: posts small blind $1
BigYelloFish: posts big blind $3
*** HOLE CARDS ***
simper11: raises $3 to $6
BigYelloFish: calls $3
*** FLOP *** [Jc Kc 7c]
BigYelloFish: checks
simper11: bets $3
BigYelloFish: raises $3 to $6
simper11: folds
Uncalled bet ($3) returned to BigYelloFish
BigYelloFish collected $17.64 from pot
BigYelloFish: doesn't show hand
*** SUMMARY ***
Total pot $18 | Rake $0.36
Board [Jc Kc 7c]
Seat 1: BigYelloFish (big blind) collected ($17.64)
Seat 2: simper11 (button) (small blind) folded on the Flop


PokerStars Hand #145761511881:  Hold'em Limit ($3/$6 USD) - 2015/12/22 16:51:18 ET
Table 'Hassaleh' 2-max Seat #2 is the button
Seat 1: BigYelloFish ($201.53 in chips)
Seat 2: simper11 ($160.66 in chips)
simper11: posts small blind $1
BigYelloFish: posts big blind $3
*** HOLE CARDS ***
simper11: raises $3 to $6
BigYelloFish: folds
Uncalled bet ($3) returned to simper11
simper11 collected $6 from pot
simper11: doesn't show hand
*** SUMMARY ***
Total pot $6 | Rake $0
Seat 1: BigYelloFish (big blind) folded before Flop
Seat 2: simper11 (button) (small blind) collected ($6)


PokerStars Hand #145761500213:  Hold'em Limit ($3/$6 USD) - 2015/12/22 16:51:06 ET
Table 'Hassaleh' 2-max Seat #1 is the button
Seat 1: BigYelloFish ($187.03 in chips)
Seat 2: simper11 ($175.66 in chips)
BigYelloFish: posts small blind $1
simper11: posts big blind $3
*** HOLE CARDS ***
BigYelloFish: raises $3 to $6
simper11: calls $3
*** FLOP *** [Td 3s Kh]
simper11: checks
BigYelloFish: bets $3
simper11: calls $3
*** TURN *** [Td 3s Kh] [7d]
simper11: checks
BigYelloFish: checks
*** RIVER *** [Td 3s Kh 7d] [9d]
simper11: bets $6
BigYelloFish: calls $6
*** SHOW DOWN ***
simper11: shows [As 7h] (a pair of Sevens)
BigYelloFish: shows [5s 9c] (a pair of Nines)
BigYelloFish collected $29.50 from pot
*** SUMMARY ***
Total pot $30 | Rake $0.50
Board [Td 3s Kh 7d 9d]
Seat 1: BigYelloFish (button) (small blind) showed [5s 9c] and won ($29.50) with a pair of Nines
Seat 2: simper11 (big blind) showed [As 7h] and lost with a pair of Sevens


PokerStars Hand #145761530597:  Hold'em Limit ($3/$6 USD) - 2015/12/22 16:51:37 ET
Table 'Hassaleh' 2-max Seat #2 is the button
Seat 1: BigYelloFish ($219.03 in chips)
Seat 2: simper11 ($142.66 in chips)
simper11: posts small blind $1
BigYelloFish: posts big blind $3
*** HOLE CARDS ***
simper11: raises $3 to $6
BigYelloFish: calls $3
*** FLOP *** [5d Jd Jc]
BigYelloFish: checks
simper11: bets $3
BigYelloFish: folds
Uncalled bet ($3) returned to simper11
simper11 collected $11.76 from pot
simper11: doesn't show hand
*** SUMMARY ***
Total pot $12 | Rake $0.24
Board [5d Jd Jc]
Seat 1: BigYelloFish (big blind) folded on the Flop
Seat 2: simper11 (button) (small blind) collected ($11.76)


PokerStars Hand #145761517206:  Hold'em Limit ($3/$6 USD) - 2015/12/22 16:51:23 ET
Table 'Hassaleh' 2-max Seat #1 is the button
Seat 1: BigYelloFish ($198.53 in chips)
Seat 2: simper11 ($163.66 in chips)
BigYelloFish: posts small blind $1
simper11: posts big blind $3
*** HOLE CARDS ***
BigYelloFish: raises $3 to $6
simper11: calls $3
*** FLOP *** [Js Td 4h]
simper11: checks
BigYelloFish: bets $3
simper11: calls $3
*** TURN *** [Js Td 4h] [3s]
simper11: checks
BigYelloFish: bets $6
simper11: calls $6
*** RIVER *** [Js Td 4h 3s] [8d]
simper11: checks
BigYelloFish: bets $6
simper11: calls $6
*** SHOW DOWN ***
BigYelloFish: shows [Th 8c] (two pair, Tens and Eights)
simper11: mucks hand
BigYelloFish collected $41.50 from pot
*** SUMMARY ***
Total pot $42 | Rake $0.50
Board [Js Td 4h 3s 8d]
Seat 1: BigYelloFish (button) (small blind) showed [Th 8c] and won ($41.50) with two pair, Tens and Eights
Seat 2: simper11 (big blind) mucked


PokerStars Hand #145761537897:  Hold'em Limit ($3/$6 USD) - 2015/12/22 16:51:44 ET
Table 'Hassaleh' 2-max Seat #1 is the button
Seat 1: BigYelloFish ($213.03 in chips)
Seat 2: simper11 ($148.42 in chips)
BigYelloFish: posts small blind $1
simper11: posts big blind $3
*** HOLE CARDS ***
BigYelloFish: raises $3 to $6
simper11: calls $3
*** FLOP *** [2c 3c 8h]
simper11: checks
BigYelloFish: bets $3
simper11: calls $3
*** TURN *** [2c 3c 8h] [6s]
simper11: checks
BigYelloFish: bets $6
simper11: folds
Uncalled bet ($6) returned to BigYelloFish
BigYelloFish collected $17.64 from pot
BigYelloFish: doesn't show hand
*** SUMMARY ***
Total pot $18 | Rake $0.36
Board [2c 3c 8h 6s]
Seat 1: BigYelloFish (button) (small blind) collected ($17.64)
Seat 2: simper11 (big blind) folded on the Turn


PokerStars Hand #145761552926:  Hold'em Limit ($3/$6 USD) - 2015/12/22 16:51:59 ET
Table 'Hassaleh' 2-max Seat #1 is the button
Seat 1: BigYelloFish ($218.67 in chips)
Seat 2: simper11 ($142.42 in chips)
BigYelloFish: posts small blind $1
simper11: posts big blind $3
*** HOLE CARDS ***
BigYelloFish: raises $3 to $6
simper11: folds
Uncalled bet ($3) returned to BigYelloFish
BigYelloFish collected $6 from pot
BigYelloFish: doesn't show hand
*** SUMMARY ***
Total pot $6 | Rake $0
Seat 1: BigYelloFish (button) (small blind) collected ($6)
Seat 2: simper11 (big blind) folded before Flop


PokerStars Hand #145761548126:  Hold'em Limit ($3/$6 USD) - 2015/12/22 16:51:54 ET
Table 'Hassaleh' 2-max Seat #2 is the button
Seat 1: BigYelloFish ($221.67 in chips)
Seat 2: simper11 ($139.42 in chips)
simper11: posts small blind $1
BigYelloFish: posts big blind $3
*** HOLE CARDS ***
simper11: raises $3 to $6
BigYelloFish: folds
Uncalled bet ($3) returned to simper11
simper11 collected $6 from pot
simper11: doesn't show hand
*** SUMMARY ***
Total pot $6 | Rake $0
Seat 1: BigYelloFish (big blind) folded before Flop
Seat 2: simper11 (button) (small blind) collected ($6)


PokerStars Hand #145761570037:  Hold'em Limit ($3/$6 USD) - 2015/12/22 16:52:16 ET
Table 'Hassaleh' 2-max Seat #1 is the button
Seat 1: BigYelloFish ($245.17 in chips)
Seat 2: simper11 ($120 in chips)
BigYelloFish: posts small blind $1
simper11: posts big blind $3
*** HOLE CARDS ***
BigYelloFish: raises $3 to $6
simper11: raises $3 to $9
BigYelloFish: calls $3
*** FLOP *** [As 3h Qc]
simper11: bets $3
BigYelloFish: folds
Uncalled bet ($3) returned to simper11
simper11 collected $17.64 from pot
simper11: doesn't show hand
*** SUMMARY ***
Total pot $18 | Rake $0.36
Board [As 3h Qc]
Seat 1: BigYelloFish (button) (small blind) folded on the Flop
Seat 2: simper11 (big blind) collected ($17.64)


PokerStars Hand #145761557907:  Hold'em Limit ($3/$6 USD) - 2015/12/22 16:52:04 ET
Table 'Hassaleh' 2-max Seat #2 is the button
Seat 1: BigYelloFish ($221.67 in chips)
Seat 2: simper11 ($139.42 in chips)
simper11: posts small blind $1
BigYelloFish: posts big blind $3
*** HOLE CARDS ***
simper11: raises $3 to $6
BigYelloFish: raises $3 to $9
simper11: calls $3
*** FLOP *** [Ts Tc 3h]
BigYelloFish: bets $3
simper11: calls $3
*** TURN *** [Ts Tc 3h] [4h]
BigYelloFish: bets $6
simper11: raises $6 to $12
BigYelloFish: calls $6
*** RIVER *** [Ts Tc 3h 4h] [Ad]
BigYelloFish: checks
simper11: checks
*** SHOW DOWN ***
BigYelloFish: shows [Kh Ac] (two pair, Aces and Tens)
simper11: mucks hand
BigYelloFish collected $47.50 from pot
*** SUMMARY ***
Total pot $48 | Rake $0.50
Board [Ts Tc 3h 4h Ad]
Seat 1: BigYelloFish (big blind) showed [Kh Ac] and won ($47.50) with two pair, Aces and Tens
Seat 2: simper11 (button) (small blind) mucked


PokerStars Hand #145761578015:  Hold'em Limit ($3/$6 USD) - 2015/12/22 16:52:24 ET
Table 'Hassaleh' 2-max Seat #2 is the button
Seat 1: BigYelloFish ($236.17 in chips)
Seat 2: simper11 ($128.64 in chips)
simper11: posts small blind $1
BigYelloFish: posts big blind $3
*** HOLE CARDS ***
simper11: folds
Uncalled bet ($2) returned to BigYelloFish
BigYelloFish collected $2 from pot
BigYelloFish: doesn't show hand
*** SUMMARY ***
Total pot $2 | Rake $0
Seat 1: BigYelloFish (big blind) collected ($2)
Seat 2: simper11 (button) (small blind) folded before Flop


PokerStars Hand #145761594217:  Hold'em Limit ($3/$6 USD) - 2015/12/22 16:52:40 ET
Table 'Hassaleh' 2-max Seat #2 is the button
Seat 1: BigYelloFish ($251.67 in chips)
Seat 2: simper11 ($120 in chips)
simper11: posts small blind $1
BigYelloFish: posts big blind $3
*** HOLE CARDS ***
simper11: folds
Uncalled bet ($2) returned to BigYelloFish
BigYelloFish collected $2 from pot
BigYelloFish: doesn't show hand
*** SUMMARY ***
Total pot $2 | Rake $0
Seat 1: BigYelloFish (big blind) collected ($2)
Seat 2: simper11 (button) (small blind) folded before Flop


PokerStars Hand #145761582701:  Hold'em Limit ($3/$6 USD) - 2015/12/22 16:52:29 ET
Table 'Hassaleh' 2-max Seat #1 is the button
Seat 1: BigYelloFish ($237.17 in chips)
Seat 2: simper11 ($127.64 in chips)
BigYelloFish: posts small blind $1
simper11: posts big blind $3
*** HOLE CARDS ***
BigYelloFish: raises $3 to $6
simper11: calls $3
*** FLOP *** [9h 3h 7s]
simper11: checks
BigYelloFish: bets $3
simper11: calls $3
*** TURN *** [9h 3h 7s] [Jd]
simper11: checks
BigYelloFish: checks
*** RIVER *** [9h 3h 7s Jd] [8c]
simper11: bets $6
BigYelloFish: calls $6
*** SHOW DOWN ***
simper11: shows [Ad 2h] (high card Ace)
BigYelloFish: shows [7c 8s] (two pair, Eights and Sevens)
BigYelloFish collected $29.50 from pot
*** SUMMARY ***
Total pot $30 | Rake $0.50
Board [9h 3h 7s Jd 8c]
Seat 1: BigYelloFish (button) (small blind) showed [7c 8s] and won ($29.50) with two pair, Eights and Sevens
Seat 2: simper11 (big blind) showed [Ad 2h] and lost with high card Ace


PokerStars Hand #145761603260:  Hold'em Limit ($3/$6 USD) - 2015/12/22 16:52:50 ET
Table 'Hassaleh' 2-max Seat #2 is the button
Seat 1: BigYelloFish ($251.67 in chips)
Seat 2: simper11 ($121 in chips)
simper11: posts small blind $1
BigYelloFish: posts big blind $3
*** HOLE CARDS ***
simper11: folds
Uncalled bet ($2) returned to BigYelloFish
BigYelloFish collected $2 from pot
BigYelloFish: doesn't show hand
*** SUMMARY ***
Total pot $2 | Rake $0
Seat 1: BigYelloFish (big blind) collected ($2)
Seat 2: simper11 (button) (small blind) folded before Flop


PokerStars Hand #145761598576:  Hold'em Limit ($3/$6 USD) - 2015/12/22 16:52:45 ET
Table 'Hassaleh' 2-max Seat #1 is the button
Seat 1: BigYelloFish ($252.67 in chips)
Seat 2: simper11 ($120 in chips)
BigYelloFish: posts small blind $1
simper11: posts big blind $3
*** HOLE CARDS ***
BigYelloFish: folds
Uncalled bet ($2) returned to simper11
simper11 collected $2 from pot
simper11: doesn't show hand
*** SUMMARY ***
Total pot $2 | Rake $0
Seat 1: BigYelloFish (button) (small blind) folded before Flop
Seat 2: simper11 (big blind) collected ($2)


PokerStars Hand #145761608222:  Hold'em Limit ($3/$6 USD) - 2015/12/22 16:52:55 ET
Table 'Hassaleh' 2-max Seat #1 is the button
Seat 1: BigYelloFish ($252.67 in chips)
Seat 2: simper11 ($120 in chips)
BigYelloFish: posts small blind $1
simper11: posts big blind $3
*** HOLE CARDS ***
BigYelloFish: raises $3 to $6
simper11: raises $3 to $9
BigYelloFish: calls $3
*** FLOP *** [Ts 3s Kc]
simper11: bets $3
BigYelloFish: folds
Uncalled bet ($3) returned to simper11
simper11 collected $17.64 from pot
simper11: doesn't show hand
*** SUMMARY ***
Total pot $18 | Rake $0.36
Board [Ts 3s Kc]
Seat 1: BigYelloFish (button) (small blind) folded on the Flop
Seat 2: simper11 (big blind) collected ($17.64)


PokerStars Hand #145761616399:  Hold'em Limit ($3/$6 USD) - 2015/12/22 16:53:03 ET
Table 'Hassaleh' 2-max Seat #2 is the button
Seat 1: BigYelloFish ($243.67 in chips)
Seat 2: simper11 ($128.64 in chips)
simper11: posts small blind $1
BigYelloFish: posts big blind $3
*** HOLE CARDS ***
simper11: raises $3 to $6
BigYelloFish: calls $3
*** FLOP *** [As 4s Jd]
BigYelloFish: checks
simper11: bets $3
BigYelloFish: calls $3
*** TURN *** [As 4s Jd] [7s]
BigYelloFish: checks
simper11: bets $6
BigYelloFish: folds
Uncalled bet ($6) returned to simper11
simper11 collected $17.64 from pot
simper11: doesn't show hand
*** SUMMARY ***
Total pot $18 | Rake $0.36
Board [As 4s Jd 7s]
Seat 1: BigYelloFish (big blind) folded on the Turn
Seat 2: simper11 (button) (small blind) collected ($17.64)


PokerStars Hand #145761631867:  Hold'em Limit ($3/$6 USD) - 2015/12/22 16:53:19 ET
Table 'Hassaleh' 2-max Seat #2 is the button
Seat 1: BigYelloFish ($237.67 in chips)
Seat 2: simper11 ($134.28 in chips)
simper11: posts small blind $1
BigYelloFish: posts big blind $3
*** HOLE CARDS ***
simper11: folds
Uncalled bet ($2) returned to BigYelloFish
BigYelloFish collected $2 from pot
BigYelloFish: doesn't show hand
*** SUMMARY ***
Total pot $2 | Rake $0
Seat 1: BigYelloFish (big blind) collected ($2)
Seat 2: simper11 (button) (small blind) folded before Flop


PokerStars Hand #145761625754:  Hold'em Limit ($3/$6 USD) - 2015/12/22 16:53:12 ET
Table 'Hassaleh' 2-max Seat #1 is the button
Seat 1: BigYelloFish ($234.67 in chips)
Seat 2: simper11 ($137.28 in chips)
BigYelloFish: posts small blind $1
simper11: posts big blind $3
*** HOLE CARDS ***
BigYelloFish: raises $3 to $6
simper11: folds
Uncalled bet ($3) returned to BigYelloFish
BigYelloFish collected $6 from pot
BigYelloFish: doesn't show hand
*** SUMMARY ***
Total pot $6 | Rake $0
Seat 1: BigYelloFish (button) (small blind) collected ($6)
Seat 2: simper11 (big blind) folded before Flop


PokerStars Hand #145761645193:  Hold'em Limit ($3/$6 USD) - 2015/12/22 16:53:32 ET
Table 'Hassaleh' 2-max Seat #2 is the button
Seat 1: BigYelloFish ($232.67 in chips)
Seat 2: simper11 ($139.04 in chips)
simper11: posts small blind $1
BigYelloFish: posts big blind $3
*** HOLE CARDS ***
simper11: folds
Uncalled bet ($2) returned to BigYelloFish
BigYelloFish collected $2 from pot
BigYelloFish: doesn't show hand
*** SUMMARY ***
Total pot $2 | Rake $0
Seat 1: BigYelloFish (big blind) collected ($2)
Seat 2: simper11 (button) (small blind) folded before Flop


PokerStars Hand #145761636280:  Hold'em Limit ($3/$6 USD) - 2015/12/22 16:53:23 ET
Table 'Hassaleh' 2-max Seat #1 is the button
Seat 1: BigYelloFish ($238.67 in chips)
Seat 2: simper11 ($133.28 in chips)
BigYelloFish: posts small blind $1
simper11: posts big blind $3
*** HOLE CARDS ***
BigYelloFish: raises $3 to $6
simper11: calls $3
*** FLOP *** [7h 4c 6d]
simper11: checks
BigYelloFish: checks
*** TURN *** [7h 4c 6d] [Kd]
simper11: bets $6
BigYelloFish: folds
Uncalled bet ($6) returned to simper11
simper11 collected $11.76 from pot
simper11: doesn't show hand
*** SUMMARY ***
Total pot $12 | Rake $0.24
Board [7h 4c 6d Kd]
Seat 1: BigYelloFish (button) (small blind) folded on the Turn
Seat 2: simper11 (big blind) collected ($11.76)


PokerStars Hand #145761649618:  Hold'em Limit ($3/$6 USD) - 2015/12/22 16:53:36 ET
Table 'Hassaleh' 2-max Seat #1 is the button
Seat 1: BigYelloFish ($233.67 in chips)
Seat 2: simper11 ($138.04 in chips)
BigYelloFish: posts small blind $1
simper11: posts big blind $3
*** HOLE CARDS ***
BigYelloFish: raises $3 to $6
simper11: folds
Uncalled bet ($3) returned to BigYelloFish
BigYelloFish collected $6 from pot
BigYelloFish: doesn't show hand
*** SUMMARY ***
Total pot $6 | Rake $0
Seat 1: BigYelloFish (button) (small blind) collected ($6)
Seat 2: simper11 (big blind) folded before Flop


PokerStars Hand #145761654356:  Hold'em Limit ($3/$6 USD) - 2015/12/22 16:53:41 ET
Table 'Hassaleh' 2-max Seat #2 is the button
Seat 1: BigYelloFish ($236.67 in chips)
Seat 2: simper11 ($135.04 in chips)
simper11: posts small blind $1
BigYelloFish: posts big blind $3
*** HOLE CARDS ***
simper11: raises $3 to $6
BigYelloFish: raises $3 to $9
simper11: calls $3
*** FLOP *** [6d 2h 2c]
BigYelloFish: bets $3
simper11: calls $3
*** TURN *** [6d 2h 2c] [Ah]
BigYelloFish: bets $6
simper11: raises $6 to $12
BigYelloFish: folds
Uncalled bet ($6) returned to simper11
simper11 collected $35.50 from pot
simper11: doesn't show hand
*** SUMMARY ***
Total pot $36 | Rake $0.50
Board [6d 2h 2c Ah]
Seat 1: BigYelloFish (big blind) folded on the Turn
Seat 2: simper11 (button) (small blind) collected ($35.50)


PokerStars Hand #145761665148:  Hold'em Limit ($3/$6 USD) - 2015/12/22 16:53:52 ET
Table 'Hassaleh' 2-max Seat #1 is the button
Seat 1: BigYelloFish ($218.67 in chips)
Seat 2: simper11 ($152.54 in chips)
BigYelloFish: posts small blind $1
simper11: posts big blind $3
*** HOLE CARDS ***
BigYelloFish: raises $3 to $6
simper11: calls $3
*** FLOP *** [2c 5c 6h]
simper11: checks
BigYelloFish: bets $3
simper11: calls $3
*** TURN *** [2c 5c 6h] [As]
simper11: checks
BigYelloFish: bets $6
simper11: folds
Uncalled bet ($6) returned to BigYelloFish
BigYelloFish collected $17.64 from pot
BigYelloFish: doesn't show hand
*** SUMMARY ***
Total pot $18 | Rake $0.36
Board [2c 5c 6h As]
Seat 1: BigYelloFish (button) (small blind) collected ($17.64)
Seat 2: simper11 (big blind) folded on the Turn


PokerStars Hand #145761676011:  Hold'em Limit ($3/$6 USD) - 2015/12/22 16:54:03 ET
Table 'Hassaleh' 2-max Seat #2 is the button
Seat 1: BigYelloFish ($227.31 in chips)
Seat 2: simper11 ($143.54 in chips)
simper11: posts small blind $1
BigYelloFish: posts big blind $3
*** HOLE CARDS ***
simper11: raises $3 to $6
BigYelloFish: raises $3 to $9
simper11: calls $3
*** FLOP *** [8d 7h Ks]
BigYelloFish: bets $3
simper11: calls $3
*** TURN *** [8d 7h Ks] [6s]
BigYelloFish: bets $6
simper11: calls $6
*** RIVER *** [8d 7h Ks 6s] [9d]
BigYelloFish: bets $6
simper11: raises $6 to $12
BigYelloFish: folds
Uncalled bet ($6) returned to simper11
simper11 collected $47.50 from pot
simper11: doesn't show hand
*** SUMMARY ***
Total pot $48 | Rake $0.50
Board [8d 7h Ks 6s 9d]
Seat 1: BigYelloFish (big blind) folded on the River
Seat 2: simper11 (button) (small blind) collected ($47.50)


PokerStars Hand #145761688947:  Hold'em Limit ($3/$6 USD) - 2015/12/22 16:54:16 ET
Table 'Hassaleh' 2-max Seat #1 is the button
Seat 1: BigYelloFish ($203.31 in chips)
Seat 2: simper11 ($167.04 in chips)
BigYelloFish: posts small blind $1
simper11: posts big blind $3
*** HOLE CARDS ***
BigYelloFish: raises $3 to $6
simper11: raises $3 to $9
BigYelloFish: calls $3
*** FLOP *** [Qd 2h 4c]
simper11: bets $3
BigYelloFish: raises $3 to $6
simper11: calls $3
*** TURN *** [Qd 2h 4c] [7c]
simper11: checks
BigYelloFish: bets $6
simper11: calls $6
*** RIVER *** [Qd 2h 4c 7c] [Qc]
simper11: checks
BigYelloFish: bets $6
simper11: calls $6
*** SHOW DOWN ***
BigYelloFish: shows [Ks 4h] (two pair, Queens and Fours)
simper11: mucks hand
BigYelloFish collected $53.50 from pot
*** SUMMARY ***
Total pot $54 | Rake $0.50
Board [Qd 2h 4c 7c Qc]
Seat 1: BigYelloFish (button) (small blind) showed [Ks 4h] and won ($53.50) with two pair, Queens and Fours
Seat 2: simper11 (big blind) mucked


PokerStars Hand #145761713966:  Hold'em Limit ($3/$6 USD) - 2015/12/22 16:54:42 ET
Table 'Hassaleh' 2-max Seat #1 is the button
Seat 1: BigYelloFish ($253.31 in chips)
Seat 2: simper11 ($120 in chips)
BigYelloFish: posts small blind $1
simper11: posts big blind $3
*** HOLE CARDS ***
BigYelloFish: raises $3 to $6
simper11: folds
Uncalled bet ($3) returned to BigYelloFish
BigYelloFish collected $6 from pot
BigYelloFish: doesn't show hand
*** SUMMARY ***
Total pot $6 | Rake $0
Seat 1: BigYelloFish (button) (small blind) collected ($6)
Seat 2: simper11 (big blind) folded before Flop


PokerStars Hand #145761702265:  Hold'em Limit ($3/$6 USD) - 2015/12/22 16:54:30 ET
Table 'Hassaleh' 2-max Seat #2 is the button
Seat 1: BigYelloFish ($229.81 in chips)
Seat 2: simper11 ($140.04 in chips)
simper11: posts small blind $1
BigYelloFish: posts big blind $3
*** HOLE CARDS ***
simper11: raises $3 to $6
BigYelloFish: raises $3 to $9
simper11: calls $3
*** FLOP *** [6c 2c 8d]
BigYelloFish: bets $3
simper11: calls $3
*** TURN *** [6c 2c 8d] [Qs]
BigYelloFish: bets $6
simper11: calls $6
*** RIVER *** [6c 2c 8d Qs] [8s]
BigYelloFish: bets $6
simper11: calls $6
*** SHOW DOWN ***
BigYelloFish: shows [8h Ts] (three of a kind, Eights)
simper11: mucks hand
BigYelloFish collected $47.50 from pot
*** SUMMARY ***
Total pot $48 | Rake $0.50
Board [6c 2c 8d Qs 8s]
Seat 1: BigYelloFish (big blind) showed [8h Ts] and won ($47.50) with three of a kind, Eights
Seat 2: simper11 (button) (small blind) mucked


PokerStars Hand #145761731267:  Hold'em Limit ($3/$6 USD) - 2015/12/22 16:54:59 ET
Table 'Hassaleh' 2-max Seat #1 is the button
Seat 1: BigYelloFish ($291.81 in chips)
Seat 2: simper11 ($120 in chips)
BigYelloFish: posts small blind $1
simper11: posts big blind $3
*** HOLE CARDS ***
BigYelloFish: raises $3 to $6
simper11: calls $3
*** FLOP *** [Qd Td 7h]
simper11: checks
BigYelloFish: bets $3
simper11: raises $3 to $6
BigYelloFish: folds
Uncalled bet ($3) returned to simper11
simper11 collected $17.64 from pot
*** SUMMARY ***
Total pot $18 | Rake $0.36
Board [Qd Td 7h]
Seat 1: BigYelloFish (button) (small blind) folded on the Flop
Seat 2: simper11 (big blind) collected ($17.64)


PokerStars Hand #145761718413:  Hold'em Limit ($3/$6 USD) - 2015/12/22 16:54:46 ET
Table 'Hassaleh' 2-max Seat #2 is the button
Seat 1: BigYelloFish ($256.31 in chips)
Seat 2: simper11 ($120 in chips)
simper11: posts small blind $1
BigYelloFish: posts big blind $3
*** HOLE CARDS ***
simper11: raises $3 to $6
BigYelloFish: raises $3 to $9
simper11: calls $3
*** FLOP *** [Jc 6c 3c]
BigYelloFish: bets $3
simper11: calls $3
*** TURN *** [Jc 6c 3c] [Td]
BigYelloFish: bets $6
simper11: raises $6 to $12
BigYelloFish: raises $6 to $18
simper11: calls $6
*** RIVER *** [Jc 6c 3c Td] [2s]
BigYelloFish: bets $6
simper11: calls $6
*** SHOW DOWN ***
BigYelloFish: shows [Qc 8c] (a flush, Queen high)
simper11: mucks hand
BigYelloFish collected $71.50 from pot
*** SUMMARY ***
Total pot $72 | Rake $0.50
Board [Jc 6c 3c Td 2s]
Seat 1: BigYelloFish (big blind) showed [Qc 8c] and won ($71.50) with a flush, Queen high
Seat 2: simper11 (button) (small blind) mucked


PokerStars Hand #145761739247:  Hold'em Limit ($3/$6 USD) - 2015/12/22 16:55:07 ET
Table 'Hassaleh' 2-max Seat #2 is the button
Seat 1: BigYelloFish ($282.81 in chips)
Seat 2: simper11 ($128.64 in chips)
simper11: posts small blind $1
BigYelloFish: posts big blind $3
*** HOLE CARDS ***
simper11: raises $3 to $6
BigYelloFish: raises $3 to $9
simper11: calls $3
*** FLOP *** [4s 9d Tc]
BigYelloFish: bets $3
simper11: calls $3
*** TURN *** [4s 9d Tc] [Ac]
BigYelloFish: bets $6
simper11: calls $6
*** RIVER *** [4s 9d Tc Ac] [8s]
BigYelloFish: bets $6
simper11: raises $6 to $12
BigYelloFish: raises $6 to $18
simper11: calls $6
*** SHOW DOWN ***
BigYelloFish: shows [Ad 9s] (two pair, Aces and Nines)
simper11: mucks hand
BigYelloFish collected $71.50 from pot
*** SUMMARY ***
Total pot $72 | Rake $0.50
Board [4s 9d Tc Ac 8s]
Seat 1: BigYelloFish (big blind) showed [Ad 9s] and won ($71.50) with two pair, Aces and Nines
Seat 2: simper11 (button) (small blind) mucked


PokerStars Hand #145761751060:  Hold'em Limit ($3/$6 USD) - 2015/12/22 16:55:20 ET
Table 'Hassaleh' 2-max Seat #1 is the button
Seat 1: BigYelloFish ($318.31 in chips)
Seat 2: simper11 ($120 in chips)
BigYelloFish: posts small blind $1
simper11: posts big blind $3
*** HOLE CARDS ***
BigYelloFish: raises $3 to $6
simper11: calls $3
*** FLOP *** [8d 2h Ts]
simper11: checks
BigYelloFish: bets $3
simper11: raises $3 to $6
BigYelloFish: calls $3
*** TURN *** [8d 2h Ts] [Ah]
simper11: bets $6
BigYelloFish: raises $6 to $12
simper11: calls $6
*** RIVER *** [8d 2h Ts Ah] [8h]
simper11: checks
BigYelloFish: bets $6
simper11: calls $6
*** SHOW DOWN ***
BigYelloFish: shows [Qs As] (two pair, Aces and Eights)
simper11: mucks hand
BigYelloFish collected $59.50 from pot
*** SUMMARY ***
Total pot $60 | Rake $0.50
Board [8d 2h Ts Ah 8h]
Seat 1: BigYelloFish (button) (small blind) showed [Qs As] and won ($59.50) with two pair, Aces and Eights
Seat 2: simper11 (big blind) mucked


PokerStars Hand #145761769124:  Hold'em Limit ($3/$6 USD) - 2015/12/22 16:55:42 ET
Table 'Hassaleh' 2-max Seat #2 is the button
Seat 1: BigYelloFish ($351.81 in chips)
Seat 2: simper11 ($120 in chips)
simper11: posts small blind $1
BigYelloFish: posts big blind $3
*** HOLE CARDS ***
simper11: raises $3 to $6
BigYelloFish: folds
Uncalled bet ($3) returned to simper11
simper11 collected $6 from pot
simper11: doesn't show hand
*** SUMMARY ***
Total pot $6 | Rake $0
Seat 1: BigYelloFish (big blind) folded before Flop
Seat 2: simper11 (button) (small blind) collected ($6)


PokerStars Hand #145761765515:  Hold'em Limit ($3/$6 USD) - 2015/12/22 16:55:38 ET
Table 'Hassaleh' 2-max Seat #1 is the button
Seat 1: BigYelloFish ($348.81 in chips)
Seat 2: simper11 ($120 in chips)
BigYelloFish: posts small blind $1
simper11: posts big blind $3
*** HOLE CARDS ***
BigYelloFish: raises $3 to $6
simper11: folds
Uncalled bet ($3) returned to BigYelloFish
BigYelloFish collected $6 from pot
BigYelloFish: doesn't show hand
*** SUMMARY ***
Total pot $6 | Rake $0
Seat 1: BigYelloFish (button) (small blind) collected ($6)
Seat 2: simper11 (big blind) folded before Flop


PokerStars Hand #145761761907:  Hold'em Limit ($3/$6 USD) - 2015/12/22 16:55:33 ET
Table 'Hassaleh' 2-max Seat #2 is the button
Seat 1: BigYelloFish ($347.81 in chips)
Seat 2: simper11 ($120 in chips)
simper11: posts small blind $1
BigYelloFish: posts big blind $3
*** HOLE CARDS ***
simper11: folds
Uncalled bet ($2) returned to BigYelloFish
BigYelloFish collected $2 from pot
BigYelloFish: doesn't show hand
*** SUMMARY ***
Total pot $2 | Rake $0
Seat 1: BigYelloFish (big blind) collected ($2)
Seat 2: simper11 (button) (small blind) folded before Flop


PokerStars Hand #145761773543:  Hold'em Limit ($3/$6 USD) - 2015/12/22 16:55:48 ET
Table 'Hassaleh' 2-max Seat #1 is the button
Seat 1: BigYelloFish ($348.81 in chips)
Seat 2: simper11 ($123 in chips)
BigYelloFish: posts small blind $1
simper11: posts big blind $3
*** HOLE CARDS ***
BigYelloFish: raises $3 to $6
simper11: folds
Uncalled bet ($3) returned to BigYelloFish
BigYelloFish collected $6 from pot
BigYelloFish: doesn't show hand
*** SUMMARY ***
Total pot $6 | Rake $0
Seat 1: BigYelloFish (button) (small blind) collected ($6)
Seat 2: simper11 (big blind) folded before Flop


PokerStars Hand #145761777526:  Hold'em Limit ($3/$6 USD) - 2015/12/22 16:55:53 ET
Table 'Hassaleh' 2-max Seat #2 is the button
Seat 1: BigYelloFish ($351.81 in chips)
Seat 2: simper11 ($120 in chips)
simper11: posts small blind $1
BigYelloFish: posts big blind $3
*** HOLE CARDS ***
simper11: raises $3 to $6
BigYelloFish: calls $3
*** FLOP *** [2s 9d Kc]
BigYelloFish: checks
simper11: bets $3
BigYelloFish: folds
Uncalled bet ($3) returned to simper11
simper11 collected $11.76 from pot
simper11: doesn't show hand
*** SUMMARY ***
Total pot $12 | Rake $0.24
Board [2s 9d Kc]
Seat 1: BigYelloFish (big blind) folded on the Flop
Seat 2: simper11 (button) (small blind) collected ($11.76)


PokerStars Hand #145761788109:  Hold'em Limit ($3/$6 USD) - 2015/12/22 16:56:06 ET
Table 'Hassaleh' 2-max Seat #1 is the button
Seat 1: BigYelloFish ($345.81 in chips)
Seat 2: simper11 ($125.76 in chips)
BigYelloFish: posts small blind $1
simper11: posts big blind $3
*** HOLE CARDS ***
BigYelloFish: raises $3 to $6
simper11: calls $3
*** FLOP *** [4c 8h Ts]
simper11: checks
BigYelloFish: bets $3
simper11: raises $3 to $6
BigYelloFish: calls $3
*** TURN *** [4c 8h Ts] [2h]
simper11: bets $6
BigYelloFish: calls $6
*** RIVER *** [4c 8h Ts 2h] [9d]
simper11: bets $6
BigYelloFish: folds
Uncalled bet ($6) returned to simper11
simper11 collected $35.50 from pot
simper11: doesn't show hand
*** SUMMARY ***
Total pot $36 | Rake $0.50
Board [4c 8h Ts 2h 9d]
Seat 1: BigYelloFish (button) (small blind) folded on the River
Seat 2: simper11 (big blind) collected ($35.50)


PokerStars Hand #145761797863:  Hold'em Limit ($3/$6 USD) - 2015/12/22 16:56:18 ET
Table 'Hassaleh' 2-max Seat #2 is the button
Seat 1: BigYelloFish ($327.81 in chips)
Seat 2: simper11 ($143.26 in chips)
simper11: posts small blind $1
BigYelloFish: posts big blind $3
*** HOLE CARDS ***
simper11: raises $3 to $6
BigYelloFish: raises $3 to $9
simper11: calls $3
*** FLOP *** [6d 7s 5s]
BigYelloFish: bets $3
simper11: raises $3 to $6
BigYelloFish: calls $3
*** TURN *** [6d 7s 5s] [Td]
BigYelloFish: checks
simper11: bets $6
BigYelloFish: raises $6 to $12
simper11: calls $6
*** RIVER *** [6d 7s 5s Td] [4s]
BigYelloFish: bets $6
simper11: calls $6
*** SHOW DOWN ***
BigYelloFish: shows [Jd Th] (a pair of Tens)
simper11: mucks hand
BigYelloFish collected $65.50 from pot
*** SUMMARY ***
Total pot $66 | Rake $0.50
Board [6d 7s 5s Td 4s]
Seat 1: BigYelloFish (big blind) showed [Jd Th] and won ($65.50) with a pair of Tens
Seat 2: simper11 (button) (small blind) mucked


PokerStars Hand #145761816264:  Hold'em Limit ($3/$6 USD) - 2015/12/22 16:56:41 ET
Table 'Hassaleh' 2-max Seat #2 is the button
Seat 1: BigYelloFish ($366.07 in chips)
Seat 2: simper11 ($120 in chips)
simper11: posts small blind $1
BigYelloFish: posts big blind $3
*** HOLE CARDS ***
simper11: raises $3 to $6
BigYelloFish: folds
Uncalled bet ($3) returned to simper11
simper11 collected $6 from pot
simper11: doesn't show hand
*** SUMMARY ***
Total pot $6 | Rake $0
Seat 1: BigYelloFish (big blind) folded before Flop
Seat 2: simper11 (button) (small blind) collected ($6)


PokerStars Hand #145761810038:  Hold'em Limit ($3/$6 USD) - 2015/12/22 16:56:33 ET
Table 'Hassaleh' 2-max Seat #1 is the button
Seat 1: BigYelloFish ($360.31 in chips)
Seat 2: simper11 ($120 in chips)
BigYelloFish: posts small blind $1
simper11: posts big blind $3
*** HOLE CARDS ***
BigYelloFish: raises $3 to $6
simper11: calls $3
*** FLOP *** [8h 2s Ts]
simper11: checks
BigYelloFish: bets $3
simper11: folds
Uncalled bet ($3) returned to BigYelloFish
BigYelloFish collected $11.76 from pot
BigYelloFish: doesn't show hand
*** SUMMARY ***
Total pot $12 | Rake $0.24
Board [8h 2s Ts]
Seat 1: BigYelloFish (button) (small blind) collected ($11.76)
Seat 2: simper11 (big blind) folded on the Flop


PokerStars Hand #145761819995:  Hold'em Limit ($3/$6 USD) - 2015/12/22 16:56:45 ET
Table 'Hassaleh' 2-max Seat #1 is the button
Seat 1: BigYelloFish ($363.07 in chips)
Seat 2: simper11 ($123 in chips)
BigYelloFish: posts small blind $1
simper11: posts big blind $3
*** HOLE CARDS ***
BigYelloFish: raises $3 to $6
simper11: calls $3
*** FLOP *** [4h Jc 7h]
simper11: checks
BigYelloFish: bets $3
simper11: calls $3
*** TURN *** [4h Jc 7h] [2c]
simper11: checks
BigYelloFish: checks
*** RIVER *** [4h Jc 7h 2c] [Qs]
simper11: bets $6
BigYelloFish: folds
Uncalled bet ($6) returned to simper11
simper11 collected $17.64 from pot
simper11: doesn't show hand
*** SUMMARY ***
Total pot $18 | Rake $0.36
Board [4h Jc 7h 2c Qs]
Seat 1: BigYelloFish (button) (small blind) folded on the River
Seat 2: simper11 (big blind) collected ($17.64)


PokerStars Hand #145761841304:  Hold'em Limit ($3/$6 USD) - 2015/12/22 16:57:11 ET
Table 'Hassaleh' 2-max Seat #1 is the button
Seat 1: BigYelloFish ($374.57 in chips)
Seat 2: simper11 ($120 in chips)
BigYelloFish: posts small blind $1
simper11: posts big blind $3
*** HOLE CARDS ***
BigYelloFish: raises $3 to $6
simper11: folds
Uncalled bet ($3) returned to BigYelloFish
BigYelloFish collected $6 from pot
BigYelloFish: doesn't show hand
*** SUMMARY ***
Total pot $6 | Rake $0
Seat 1: BigYelloFish (button) (small blind) collected ($6)
Seat 2: simper11 (big blind) folded before Flop


PokerStars Hand #145761829778:  Hold'em Limit ($3/$6 USD) - 2015/12/22 16:56:57 ET
Table 'Hassaleh' 2-max Seat #2 is the button
Seat 1: BigYelloFish ($354.07 in chips)
Seat 2: simper11 ($131.64 in chips)
simper11: posts small blind $1
BigYelloFish: posts big blind $3
*** HOLE CARDS ***
simper11: raises $3 to $6
BigYelloFish: calls $3
*** FLOP *** [Qc 4d 7c]
BigYelloFish: checks
simper11: bets $3
BigYelloFish: calls $3
*** TURN *** [Qc 4d 7c] [5d]
BigYelloFish: checks
simper11: bets $6
BigYelloFish: calls $6
*** RIVER *** [Qc 4d 7c 5d] [Qs]
BigYelloFish: checks
simper11: bets $6
BigYelloFish: calls $6
*** SHOW DOWN ***
simper11: shows [Jh 3c] (a pair of Queens)
BigYelloFish: shows [3h 7h] (two pair, Queens and Sevens)
BigYelloFish collected $41.50 from pot
*** SUMMARY ***
Total pot $42 | Rake $0.50
Board [Qc 4d 7c 5d Qs]
Seat 1: BigYelloFish (big blind) showed [3h 7h] and won ($41.50) with two pair, Queens and Sevens
Seat 2: simper11 (button) (small blind) showed [Jh 3c] and lost with a pair of Queens


PokerStars Hand #145761845060:  Hold'em Limit ($3/$6 USD) - 2015/12/22 16:57:16 ET
Table 'Hassaleh' 2-max Seat #2 is the button
Seat 1: BigYelloFish ($377.57 in chips)
Seat 2: simper11 ($120 in chips)
simper11: posts small blind $1
BigYelloFish: posts big blind $3
*** HOLE CARDS ***
simper11: raises $3 to $6
BigYelloFish: calls $3
*** FLOP *** [Kh 4d 9s]
BigYelloFish: checks
simper11: bets $3
BigYelloFish: folds
Uncalled bet ($3) returned to simper11
simper11 collected $11.76 from pot
simper11: doesn't show hand
*** SUMMARY ***
Total pot $12 | Rake $0.24
Board [Kh 4d 9s]
Seat 1: BigYelloFish (big blind) folded on the Flop
Seat 2: simper11 (button) (small blind) collected ($11.76)


PokerStars Hand #145761857980:  Hold'em Limit ($3/$6 USD) - 2015/12/22 16:57:31 ET
Table 'Hassaleh' 2-max Seat #2 is the button
Seat 1: BigYelloFish ($362.57 in chips)
Seat 2: simper11 ($134.40 in chips)
simper11: posts small blind $1
BigYelloFish: posts big blind $3
*** HOLE CARDS ***
simper11: raises $3 to $6
BigYelloFish: folds
Uncalled bet ($3) returned to simper11
simper11 collected $6 from pot
simper11: doesn't show hand
*** SUMMARY ***
Total pot $6 | Rake $0
Seat 1: BigYelloFish (big blind) folded before Flop
Seat 2: simper11 (button) (small blind) collected ($6)


PokerStars Hand #145761851308:  Hold'em Limit ($3/$6 USD) - 2015/12/22 16:57:23 ET
Table 'Hassaleh' 2-max Seat #1 is the button
Seat 1: BigYelloFish ($371.57 in chips)
Seat 2: simper11 ($125.76 in chips)
BigYelloFish: posts small blind $1
simper11: posts big blind $3
*** HOLE CARDS ***
BigYelloFish: raises $3 to $6
simper11: calls $3
*** FLOP *** [2d 6c Kh]
simper11: checks
BigYelloFish: bets $3
simper11: raises $3 to $6
BigYelloFish: folds
Uncalled bet ($3) returned to simper11
simper11 collected $17.64 from pot
simper11: doesn't show hand
*** SUMMARY ***
Total pot $18 | Rake $0.36
Board [2d 6c Kh]
Seat 1: BigYelloFish (button) (small blind) folded on the Flop
Seat 2: simper11 (big blind) collected ($17.64)


PokerStars Hand #145761862085:  Hold'em Limit ($3/$6 USD) - 2015/12/22 16:57:36 ET
Table 'Hassaleh' 2-max Seat #1 is the button
Seat 1: BigYelloFish ($359.57 in chips)
Seat 2: simper11 ($137.40 in chips)
BigYelloFish: posts small blind $1
simper11: posts big blind $3
*** HOLE CARDS ***
BigYelloFish: raises $3 to $6
simper11: calls $3
*** FLOP *** [4d 4s 2s]
simper11: checks
BigYelloFish: checks
*** TURN *** [4d 4s 2s] [Jc]
simper11: checks
BigYelloFish: checks
*** RIVER *** [4d 4s 2s Jc] [2c]
simper11: checks
BigYelloFish: checks
*** SHOW DOWN ***
simper11: shows [3c Qs] (two pair, Fours and Deuces)
BigYelloFish: shows [7d Qh] (two pair, Fours and Deuces)
simper11 collected $5.88 from pot
BigYelloFish collected $5.88 from pot
*** SUMMARY ***
Total pot $12 | Rake $0.24
Board [4d 4s 2s Jc 2c]
Seat 1: BigYelloFish (button) (small blind) showed [7d Qh] and won ($5.88) with two pair, Fours and Deuces
Seat 2: simper11 (big blind) showed [3c Qs] and won ($5.88) with two pair, Fours and Deuces


PokerStars Hand #145761870268:  Hold'em Limit ($3/$6 USD) - 2015/12/22 16:57:46 ET
Table 'Hassaleh' 2-max Seat #2 is the button
Seat 1: BigYelloFish ($359.45 in chips)
Seat 2: simper11 ($137.28 in chips)
simper11: posts small blind $1
BigYelloFish: posts big blind $3
*** HOLE CARDS ***
simper11: raises $3 to $6
BigYelloFish: calls $3
*** FLOP *** [4s 9c 2c]
BigYelloFish: checks
simper11: bets $3
BigYelloFish: calls $3
*** TURN *** [4s 9c 2c] [7h]
BigYelloFish: checks
simper11: bets $6
BigYelloFish: raises $6 to $12
simper11: calls $6
*** RIVER *** [4s 9c 2c 7h] [6c]
BigYelloFish: checks
simper11: checks
*** SHOW DOWN ***
BigYelloFish: shows [7c Qs] (a pair of Sevens)
simper11: mucks hand
BigYelloFish collected $41.50 from pot
*** SUMMARY ***
Total pot $42 | Rake $0.50
Board [4s 9c 2c 7h 6c]
Seat 1: BigYelloFish (big blind) showed [7c Qs] and won ($41.50) with a pair of Sevens
Seat 2: simper11 (button) (small blind) mucked


PokerStars Hand #145761880952:  Hold'em Limit ($3/$6 USD) - 2015/12/22 16:57:59 ET
Table 'Hassaleh' 2-max Seat #1 is the button
Seat 1: BigYelloFish ($379.95 in chips)
Seat 2: simper11 ($120 in chips)
BigYelloFish: posts small blind $1
simper11: posts big blind $3
*** HOLE CARDS ***
BigYelloFish: raises $3 to $6
simper11: calls $3
*** FLOP *** [8h Ks 9s]
simper11: checks
BigYelloFish: bets $3
simper11: folds
Uncalled bet ($3) returned to BigYelloFish
BigYelloFish collected $11.76 from pot
BigYelloFish: doesn't show hand
*** SUMMARY ***
Total pot $12 | Rake $0.24
Board [8h Ks 9s]
Seat 1: BigYelloFish (button) (small blind) collected ($11.76)
Seat 2: simper11 (big blind) folded on the Flop


PokerStars Hand #145761886863:  Hold'em Limit ($3/$6 USD) - 2015/12/22 16:58:06 ET
Table 'Hassaleh' 2-max Seat #2 is the button
Seat 1: BigYelloFish ($385.71 in chips)
Seat 2: simper11 ($120 in chips)
simper11: posts small blind $1
BigYelloFish: posts big blind $3
*** HOLE CARDS ***
simper11: folds
Uncalled bet ($2) returned to BigYelloFish
BigYelloFish collected $2 from pot
BigYelloFish: doesn't show hand
*** SUMMARY ***
Total pot $2 | Rake $0
Seat 1: BigYelloFish (big blind) collected ($2)
Seat 2: simper11 (button) (small blind) folded before Flop


PokerStars Hand #145761899517:  Hold'em Limit ($3/$6 USD) - 2015/12/22 16:58:21 ET
Table 'Hassaleh' 2-max Seat #2 is the button
Seat 1: BigYelloFish ($392.47 in chips)
Seat 2: simper11 ($120 in chips)
simper11: posts small blind $1
BigYelloFish: posts big blind $3
*** HOLE CARDS ***
simper11: folds
Uncalled bet ($2) returned to BigYelloFish
BigYelloFish collected $2 from pot
BigYelloFish: doesn't show hand
*** SUMMARY ***
Total pot $2 | Rake $0
Seat 1: BigYelloFish (big blind) collected ($2)
Seat 2: simper11 (button) (small blind) folded before Flop


PokerStars Hand #145761892576:  Hold'em Limit ($3/$6 USD) - 2015/12/22 16:58:13 ET
Table 'Hassaleh' 2-max Seat #1 is the button
Seat 1: BigYelloFish ($386.71 in chips)
Seat 2: simper11 ($120 in chips)
BigYelloFish: posts small blind $1
simper11: posts big blind $3
*** HOLE CARDS ***
BigYelloFish: raises $3 to $6
simper11: calls $3
*** FLOP *** [7c 9s 9h]
simper11: checks
BigYelloFish: bets $3
simper11: folds
Uncalled bet ($3) returned to BigYelloFish
BigYelloFish collected $11.76 from pot
BigYelloFish: doesn't show hand
*** SUMMARY ***
Total pot $12 | Rake $0.24
Board [7c 9s 9h]
Seat 1: BigYelloFish (button) (small blind) collected ($11.76)
Seat 2: simper11 (big blind) folded on the Flop


PokerStars Hand #145761903227:  Hold'em Limit ($3/$6 USD) - 2015/12/22 16:58:26 ET
Table 'Hassaleh' 2-max Seat #1 is the button
Seat 1: BigYelloFish ($393.47 in chips)
Seat 2: simper11 ($120 in chips)
BigYelloFish: posts small blind $1
simper11: posts big blind $3
*** HOLE CARDS ***
BigYelloFish: raises $3 to $6
simper11: calls $3
*** FLOP *** [9s Jc 8d]
simper11: checks
BigYelloFish: checks
*** TURN *** [9s Jc 8d] [3d]
simper11: checks
BigYelloFish: bets $6
simper11: raises $6 to $12
BigYelloFish: calls $6
*** RIVER *** [9s Jc 8d 3d] [Tc]
simper11: bets $6
BigYelloFish: folds
Uncalled bet ($6) returned to simper11
simper11 collected $35.50 from pot
simper11: doesn't show hand
*** SUMMARY ***
Total pot $36 | Rake $0.50
Board [9s Jc 8d 3d Tc]
Seat 1: BigYelloFish (button) (small blind) folded on the River
Seat 2: simper11 (big blind) collected ($35.50)


PokerStars Hand #145761914341:  Hold'em Limit ($3/$6 USD) - 2015/12/22 16:58:39 ET
Table 'Hassaleh' 2-max Seat #2 is the button
Seat 1: BigYelloFish ($375.47 in chips)
Seat 2: simper11 ($137.50 in chips)
simper11: posts small blind $1
BigYelloFish: posts big blind $3
*** HOLE CARDS ***
simper11: raises $3 to $6
BigYelloFish: folds
Uncalled bet ($3) returned to simper11
simper11 collected $6 from pot
simper11: doesn't show hand
*** SUMMARY ***
Total pot $6 | Rake $0
Seat 1: BigYelloFish (big blind) folded before Flop
Seat 2: simper11 (button) (small blind) collected ($6)


PokerStars Hand #145761918456:  Hold'em Limit ($3/$6 USD) - 2015/12/22 16:58:44 ET
Table 'Hassaleh' 2-max Seat #1 is the button
Seat 1: BigYelloFish ($372.47 in chips)
Seat 2: simper11 ($140.50 in chips)
BigYelloFish: posts small blind $1
simper11: posts big blind $3
*** HOLE CARDS ***
BigYelloFish: raises $3 to $6
simper11: calls $3
*** FLOP *** [5s 8c 4s]
simper11: checks
BigYelloFish: checks
*** TURN *** [5s 8c 4s] [2c]
simper11: bets $6
BigYelloFish: calls $6
*** RIVER *** [5s 8c 4s 2c] [6h]
simper11: bets $6
BigYelloFish: raises $6 to $12
simper11: raises $6 to $18
BigYelloFish: calls $6
*** SHOW DOWN ***
simper11: shows [7h Qc] (a straight, Four to Eight)
BigYelloFish: mucks hand
simper11 collected $59.50 from pot
*** SUMMARY ***
Total pot $60 | Rake $0.50
Board [5s 8c 4s 2c 6h]
Seat 1: BigYelloFish (button) (small blind) mucked
Seat 2: simper11 (big blind) showed [7h Qc] and won ($59.50) with a straight, Four to Eight


PokerStars Hand #145761940578:  Hold'em Limit ($3/$6 USD) - 2015/12/22 16:59:11 ET
Table 'Hassaleh' 2-max Seat #1 is the button
Seat 1: BigYelloFish ($318.47 in chips)
Seat 2: simper11 ($193.50 in chips)
BigYelloFish: posts small blind $1
simper11: posts big blind $3
*** HOLE CARDS ***
BigYelloFish: folds
Uncalled bet ($2) returned to simper11
simper11 collected $2 from pot
simper11: doesn't show hand
*** SUMMARY ***
Total pot $2 | Rake $0
Seat 1: BigYelloFish (button) (small blind) folded before Flop
Seat 2: simper11 (big blind) collected ($2)


PokerStars Hand #145761929113:  Hold'em Limit ($3/$6 USD) - 2015/12/22 16:58:57 ET
Table 'Hassaleh' 2-max Seat #2 is the button
Seat 1: BigYelloFish ($342.47 in chips)
Seat 2: simper11 ($170 in chips)
simper11: posts small blind $1
BigYelloFish: posts big blind $3
*** HOLE CARDS ***
simper11: raises $3 to $6
BigYelloFish: raises $3 to $9
simper11: calls $3
*** FLOP *** [Th Js Td]
BigYelloFish: bets $3
simper11: calls $3
*** TURN *** [Th Js Td] [7d]
BigYelloFish: bets $6
simper11: calls $6
*** RIVER *** [Th Js Td 7d] [8h]
BigYelloFish: checks
simper11: bets $6
BigYelloFish: calls $6
*** SHOW DOWN ***
simper11: shows [4s Jh] (two pair, Jacks and Tens)
BigYelloFish: mucks hand
simper11 collected $47.50 from pot
*** SUMMARY ***
Total pot $48 | Rake $0.50
Board [Th Js Td 7d 8h]
Seat 1: BigYelloFish (big blind) mucked
Seat 2: simper11 (button) (small blind) showed [4s Jh] and won ($47.50) with two pair, Jacks and Tens


PokerStars Hand #145761944165:  Hold'em Limit ($3/$6 USD) - 2015/12/22 16:59:16 ET
Table 'Hassaleh' 2-max Seat #2 is the button
Seat 1: BigYelloFish ($317.47 in chips)
Seat 2: simper11 ($194.50 in chips)
simper11: posts small blind $1
BigYelloFish: posts big blind $3
*** HOLE CARDS ***
simper11: raises $3 to $6
BigYelloFish: calls $3
*** FLOP *** [5d 5c Qs]
BigYelloFish: checks
simper11: bets $3
BigYelloFish: calls $3
*** TURN *** [5d 5c Qs] [Jd]
BigYelloFish: checks
simper11: bets $6
BigYelloFish: raises $6 to $12
simper11: calls $6
*** RIVER *** [5d 5c Qs Jd] [9h]
BigYelloFish: bets $6
simper11: calls $6
*** SHOW DOWN ***
BigYelloFish: shows [7s Qh] (two pair, Queens and Fives)
simper11: mucks hand
BigYelloFish collected $53.50 from pot
*** SUMMARY ***
Total pot $54 | Rake $0.50
Board [5d 5c Qs Jd 9h]
Seat 1: BigYelloFish (big blind) showed [7s Qh] and won ($53.50) with two pair, Queens and Fives
Seat 2: simper11 (button) (small blind) mucked


PokerStars Hand #145761954162:  Hold'em Limit ($3/$6 USD) - 2015/12/22 16:59:28 ET
Table 'Hassaleh' 2-max Seat #1 is the button
Seat 1: BigYelloFish ($343.97 in chips)
Seat 2: simper11 ($167.50 in chips)
BigYelloFish: posts small blind $1
simper11: posts big blind $3
*** HOLE CARDS ***
BigYelloFish: raises $3 to $6
simper11: calls $3
*** FLOP *** [7c 5c 9s]
simper11: checks
BigYelloFish: checks
*** TURN *** [7c 5c 9s] [8d]
simper11: checks
BigYelloFish: checks
*** RIVER *** [7c 5c 9s 8d] [9d]
simper11: checks
BigYelloFish: checks
*** SHOW DOWN ***
simper11: shows [4s Jd] (a pair of Nines)
BigYelloFish: shows [4c Qs] (a pair of Nines - Queen kicker)
BigYelloFish collected $11.76 from pot
*** SUMMARY ***
Total pot $12 | Rake $0.24
Board [7c 5c 9s 8d 9d]
Seat 1: BigYelloFish (button) (small blind) showed [4c Qs] and won ($11.76) with a pair of Nines
Seat 2: simper11 (big blind) showed [4s Jd] and lost with a pair of Nines


PokerStars Hand #145761968404:  Hold'em Limit ($3/$6 USD) - 2015/12/22 16:59:45 ET
Table 'Hassaleh' 2-max Seat #2 is the button
Seat 1: BigYelloFish ($349.73 in chips)
Seat 2: simper11 ($161.50 in chips)
simper11: posts small blind $1
BigYelloFish: posts big blind $3
*** HOLE CARDS ***
simper11: raises $3 to $6
BigYelloFish: calls $3
*** FLOP *** [9h Ac 2c]
BigYelloFish: checks
simper11: bets $3
BigYelloFish: calls $3
*** TURN *** [9h Ac 2c] [6h]
BigYelloFish: checks
simper11: bets $6
BigYelloFish: folds
Uncalled bet ($6) returned to simper11
simper11 collected $17.64 from pot
simper11: doesn't show hand
*** SUMMARY ***
Total pot $18 | Rake $0.36
Board [9h Ac 2c 6h]
Seat 1: BigYelloFish (big blind) folded on the Turn
Seat 2: simper11 (button) (small blind) collected ($17.64)


PokerStars Hand #145761982094:  Hold'em Limit ($3/$6 USD) - 2015/12/22 17:00:02 ET
Table 'Hassaleh' 2-max Seat #1 is the button
Seat 1: BigYelloFish ($340.73 in chips)
Seat 2: simper11 ($170.14 in chips)
BigYelloFish: posts small blind $1
simper11: posts big blind $3
*** HOLE CARDS ***
BigYelloFish: raises $3 to $6
simper11: calls $3
*** FLOP *** [Qc 4h 6c]
simper11: checks
BigYelloFish: bets $3
simper11: calls $3
*** TURN *** [Qc 4h 6c] [Tc]
simper11: checks
BigYelloFish: bets $6
simper11: folds
Uncalled bet ($6) returned to BigYelloFish
BigYelloFish collected $17.64 from pot
BigYelloFish: doesn't show hand
*** SUMMARY ***
Total pot $18 | Rake $0.36
Board [Qc 4h 6c Tc]
Seat 1: BigYelloFish (button) (small blind) collected ($17.64)
Seat 2: simper11 (big blind) folded on the Turn


PokerStars Hand #145761996610:  Hold'em Limit ($3/$6 USD) - 2015/12/22 17:00:17 ET
Table 'Hassaleh' 2-max Seat #2 is the button
Seat 1: BigYelloFish ($349.37 in chips)
Seat 2: simper11 ($161.14 in chips)
simper11: posts small blind $1
BigYelloFish: posts big blind $3
*** HOLE CARDS ***
simper11: raises $3 to $6
BigYelloFish: calls $3
*** FLOP *** [9c Jd 6h]
BigYelloFish: checks
simper11: bets $3
BigYelloFish: calls $3
*** TURN *** [9c Jd 6h] [Ts]
BigYelloFish: checks
simper11: checks
*** RIVER *** [9c Jd 6h Ts] [6c]
BigYelloFish: checks
simper11: checks
*** SHOW DOWN ***
BigYelloFish: shows [Kc 5h] (a pair of Sixes)
simper11: shows [5d Ks] (a pair of Sixes)
BigYelloFish collected $8.82 from pot
simper11 collected $8.82 from pot
*** SUMMARY ***
Total pot $18 | Rake $0.36
Board [9c Jd 6h Ts 6c]
Seat 1: BigYelloFish (big blind) showed [Kc 5h] and won ($8.82) with a pair of Sixes
Seat 2: simper11 (button) (small blind) showed [5d Ks] and won ($8.82) with a pair of Sixes


PokerStars Hand #145762006646:  Hold'em Limit ($3/$6 USD) - 2015/12/22 17:00:30 ET
Table 'Hassaleh' 2-max Seat #1 is the button
Seat 1: BigYelloFish ($349.19 in chips)
Seat 2: simper11 ($160.96 in chips)
BigYelloFish: posts small blind $1
simper11: posts big blind $3
*** HOLE CARDS ***
BigYelloFish: raises $3 to $6
simper11: folds
Uncalled bet ($3) returned to BigYelloFish
BigYelloFish collected $6 from pot
BigYelloFish: doesn't show hand
*** SUMMARY ***
Total pot $6 | Rake $0
Seat 1: BigYelloFish (button) (small blind) collected ($6)
Seat 2: simper11 (big blind) folded before Flop


PokerStars Hand #145762010738:  Hold'em Limit ($3/$6 USD) - 2015/12/22 17:00:34 ET
Table 'Hassaleh' 2-max Seat #2 is the button
Seat 1: BigYelloFish ($352.19 in chips)
Seat 2: simper11 ($157.96 in chips)
simper11: posts small blind $1
BigYelloFish: posts big blind $3
*** HOLE CARDS ***
simper11: raises $3 to $6
BigYelloFish: calls $3
*** FLOP *** [9d Jd 8c]
BigYelloFish: checks
simper11: bets $3
BigYelloFish: raises $3 to $6
simper11: calls $3
*** TURN *** [9d Jd 8c] [7h]
BigYelloFish: bets $6
simper11: calls $6
*** RIVER *** [9d Jd 8c 7h] [Kh]
BigYelloFish: bets $6
simper11: calls $6
*** SHOW DOWN ***
BigYelloFish: shows [Th 8s] (a straight, Seven to Jack)
simper11: mucks hand
BigYelloFish collected $47.50 from pot
*** SUMMARY ***
Total pot $48 | Rake $0.50
Board [9d Jd 8c 7h Kh]
Seat 1: BigYelloFish (big blind) showed [Th 8s] and won ($47.50) with a straight, Seven to Jack
Seat 2: simper11 (button) (small blind) mucked


PokerStars Hand #145762022787:  Hold'em Limit ($3/$6 USD) - 2015/12/22 17:00:48 ET
Table 'Hassaleh' 2-max Seat #1 is the button
Seat 1: BigYelloFish ($375.69 in chips)
Seat 2: simper11 ($133.96 in chips)
BigYelloFish: posts small blind $1
simper11: posts big blind $3
*** HOLE CARDS ***
BigYelloFish: raises $3 to $6
simper11: calls $3
*** FLOP *** [3s Kh 2d]
simper11: checks
BigYelloFish: bets $3
simper11: calls $3
*** TURN *** [3s Kh 2d] [5c]
simper11: checks
BigYelloFish: bets $6
simper11: calls $6
*** RIVER *** [3s Kh 2d 5c] [6h]
simper11: checks
BigYelloFish: bets $6
simper11: folds
Uncalled bet ($6) returned to BigYelloFish
BigYelloFish collected $29.50 from pot
BigYelloFish: doesn't show hand
*** SUMMARY ***
Total pot $30 | Rake $0.50
Board [3s Kh 2d 5c 6h]
Seat 1: BigYelloFish (button) (small blind) collected ($29.50)
Seat 2: simper11 (big blind) folded on the River


PokerStars Hand #145762036223:  Hold'em Limit ($3/$6 USD) - 2015/12/22 17:01:03 ET
Table 'Hassaleh' 2-max Seat #2 is the button
Seat 1: BigYelloFish ($390.19 in chips)
Seat 2: simper11 ($120 in chips)
simper11: posts small blind $1
BigYelloFish: posts big blind $3
*** HOLE CARDS ***
simper11: raises $3 to $6
BigYelloFish: raises $3 to $9
simper11: calls $3
*** FLOP *** [4s 3c 9c]
BigYelloFish: bets $3
simper11: calls $3
*** TURN *** [4s 3c 9c] [Ks]
BigYelloFish: bets $6
simper11: raises $6 to $12
BigYelloFish: calls $6
*** RIVER *** [4s 3c 9c Ks] [Qh]
BigYelloFish: checks
simper11: bets $6
BigYelloFish: calls $6
*** SHOW DOWN ***
simper11: shows [Jd 8s] (high card King)
BigYelloFish: shows [Kc Td] (a pair of Kings)
BigYelloFish collected $59.50 from pot
*** SUMMARY ***
Total pot $60 | Rake $0.50
Board [4s 3c 9c Ks Qh]
Seat 1: BigYelloFish (big blind) showed [Kc Td] and won ($59.50) with a pair of Kings
Seat 2: simper11 (button) (small blind) showed [Jd 8s] and lost with high card King


PokerStars Hand #145762049049:  Hold'em Limit ($3/$6 USD) - 2015/12/22 17:01:17 ET
Table 'Hassaleh' 2-max Seat #1 is the button
Seat 1: BigYelloFish ($419.69 in chips)
Seat 2: simper11 ($120 in chips)
BigYelloFish: posts small blind $1
simper11: posts big blind $3
*** HOLE CARDS ***
BigYelloFish: raises $3 to $6
simper11: calls $3
*** FLOP *** [7c Tc 9d]
simper11: checks
BigYelloFish: checks
*** TURN *** [7c Tc 9d] [5d]
simper11: bets $6
BigYelloFish: folds
Uncalled bet ($6) returned to simper11
simper11 collected $11.76 from pot
simper11: doesn't show hand
*** SUMMARY ***
Total pot $12 | Rake $0.24
Board [7c Tc 9d 5d]
Seat 1: BigYelloFish (button) (small blind) folded on the Turn
Seat 2: simper11 (big blind) collected ($11.76)


PokerStars Hand #145762062446:  Hold'em Limit ($3/$6 USD) - 2015/12/22 17:01:31 ET
Table 'Hassaleh' 2-max Seat #1 is the button
Seat 1: BigYelloFish ($414.69 in chips)
Seat 2: simper11 ($124.76 in chips)
BigYelloFish: posts small blind $1
simper11: posts big blind $3
*** HOLE CARDS ***
BigYelloFish: raises $3 to $6
simper11: calls $3
*** FLOP *** [Qc Ac 8h]
simper11: checks
BigYelloFish: bets $3
simper11: folds
Uncalled bet ($3) returned to BigYelloFish
BigYelloFish collected $11.76 from pot
BigYelloFish: doesn't show hand
*** SUMMARY ***
Total pot $12 | Rake $0.24
Board [Qc Ac 8h]
Seat 1: BigYelloFish (button) (small blind) collected ($11.76)
Seat 2: simper11 (big blind) folded on the Flop


PokerStars Hand #145762058324:  Hold'em Limit ($3/$6 USD) - 2015/12/22 17:01:27 ET
Table 'Hassaleh' 2-max Seat #2 is the button
Seat 1: BigYelloFish ($413.69 in chips)
Seat 2: simper11 ($125.76 in chips)
simper11: posts small blind $1
BigYelloFish: posts big blind $3
*** HOLE CARDS ***
simper11: folds
Uncalled bet ($2) returned to BigYelloFish
BigYelloFish collected $2 from pot
BigYelloFish: doesn't show hand
*** SUMMARY ***
Total pot $2 | Rake $0
Seat 1: BigYelloFish (big blind) collected ($2)
Seat 2: simper11 (button) (small blind) folded before Flop


PokerStars Hand #145762069118:  Hold'em Limit ($3/$6 USD) - 2015/12/22 17:01:38 ET
Table 'Hassaleh' 2-max Seat #2 is the button
Seat 1: BigYelloFish ($420.45 in chips)
Seat 2: simper11 ($120 in chips)
simper11: posts small blind $1
BigYelloFish: posts big blind $3
*** HOLE CARDS ***
simper11: folds
Uncalled bet ($2) returned to BigYelloFish
BigYelloFish collected $2 from pot
BigYelloFish: doesn't show hand
*** SUMMARY ***
Total pot $2 | Rake $0
Seat 1: BigYelloFish (big blind) collected ($2)
Seat 2: simper11 (button) (small blind) folded before Flop


PokerStars Hand #145762085585:  Hold'em Limit ($3/$6 USD) - 2015/12/22 17:01:55 ET
Table 'Hassaleh' 2-max Seat #2 is the button
Seat 1: BigYelloFish ($412.45 in chips)
Seat 2: simper11 ($128.64 in chips)
simper11: posts small blind $1
BigYelloFish: posts big blind $3
*** HOLE CARDS ***
simper11: folds
Uncalled bet ($2) returned to BigYelloFish
BigYelloFish collected $2 from pot
BigYelloFish: doesn't show hand
*** SUMMARY ***
Total pot $2 | Rake $0
Seat 1: BigYelloFish (big blind) collected ($2)
Seat 2: simper11 (button) (small blind) folded before Flop


PokerStars Hand #145762073138:  Hold'em Limit ($3/$6 USD) - 2015/12/22 17:01:43 ET
Table 'Hassaleh' 2-max Seat #1 is the button
Seat 1: BigYelloFish ($421.45 in chips)
Seat 2: simper11 ($120 in chips)
BigYelloFish: posts small blind $1
simper11: posts big blind $3
*** HOLE CARDS ***
BigYelloFish: raises $3 to $6
simper11: calls $3
*** FLOP *** [Kd 8h 4c]
simper11: checks
BigYelloFish: bets $3
simper11: calls $3
*** TURN *** [Kd 8h 4c] [Js]
simper11: checks
BigYelloFish: checks
*** RIVER *** [Kd 8h 4c Js] [3d]
simper11: checks
BigYelloFish: checks
*** SHOW DOWN ***
simper11: shows [7c Ad] (high card Ace)
BigYelloFish: mucks hand
simper11 collected $17.64 from pot
*** SUMMARY ***
Total pot $18 | Rake $0.36
Board [Kd 8h 4c Js 3d]
Seat 1: BigYelloFish (button) (small blind) mucked
Seat 2: simper11 (big blind) showed [7c Ad] and won ($17.64) with high card Ace


PokerStars Hand #145762090753:  Hold'em Limit ($3/$6 USD) - 2015/12/22 17:02:00 ET
Table 'Hassaleh' 2-max Seat #1 is the button
Seat 1: BigYelloFish ($413.45 in chips)
Seat 2: simper11 ($127.64 in chips)
BigYelloFish: posts small blind $1
simper11: posts big blind $3
*** HOLE CARDS ***
BigYelloFish: raises $3 to $6
simper11: raises $3 to $9
BigYelloFish: calls $3
*** FLOP *** [Jh 2h 5s]
simper11: bets $3
BigYelloFish: calls $3
*** TURN *** [Jh 2h 5s] [Th]
simper11: bets $6
BigYelloFish: raises $6 to $12
simper11: calls $6
*** RIVER *** [Jh 2h 5s Th] [2d]
simper11: checks
BigYelloFish: bets $6
simper11: calls $6
*** SHOW DOWN ***
BigYelloFish: shows [Jd 3h] (two pair, Jacks and Deuces)
simper11: mucks hand
BigYelloFish collected $59.50 from pot
*** SUMMARY ***
Total pot $60 | Rake $0.50
Board [Jh 2h 5s Th 2d]
Seat 1: BigYelloFish (button) (small blind) showed [Jd 3h] and won ($59.50) with two pair, Jacks and Deuces
Seat 2: simper11 (big blind) mucked


PokerStars Hand #145762106464:  Hold'em Limit ($3/$6 USD) - 2015/12/22 17:02:16 ET
Table 'Hassaleh' 2-max Seat #2 is the button
Seat 1: BigYelloFish ($442.95 in chips)
Seat 2: simper11 ($120 in chips)
simper11: posts small blind $1
BigYelloFish: posts big blind $3
*** HOLE CARDS ***
simper11: raises $3 to $6
BigYelloFish: calls $3
*** FLOP *** [2d 6h 2c]
BigYelloFish: checks
simper11: bets $3
BigYelloFish: calls $3
*** TURN *** [2d 6h 2c] [9h]
BigYelloFish: checks
simper11: bets $6
BigYelloFish: calls $6
*** RIVER *** [2d 6h 2c 9h] [Kd]
BigYelloFish: checks
simper11: checks
*** SHOW DOWN ***
BigYelloFish: shows [Ts 8h] (a pair of Deuces)
simper11: shows [4d Ad] (a pair of Deuces - Ace kicker)
simper11 collected $29.50 from pot
*** SUMMARY ***
Total pot $30 | Rake $0.50
Board [2d 6h 2c 9h Kd]
Seat 1: BigYelloFish (big blind) showed [Ts 8h] and lost with a pair of Deuces
Seat 2: simper11 (button) (small blind) showed [4d Ad] and won ($29.50) with a pair of Deuces


PokerStars Hand #145762125007:  Hold'em Limit ($3/$6 USD) - 2015/12/22 17:02:34 ET
Table 'Hassaleh' 2-max Seat #2 is the button
Seat 1: BigYelloFish ($426.95 in chips)
Seat 2: simper11 ($135.50 in chips)
simper11: posts small blind $1
BigYelloFish: posts big blind $3
*** HOLE CARDS ***
simper11: folds
Uncalled bet ($2) returned to BigYelloFish
BigYelloFish collected $2 from pot
BigYelloFish: doesn't show hand
*** SUMMARY ***
Total pot $2 | Rake $0
Seat 1: BigYelloFish (big blind) collected ($2)
Seat 2: simper11 (button) (small blind) folded before Flop


PokerStars Hand #145762120712:  Hold'em Limit ($3/$6 USD) - 2015/12/22 17:02:30 ET
Table 'Hassaleh' 2-max Seat #1 is the button
Seat 1: BigYelloFish ($427.95 in chips)
Seat 2: simper11 ($134.50 in chips)
BigYelloFish: posts small blind $1
simper11: posts big blind $3
*** HOLE CARDS ***
BigYelloFish: folds
Uncalled bet ($2) returned to simper11
simper11 collected $2 from pot
simper11: doesn't show hand
*** SUMMARY ***
Total pot $2 | Rake $0
Seat 1: BigYelloFish (button) (small blind) folded before Flop
Seat 2: simper11 (big blind) collected ($2)


PokerStars Hand #145762129068:  Hold'em Limit ($3/$6 USD) - 2015/12/22 17:02:39 ET
Table 'Hassaleh' 2-max Seat #1 is the button
Seat 1: BigYelloFish ($427.95 in chips)
Seat 2: simper11 ($134.50 in chips)
BigYelloFish: posts small blind $1
simper11: posts big blind $3
*** HOLE CARDS ***
BigYelloFish: raises $3 to $6
simper11: calls $3
*** FLOP *** [6h 3d 5s]
simper11: checks
BigYelloFish: bets $3
simper11: calls $3
*** TURN *** [6h 3d 5s] [6s]
simper11: checks
BigYelloFish: bets $6
simper11: raises $6 to $12
BigYelloFish: raises $6 to $18
simper11: raises $6 to $24
Betting is capped
BigYelloFish: calls $6
*** RIVER *** [6h 3d 5s 6s] [7c]
simper11: bets $6
BigYelloFish: raises $6 to $12
simper11: calls $6
*** SHOW DOWN ***
BigYelloFish: shows [4d 2d] (a straight, Three to Seven)
simper11: mucks hand
BigYelloFish collected $89.50 from pot
*** SUMMARY ***
Total pot $90 | Rake $0.50
Board [6h 3d 5s 6s 7c]
Seat 1: BigYelloFish (button) (small blind) showed [4d 2d] and won ($89.50) with a straight, Three to Seven
Seat 2: simper11 (big blind) mucked


PokerStars Hand #145762183002:  Hold'em Limit ($3/$6 USD) - 2015/12/22 17:03:32 ET
Table 'Hassaleh' 2-max Seat #1 is the button
Seat 1: BigYelloFish ($466.21 in chips)
Seat 2: simper11 ($125.76 in chips)
BigYelloFish: posts small blind $1
simper11: posts big blind $3
*** HOLE CARDS ***
BigYelloFish: folds
Uncalled bet ($2) returned to simper11
simper11 collected $2 from pot
simper11: doesn't show hand
*** SUMMARY ***
Total pot $2 | Rake $0
Seat 1: BigYelloFish (button) (small blind) folded before Flop
Seat 2: simper11 (big blind) collected ($2)


PokerStars Hand #145762175824:  Hold'em Limit ($3/$6 USD) - 2015/12/22 17:03:25 ET
Table 'Hassaleh' 2-max Seat #2 is the button
Seat 1: BigYelloFish ($472.21 in chips)
Seat 2: simper11 ($120 in chips)
simper11: posts small blind $1
BigYelloFish: posts big blind $3
*** HOLE CARDS ***
simper11: raises $3 to $6
BigYelloFish: calls $3
*** FLOP *** [3d 4c Kd]
BigYelloFish: checks
simper11: bets $3
BigYelloFish: folds
Uncalled bet ($3) returned to simper11
simper11 collected $11.76 from pot
simper11: doesn't show hand
*** SUMMARY ***
Total pot $12 | Rake $0.24
Board [3d 4c Kd]
Seat 1: BigYelloFish (big blind) folded on the Flop
Seat 2: simper11 (button) (small blind) collected ($11.76)


PokerStars Hand #145762155327:  Hold'em Limit ($3/$6 USD) - 2015/12/22 17:03:05 ET
Table 'Hassaleh' 2-max Seat #1 is the button
Seat 1: BigYelloFish ($466.45 in chips)
Seat 2: simper11 ($125.76 in chips)
BigYelloFish: posts small blind $1
simper11: posts big blind $3
*** HOLE CARDS ***
BigYelloFish: raises $3 to $6
simper11: calls $3
*** FLOP *** [5h 2s Kc]
simper11: checks
BigYelloFish: bets $3
simper11: folds
Uncalled bet ($3) returned to BigYelloFish
BigYelloFish collected $11.76 from pot
BigYelloFish: doesn't show hand
*** SUMMARY ***
Total pot $12 | Rake $0.24
Board [5h 2s Kc]
Seat 1: BigYelloFish (button) (small blind) collected ($11.76)
Seat 2: simper11 (big blind) folded on the Flop


PokerStars Hand #145762147908:  Hold'em Limit ($3/$6 USD) - 2015/12/22 17:02:57 ET
Table 'Hassaleh' 2-max Seat #2 is the button
Seat 1: BigYelloFish ($472.45 in chips)
Seat 2: simper11 ($120 in chips)
simper11: posts small blind $1
BigYelloFish: posts big blind $3
*** HOLE CARDS ***
simper11: raises $3 to $6
BigYelloFish: calls $3
*** FLOP *** [Qs 2h Td]
BigYelloFish: checks
simper11: bets $3
BigYelloFish: folds
Uncalled bet ($3) returned to simper11
simper11 collected $11.76 from pot
simper11: doesn't show hand
*** SUMMARY ***
Total pot $12 | Rake $0.24
Board [Qs 2h Td]
Seat 1: BigYelloFish (big blind) folded on the Flop
Seat 2: simper11 (button) (small blind) collected ($11.76)


PokerStars Hand #145762238758:  Hold'em Limit ($3/$6 USD) - 2015/12/22 17:04:28 ET
Table 'Hassaleh' 2-max Seat #2 is the button
Seat 1: BigYelloFish ($443.97 in chips)
Seat 2: simper11 ($147.02 in chips)
simper11: posts small blind $1
BigYelloFish: posts big blind $3
*** HOLE CARDS ***
simper11: raises $3 to $6
BigYelloFish: folds
Uncalled bet ($3) returned to simper11
simper11 collected $6 from pot
simper11: doesn't show hand
*** SUMMARY ***
Total pot $6 | Rake $0
Seat 1: BigYelloFish (big blind) folded before Flop
Seat 2: simper11 (button) (small blind) collected ($6)


PokerStars Hand #145762228340:  Hold'em Limit ($3/$6 USD) - 2015/12/22 17:04:18 ET
Table 'Hassaleh' 2-max Seat #1 is the button
Seat 1: BigYelloFish ($440.97 in chips)
Seat 2: simper11 ($150.02 in chips)
BigYelloFish: posts small blind $1
simper11: posts big blind $3
*** HOLE CARDS ***
BigYelloFish: raises $3 to $6
simper11: folds
Uncalled bet ($3) returned to BigYelloFish
BigYelloFish collected $6 from pot
BigYelloFish: doesn't show hand
*** SUMMARY ***
Total pot $6 | Rake $0
Seat 1: BigYelloFish (button) (small blind) collected ($6)
Seat 2: simper11 (big blind) folded before Flop


PokerStars Hand #145762220499:  Hold'em Limit ($3/$6 USD) - 2015/12/22 17:04:10 ET
Table 'Hassaleh' 2-max Seat #2 is the button
Seat 1: BigYelloFish ($446.97 in chips)
Seat 2: simper11 ($144.26 in chips)
simper11: posts small blind $1
BigYelloFish: posts big blind $3
*** HOLE CARDS ***
simper11: raises $3 to $6
BigYelloFish: calls $3
*** FLOP *** [Js 5h Qs]
BigYelloFish: checks
simper11: bets $3
BigYelloFish: folds
Uncalled bet ($3) returned to simper11
simper11 collected $11.76 from pot
simper11: doesn't show hand
*** SUMMARY ***
Total pot $12 | Rake $0.24
Board [Js 5h Qs]
Seat 1: BigYelloFish (big blind) folded on the Flop
Seat 2: simper11 (button) (small blind) collected ($11.76)


PokerStars Hand #145762201434:  Hold'em Limit ($3/$6 USD) - 2015/12/22 17:03:51 ET
Table 'Hassaleh' 2-max Seat #1 is the button
Seat 1: BigYelloFish ($470.97 in chips)
Seat 2: simper11 ($120.76 in chips)
BigYelloFish: posts small blind $1
simper11: posts big blind $3
*** HOLE CARDS ***
BigYelloFish: raises $3 to $6
simper11: calls $3
*** FLOP *** [7s 5s 7d]
simper11: checks
BigYelloFish: bets $3
simper11: raises $3 to $6
BigYelloFish: calls $3
*** TURN *** [7s 5s 7d] [Jd]
simper11: bets $6
BigYelloFish: calls $6
*** RIVER *** [7s 5s 7d Jd] [6d]
simper11: bets $6
BigYelloFish: calls $6
*** SHOW DOWN ***
simper11: shows [6s 9h] (two pair, Sevens and Sixes)
BigYelloFish: mucks hand
simper11 collected $47.50 from pot
*** SUMMARY ***
Total pot $48 | Rake $0.50
Board [7s 5s 7d Jd 6d]
Seat 1: BigYelloFish (button) (small blind) mucked
Seat 2: simper11 (big blind) showed [6s 9h] and won ($47.50) with two pair, Sevens and Sixes


PokerStars Hand #145762189305:  Hold'em Limit ($3/$6 USD) - 2015/12/22 17:03:39 ET
Table 'Hassaleh' 2-max Seat #2 is the button
Seat 1: BigYelloFish ($465.21 in chips)
Seat 2: simper11 ($126.76 in chips)
simper11: posts small blind $1
BigYelloFish: posts big blind $3
*** HOLE CARDS ***
simper11: raises $3 to $6
BigYelloFish: calls $3
*** FLOP *** [7s Jh 6d]
BigYelloFish: checks
simper11: checks
*** TURN *** [7s Jh 6d] [Qh]
BigYelloFish: checks
simper11: checks
*** RIVER *** [7s Jh 6d Qh] [Ks]
BigYelloFish: checks
simper11: checks
*** SHOW DOWN ***
BigYelloFish: shows [Kc 6s] (two pair, Kings and Sixes)
simper11: mucks hand
BigYelloFish collected $11.76 from pot
*** SUMMARY ***
Total pot $12 | Rake $0.24
Board [7s Jh 6d Qh Ks]
Seat 1: BigYelloFish (big blind) showed [Kc 6s] and won ($11.76) with two pair, Kings and Sixes
Seat 2: simper11 (button) (small blind) mucked


PokerStars Hand #145762299742:  Hold'em Limit ($3/$6 USD) - 2015/12/22 17:05:29 ET
Table 'Hassaleh' 2-max Seat #1 is the button
Seat 1: BigYelloFish ($431.47 in chips)
Seat 2: simper11 ($158.04 in chips)
BigYelloFish: posts small blind $1
simper11: posts big blind $3
*** HOLE CARDS ***
BigYelloFish: raises $3 to $6
simper11: calls $3
*** FLOP *** [Ad 8s Js]
simper11: checks
BigYelloFish: bets $3
simper11: raises $3 to $6
BigYelloFish: calls $3
*** TURN *** [Ad 8s Js] [9d]
simper11: bets $6
BigYelloFish: calls $6
*** RIVER *** [Ad 8s Js 9d] [Th]
simper11: bets $6
BigYelloFish: folds
Uncalled bet ($6) returned to simper11
simper11 collected $35.50 from pot
simper11: doesn't show hand
*** SUMMARY ***
Total pot $36 | Rake $0.50
Board [Ad 8s Js 9d Th]
Seat 1: BigYelloFish (button) (small blind) folded on the River
Seat 2: simper11 (big blind) collected ($35.50)


PokerStars Hand #145762285566:  Hold'em Limit ($3/$6 USD) - 2015/12/22 17:05:15 ET
Table 'Hassaleh' 2-max Seat #2 is the button
Seat 1: BigYelloFish ($407.97 in chips)
Seat 2: simper11 ($182.04 in chips)
simper11: posts small blind $1
BigYelloFish: posts big blind $3
*** HOLE CARDS ***
simper11: raises $3 to $6
BigYelloFish: calls $3
*** FLOP *** [7c 6d 2s]
BigYelloFish: checks
simper11: bets $3
BigYelloFish: raises $3 to $6
simper11: calls $3
*** TURN *** [7c 6d 2s] [7h]
BigYelloFish: bets $6
simper11: calls $6
*** RIVER *** [7c 6d 2s 7h] [2c]
BigYelloFish: bets $6
simper11: calls $6
*** SHOW DOWN ***
BigYelloFish: shows [Jd 7d] (a full house, Sevens full of Deuces)
simper11: mucks hand
BigYelloFish collected $47.50 from pot
*** SUMMARY ***
Total pot $48 | Rake $0.50
Board [7c 6d 2s 7h 2c]
Seat 1: BigYelloFish (big blind) showed [Jd 7d] and won ($47.50) with a full house, Sevens full of Deuces
Seat 2: simper11 (button) (small blind) mucked


PokerStars Hand #145762270252:  Hold'em Limit ($3/$6 USD) - 2015/12/22 17:04:59 ET
Table 'Hassaleh' 2-max Seat #1 is the button
Seat 1: BigYelloFish ($413.97 in chips)
Seat 2: simper11 ($176.28 in chips)
BigYelloFish: posts small blind $1
simper11: posts big blind $3
*** HOLE CARDS ***
BigYelloFish: raises $3 to $6
simper11: calls $3
*** FLOP *** [5s 8d 7s]
simper11: checks
BigYelloFish: checks
*** TURN *** [5s 8d 7s] [Qd]
simper11: bets $6
BigYelloFish: folds
Uncalled bet ($6) returned to simper11
simper11 collected $11.76 from pot
simper11: doesn't show hand
*** SUMMARY ***
Total pot $12 | Rake $0.24
Board [5s 8d 7s Qd]
Seat 1: BigYelloFish (button) (small blind) folded on the Turn
Seat 2: simper11 (big blind) collected ($11.76)


PokerStars Hand #145762262723:  Hold'em Limit ($3/$6 USD) - 2015/12/22 17:04:52 ET
Table 'Hassaleh' 2-max Seat #2 is the button
Seat 1: BigYelloFish ($419.97 in chips)
Seat 2: simper11 ($170.52 in chips)
simper11: posts small blind $1
BigYelloFish: posts big blind $3
*** HOLE CARDS ***
simper11: raises $3 to $6
BigYelloFish: calls $3
*** FLOP *** [4d Td 8d]
BigYelloFish: checks
simper11: bets $3
BigYelloFish: folds
Uncalled bet ($3) returned to simper11
simper11 collected $11.76 from pot
simper11: doesn't show hand
*** SUMMARY ***
Total pot $12 | Rake $0.24
Board [4d Td 8d]
Seat 1: BigYelloFish (big blind) folded on the Flop
Seat 2: simper11 (button) (small blind) collected ($11.76)


PokerStars Hand #145762243542:  Hold'em Limit ($3/$6 USD) - 2015/12/22 17:04:33 ET
Table 'Hassaleh' 2-max Seat #1 is the button
Seat 1: BigYelloFish ($440.97 in chips)
Seat 2: simper11 ($150.02 in chips)
BigYelloFish: posts small blind $1
simper11: posts big blind $3
*** HOLE CARDS ***
BigYelloFish: raises $3 to $6
simper11: calls $3
*** FLOP *** [Js Ah 9c]
simper11: checks
BigYelloFish: bets $3
simper11: calls $3
*** TURN *** [Js Ah 9c] [2h]
simper11: checks
BigYelloFish: bets $6
simper11: calls $6
*** RIVER *** [Js Ah 9c 2h] [Ks]
simper11: checks
BigYelloFish: bets $6
simper11: calls $6
*** SHOW DOWN ***
BigYelloFish: shows [Tc 8s] (high card Ace)
simper11: shows [3c 3h] (a pair of Threes)
simper11 collected $41.50 from pot
*** SUMMARY ***
Total pot $42 | Rake $0.50
Board [Js Ah 9c 2h Ks]
Seat 1: BigYelloFish (button) (small blind) showed [Tc 8s] and lost with high card Ace
Seat 2: simper11 (big blind) showed [3c 3h] and won ($41.50) with a pair of Threes


PokerStars Hand #145762365486:  Hold'em Limit ($3/$6 USD) - 2015/12/22 17:06:34 ET
Table 'Hassaleh' 2-max Seat #2 is the button
Seat 1: BigYelloFish ($439.11 in chips)
Seat 2: simper11 ($148.04 in chips)
simper11: posts small blind $1
BigYelloFish: posts big blind $3
*** HOLE CARDS ***
simper11: raises $3 to $6
BigYelloFish: folds
Uncalled bet ($3) returned to simper11
simper11 collected $6 from pot
simper11: doesn't show hand
*** SUMMARY ***
Total pot $6 | Rake $0
Seat 1: BigYelloFish (big blind) folded before Flop
Seat 2: simper11 (button) (small blind) collected ($6)


PokerStars Hand #145762354305:  Hold'em Limit ($3/$6 USD) - 2015/12/22 17:06:23 ET
Table 'Hassaleh' 2-max Seat #1 is the button
Seat 1: BigYelloFish ($430.47 in chips)
Seat 2: simper11 ($157.04 in chips)
BigYelloFish: posts small blind $1
simper11: posts big blind $3
*** HOLE CARDS ***
BigYelloFish: raises $3 to $6
simper11: calls $3
*** FLOP *** [6s 5h 7d]
simper11: checks
BigYelloFish: bets $3
simper11: calls $3
*** TURN *** [6s 5h 7d] [Ad]
simper11: checks
BigYelloFish: bets $6
simper11: folds
Uncalled bet ($6) returned to BigYelloFish
BigYelloFish collected $17.64 from pot
BigYelloFish: doesn't show hand
*** SUMMARY ***
Total pot $18 | Rake $0.36
Board [6s 5h 7d Ad]
Seat 1: BigYelloFish (button) (small blind) collected ($17.64)
Seat 2: simper11 (big blind) folded on the Turn


PokerStars Hand #145762341619:  Hold'em Limit ($3/$6 USD) - 2015/12/22 17:06:10 ET
Table 'Hassaleh' 2-max Seat #2 is the button
Seat 1: BigYelloFish ($412.97 in chips)
Seat 2: simper11 ($175.04 in chips)
simper11: posts small blind $1
BigYelloFish: posts big blind $3
*** HOLE CARDS ***
simper11: raises $3 to $6
BigYelloFish: raises $3 to $9
simper11: calls $3
*** FLOP *** [Qc Ks Ah]
BigYelloFish: bets $3
simper11: calls $3
*** TURN *** [Qc Ks Ah] [7d]
BigYelloFish: bets $6
simper11: calls $6
*** RIVER *** [Qc Ks Ah 7d] [9c]
BigYelloFish: bets $6
simper11: folds
Uncalled bet ($6) returned to BigYelloFish
BigYelloFish collected $35.50 from pot
BigYelloFish: doesn't show hand
*** SUMMARY ***
Total pot $36 | Rake $0.50
Board [Qc Ks Ah 7d 9c]
Seat 1: BigYelloFish (big blind) collected ($35.50)
Seat 2: simper11 (button) (small blind) folded on the River


PokerStars Hand #145762328128:  Hold'em Limit ($3/$6 USD) - 2015/12/22 17:05:57 ET
Table 'Hassaleh' 2-max Seat #1 is the button
Seat 1: BigYelloFish ($436.97 in chips)
Seat 2: simper11 ($151.54 in chips)
BigYelloFish: posts small blind $1
simper11: posts big blind $3
*** HOLE CARDS ***
BigYelloFish: raises $3 to $6
simper11: calls $3
*** FLOP *** [Kc Jc Kh]
simper11: checks
BigYelloFish: bets $3
simper11: raises $3 to $6
BigYelloFish: calls $3
*** TURN *** [Kc Jc Kh] [Kd]
simper11: bets $6
BigYelloFish: calls $6
*** RIVER *** [Kc Jc Kh Kd] [Ts]
simper11: bets $6
BigYelloFish: calls $6
*** SHOW DOWN ***
simper11: shows [4d 4h] (a full house, Kings full of Fours)
BigYelloFish: mucks hand
simper11 collected $47.50 from pot
*** SUMMARY ***
Total pot $48 | Rake $0.50
Board [Kc Jc Kh Kd Ts]
Seat 1: BigYelloFish (button) (small blind) mucked
Seat 2: simper11 (big blind) showed [4d 4h] and won ($47.50) with a full house, Kings full of Fours


PokerStars Hand #145762313621:  Hold'em Limit ($3/$6 USD) - 2015/12/22 17:05:43 ET
Table 'Hassaleh' 2-max Seat #2 is the button
Seat 1: BigYelloFish ($413.47 in chips)
Seat 2: simper11 ($175.54 in chips)
simper11: posts small blind $1
BigYelloFish: posts big blind $3
*** HOLE CARDS ***
simper11: raises $3 to $6
BigYelloFish: raises $3 to $9
simper11: calls $3
*** FLOP *** [Td 6c Th]
BigYelloFish: bets $3
simper11: calls $3
*** TURN *** [Td 6c Th] [Js]
BigYelloFish: bets $6
simper11: calls $6
*** RIVER *** [Td 6c Th Js] [7c]
BigYelloFish: bets $6
simper11: calls $6
*** SHOW DOWN ***
BigYelloFish: shows [Jh Ad] (two pair, Jacks and Tens)
simper11: mucks hand
BigYelloFish collected $47.50 from pot
*** SUMMARY ***
Total pot $48 | Rake $0.50
Board [Td 6c Th Js 7c]
Seat 1: BigYelloFish (big blind) showed [Jh Ad] and won ($47.50) with two pair, Jacks and Tens
Seat 2: simper11 (button) (small blind) mucked


PokerStars Hand #145762419399:  Hold'em Limit ($3/$6 USD) - 2015/12/22 17:07:28 ET
Table 'Hassaleh' 2-max Seat #2 is the button
Seat 1: BigYelloFish ($451.61 in chips)
Seat 2: simper11 ($134.68 in chips)
simper11: posts small blind $1
BigYelloFish: posts big blind $3
*** HOLE CARDS ***
simper11: raises $3 to $6
BigYelloFish: raises $3 to $9
simper11: calls $3
*** FLOP *** [5s 5h Ad]
BigYelloFish: bets $3
simper11: calls $3
*** TURN *** [5s 5h Ad] [8s]
BigYelloFish: checks
simper11: bets $6
BigYelloFish: folds
Uncalled bet ($6) returned to simper11
simper11 collected $23.52 from pot
simper11: doesn't show hand
*** SUMMARY ***
Total pot $24 | Rake $0.48
Board [5s 5h Ad 8s]
Seat 1: BigYelloFish (big blind) folded on the Turn
Seat 2: simper11 (button) (small blind) collected ($23.52)


PokerStars Hand #145762414505:  Hold'em Limit ($3/$6 USD) - 2015/12/22 17:07:23 ET
Table 'Hassaleh' 2-max Seat #1 is the button
Seat 1: BigYelloFish ($452.61 in chips)
Seat 2: simper11 ($133.68 in chips)
BigYelloFish: posts small blind $1
simper11: posts big blind $3
*** HOLE CARDS ***
BigYelloFish: folds
Uncalled bet ($2) returned to simper11
simper11 collected $2 from pot
simper11: doesn't show hand
*** SUMMARY ***
Total pot $2 | Rake $0
Seat 1: BigYelloFish (button) (small blind) folded before Flop
Seat 2: simper11 (big blind) collected ($2)


PokerStars Hand #145762400244:  Hold'em Limit ($3/$6 USD) - 2015/12/22 17:07:09 ET
Table 'Hassaleh' 2-max Seat #2 is the button
Seat 1: BigYelloFish ($461.61 in chips)
Seat 2: simper11 ($125.04 in chips)
simper11: posts small blind $1
BigYelloFish: posts big blind $3
*** HOLE CARDS ***
simper11: raises $3 to $6
BigYelloFish: calls $3
*** FLOP *** [6c 5d 3s]
BigYelloFish: checks
simper11: bets $3
BigYelloFish: calls $3
*** TURN *** [6c 5d 3s] [7h]
BigYelloFish: checks
simper11: bets $6
BigYelloFish: folds
Uncalled bet ($6) returned to simper11
simper11 collected $17.64 from pot
simper11: doesn't show hand
*** SUMMARY ***
Total pot $18 | Rake $0.36
Board [6c 5d 3s 7h]
Seat 1: BigYelloFish (big blind) folded on the Turn
Seat 2: simper11 (button) (small blind) collected ($17.64)


PokerStars Hand #145762395587:  Hold'em Limit ($3/$6 USD) - 2015/12/22 17:07:04 ET
Table 'Hassaleh' 2-max Seat #1 is the button
Seat 1: BigYelloFish ($462.61 in chips)
Seat 2: simper11 ($124.04 in chips)
BigYelloFish: posts small blind $1
simper11: posts big blind $3
*** HOLE CARDS ***
BigYelloFish: folds
Uncalled bet ($2) returned to simper11
simper11 collected $2 from pot
simper11: doesn't show hand
*** SUMMARY ***
Total pot $2 | Rake $0
Seat 1: BigYelloFish (button) (small blind) folded before Flop
Seat 2: simper11 (big blind) collected ($2)


PokerStars Hand #145762376727:  Hold'em Limit ($3/$6 USD) - 2015/12/22 17:06:45 ET
Table 'Hassaleh' 2-max Seat #2 is the button
Seat 1: BigYelloFish ($439.11 in chips)
Seat 2: simper11 ($148.04 in chips)
simper11: posts small blind $1
BigYelloFish: posts big blind $3
*** HOLE CARDS ***
simper11: raises $3 to $6
BigYelloFish: raises $3 to $9
simper11: calls $3
*** FLOP *** [8c Ks 9h]
BigYelloFish: bets $3
simper11: calls $3
*** TURN *** [8c Ks 9h] [Js]
BigYelloFish: bets $6
simper11: calls $6
*** RIVER *** [8c Ks 9h Js] [Kh]
BigYelloFish: bets $6
simper11: calls $6
*** SHOW DOWN ***
BigYelloFish: shows [Ah Jd] (two pair, Kings and Jacks)
simper11: mucks hand
BigYelloFish collected $47.50 from pot
*** SUMMARY ***
Total pot $48 | Rake $0.50
Board [8c Ks 9h Js Kh]
Seat 1: BigYelloFish (big blind) showed [Ah Jd] and won ($47.50) with two pair, Kings and Jacks
Seat 2: simper11 (button) (small blind) mucked


PokerStars Hand #145762371425:  Hold'em Limit ($3/$6 USD) - 2015/12/22 17:06:40 ET
Table 'Hassaleh' 2-max Seat #1 is the button
Seat 1: BigYelloFish ($436.11 in chips)
Seat 2: simper11 ($151.04 in chips)
BigYelloFish: posts small blind $1
simper11: posts big blind $3
*** HOLE CARDS ***
BigYelloFish: raises $3 to $6
simper11: folds
Uncalled bet ($3) returned to BigYelloFish
BigYelloFish collected $6 from pot
BigYelloFish: doesn't show hand
*** SUMMARY ***
Total pot $6 | Rake $0
Seat 1: BigYelloFish (button) (small blind) collected ($6)
Seat 2: simper11 (big blind) folded before Flop


PokerStars Hand #145762479661:  Hold'em Limit ($3/$6 USD) - 2015/12/22 17:08:27 ET
Table 'Hassaleh' 2-max Seat #2 is the button
Seat 1: BigYelloFish ($424.12 in chips)
Seat 2: simper11 ($160.33 in chips)
simper11: posts small blind $1
BigYelloFish: posts big blind $3
*** HOLE CARDS ***
simper11: raises $3 to $6
BigYelloFish: calls $3
*** FLOP *** [5h 5s 9h]
BigYelloFish: checks
simper11: bets $3
BigYelloFish: calls $3
*** TURN *** [5h 5s 9h] [Jh]
BigYelloFish: checks
simper11: bets $6
BigYelloFish: calls $6
*** RIVER *** [5h 5s 9h Jh] [4d]
BigYelloFish: checks
simper11: bets $6
BigYelloFish: calls $6
*** SHOW DOWN ***
simper11: shows [3d Js] (two pair, Jacks and Fives)
BigYelloFish: mucks hand
simper11 collected $41.50 from pot
*** SUMMARY ***
Total pot $42 | Rake $0.50
Board [5h 5s 9h Jh 4d]
Seat 1: BigYelloFish (big blind) mucked
Seat 2: simper11 (button) (small blind) showed [3d Js] and won ($41.50) with two pair, Jacks and Fives


PokerStars Hand #145762471390:  Hold'em Limit ($3/$6 USD) - 2015/12/22 17:08:19 ET
Table 'Hassaleh' 2-max Seat #1 is the button
Seat 1: BigYelloFish ($418.36 in chips)
Seat 2: simper11 ($166.33 in chips)
BigYelloFish: posts small blind $1
simper11: posts big blind $3
*** HOLE CARDS ***
BigYelloFish: raises $3 to $6
simper11: calls $3
*** FLOP *** [6h 9c 9s]
simper11: checks
BigYelloFish: bets $3
simper11: folds
Uncalled bet ($3) returned to BigYelloFish
BigYelloFish collected $11.76 from pot
BigYelloFish: doesn't show hand
*** SUMMARY ***
Total pot $12 | Rake $0.24
Board [6h 9c 9s]
Seat 1: BigYelloFish (button) (small blind) collected ($11.76)
Seat 2: simper11 (big blind) folded on the Flop


PokerStars Hand #145762457568:  Hold'em Limit ($3/$6 USD) - 2015/12/22 17:08:05 ET
Table 'Hassaleh' 2-max Seat #2 is the button
Seat 1: BigYelloFish ($433.36 in chips)
Seat 2: simper11 ($151.83 in chips)
simper11: posts small blind $1
BigYelloFish: posts big blind $3
*** HOLE CARDS ***
simper11: raises $3 to $6
BigYelloFish: calls $3
*** FLOP *** [2s Td Ah]
BigYelloFish: checks
simper11: bets $3
BigYelloFish: calls $3
*** TURN *** [2s Td Ah] [Kh]
BigYelloFish: checks
simper11: bets $6
BigYelloFish: calls $6
*** RIVER *** [2s Td Ah Kh] [Js]
BigYelloFish: checks
simper11: bets $6
BigYelloFish: folds
Uncalled bet ($6) returned to simper11
simper11 collected $29.50 from pot
simper11: doesn't show hand
*** SUMMARY ***
Total pot $30 | Rake $0.50
Board [2s Td Ah Kh Js]
Seat 1: BigYelloFish (big blind) folded on the River
Seat 2: simper11 (button) (small blind) collected ($29.50)


PokerStars Hand #145762444276:  Hold'em Limit ($3/$6 USD) - 2015/12/22 17:07:52 ET
Table 'Hassaleh' 2-max Seat #1 is the button
Seat 1: BigYelloFish ($433.61 in chips)
Seat 2: simper11 ($152.08 in chips)
BigYelloFish: posts small blind $1
simper11: posts big blind $3
*** HOLE CARDS ***
BigYelloFish: raises $3 to $6
simper11: calls $3
*** FLOP *** [6d Kh 6s]
simper11: checks
BigYelloFish: bets $3
simper11: raises $3 to $6
BigYelloFish: calls $3
*** TURN *** [6d Kh 6s] [3h]
simper11: bets $6
BigYelloFish: calls $6
*** RIVER *** [6d Kh 6s 3h] [Kd]
simper11: bets $6
BigYelloFish: calls $6
*** SHOW DOWN ***
simper11: shows [3d Ah] (two pair, Kings and Sixes)
BigYelloFish: shows [4c As] (two pair, Kings and Sixes)
simper11 collected $23.75 from pot
BigYelloFish collected $23.75 from pot
*** SUMMARY ***
Total pot $48 | Rake $0.50
Board [6d Kh 6s 3h Kd]
Seat 1: BigYelloFish (button) (small blind) showed [4c As] and won ($23.75) with two pair, Kings and Sixes
Seat 2: simper11 (big blind) showed [3d Ah] and won ($23.75) with two pair, Kings and Sixes


PokerStars Hand #145762439149:  Hold'em Limit ($3/$6 USD) - 2015/12/22 17:07:47 ET
Table 'Hassaleh' 2-max Seat #2 is the button
Seat 1: BigYelloFish ($436.61 in chips)
Seat 2: simper11 ($149.08 in chips)
simper11: posts small blind $1
BigYelloFish: posts big blind $3
*** HOLE CARDS ***
simper11: raises $3 to $6
BigYelloFish: folds
Uncalled bet ($3) returned to simper11
simper11 collected $6 from pot
simper11: doesn't show hand
*** SUMMARY ***
Total pot $6 | Rake $0
Seat 1: BigYelloFish (big blind) folded before Flop
Seat 2: simper11 (button) (small blind) collected ($6)


PokerStars Hand #145762430901:  Hold'em Limit ($3/$6 USD) - 2015/12/22 17:07:39 ET
Table 'Hassaleh' 2-max Seat #1 is the button
Seat 1: BigYelloFish ($439.61 in chips)
Seat 2: simper11 ($146.20 in chips)
BigYelloFish: posts small blind $1
simper11: posts big blind $3
*** HOLE CARDS ***
BigYelloFish: calls $2
simper11: checks
*** FLOP *** [Td 8d Qh]
simper11: bets $3
BigYelloFish: folds
Uncalled bet ($3) returned to simper11
simper11 collected $5.88 from pot
simper11: doesn't show hand
*** SUMMARY ***
Total pot $6 | Rake $0.12
Board [Td 8d Qh]
Seat 1: BigYelloFish (button) (small blind) folded on the Flop
Seat 2: simper11 (big blind) collected ($5.88)


PokerStars Hand #145762515706:  Hold'em Limit ($3/$6 USD) - 2015/12/22 17:09:03 ET
Table 'Hassaleh' 2-max Seat #1 is the button
Seat 1: BigYelloFish ($388.12 in chips)
Seat 2: simper11 ($195.23 in chips)
BigYelloFish: posts small blind $1
simper11: posts big blind $3
*** HOLE CARDS ***
BigYelloFish: raises $3 to $6
simper11: raises $3 to $9
BigYelloFish: calls $3
*** FLOP *** [2h Th Ts]
simper11: bets $3
BigYelloFish: calls $3
*** TURN *** [2h Th Ts] [Qs]
simper11: bets $6
BigYelloFish: folds
Uncalled bet ($6) returned to simper11
simper11 collected $23.52 from pot
simper11: doesn't show hand
*** SUMMARY ***
Total pot $24 | Rake $0.48
Board [2h Th Ts Qs]
Seat 1: BigYelloFish (button) (small blind) folded on the Turn
Seat 2: simper11 (big blind) collected ($23.52)


PokerStars Hand #145762505118:  Hold'em Limit ($3/$6 USD) - 2015/12/22 17:08:53 ET
Table 'Hassaleh' 2-max Seat #2 is the button
Seat 1: BigYelloFish ($394.12 in chips)
Seat 2: simper11 ($189.47 in chips)
simper11: posts small blind $1
BigYelloFish: posts big blind $3
*** HOLE CARDS ***
simper11: raises $3 to $6
BigYelloFish: calls $3
*** FLOP *** [7s 5s 8s]
BigYelloFish: checks
simper11: bets $3
BigYelloFish: folds
Uncalled bet ($3) returned to simper11
simper11 collected $11.76 from pot
simper11: doesn't show hand
*** SUMMARY ***
Total pot $12 | Rake $0.24
Board [7s 5s 8s]
Seat 1: BigYelloFish (big blind) folded on the Flop
Seat 2: simper11 (button) (small blind) collected ($11.76)


PokerStars Hand #145762492878:  Hold'em Limit ($3/$6 USD) - 2015/12/22 17:08:41 ET
Table 'Hassaleh' 2-max Seat #1 is the button
Seat 1: BigYelloFish ($403.12 in chips)
Seat 2: simper11 ($180.83 in chips)
BigYelloFish: posts small blind $1
simper11: posts big blind $3
*** HOLE CARDS ***
BigYelloFish: raises $3 to $6
simper11: calls $3
*** FLOP *** [Kh Ad Ah]
simper11: checks
BigYelloFish: bets $3
simper11: raises $3 to $6
BigYelloFish: folds
Uncalled bet ($3) returned to simper11
simper11 collected $17.64 from pot
simper11: doesn't show hand
*** SUMMARY ***
Total pot $18 | Rake $0.36
Board [Kh Ad Ah]
Seat 1: BigYelloFish (button) (small blind) folded on the Flop
Seat 2: simper11 (big blind) collected ($17.64)


