PokerStars Hand #159824848985:  Hold'em Limit ($3/$6 USD) - 2016/10/12 8:41:43 ET
Table 'Hassaleh' 6-max Seat #1 is the button
Seat 1: TbIP-TbIP 88 ($73 in chips)
Seat 6: HAOYUN88888 ($127.83 in chips)
TbIP-TbIP 88: posts small blind $1
HAOYUN88888: posts big blind $3
*** HOLE CARDS ***
TbIP-TbIP 88: raises $3 to $6
HAOYUN88888: calls $3
*** FLOP *** [2h 5c Jh]
HAOYUN88888: checks
TbIP-TbIP 88: bets $3
HAOYUN88888: folds
Uncalled bet ($3) returned to TbIP-TbIP 88
TbIP-TbIP 88 collected $11.76 from pot
TbIP-TbIP 88: doesn't show hand
*** SUMMARY ***
Total pot $12 | Rake $0.24
Board [2h 5c Jh]
Seat 1: TbIP-TbIP 88 (button) (small blind) collected ($11.76)
Seat 6: HAOYUN88888 (big blind) folded on the Flop


PokerStars Hand #159824840686:  Hold'em Limit ($3/$6 USD) - 2016/10/12 8:41:27 ET
Table 'Hassaleh' 6-max Seat #6 is the button
Seat 1: TbIP-TbIP 88 ($76 in chips)
Seat 6: HAOYUN88888 ($124.83 in chips)
HAOYUN88888: posts small blind $1
TbIP-TbIP 88: posts big blind $3
*** HOLE CARDS ***
HAOYUN88888: raises $3 to $6
TbIP-TbIP 88: folds
Uncalled bet ($3) returned to HAOYUN88888
HAOYUN88888 collected $6 from pot
HAOYUN88888: doesn't show hand
*** SUMMARY ***
Total pot $6 | Rake $0
Seat 1: TbIP-TbIP 88 (big blind) folded before Flop
Seat 6: HAOYUN88888 (button) (small blind) collected ($6)


PokerStars Hand #159824899206:  Hold'em Limit ($3/$6 USD) - 2016/10/12 8:43:18 ET
Table 'Hassaleh' 6-max Seat #6 is the button
Seat 1: TbIP-TbIP 88 ($107.02 in chips)
Seat 6: HAOYUN88888 ($92.59 in chips)
HAOYUN88888: posts small blind $1
TbIP-TbIP 88: posts big blind $3
*** HOLE CARDS ***
HAOYUN88888: folds
Uncalled bet ($2) returned to TbIP-TbIP 88
TbIP-TbIP 88 collected $2 from pot
TbIP-TbIP 88: doesn't show hand
*** SUMMARY ***
Total pot $2 | Rake $0
Seat 1: TbIP-TbIP 88 (big blind) collected ($2)
Seat 6: HAOYUN88888 (button) (small blind) folded before Flop


PokerStars Hand #159824889520:  Hold'em Limit ($3/$6 USD) - 2016/10/12 8:43:00 ET
Table 'Hassaleh' 6-max Seat #1 is the button
Seat 1: TbIP-TbIP 88 ($83.52 in chips)
Seat 6: HAOYUN88888 ($116.59 in chips)
TbIP-TbIP 88: posts small blind $1
HAOYUN88888: posts big blind $3
*** HOLE CARDS ***
TbIP-TbIP 88: raises $3 to $6
HAOYUN88888: calls $3
*** FLOP *** [2h 7h Th]
HAOYUN88888: checks
TbIP-TbIP 88: bets $3
HAOYUN88888: raises $3 to $6
TbIP-TbIP 88: calls $3
*** TURN *** [2h 7h Th] [7s]
HAOYUN88888: bets $6
TbIP-TbIP 88: calls $6
*** RIVER *** [2h 7h Th 7s] [Jd]
HAOYUN88888: bets $6
TbIP-TbIP 88: calls $6
*** SHOW DOWN ***
HAOYUN88888: shows [Kh 2c] (two pair, Sevens and Deuces)
TbIP-TbIP 88: shows [9d 9c] (two pair, Nines and Sevens)
TbIP-TbIP 88 collected $47.50 from pot
*** SUMMARY ***
Total pot $48 | Rake $0.50
Board [2h 7h Th 7s Jd]
Seat 1: TbIP-TbIP 88 (button) (small blind) showed [9d 9c] and won ($47.50) with two pair, Nines and Sevens
Seat 6: HAOYUN88888 (big blind) showed [Kh 2c] and lost with two pair, Sevens and Deuces


PokerStars Hand #159824877896:  Hold'em Limit ($3/$6 USD) - 2016/10/12 8:42:38 ET
Table 'Hassaleh' 6-max Seat #6 is the button
Seat 1: TbIP-TbIP 88 ($72 in chips)
Seat 6: HAOYUN88888 ($128.59 in chips)
HAOYUN88888: posts small blind $1
TbIP-TbIP 88: posts big blind $3
*** HOLE CARDS ***
HAOYUN88888: raises $3 to $6
TbIP-TbIP 88: calls $3
*** FLOP *** [8d 7d 8h]
TbIP-TbIP 88: checks
HAOYUN88888: bets $3
TbIP-TbIP 88: raises $3 to $6
HAOYUN88888: calls $3
*** TURN *** [8d 7d 8h] [2d]
TbIP-TbIP 88: bets $6
HAOYUN88888: folds
Uncalled bet ($6) returned to TbIP-TbIP 88
TbIP-TbIP 88 collected $23.52 from pot
TbIP-TbIP 88: doesn't show hand
*** SUMMARY ***
Total pot $24 | Rake $0.48
Board [8d 7d 8h 2d]
Seat 1: TbIP-TbIP 88 (big blind) collected ($23.52)
Seat 6: HAOYUN88888 (button) (small blind) folded on the Turn


PokerStars Hand #159824871858:  Hold'em Limit ($3/$6 USD) - 2016/10/12 8:42:26 ET
Table 'Hassaleh' 6-max Seat #1 is the button
Seat 1: TbIP-TbIP 88 ($72.76 in chips)
Seat 6: HAOYUN88888 ($127.59 in chips)
TbIP-TbIP 88: posts small blind $1
HAOYUN88888: posts big blind $3
*** HOLE CARDS ***
TbIP-TbIP 88: folds
Uncalled bet ($2) returned to HAOYUN88888
HAOYUN88888 collected $2 from pot
HAOYUN88888: doesn't show hand
*** SUMMARY ***
Total pot $2 | Rake $0
Seat 1: TbIP-TbIP 88 (button) (small blind) folded before Flop
Seat 6: HAOYUN88888 (big blind) collected ($2)


PokerStars Hand #159824860117:  Hold'em Limit ($3/$6 USD) - 2016/10/12 8:42:04 ET
Table 'Hassaleh' 6-max Seat #6 is the button
Seat 1: TbIP-TbIP 88 ($78.76 in chips)
Seat 6: HAOYUN88888 ($121.83 in chips)
HAOYUN88888: posts small blind $1
TbIP-TbIP 88: posts big blind $3
*** HOLE CARDS ***
HAOYUN88888: raises $3 to $6
TbIP-TbIP 88: calls $3
*** FLOP *** [Ts Ad Jh]
TbIP-TbIP 88: checks
HAOYUN88888: bets $3
TbIP-TbIP 88: folds
Uncalled bet ($3) returned to HAOYUN88888
HAOYUN88888 collected $11.76 from pot
HAOYUN88888: doesn't show hand
*** SUMMARY ***
Total pot $12 | Rake $0.24
Board [Ts Ad Jh]
Seat 1: TbIP-TbIP 88 (big blind) folded on the Flop
Seat 6: HAOYUN88888 (button) (small blind) collected ($11.76)


PokerStars Hand #159824901553:  Hold'em Limit ($3/$6 USD) - 2016/10/12 8:43:23 ET
Table 'Hassaleh' 6-max Seat #1 is the button
Seat 1: TbIP-TbIP 88 ($108.02 in chips)
Seat 6: HAOYUN88888 ($91.59 in chips)
TbIP-TbIP 88: posts small blind $1
HAOYUN88888: posts big blind $3
*** HOLE CARDS ***
TbIP-TbIP 88: raises $3 to $6
HAOYUN88888: calls $3
*** FLOP *** [Tc As 6h]
HAOYUN88888: checks
TbIP-TbIP 88: bets $3
HAOYUN88888: calls $3
*** TURN *** [Tc As 6h] [9h]
HAOYUN88888: checks
TbIP-TbIP 88: checks
*** RIVER *** [Tc As 6h 9h] [4h]
HAOYUN88888: bets $6
TbIP-TbIP 88: calls $6
*** SHOW DOWN ***
HAOYUN88888: shows [6c 3h] (a pair of Sixes)
TbIP-TbIP 88: mucks hand
HAOYUN88888 collected $29.50 from pot
*** SUMMARY ***
Total pot $30 | Rake $0.50
Board [Tc As 6h 9h 4h]
Seat 1: TbIP-TbIP 88 (button) (small blind) mucked
Seat 6: HAOYUN88888 (big blind) showed [6c 3h] and won ($29.50) with a pair of Sixes


PokerStars Hand #159824937897:  Hold'em Limit ($3/$6 USD) - 2016/10/12 8:44:31 ET
Table 'Hassaleh' 6-max Seat #1 is the button
Seat 1: TbIP-TbIP 88 ($78.02 in chips)
Seat 6: HAOYUN88888 ($120.59 in chips)
TbIP-TbIP 88: posts small blind $1
HAOYUN88888: posts big blind $3
*** HOLE CARDS ***
TbIP-TbIP 88: raises $3 to $6
HAOYUN88888: calls $3
*** FLOP *** [7c 9h 4s]
HAOYUN88888: checks
TbIP-TbIP 88: bets $3
HAOYUN88888: raises $3 to $6
TbIP-TbIP 88: calls $3
*** TURN *** [7c 9h 4s] [Qc]
HAOYUN88888: checks
TbIP-TbIP 88: checks
*** RIVER *** [7c 9h 4s Qc] [Ks]
HAOYUN88888: checks
TbIP-TbIP 88: bets $6
HAOYUN88888: calls $6
*** SHOW DOWN ***
TbIP-TbIP 88: shows [8d Jh] (high card King)
HAOYUN88888: shows [7h 6h] (a pair of Sevens)
HAOYUN88888 collected $35.50 from pot
*** SUMMARY ***
Total pot $36 | Rake $0.50
Board [7c 9h 4s Qc Ks]
Seat 1: TbIP-TbIP 88 (button) (small blind) showed [8d Jh] and lost with high card King
Seat 6: HAOYUN88888 (big blind) showed [7h 6h] and won ($35.50) with a pair of Sevens


PokerStars Hand #159824919978:  Hold'em Limit ($3/$6 USD) - 2016/10/12 8:43:57 ET
Table 'Hassaleh' 6-max Seat #6 is the button
Seat 1: TbIP-TbIP 88 ($93.02 in chips)
Seat 6: HAOYUN88888 ($106.09 in chips)
HAOYUN88888: posts small blind $1
TbIP-TbIP 88: posts big blind $3
*** HOLE CARDS ***
HAOYUN88888: raises $3 to $6
TbIP-TbIP 88: raises $3 to $9
HAOYUN88888: raises $3 to $12
Betting is capped
TbIP-TbIP 88: calls $3
*** FLOP *** [Tc Qd 5c]
TbIP-TbIP 88: checks
HAOYUN88888: bets $3
TbIP-TbIP 88: calls $3
*** TURN *** [Tc Qd 5c] [Js]
TbIP-TbIP 88: checks
HAOYUN88888: bets $6
TbIP-TbIP 88: folds
Uncalled bet ($6) returned to HAOYUN88888
HAOYUN88888 collected $29.50 from pot
HAOYUN88888: doesn't show hand
*** SUMMARY ***
Total pot $30 | Rake $0.50
Board [Tc Qd 5c Js]
Seat 1: TbIP-TbIP 88 (big blind) folded on the Turn
Seat 6: HAOYUN88888 (button) (small blind) collected ($29.50)


PokerStars Hand #159824980092:  Hold'em Limit ($3/$6 USD) - 2016/10/12 8:45:51 ET
Table 'Hassaleh' 6-max Seat #6 is the button
Seat 1: TbIP-TbIP 88 ($89.50 in chips)
Seat 6: HAOYUN88888 ($120.09 in chips)
HAOYUN88888: posts small blind $1
TbIP-TbIP 88: posts big blind $3
*** HOLE CARDS ***
HAOYUN88888: folds
Uncalled bet ($2) returned to TbIP-TbIP 88
TbIP-TbIP 88 collected $2 from pot
TbIP-TbIP 88: doesn't show hand
*** SUMMARY ***
Total pot $2 | Rake $0
Seat 1: TbIP-TbIP 88 (big blind) collected ($2)
Seat 6: HAOYUN88888 (button) (small blind) folded before Flop


PokerStars Hand #159824954477:  Hold'em Limit ($3/$6 USD) - 2016/10/12 8:45:03 ET
Table 'Hassaleh' 6-max Seat #6 is the button
Seat 1: TbIP-TbIP 88 ($72 in chips)
Seat 6: HAOYUN88888 ($138.09 in chips)
HAOYUN88888: posts small blind $1
TbIP-TbIP 88: posts big blind $3
*** HOLE CARDS ***
HAOYUN88888: raises $3 to $6
TbIP-TbIP 88: calls $3
*** FLOP *** [5c 2c 7d]
TbIP-TbIP 88: checks
HAOYUN88888: bets $3
TbIP-TbIP 88: calls $3
*** TURN *** [5c 2c 7d] [Jh]
TbIP-TbIP 88: checks
HAOYUN88888: checks
*** RIVER *** [5c 2c 7d Jh] [4h]
TbIP-TbIP 88: bets $6
HAOYUN88888: calls $6
*** SHOW DOWN ***
TbIP-TbIP 88: shows [8c 6s] (a straight, Four to Eight)
HAOYUN88888: mucks hand
TbIP-TbIP 88 collected $29.50 from pot
*** SUMMARY ***
Total pot $30 | Rake $0.50
Board [5c 2c 7d Jh 4h]
Seat 1: TbIP-TbIP 88 (big blind) showed [8c 6s] and won ($29.50) with a straight, Four to Eight
Seat 6: HAOYUN88888 (button) (small blind) mucked


PokerStars Hand #159825044959:  Hold'em Limit ($3/$6 USD) - 2016/10/12 8:47:54 ET
Table 'Hassaleh' 6-max Seat #6 is the button
Seat 1: TbIP-TbIP 88 ($72 in chips)
Seat 6: HAOYUN88888 ($150.11 in chips)
HAOYUN88888: posts small blind $1
TbIP-TbIP 88: posts big blind $3
*** HOLE CARDS ***
HAOYUN88888: raises $3 to $6
TbIP-TbIP 88: calls $3
*** FLOP *** [Ad 2s 6h]
TbIP-TbIP 88: checks
HAOYUN88888: bets $3
TbIP-TbIP 88: calls $3
*** TURN *** [Ad 2s 6h] [5s]
TbIP-TbIP 88: checks
HAOYUN88888: checks
*** RIVER *** [Ad 2s 6h 5s] [Kc]
TbIP-TbIP 88: checks
HAOYUN88888: checks
*** SHOW DOWN ***
TbIP-TbIP 88: shows [6s Tc] (a pair of Sixes)
HAOYUN88888: mucks hand
TbIP-TbIP 88 collected $17.64 from pot
*** SUMMARY ***
Total pot $18 | Rake $0.36
Board [Ad 2s 6h 5s Kc]
Seat 1: TbIP-TbIP 88 (big blind) showed [6s Tc] and won ($17.64) with a pair of Sixes
Seat 6: HAOYUN88888 (button) (small blind) mucked


PokerStars Hand #159825034889:  Hold'em Limit ($3/$6 USD) - 2016/10/12 8:47:35 ET
Table 'Hassaleh' 6-max Seat #6 is the button
Seat 1: TbIP-TbIP 88 ($72 in chips)
Seat 6: HAOYUN88888 ($139.59 in chips)
HAOYUN88888: posts small blind $1
TbIP-TbIP 88: posts big blind $3
*** HOLE CARDS ***
HAOYUN88888: folds
Uncalled bet ($2) returned to TbIP-TbIP 88
TbIP-TbIP 88 collected $2 from pot
TbIP-TbIP 88: doesn't show hand
*** SUMMARY ***
Total pot $2 | Rake $0
Seat 1: TbIP-TbIP 88 (big blind) collected ($2)
Seat 6: HAOYUN88888 (button) (small blind) folded before Flop


PokerStars Hand #159824983217:  Hold'em Limit ($3/$6 USD) - 2016/10/12 8:45:57 ET
Table 'Hassaleh' 6-max Seat #1 is the button
Seat 1: TbIP-TbIP 88 ($90.50 in chips)
Seat 6: HAOYUN88888 ($119.09 in chips)
TbIP-TbIP 88: posts small blind $1
HAOYUN88888: posts big blind $3
*** HOLE CARDS ***
TbIP-TbIP 88: raises $3 to $6
HAOYUN88888: calls $3
*** FLOP *** [6c 3h Jc]
HAOYUN88888: bets $3
TbIP-TbIP 88: calls $3
*** TURN *** [6c 3h Jc] [9c]
HAOYUN88888: bets $6
TbIP-TbIP 88: calls $6
*** RIVER *** [6c 3h Jc 9c] [5s]
HAOYUN88888: bets $6
TbIP-TbIP 88: calls $6
*** SHOW DOWN ***
HAOYUN88888: shows [4s Jd] (a pair of Jacks)
TbIP-TbIP 88: mucks hand
HAOYUN88888 collected $41.50 from pot
*** SUMMARY ***
Total pot $42 | Rake $0.50
Board [6c 3h Jc 9c 5s]
Seat 1: TbIP-TbIP 88 (button) (small blind) mucked
Seat 6: HAOYUN88888 (big blind) showed [4s Jd] and won ($41.50) with a pair of Jacks


PokerStars Hand #159825037272:  Hold'em Limit ($3/$6 USD) - 2016/10/12 8:47:39 ET
Table 'Hassaleh' 6-max Seat #1 is the button
Seat 1: TbIP-TbIP 88 ($73 in chips)
Seat 6: HAOYUN88888 ($138.59 in chips)
TbIP-TbIP 88: posts small blind $1
HAOYUN88888: posts big blind $3
*** HOLE CARDS ***
TbIP-TbIP 88: raises $3 to $6
HAOYUN88888: raises $3 to $9
TbIP-TbIP 88: calls $3
*** FLOP *** [Td 3h 7d]
HAOYUN88888: bets $3
TbIP-TbIP 88: calls $3
*** TURN *** [Td 3h 7d] [Qd]
HAOYUN88888: bets $6
TbIP-TbIP 88: folds
Uncalled bet ($6) returned to HAOYUN88888
HAOYUN88888 collected $23.52 from pot
HAOYUN88888: doesn't show hand
*** SUMMARY ***
Total pot $24 | Rake $0.48
Board [Td 3h 7d Qd]
Seat 1: TbIP-TbIP 88 (button) (small blind) folded on the Turn
Seat 6: HAOYUN88888 (big blind) collected ($23.52)


PokerStars Hand #159825060262:  Hold'em Limit ($3/$6 USD) - 2016/10/12 8:48:22 ET
Table 'Hassaleh' 6-max Seat #1 is the button
Seat 1: TbIP-TbIP 88 ($80.64 in chips)
Seat 6: HAOYUN88888 ($141.11 in chips)
TbIP-TbIP 88: posts small blind $1
HAOYUN88888: posts big blind $3
*** HOLE CARDS ***
TbIP-TbIP 88: raises $3 to $6
HAOYUN88888: calls $3
*** FLOP *** [Kh As Js]
HAOYUN88888: checks
TbIP-TbIP 88: bets $3
HAOYUN88888: raises $3 to $6
TbIP-TbIP 88: folds
Uncalled bet ($3) returned to HAOYUN88888
HAOYUN88888 collected $17.64 from pot
HAOYUN88888: doesn't show hand
*** SUMMARY ***
Total pot $18 | Rake $0.36
Board [Kh As Js]
Seat 1: TbIP-TbIP 88 (button) (small blind) folded on the Flop
Seat 6: HAOYUN88888 (big blind) collected ($17.64)


PokerStars Hand #159825069677:  Hold'em Limit ($3/$6 USD) - 2016/10/12 8:48:40 ET
Table 'Hassaleh' 6-max Seat #6 is the button
Seat 1: TbIP-TbIP 88 ($72 in chips)
Seat 6: HAOYUN88888 ($149.75 in chips)
HAOYUN88888: posts small blind $1
TbIP-TbIP 88: posts big blind $3
*** HOLE CARDS ***
HAOYUN88888: raises $3 to $6
TbIP-TbIP 88: folds
Uncalled bet ($3) returned to HAOYUN88888
HAOYUN88888 collected $6 from pot
HAOYUN88888: doesn't show hand
*** SUMMARY ***
Total pot $6 | Rake $0
Seat 1: TbIP-TbIP 88 (big blind) folded before Flop
Seat 6: HAOYUN88888 (button) (small blind) collected ($6)


PokerStars Hand #159825076253:  Hold'em Limit ($3/$6 USD) - 2016/10/12 8:48:52 ET
Table 'Hassaleh' 6-max Seat #1 is the button
Seat 1: TbIP-TbIP 88 ($72 in chips)
Seat 6: HAOYUN88888 ($152.75 in chips)
TbIP-TbIP 88: posts small blind $1
HAOYUN88888: posts big blind $3
*** HOLE CARDS ***
TbIP-TbIP 88: folds
Uncalled bet ($2) returned to HAOYUN88888
HAOYUN88888 collected $2 from pot
HAOYUN88888: doesn't show hand
*** SUMMARY ***
Total pot $2 | Rake $0
Seat 1: TbIP-TbIP 88 (button) (small blind) folded before Flop
Seat 6: HAOYUN88888 (big blind) collected ($2)


PokerStars Hand #159825087492:  Hold'em Limit ($3/$6 USD) - 2016/10/12 8:49:14 ET
Table 'Hassaleh' 6-max Seat #1 is the button
Seat 1: TbIP-TbIP 88 ($72 in chips)
Seat 6: HAOYUN88888 ($156.75 in chips)
TbIP-TbIP 88: posts small blind $1
HAOYUN88888: posts big blind $3
*** HOLE CARDS ***
TbIP-TbIP 88: folds
Uncalled bet ($2) returned to HAOYUN88888
HAOYUN88888 collected $2 from pot
HAOYUN88888: doesn't show hand
*** SUMMARY ***
Total pot $2 | Rake $0
Seat 1: TbIP-TbIP 88 (button) (small blind) folded before Flop
Seat 6: HAOYUN88888 (big blind) collected ($2)


PokerStars Hand #159825079104:  Hold'em Limit ($3/$6 USD) - 2016/10/12 8:48:58 ET
Table 'Hassaleh' 6-max Seat #6 is the button
Seat 1: TbIP-TbIP 88 ($72 in chips)
Seat 6: HAOYUN88888 ($153.75 in chips)
HAOYUN88888: posts small blind $1
TbIP-TbIP 88: posts big blind $3
*** HOLE CARDS ***
HAOYUN88888: raises $3 to $6
TbIP-TbIP 88: folds
Uncalled bet ($3) returned to HAOYUN88888
HAOYUN88888 collected $6 from pot
HAOYUN88888: doesn't show hand
*** SUMMARY ***
Total pot $6 | Rake $0
Seat 1: TbIP-TbIP 88 (big blind) folded before Flop
Seat 6: HAOYUN88888 (button) (small blind) collected ($6)


PokerStars Hand #159825091156:  Hold'em Limit ($3/$6 USD) - 2016/10/12 8:49:21 ET
Table 'Hassaleh' 6-max Seat #6 is the button
Seat 1: TbIP-TbIP 88 ($72 in chips)
Seat 6: HAOYUN88888 ($157.75 in chips)
HAOYUN88888: posts small blind $1
TbIP-TbIP 88: posts big blind $3
*** HOLE CARDS ***
HAOYUN88888: folds
Uncalled bet ($2) returned to TbIP-TbIP 88
TbIP-TbIP 88 collected $2 from pot
TbIP-TbIP 88: doesn't show hand
*** SUMMARY ***
Total pot $2 | Rake $0
Seat 1: TbIP-TbIP 88 (big blind) collected ($2)
Seat 6: HAOYUN88888 (button) (small blind) folded before Flop


PokerStars Hand #159825116321:  Hold'em Limit ($3/$6 USD) - 2016/10/12 8:50:08 ET
Table 'Hassaleh' 6-max Seat #6 is the button
Seat 1: TbIP-TbIP 88 ($93.50 in chips)
Seat 6: HAOYUN88888 ($135.75 in chips)
HAOYUN88888: posts small blind $1
TbIP-TbIP 88: posts big blind $3
*** HOLE CARDS ***
HAOYUN88888: raises $3 to $6
TbIP-TbIP 88: folds
Uncalled bet ($3) returned to HAOYUN88888
HAOYUN88888 collected $6 from pot
HAOYUN88888: doesn't show hand
*** SUMMARY ***
Total pot $6 | Rake $0
Seat 1: TbIP-TbIP 88 (big blind) folded before Flop
Seat 6: HAOYUN88888 (button) (small blind) collected ($6)


PokerStars Hand #159825094252:  Hold'em Limit ($3/$6 USD) - 2016/10/12 8:49:26 ET
Table 'Hassaleh' 6-max Seat #1 is the button
Seat 1: TbIP-TbIP 88 ($73 in chips)
Seat 6: HAOYUN88888 ($156.75 in chips)
TbIP-TbIP 88: posts small blind $1
HAOYUN88888: posts big blind $3
*** HOLE CARDS ***
TbIP-TbIP 88: raises $3 to $6
HAOYUN88888: calls $3
*** FLOP *** [8s 2s Qc]
HAOYUN88888: checks
TbIP-TbIP 88: bets $3
HAOYUN88888: calls $3
*** TURN *** [8s 2s Qc] [7h]
HAOYUN88888: checks
TbIP-TbIP 88: bets $6
HAOYUN88888: calls $6
*** RIVER *** [8s 2s Qc 7h] [Qs]
HAOYUN88888: checks
TbIP-TbIP 88: bets $6
HAOYUN88888: calls $6
*** SHOW DOWN ***
TbIP-TbIP 88: shows [Qd 6c] (three of a kind, Queens)
HAOYUN88888: mucks hand
TbIP-TbIP 88 collected $41.50 from pot
*** SUMMARY ***
Total pot $42 | Rake $0.50
Board [8s 2s Qc 7h Qs]
Seat 1: TbIP-TbIP 88 (button) (small blind) showed [Qd 6c] and won ($41.50) with three of a kind, Queens
Seat 6: HAOYUN88888 (big blind) mucked


PokerStars Hand #159825119109:  Hold'em Limit ($3/$6 USD) - 2016/10/12 8:50:13 ET
Table 'Hassaleh' 6-max Seat #1 is the button
Seat 1: TbIP-TbIP 88 ($90.50 in chips)
Seat 6: HAOYUN88888 ($138.75 in chips)
TbIP-TbIP 88: posts small blind $1
HAOYUN88888: posts big blind $3
*** HOLE CARDS ***
TbIP-TbIP 88: calls $2
HAOYUN88888 has timed out
HAOYUN88888: checks
*** FLOP *** [5d Ad 8d]
VolkovDmitri joins the table at seat #2
HAOYUN88888: checks
TbIP-TbIP 88: bets $3
HAOYUN88888: raises $3 to $6
TbIP-TbIP 88: folds
Uncalled bet ($3) returned to HAOYUN88888
HAOYUN88888 collected $11.76 from pot
HAOYUN88888: doesn't show hand
*** SUMMARY ***
Total pot $12 | Rake $0.24
Board [5d Ad 8d]
Seat 1: TbIP-TbIP 88 (button) (small blind) folded on the Flop
Seat 6: HAOYUN88888 (big blind) collected ($11.76)


PokerStars Hand #159825149068:  Hold'em Limit ($3/$6 USD) - 2016/10/12 8:51:09 ET
Table 'Hassaleh' 6-max Seat #6 is the button
Seat 1: TbIP-TbIP 88 ($84.50 in chips)
Seat 6: HAOYUN88888 ($144.51 in chips)
HAOYUN88888: posts small blind $1
TbIP-TbIP 88: posts big blind $3
*** HOLE CARDS ***
HAOYUN88888: raises $3 to $6
TbIP-TbIP 88: calls $3
*** FLOP *** [7d 8s Jc]
TbIP-TbIP 88: checks
HAOYUN88888: bets $3
TbIP-TbIP 88: calls $3
*** TURN *** [7d 8s Jc] [7s]
TbIP-TbIP 88: checks
HAOYUN88888: bets $6
TbIP-TbIP 88: raises $6 to $12
HAOYUN88888: calls $6
*** RIVER *** [7d 8s Jc 7s] [Qs]
TbIP-TbIP 88: bets $6
HAOYUN88888: calls $6
*** SHOW DOWN ***
TbIP-TbIP 88: shows [Tc 9s] (a straight, Eight to Queen)
HAOYUN88888: mucks hand
TbIP-TbIP 88 collected $53.50 from pot
*** SUMMARY ***
Total pot $54 | Rake $0.50
Board [7d 8s Jc 7s Qs]
Seat 1: TbIP-TbIP 88 (big blind) showed [Tc 9s] and won ($53.50) with a straight, Eight to Queen
Seat 6: HAOYUN88888 (button) (small blind) mucked


PokerStars Hand #159827943194:  Hold'em Limit ($3/$6 USD) - 2016/10/12 10:12:53 ET
Table 'Hassaleh' 6-max Seat #6 is the button
Seat 3: swordhigh ($128.99 in chips)
Seat 6: TheU10 ($63.80 in chips)
TheU10: posts small blind $1
Kees123: is sitting out
swordhigh: posts big blind $3
*** HOLE CARDS ***
TheU10: raises $3 to $6
swordhigh: calls $3
*** FLOP *** [Js 7s Jh]
Kees123 leaves the table
swordhigh: checks
TheU10: bets $3
swordhigh: calls $3
*** TURN *** [Js 7s Jh] [Qs]
swordhigh: checks
TheU10: bets $6
swordhigh: raises $6 to $12
TheU10: folds
Uncalled bet ($6) returned to swordhigh
swordhigh collected $29.50 from pot
swordhigh: doesn't show hand
*** SUMMARY ***
Total pot $30 | Rake $0.50
Board [Js 7s Jh Qs]
Seat 3: swordhigh (big blind) collected ($29.50)
Seat 6: TheU10 (button) (small blind) folded on the Turn


