PokerStars Hand #145710221781:  Hold'em Limit ($3/$6 USD) - 2015/12/21 17:25:34 ET
Table 'Hassaleh' 6-max Seat #6 is the button
Seat 4: Xerxesklonk ($116 in chips)
Seat 6: Scandiuzzi_1 ($105.86 in chips)
Scandiuzzi_1: posts small blind $1
Velbor107: is sitting out
vestimokrec: is sitting out
Xerxesklonk: posts big blind $3
*** HOLE CARDS ***
Scandiuzzi_1: folds
Uncalled bet ($2) returned to Xerxesklonk
Xerxesklonk collected $2 from pot
Xerxesklonk: doesn't show hand
*** SUMMARY ***
Total pot $2 | Rake $0
Seat 4: Xerxesklonk (big blind) collected ($2)
Seat 6: Scandiuzzi_1 (button) (small blind) folded before Flop


PokerStars Hand #145710227243:  Hold'em Limit ($3/$6 USD) - 2015/12/21 17:25:40 ET
Table 'Hassaleh' 6-max Seat #4 is the button
Seat 4: Xerxesklonk ($117 in chips)
Seat 6: Scandiuzzi_1 ($104.86 in chips)
Xerxesklonk: posts small blind $1
vestimokrec leaves the table
Scandiuzzi_1: posts big blind $3
*** HOLE CARDS ***
Xerxesklonk: raises $3 to $6
Scandiuzzi_1: calls $3
*** FLOP *** [Qs 2d Td]
Scandiuzzi_1: checks
Xerxesklonk: bets $3
Scandiuzzi_1: folds
Uncalled bet ($3) returned to Xerxesklonk
Xerxesklonk collected $11.76 from pot
Xerxesklonk: doesn't show hand
*** SUMMARY ***
Total pot $12 | Rake $0.24
Board [Qs 2d Td]
Seat 4: Xerxesklonk (button) (small blind) collected ($11.76)
Seat 6: Scandiuzzi_1 (big blind) folded on the Flop


PokerStars Hand #145710363126:  Hold'em Limit ($3/$6 USD) - 2015/12/21 17:28:10 ET
Table 'Hassaleh' 6-max Seat #1 is the button
Seat 1: Velbor107 ($310.71 in chips)
Seat 6: Scandiuzzi_1 ($93.93 in chips)
Velbor107: posts small blind $1
Scandiuzzi_1: posts big blind $3
*** HOLE CARDS ***
Velbor107: raises $3 to $6
Scandiuzzi_1: folds
Uncalled bet ($3) returned to Velbor107
Velbor107 collected $6 from pot
*** SUMMARY ***
Total pot $6 | Rake $0
Seat 1: Velbor107 (button) (small blind) collected ($6)
Seat 6: Scandiuzzi_1 (big blind) folded before Flop


PokerStars Hand #145710358010:  Hold'em Limit ($3/$6 USD) - 2015/12/21 17:28:04 ET
Table 'Hassaleh' 6-max Seat #6 is the button
Seat 1: Velbor107 ($309.71 in chips)
Seat 6: Scandiuzzi_1 ($94.93 in chips)
Scandiuzzi_1: posts small blind $1
Velbor107: posts big blind $3
*** HOLE CARDS ***
Scandiuzzi_1: folds
Uncalled bet ($2) returned to Velbor107
Velbor107 collected $2 from pot
*** SUMMARY ***
Total pot $2 | Rake $0
Seat 1: Velbor107 (big blind) collected ($2)
Seat 6: Scandiuzzi_1 (button) (small blind) folded before Flop


PokerStars Hand #145710368932:  Hold'em Limit ($3/$6 USD) - 2015/12/21 17:28:16 ET
Table 'Hassaleh' 6-max Seat #6 is the button
Seat 1: Velbor107 ($313.71 in chips)
Seat 6: Scandiuzzi_1 ($90.93 in chips)
Scandiuzzi_1: posts small blind $1
Velbor107: posts big blind $3
*** HOLE CARDS ***
Scandiuzzi_1: folds
Uncalled bet ($2) returned to Velbor107
Velbor107 collected $2 from pot
Scandiuzzi_1 leaves the table
*** SUMMARY ***
Total pot $2 | Rake $0
Seat 1: Velbor107 (big blind) collected ($2)
Seat 6: Scandiuzzi_1 (button) (small blind) folded before Flop


