PokerStars Hand #146476739755:  Hold'em Limit ($3/$6 USD) - 2016/01/04 17:37:21 ET
Table 'Hassaleh' 6-max Seat #3 is the button
Seat 1: LolDnkaments ($101.38 in chips)
Seat 3: conkris ($60.98 in chips)
conkris: posts small blind $1
LolDnkaments: posts big blind $3
*** HOLE CARDS ***
conkris: folds
Uncalled bet ($2) returned to LolDnkaments
LolDnkaments collected $2 from pot
LolDnkaments: doesn't show hand
*** SUMMARY ***
Total pot $2 | Rake $0
Seat 1: LolDnkaments (big blind) collected ($2)
Seat 3: conkris (button) (small blind) folded before Flop


PokerStars Hand #146476717497:  Hold'em Limit ($3/$6 USD) - 2016/01/04 17:37:00 ET
Table 'Hassaleh' 6-max Seat #1 is the button
Seat 1: LolDnkaments ($74.88 in chips)
Seat 3: conkris ($87.98 in chips)
LolDnkaments: posts small blind $1
conkris: posts big blind $3
*** HOLE CARDS ***
LolDnkaments: raises $3 to $6
conkris: calls $3
*** FLOP *** [2d 4d 7s]
conkris: checks
LolDnkaments: bets $3
conkris: calls $3
*** TURN *** [2d 4d 7s] [3h]
conkris: checks
LolDnkaments: bets $6
conkris: calls $6
*** RIVER *** [2d 4d 7s 3h] [3c]
conkris: bets $6
LolDnkaments: raises $6 to $12
conkris: calls $6
*** SHOW DOWN ***
LolDnkaments: shows [5s 6h] (a straight, Three to Seven)
conkris: mucks hand
LolDnkaments collected $53.50 from pot
*** SUMMARY ***
Total pot $54 | Rake $0.50
Board [2d 4d 7s 3h 3c]
Seat 1: LolDnkaments (button) (small blind) showed [5s 6h] and won ($53.50) with a straight, Three to Seven
Seat 3: conkris (big blind) mucked


PokerStars Hand #146476708956:  Hold'em Limit ($3/$6 USD) - 2016/01/04 17:36:51 ET
Table 'Hassaleh' 6-max Seat #3 is the button
Seat 1: LolDnkaments ($72 in chips)
Seat 3: conkris ($90.98 in chips)
conkris: posts small blind $1
LolDnkaments: posts big blind $3
*** HOLE CARDS ***
conkris: calls $2
LolDnkaments: checks
*** FLOP *** [4h As 2h]
LolDnkaments: bets $3
conkris: folds
Uncalled bet ($3) returned to LolDnkaments
LolDnkaments collected $5.88 from pot
LolDnkaments: doesn't show hand
*** SUMMARY ***
Total pot $6 | Rake $0.12
Board [4h As 2h]
Seat 1: LolDnkaments (big blind) collected ($5.88)
Seat 3: conkris (button) (small blind) folded on the Flop


PokerStars Hand #146476689399:  Hold'em Limit ($3/$6 USD) - 2016/01/04 17:36:32 ET
Table 'Hassaleh' 6-max Seat #3 is the button
Seat 1: LolDnkaments ($72 in chips)
Seat 3: conkris ($77.48 in chips)
conkris: posts small blind $1
LolDnkaments: posts big blind $3
*** HOLE CARDS ***
conkris: folds
Uncalled bet ($2) returned to LolDnkaments
LolDnkaments collected $2 from pot
LolDnkaments: doesn't show hand
*** SUMMARY ***
Total pot $2 | Rake $0
Seat 1: LolDnkaments (big blind) collected ($2)
Seat 3: conkris (button) (small blind) folded before Flop


PokerStars Hand #146476666322:  Hold'em Limit ($3/$6 USD) - 2016/01/04 17:36:09 ET
Table 'Hassaleh' 6-max Seat #1 is the button
Seat 1: LolDnkaments ($86.16 in chips)
Seat 3: conkris ($53.98 in chips)
LolDnkaments: posts small blind $1
conkris: posts big blind $3
*** HOLE CARDS ***
LolDnkaments: raises $3 to $6
conkris: calls $3
*** FLOP *** [9d 6d 9h]
conkris: checks
LolDnkaments: bets $3
conkris: raises $3 to $6
LolDnkaments: calls $3
*** TURN *** [9d 6d 9h] [9s]
conkris: bets $6
LolDnkaments: calls $6
*** RIVER *** [9d 6d 9h 9s] [Kc]
conkris: bets $6
LolDnkaments: calls $6
*** SHOW DOWN ***
conkris: shows [4s Kh] (a full house, Nines full of Kings)
LolDnkaments: mucks hand
conkris collected $47.50 from pot
*** SUMMARY ***
Total pot $48 | Rake $0.50
Board [9d 6d 9h 9s Kc]
Seat 1: LolDnkaments (button) (small blind) mucked
Seat 3: conkris (big blind) showed [4s Kh] and won ($47.50) with a full house, Nines full of Kings


PokerStars Hand #146476693881:  Hold'em Limit ($3/$6 USD) - 2016/01/04 17:36:36 ET
Table 'Hassaleh' 6-max Seat #1 is the button
Seat 1: LolDnkaments ($73 in chips)
Seat 3: conkris ($76.48 in chips)
LolDnkaments: posts small blind $1
conkris: posts big blind $3
*** HOLE CARDS ***
LolDnkaments: raises $3 to $6
conkris: calls $3
*** FLOP *** [9h 7c Qc]
conkris: checks
LolDnkaments: bets $3
conkris: calls $3
*** TURN *** [9h 7c Qc] [Tc]
conkris: checks
LolDnkaments: bets $6
conkris: calls $6
*** RIVER *** [9h 7c Qc Tc] [Jc]
conkris: bets $6
LolDnkaments: folds
Uncalled bet ($6) returned to conkris
conkris collected $29.50 from pot
conkris: doesn't show hand
*** SUMMARY ***
Total pot $30 | Rake $0.50
Board [9h 7c Qc Tc Jc]
Seat 1: LolDnkaments (button) (small blind) folded on the River
Seat 3: conkris (big blind) collected ($29.50)


PokerStars Hand #146476792189:  Hold'em Limit ($3/$6 USD) - 2016/01/04 17:38:13 ET
Table 'Hassaleh' 6-max Seat #3 is the button
Seat 1: LolDnkaments ($146.38 in chips)
Seat 3: conkris ($14.98 in chips)
conkris: posts small blind $1
LolDnkaments: posts big blind $3
*** HOLE CARDS ***
conkris: raises $3 to $6
LolDnkaments: calls $3
*** FLOP *** [2d 2s 7c]
LolDnkaments: checks
conkris: bets $3
LolDnkaments: folds
Uncalled bet ($3) returned to conkris
conkris collected $11.76 from pot
conkris: doesn't show hand
*** SUMMARY ***
Total pot $12 | Rake $0.24
Board [2d 2s 7c]
Seat 1: LolDnkaments (big blind) folded on the Flop
Seat 3: conkris (button) (small blind) collected ($11.76)


PokerStars Hand #146476744259:  Hold'em Limit ($3/$6 USD) - 2016/01/04 17:37:26 ET
Table 'Hassaleh' 6-max Seat #1 is the button
Seat 1: LolDnkaments ($102.38 in chips)
Seat 3: conkris ($59.98 in chips)
LolDnkaments: posts small blind $1
conkris: posts big blind $3
*** HOLE CARDS ***
LolDnkaments: raises $3 to $6
conkris: calls $3
*** FLOP *** [4d 8s Ad]
conkris: checks
LolDnkaments: bets $3
conkris: calls $3
*** TURN *** [4d 8s Ad] [3h]
conkris: checks
LolDnkaments: bets $6
conkris: calls $6
*** RIVER *** [4d 8s Ad 3h] [Td]
conkris: checks
LolDnkaments: checks
*** SHOW DOWN ***
conkris: shows [3c Ks] (a pair of Threes)
LolDnkaments: shows [4c 5d] (a pair of Fours)
LolDnkaments collected $29.50 from pot
*** SUMMARY ***
Total pot $30 | Rake $0.50
Board [4d 8s Ad 3h Td]
Seat 1: LolDnkaments (button) (small blind) showed [4c 5d] and won ($29.50) with a pair of Fours
Seat 3: conkris (big blind) showed [3c Ks] and lost with a pair of Threes


PokerStars Hand #146476763428:  Hold'em Limit ($3/$6 USD) - 2016/01/04 17:37:45 ET
Table 'Hassaleh' 6-max Seat #3 is the button
Seat 1: LolDnkaments ($116.88 in chips)
Seat 3: conkris ($44.98 in chips)
conkris: posts small blind $1
LolDnkaments: posts big blind $3
*** HOLE CARDS ***
conkris: calls $2
LolDnkaments: raises $3 to $6
conkris: calls $3
*** FLOP *** [Ks 6h Qs]
LolDnkaments: bets $3
conkris: calls $3
*** TURN *** [Ks 6h Qs] [Kd]
LolDnkaments: checks
conkris: bets $6
LolDnkaments: calls $6
*** RIVER *** [Ks 6h Qs Kd] [Th]
LolDnkaments: checks
conkris: bets $6
LolDnkaments: raises $6 to $12
conkris: calls $6
*** SHOW DOWN ***
LolDnkaments: shows [As Js] (a straight, Ten to Ace)
conkris: mucks hand
LolDnkaments collected $53.50 from pot
*** SUMMARY ***
Total pot $54 | Rake $0.50
Board [Ks 6h Qs Kd Th]
Seat 1: LolDnkaments (big blind) showed [As Js] and won ($53.50) with a straight, Ten to Ace
Seat 3: conkris (button) (small blind) mucked


PokerStars Hand #146476850153:  Hold'em Limit ($3/$6 USD) - 2016/01/04 17:39:11 ET
Table 'Hassaleh' 6-max Seat #3 is the button
Seat 1: LolDnkaments ($139.28 in chips)
Seat 3: conkris ($21.05 in chips)
conkris: posts small blind $1
LolDnkaments: posts big blind $3
*** HOLE CARDS ***
conkris: calls $2
LolDnkaments: checks
*** FLOP *** [Ah 8c Qd]
LolDnkaments: checks
conkris: bets $3
LolDnkaments: folds
Uncalled bet ($3) returned to conkris
conkris collected $5.88 from pot
conkris: doesn't show hand
*** SUMMARY ***
Total pot $6 | Rake $0.12
Board [Ah 8c Qd]
Seat 1: LolDnkaments (big blind) folded on the Flop
Seat 3: conkris (button) (small blind) collected ($5.88)


PokerStars Hand #146476845244:  Hold'em Limit ($3/$6 USD) - 2016/01/04 17:39:06 ET
Table 'Hassaleh' 6-max Seat #1 is the button
Seat 1: LolDnkaments ($140.28 in chips)
Seat 3: conkris ($20.05 in chips)
LolDnkaments: posts small blind $1
conkris: posts big blind $3
*** HOLE CARDS ***
LolDnkaments: folds
Uncalled bet ($2) returned to conkris
conkris collected $2 from pot
conkris: doesn't show hand
*** SUMMARY ***
Total pot $2 | Rake $0
Seat 1: LolDnkaments (button) (small blind) folded before Flop
Seat 3: conkris (big blind) collected ($2)


PokerStars Hand #146476801330:  Hold'em Limit ($3/$6 USD) - 2016/01/04 17:38:22 ET
Table 'Hassaleh' 6-max Seat #1 is the button
Seat 1: LolDnkaments ($140.38 in chips)
Seat 3: conkris ($20.74 in chips)
LolDnkaments: posts small blind $1
conkris: posts big blind $3
*** HOLE CARDS ***
LolDnkaments: raises $3 to $6
conkris: calls $3
*** FLOP *** [6h 8h 5h]
conkris: checks
LolDnkaments: bets $3
conkris: calls $3
*** TURN *** [6h 8h 5h] [5s]
conkris: checks
LolDnkaments: checks
*** RIVER *** [6h 8h 5h 5s] [3c]
conkris: checks
LolDnkaments: checks
*** SHOW DOWN ***
conkris: shows [Kc 2h] (a pair of Fives)
LolDnkaments: shows [3s 9s] (two pair, Fives and Threes)
LolDnkaments collected $17.64 from pot
*** SUMMARY ***
Total pot $18 | Rake $0.36
Board [6h 8h 5h 5s 3c]
Seat 1: LolDnkaments (button) (small blind) showed [3s 9s] and won ($17.64) with two pair, Fives and Threes
Seat 3: conkris (big blind) showed [Kc 2h] and lost with a pair of Fives


PokerStars Hand #146476819277:  Hold'em Limit ($3/$6 USD) - 2016/01/04 17:38:40 ET
Table 'Hassaleh' 6-max Seat #3 is the button
Seat 1: LolDnkaments ($149.02 in chips)
Seat 3: conkris ($11.74 in chips)
conkris: posts small blind $1
LolDnkaments: posts big blind $3
*** HOLE CARDS ***
conkris: folds
Uncalled bet ($2) returned to LolDnkaments
LolDnkaments collected $2 from pot
LolDnkaments: doesn't show hand
*** SUMMARY ***
Total pot $2 | Rake $0
Seat 1: LolDnkaments (big blind) collected ($2)
Seat 3: conkris (button) (small blind) folded before Flop


PokerStars Hand #146476840436:  Hold'em Limit ($3/$6 USD) - 2016/01/04 17:39:02 ET
Table 'Hassaleh' 6-max Seat #3 is the button
Seat 1: LolDnkaments ($139.28 in chips)
Seat 3: conkris ($21.05 in chips)
conkris: posts small blind $1
LolDnkaments: posts big blind $3
*** HOLE CARDS ***
conkris: folds
Uncalled bet ($2) returned to LolDnkaments
LolDnkaments collected $2 from pot
LolDnkaments: doesn't show hand
*** SUMMARY ***
Total pot $2 | Rake $0
Seat 1: LolDnkaments (big blind) collected ($2)
Seat 3: conkris (button) (small blind) folded before Flop


PokerStars Hand #146476824269:  Hold'em Limit ($3/$6 USD) - 2016/01/04 17:38:46 ET
Table 'Hassaleh' 6-max Seat #1 is the button
Seat 1: LolDnkaments ($150.02 in chips)
Seat 3: conkris ($10.74 in chips)
LolDnkaments: posts small blind $1
conkris: posts big blind $3
*** HOLE CARDS ***
LolDnkaments: raises $3 to $6
conkris: raises $3 to $9
LolDnkaments: raises $3 to $12
Betting is capped
conkris: calls $1.74 and is all-in
Uncalled bet ($1.26) returned to LolDnkaments
*** FLOP *** [Ks 2s 3c]
*** TURN *** [Ks 2s 3c] [Qc]
*** RIVER *** [Ks 2s 3c Qc] [Kc]
*** SHOW DOWN ***
conkris: shows [Tc Jc] (a flush, King high)
LolDnkaments: shows [Ts Ac] (a pair of Kings)
conkris collected $21.05 from pot
*** SUMMARY ***
Total pot $21.48 | Rake $0.43
Board [Ks 2s 3c Qc Kc]
Seat 1: LolDnkaments (button) (small blind) showed [Ts Ac] and lost with a pair of Kings
Seat 3: conkris (big blind) showed [Tc Jc] and won ($21.05) with a flush, King high


PokerStars Hand #146476908515:  Hold'em Limit ($3/$6 USD) - 2016/01/04 17:40:09 ET
Table 'Hassaleh' 6-max Seat #3 is the button
Seat 1: LolDnkaments ($143.04 in chips)
Seat 3: conkris ($16.69 in chips)
conkris: posts small blind $1
LolDnkaments: posts big blind $3
*** HOLE CARDS ***
conkris: calls $2
LolDnkaments: checks
*** FLOP *** [4c Td 2h]
LolDnkaments: checks
conkris: checks
*** TURN *** [4c Td 2h] [2d]
LolDnkaments: bets $6
conkris: calls $6
*** RIVER *** [4c Td 2h 2d] [4h]
LolDnkaments: bets $6
conkris: folds
Uncalled bet ($6) returned to LolDnkaments
LolDnkaments collected $17.64 from pot
LolDnkaments: doesn't show hand
*** SUMMARY ***
Total pot $18 | Rake $0.36
Board [4c Td 2h 2d 4h]
Seat 1: LolDnkaments (big blind) collected ($17.64)
Seat 3: conkris (button) (small blind) folded on the River


PokerStars Hand #146476901610:  Hold'em Limit ($3/$6 USD) - 2016/01/04 17:40:02 ET
Table 'Hassaleh' 6-max Seat #1 is the button
Seat 1: LolDnkaments ($140.04 in chips)
Seat 3: conkris ($19.69 in chips)
LolDnkaments: posts small blind $1
conkris: posts big blind $3
*** HOLE CARDS ***
LolDnkaments: raises $3 to $6
conkris: folds
Uncalled bet ($3) returned to LolDnkaments
LolDnkaments collected $6 from pot
LolDnkaments: doesn't show hand
*** SUMMARY ***
Total pot $6 | Rake $0
Seat 1: LolDnkaments (button) (small blind) collected ($6)
Seat 3: conkris (big blind) folded before Flop


PokerStars Hand #146476896928:  Hold'em Limit ($3/$6 USD) - 2016/01/04 17:39:58 ET
Table 'Hassaleh' 6-max Seat #3 is the button
Seat 1: LolDnkaments ($139.04 in chips)
Seat 3: conkris ($20.69 in chips)
conkris: posts small blind $1
LolDnkaments: posts big blind $3
*** HOLE CARDS ***
conkris: folds
Uncalled bet ($2) returned to LolDnkaments
LolDnkaments collected $2 from pot
LolDnkaments: doesn't show hand
*** SUMMARY ***
Total pot $2 | Rake $0
Seat 1: LolDnkaments (big blind) collected ($2)
Seat 3: conkris (button) (small blind) folded before Flop


PokerStars Hand #146476891240:  Hold'em Limit ($3/$6 USD) - 2016/01/04 17:39:52 ET
Table 'Hassaleh' 6-max Seat #1 is the button
Seat 1: LolDnkaments ($136.04 in chips)
Seat 3: conkris ($23.69 in chips)
LolDnkaments: posts small blind $1
conkris: posts big blind $3
*** HOLE CARDS ***
LolDnkaments: raises $3 to $6
conkris: folds
Uncalled bet ($3) returned to LolDnkaments
LolDnkaments collected $6 from pot
LolDnkaments: doesn't show hand
*** SUMMARY ***
Total pot $6 | Rake $0
Seat 1: LolDnkaments (button) (small blind) collected ($6)
Seat 3: conkris (big blind) folded before Flop


PokerStars Hand #146476880536:  Hold'em Limit ($3/$6 USD) - 2016/01/04 17:39:41 ET
Table 'Hassaleh' 6-max Seat #3 is the button
Seat 1: LolDnkaments ($142.04 in chips)
Seat 3: conkris ($17.93 in chips)
conkris: posts small blind $1
LolDnkaments: posts big blind $3
*** HOLE CARDS ***
conkris: raises $3 to $6
LolDnkaments: calls $3
*** FLOP *** [Qh 6h 7h]
LolDnkaments: checks
conkris: bets $3
LolDnkaments: folds
Uncalled bet ($3) returned to conkris
conkris collected $11.76 from pot
conkris: doesn't show hand
*** SUMMARY ***
Total pot $12 | Rake $0.24
Board [Qh 6h 7h]
Seat 1: LolDnkaments (big blind) folded on the Flop
Seat 3: conkris (button) (small blind) collected ($11.76)


PokerStars Hand #146476868395:  Hold'em Limit ($3/$6 USD) - 2016/01/04 17:39:29 ET
Table 'Hassaleh' 6-max Seat #1 is the button
Seat 1: LolDnkaments ($136.28 in chips)
Seat 3: conkris ($23.93 in chips)
LolDnkaments: posts small blind $1
conkris: posts big blind $3
*** HOLE CARDS ***
LolDnkaments: raises $3 to $6
conkris: calls $3
*** FLOP *** [Kc Td 9d]
conkris: checks
LolDnkaments: bets $3
conkris: folds
Uncalled bet ($3) returned to LolDnkaments
LolDnkaments collected $11.76 from pot
LolDnkaments: doesn't show hand
*** SUMMARY ***
Total pot $12 | Rake $0.24
Board [Kc Td 9d]
Seat 1: LolDnkaments (button) (small blind) collected ($11.76)
Seat 3: conkris (big blind) folded on the Flop


PokerStars Hand #146476968295:  Hold'em Limit ($3/$6 USD) - 2016/01/04 17:41:09 ET
Table 'Hassaleh' 6-max Seat #3 is the button
Seat 1: LolDnkaments ($131.99 in chips)
Seat 3: conkris ($26.57 in chips)
conkris: posts small blind $1
LolDnkaments: posts big blind $3
*** HOLE CARDS ***
conkris: raises $3 to $6
LolDnkaments: raises $3 to $9
conkris: calls $3
*** FLOP *** [Kh Jd 9h]
LolDnkaments: bets $3
conkris: calls $3
*** TURN *** [Kh Jd 9h] [8h]
LolDnkaments: bets $6
conkris: calls $6
*** RIVER *** [Kh Jd 9h 8h] [Jh]
LolDnkaments: checks
conkris: bets $6
LolDnkaments: calls $6
*** SHOW DOWN ***
conkris: shows [Tc Th] (a flush, King high)
LolDnkaments: mucks hand
conkris collected $47.50 from pot
*** SUMMARY ***
Total pot $48 | Rake $0.50
Board [Kh Jd 9h 8h Jh]
Seat 1: LolDnkaments (big blind) mucked
Seat 3: conkris (button) (small blind) showed [Tc Th] and won ($47.50) with a flush, King high


PokerStars Hand #146476960101:  Hold'em Limit ($3/$6 USD) - 2016/01/04 17:41:01 ET
Table 'Hassaleh' 6-max Seat #1 is the button
Seat 1: LolDnkaments ($128.99 in chips)
Seat 3: conkris ($29.57 in chips)
LolDnkaments: posts small blind $1
conkris: posts big blind $3
*** HOLE CARDS ***
LolDnkaments: raises $3 to $6
conkris: folds
Uncalled bet ($3) returned to LolDnkaments
LolDnkaments collected $6 from pot
LolDnkaments: doesn't show hand
*** SUMMARY ***
Total pot $6 | Rake $0
Seat 1: LolDnkaments (button) (small blind) collected ($6)
Seat 3: conkris (big blind) folded before Flop


PokerStars Hand #146476926126:  Hold'em Limit ($3/$6 USD) - 2016/01/04 17:40:27 ET
Table 'Hassaleh' 6-max Seat #1 is the button
Seat 1: LolDnkaments ($151.68 in chips)
Seat 3: conkris ($7.69 in chips)
LolDnkaments: posts small blind $1
conkris: posts big blind $3
*** HOLE CARDS ***
LolDnkaments: raises $3 to $6
conkris: raises $1.69 to $7.69 and is all-in
LolDnkaments: calls $1.69
*** FLOP *** [Jd Th Kh]
*** TURN *** [Jd Th Kh] [8h]
*** RIVER *** [Jd Th Kh 8h] [5d]
*** SHOW DOWN ***
conkris: shows [9c Ts] (a pair of Tens)
LolDnkaments: shows [4h 7s] (high card King)
conkris collected $15.07 from pot
*** SUMMARY ***
Total pot $15.38 | Rake $0.31
Board [Jd Th Kh 8h 5d]
Seat 1: LolDnkaments (button) (small blind) showed [4h 7s] and lost with high card King
Seat 3: conkris (big blind) showed [9c Ts] and won ($15.07) with a pair of Tens


PokerStars Hand #146476941939:  Hold'em Limit ($3/$6 USD) - 2016/01/04 17:40:43 ET
Table 'Hassaleh' 6-max Seat #3 is the button
Seat 1: LolDnkaments ($143.99 in chips)
Seat 3: conkris ($15.07 in chips)
conkris: posts small blind $1
LolDnkaments: posts big blind $3
*** HOLE CARDS ***
conkris: raises $3 to $6
LolDnkaments: calls $3
*** FLOP *** [8d 2h 8c]
LolDnkaments: checks
conkris: bets $3
LolDnkaments: calls $3
*** TURN *** [8d 2h 8c] [Td]
LolDnkaments: checks
conkris: checks
*** RIVER *** [8d 2h 8c Td] [Kd]
LolDnkaments: bets $6
conkris: raises $0.07 to $6.07 and is all-in
LolDnkaments: folds
Uncalled bet ($0.07) returned to conkris
conkris collected $29.50 from pot
conkris: doesn't show hand
*** SUMMARY ***
Total pot $30 | Rake $0.50
Board [8d 2h 8c Td Kd]
Seat 1: LolDnkaments (big blind) folded on the River
Seat 3: conkris (button) (small blind) collected ($29.50)


PokerStars Hand #146477015419:  Hold'em Limit ($3/$6 USD) - 2016/01/04 17:41:57 ET
Table 'Hassaleh' 6-max Seat #3 is the button
Seat 1: LolDnkaments ($120.51 in chips)
Seat 3: conkris ($37.07 in chips)
conkris: posts small blind $1
LolDnkaments: posts big blind $3
*** HOLE CARDS ***
conkris: raises $3 to $6
LolDnkaments: calls $3
*** FLOP *** [3h Jc Ad]
LolDnkaments: checks
conkris: bets $3
LolDnkaments: calls $3
*** TURN *** [3h Jc Ad] [Qh]
LolDnkaments: checks
conkris: checks
*** RIVER *** [3h Jc Ad Qh] [Ah]
LolDnkaments: bets $6
conkris: calls $6
*** SHOW DOWN ***
LolDnkaments: shows [Qc 3c] (two pair, Aces and Queens)
conkris: mucks hand
LolDnkaments collected $29.50 from pot
*** SUMMARY ***
Total pot $30 | Rake $0.50
Board [3h Jc Ad Qh Ah]
Seat 1: LolDnkaments (big blind) showed [Qc 3c] and won ($29.50) with two pair, Aces and Queens
Seat 3: conkris (button) (small blind) mucked


PokerStars Hand #146476984816:  Hold'em Limit ($3/$6 USD) - 2016/01/04 17:41:26 ET
Table 'Hassaleh' 6-max Seat #1 is the button
Seat 1: LolDnkaments ($107.99 in chips)
Seat 3: conkris ($50.07 in chips)
LolDnkaments: posts small blind $1
conkris: posts big blind $3
*** HOLE CARDS ***
LolDnkaments: raises $3 to $6
conkris: calls $3
*** FLOP *** [Td 2s Ks]
conkris: checks
LolDnkaments: bets $3
conkris: folds
Uncalled bet ($3) returned to LolDnkaments
LolDnkaments collected $11.76 from pot
LolDnkaments: doesn't show hand
*** SUMMARY ***
Total pot $12 | Rake $0.24
Board [Td 2s Ks]
Seat 1: LolDnkaments (button) (small blind) collected ($11.76)
Seat 3: conkris (big blind) folded on the Flop


PokerStars Hand #146476994906:  Hold'em Limit ($3/$6 USD) - 2016/01/04 17:41:36 ET
Table 'Hassaleh' 6-max Seat #3 is the button
Seat 1: LolDnkaments ($113.75 in chips)
Seat 3: conkris ($44.07 in chips)
conkris: posts small blind $1
LolDnkaments: posts big blind $3
*** HOLE CARDS ***
conkris: folds
Uncalled bet ($2) returned to LolDnkaments
LolDnkaments collected $2 from pot
LolDnkaments: doesn't show hand
*** SUMMARY ***
Total pot $2 | Rake $0
Seat 1: LolDnkaments (big blind) collected ($2)
Seat 3: conkris (button) (small blind) folded before Flop


PokerStars Hand #146476999684:  Hold'em Limit ($3/$6 USD) - 2016/01/04 17:41:41 ET
Table 'Hassaleh' 6-max Seat #1 is the button
Seat 1: LolDnkaments ($114.75 in chips)
Seat 3: conkris ($43.07 in chips)
LolDnkaments: posts small blind $1
conkris: posts big blind $3
*** HOLE CARDS ***
LolDnkaments: raises $3 to $6
conkris: calls $3
*** FLOP *** [As Qh 9s]
conkris: checks
LolDnkaments: bets $3
conkris: folds
Uncalled bet ($3) returned to LolDnkaments
LolDnkaments collected $11.76 from pot
LolDnkaments: doesn't show hand
*** SUMMARY ***
Total pot $12 | Rake $0.24
Board [As Qh 9s]
Seat 1: LolDnkaments (button) (small blind) collected ($11.76)
Seat 3: conkris (big blind) folded on the Flop


PokerStars Hand #146477030880:  Hold'em Limit ($3/$6 USD) - 2016/01/04 17:42:11 ET
Table 'Hassaleh' 6-max Seat #1 is the button
Seat 1: LolDnkaments ($135.01 in chips)
Seat 3: conkris ($22.07 in chips)
LolDnkaments: posts small blind $1
conkris: posts big blind $3
*** HOLE CARDS ***
LolDnkaments: raises $3 to $6
conkris: calls $3
*** FLOP *** [6s Ah 9s]
conkris: checks
LolDnkaments: bets $3
conkris: calls $3
*** TURN *** [6s Ah 9s] [2s]
conkris: checks
LolDnkaments: checks
*** RIVER *** [6s Ah 9s 2s] [5d]
conkris: bets $6
LolDnkaments: calls $6
*** SHOW DOWN ***
conkris: shows [6c 9d] (two pair, Nines and Sixes)
LolDnkaments: mucks hand
conkris collected $29.50 from pot
*** SUMMARY ***
Total pot $30 | Rake $0.50
Board [6s Ah 9s 2s 5d]
Seat 1: LolDnkaments (button) (small blind) mucked
Seat 3: conkris (big blind) showed [6c 9d] and won ($29.50) with two pair, Nines and Sixes


PokerStars Hand #146477044981:  Hold'em Limit ($3/$6 USD) - 2016/01/04 17:42:26 ET
Table 'Hassaleh' 6-max Seat #3 is the button
Seat 1: LolDnkaments ($120.01 in chips)
Seat 3: conkris ($36.57 in chips)
conkris: posts small blind $1
LolDnkaments: posts big blind $3
*** HOLE CARDS ***
conkris: raises $3 to $6
LolDnkaments: calls $3
*** FLOP *** [2c 5s 5c]
LolDnkaments: checks
conkris: bets $3
LolDnkaments: calls $3
*** TURN *** [2c 5s 5c] [Kh]
LolDnkaments: checks
conkris: checks
*** RIVER *** [2c 5s 5c Kh] [Tc]
LolDnkaments: bets $6
conkris: calls $6
*** SHOW DOWN ***
LolDnkaments: shows [Kd 3s] (two pair, Kings and Fives)
conkris: mucks hand
LolDnkaments collected $29.50 from pot
*** SUMMARY ***
Total pot $30 | Rake $0.50
Board [2c 5s 5c Kh Tc]
Seat 1: LolDnkaments (big blind) showed [Kd 3s] and won ($29.50) with two pair, Kings and Fives
Seat 3: conkris (button) (small blind) mucked


PokerStars Hand #146477064023:  Hold'em Limit ($3/$6 USD) - 2016/01/04 17:42:45 ET
Table 'Hassaleh' 6-max Seat #1 is the button
Seat 1: LolDnkaments ($134.51 in chips)
Seat 3: conkris ($21.57 in chips)
LolDnkaments: posts small blind $1
conkris: posts big blind $3
*** HOLE CARDS ***
LolDnkaments: raises $3 to $6
conkris: raises $3 to $9
LolDnkaments: calls $3
*** FLOP *** [5s 2h 2s]
conkris: bets $3
LolDnkaments: calls $3
*** TURN *** [5s 2h 2s] [6s]
conkris: bets $6
LolDnkaments: calls $6
*** RIVER *** [5s 2h 2s 6s] [3h]
conkris: bets $3.57 and is all-in
LolDnkaments: calls $3.57
*** SHOW DOWN ***
conkris: shows [4h 4c] (a straight, Deuce to Six)
LolDnkaments: shows [As 7c] (a pair of Deuces)
conkris collected $42.64 from pot
*** SUMMARY ***
Total pot $43.14 | Rake $0.50
Board [5s 2h 2s 6s 3h]
Seat 1: LolDnkaments (button) (small blind) showed [As 7c] and lost with a pair of Deuces
Seat 3: conkris (big blind) showed [4h 4c] and won ($42.64) with a straight, Deuce to Six


PokerStars Hand #146477093258:  Hold'em Limit ($3/$6 USD) - 2016/01/04 17:43:15 ET
Table 'Hassaleh' 6-max Seat #3 is the button
Seat 1: LolDnkaments ($112.94 in chips)
Seat 3: conkris ($42.64 in chips)
conkris: posts small blind $1
LolDnkaments: posts big blind $3
*** HOLE CARDS ***
conkris: folds
Uncalled bet ($2) returned to LolDnkaments
LolDnkaments collected $2 from pot
LolDnkaments: doesn't show hand
*** SUMMARY ***
Total pot $2 | Rake $0
Seat 1: LolDnkaments (big blind) collected ($2)
Seat 3: conkris (button) (small blind) folded before Flop


PokerStars Hand #146477097967:  Hold'em Limit ($3/$6 USD) - 2016/01/04 17:43:20 ET
Table 'Hassaleh' 6-max Seat #1 is the button
Seat 1: LolDnkaments ($113.94 in chips)
Seat 3: conkris ($41.64 in chips)
LolDnkaments: posts small blind $1
conkris: posts big blind $3
*** HOLE CARDS ***
LolDnkaments: raises $3 to $6
conkris: calls $3
*** FLOP *** [Kd Jc 6s]
conkris: checks
LolDnkaments: bets $3
conkris: calls $3
*** TURN *** [Kd Jc 6s] [8h]
conkris: checks
LolDnkaments: checks
*** RIVER *** [Kd Jc 6s 8h] [4c]
conkris: bets $6
LolDnkaments: folds
Uncalled bet ($6) returned to conkris
conkris collected $17.64 from pot
conkris: doesn't show hand
*** SUMMARY ***
Total pot $18 | Rake $0.36
Board [Kd Jc 6s 8h 4c]
Seat 1: LolDnkaments (button) (small blind) folded on the River
Seat 3: conkris (big blind) collected ($17.64)


PokerStars Hand #146477116722:  Hold'em Limit ($3/$6 USD) - 2016/01/04 17:43:39 ET
Table 'Hassaleh' 6-max Seat #3 is the button
Seat 1: LolDnkaments ($104.94 in chips)
Seat 3: conkris ($50.28 in chips)
conkris: posts small blind $1
LolDnkaments: posts big blind $3
*** HOLE CARDS ***
conkris: calls $2
LolDnkaments: raises $3 to $6
conkris: calls $3
*** FLOP *** [7s 9s Kh]
LolDnkaments: bets $3
conkris: folds
Uncalled bet ($3) returned to LolDnkaments
LolDnkaments collected $11.76 from pot
LolDnkaments: doesn't show hand
*** SUMMARY ***
Total pot $12 | Rake $0.24
Board [7s 9s Kh]
Seat 1: LolDnkaments (big blind) collected ($11.76)
Seat 3: conkris (button) (small blind) folded on the Flop


PokerStars Hand #146477126803:  Hold'em Limit ($3/$6 USD) - 2016/01/04 17:43:49 ET
Table 'Hassaleh' 6-max Seat #1 is the button
Seat 1: LolDnkaments ($110.70 in chips)
Seat 3: conkris ($44.28 in chips)
LolDnkaments: posts small blind $1
conkris: posts big blind $3
*** HOLE CARDS ***
LolDnkaments: raises $3 to $6
conkris: calls $3
*** FLOP *** [9d 8s Kd]
conkris: checks
LolDnkaments: bets $3
conkris: folds
Uncalled bet ($3) returned to LolDnkaments
LolDnkaments collected $11.76 from pot
LolDnkaments: doesn't show hand
*** SUMMARY ***
Total pot $12 | Rake $0.24
Board [9d 8s Kd]
Seat 1: LolDnkaments (button) (small blind) collected ($11.76)
Seat 3: conkris (big blind) folded on the Flop


PokerStars Hand #146477140777:  Hold'em Limit ($3/$6 USD) - 2016/01/04 17:44:03 ET
Table 'Hassaleh' 6-max Seat #3 is the button
Seat 1: LolDnkaments ($116.46 in chips)
Seat 3: conkris ($38.28 in chips)
conkris: posts small blind $1
LolDnkaments: posts big blind $3
*** HOLE CARDS ***
conkris: calls $2
LolDnkaments: checks
*** FLOP *** [3c 9s 4d]
LolDnkaments: checks
conkris: checks
*** TURN *** [3c 9s 4d] [2d]
LolDnkaments: bets $6
conkris: calls $6
*** RIVER *** [3c 9s 4d 2d] [5s]
LolDnkaments: checks
conkris: bets $6
LolDnkaments: calls $6
*** SHOW DOWN ***
conkris: shows [7d Qd] (high card Queen)
LolDnkaments: shows [3h Qc] (a pair of Threes)
LolDnkaments collected $29.50 from pot
*** SUMMARY ***
Total pot $30 | Rake $0.50
Board [3c 9s 4d 2d 5s]
Seat 1: LolDnkaments (big blind) showed [3h Qc] and won ($29.50) with a pair of Threes
Seat 3: conkris (button) (small blind) showed [7d Qd] and lost with high card Queen


PokerStars Hand #146477159565:  Hold'em Limit ($3/$6 USD) - 2016/01/04 17:44:22 ET
Table 'Hassaleh' 6-max Seat #1 is the button
Seat 1: LolDnkaments ($130.96 in chips)
Seat 3: conkris ($23.28 in chips)
LolDnkaments: posts small blind $1
conkris: posts big blind $3
*** HOLE CARDS ***
LolDnkaments: raises $3 to $6
conkris: calls $3
*** FLOP *** [Jh 9d 8h]
conkris: checks
LolDnkaments: bets $3
conkris: calls $3
*** TURN *** [Jh 9d 8h] [3c]
conkris: checks
LolDnkaments: checks
*** RIVER *** [Jh 9d 8h 3c] [Qd]
conkris: checks
LolDnkaments: bets $6
conkris: folds
Uncalled bet ($6) returned to LolDnkaments
LolDnkaments collected $17.64 from pot
LolDnkaments: doesn't show hand
*** SUMMARY ***
Total pot $18 | Rake $0.36
Board [Jh 9d 8h 3c Qd]
Seat 1: LolDnkaments (button) (small blind) collected ($17.64)
Seat 3: conkris (big blind) folded on the River


PokerStars Hand #146477182893:  Hold'em Limit ($3/$6 USD) - 2016/01/04 17:44:46 ET
Table 'Hassaleh' 6-max Seat #3 is the button
Seat 1: LolDnkaments ($139.60 in chips)
Seat 3: conkris ($14.28 in chips)
conkris: posts small blind $1
LolDnkaments: posts big blind $3
*** HOLE CARDS ***
conkris: folds
Uncalled bet ($2) returned to LolDnkaments
LolDnkaments collected $2 from pot
LolDnkaments: doesn't show hand
*** SUMMARY ***
Total pot $2 | Rake $0
Seat 1: LolDnkaments (big blind) collected ($2)
Seat 3: conkris (button) (small blind) folded before Flop


PokerStars Hand #146477187528:  Hold'em Limit ($3/$6 USD) - 2016/01/04 17:44:51 ET
Table 'Hassaleh' 6-max Seat #1 is the button
Seat 1: LolDnkaments ($140.60 in chips)
Seat 3: conkris ($13.28 in chips)
LolDnkaments: posts small blind $1
conkris: posts big blind $3
*** HOLE CARDS ***
LolDnkaments: raises $3 to $6
conkris: calls $3
*** FLOP *** [9s Kc Js]
conkris: checks
LolDnkaments: bets $3
conkris: calls $3
*** TURN *** [9s Kc Js] [9c]
conkris: checks
LolDnkaments: checks
*** RIVER *** [9s Kc Js 9c] [As]
conkris: bets $4.28 and is all-in
LolDnkaments: calls $4.28
*** SHOW DOWN ***
conkris: shows [4c Td] (a pair of Nines)
LolDnkaments: shows [7d Jc] (two pair, Jacks and Nines)
LolDnkaments collected $26.06 from pot
*** SUMMARY ***
Total pot $26.56 | Rake $0.50
Board [9s Kc Js 9c As]
Seat 1: LolDnkaments (button) (small blind) showed [7d Jc] and won ($26.06) with two pair, Jacks and Nines
Seat 3: conkris (big blind) showed [4c Td] and lost with a pair of Nines


