PokerStars Hand #150746772257:  Hold'em Limit ($3/$6 USD) - 2016/03/22 6:21:02 ET
Table 'Hathor II' 6-max Seat #6 is the button
Seat 1: Zeeon ($40.15 in chips)
Seat 6: kefir_sefir ($140.73 in chips)
kefir_sefir: posts small blind $1
Zeeon: posts big blind $3
*** HOLE CARDS ***
kefir_sefir: folds
Uncalled bet ($2) returned to Zeeon
Zeeon collected $2 from pot
*** SUMMARY ***
Total pot $2 | Rake $0
Seat 1: Zeeon (big blind) collected ($2)
Seat 6: kefir_sefir (button) (small blind) folded before Flop


PokerStars Hand #150746764366:  Hold'em Limit ($3/$6 USD) - 2016/03/22 6:20:45 ET
Table 'Hathor II' 6-max Seat #1 is the button
Seat 1: Zeeon ($46.15 in chips)
Seat 6: kefir_sefir ($134.97 in chips)
Zeeon: posts small blind $1
B_loJkl: is sitting out
kefir_sefir: posts big blind $3
*** HOLE CARDS ***
B_loJkl leaves the table
Zeeon: calls $2
B_loJkl joins the table at seat #2
kefir_sefir: raises $3 to $6
Zeeon: calls $3
*** FLOP *** [Qd Ad Jd]
kefir_sefir: bets $3
Zeeon: folds
Uncalled bet ($3) returned to kefir_sefir
kefir_sefir collected $11.76 from pot
*** SUMMARY ***
Total pot $12 | Rake $0.24
Board [Qd Ad Jd]
Seat 1: Zeeon (button) (small blind) folded on the Flop
Seat 6: kefir_sefir (big blind) collected ($11.76)


PokerStars Hand #150753481159:  Hold'em Limit ($3/$6 USD) - 2016/03/22 9:52:41 ET
Table 'Hathor II' 6-max Seat #2 is the button
Seat 2: B_loJkl ($123.16 in chips)
Seat 6: gabrinamli ($193.16 in chips)
B_loJkl: posts small blind $1
gabrinamli: posts big blind $3
*** HOLE CARDS ***
B_loJkl: raises $3 to $6
gabrinamli: folds
Uncalled bet ($3) returned to B_loJkl
B_loJkl collected $6 from pot
B_loJkl: doesn't show hand
*** SUMMARY ***
Total pot $6 | Rake $0
Seat 2: B_loJkl (button) (small blind) collected ($6)
Seat 6: gabrinamli (big blind) folded before Flop


PokerStars Hand #150753491833:  Hold'em Limit ($3/$6 USD) - 2016/03/22 9:52:58 ET
Table 'Hathor II' 6-max Seat #6 is the button
Seat 2: B_loJkl ($126.16 in chips)
Seat 6: gabrinamli ($190.16 in chips)
gabrinamli: posts small blind $1
B_loJkl: posts big blind $3
*** HOLE CARDS ***
gabrinamli: raises $3 to $6
B_loJkl: folds
Uncalled bet ($3) returned to gabrinamli
gabrinamli collected $6 from pot
gabrinamli: doesn't show hand
*** SUMMARY ***
Total pot $6 | Rake $0
Seat 2: B_loJkl (big blind) folded before Flop
Seat 6: gabrinamli (button) (small blind) collected ($6)


PokerStars Hand #150753476916:  Hold'em Limit ($3/$6 USD) - 2016/03/22 9:52:34 ET
Table 'Hathor II' 6-max Seat #6 is the button
Seat 2: B_loJkl ($122.16 in chips)
Seat 6: gabrinamli ($194.16 in chips)
gabrinamli: posts small blind $1
Zeeon: is sitting out
B_loJkl: posts big blind $3
*** HOLE CARDS ***
gabrinamli: folds
Uncalled bet ($2) returned to B_loJkl
B_loJkl collected $2 from pot
B_loJkl: doesn't show hand
*** SUMMARY ***
Total pot $2 | Rake $0
Seat 2: B_loJkl (big blind) collected ($2)
Seat 6: gabrinamli (button) (small blind) folded before Flop


PokerStars Hand #150753511825:  Hold'em Limit ($3/$6 USD) - 2016/03/22 9:53:29 ET
Table 'Hathor II' 6-max Seat #6 is the button
Seat 2: B_loJkl ($126.16 in chips)
Seat 6: gabrinamli ($190.16 in chips)
gabrinamli: posts small blind $1
B_loJkl: posts big blind $3
*** HOLE CARDS ***
gabrinamli: raises $3 to $6
B_loJkl: folds
Uncalled bet ($3) returned to gabrinamli
gabrinamli collected $6 from pot
gabrinamli: doesn't show hand
*** SUMMARY ***
Total pot $6 | Rake $0
Seat 2: B_loJkl (big blind) folded before Flop
Seat 6: gabrinamli (button) (small blind) collected ($6)


PokerStars Hand #150753496633:  Hold'em Limit ($3/$6 USD) - 2016/03/22 9:53:05 ET
Table 'Hathor II' 6-max Seat #2 is the button
Seat 2: B_loJkl ($123.16 in chips)
Seat 6: gabrinamli ($193.16 in chips)
B_loJkl: posts small blind $1
gabrinamli: posts big blind $3
*** HOLE CARDS ***
B_loJkl: raises $3 to $6
gabrinamli: folds
Uncalled bet ($3) returned to B_loJkl
B_loJkl collected $6 from pot
B_loJkl: doesn't show hand
*** SUMMARY ***
Total pot $6 | Rake $0
Seat 2: B_loJkl (button) (small blind) collected ($6)
Seat 6: gabrinamli (big blind) folded before Flop


PokerStars Hand #150753536813:  Hold'em Limit ($3/$6 USD) - 2016/03/22 9:54:08 ET
Table 'Hathor II' 6-max Seat #2 is the button
Seat 2: B_loJkl ($123.16 in chips)
Seat 6: gabrinamli ($193.16 in chips)
B_loJkl: posts small blind $1
gabrinamli: posts big blind $3
*** HOLE CARDS ***
B_loJkl: folds
Uncalled bet ($2) returned to gabrinamli
gabrinamli collected $2 from pot
gabrinamli: doesn't show hand
*** SUMMARY ***
Total pot $2 | Rake $0
Seat 2: B_loJkl (button) (small blind) folded before Flop
Seat 6: gabrinamli (big blind) collected ($2)


PokerStars Hand #150753552125:  Hold'em Limit ($3/$6 USD) - 2016/03/22 9:54:32 ET
Table 'Hathor II' 6-max Seat #6 is the button
Seat 2: B_loJkl ($122.16 in chips)
Seat 6: gabrinamli ($194.16 in chips)
gabrinamli: posts small blind $1
B_loJkl: posts big blind $3
*** HOLE CARDS ***
gabrinamli: raises $3 to $6
B_loJkl: folds
Uncalled bet ($3) returned to gabrinamli
gabrinamli collected $6 from pot
gabrinamli: doesn't show hand
*** SUMMARY ***
Total pot $6 | Rake $0
Seat 2: B_loJkl (big blind) folded before Flop
Seat 6: gabrinamli (button) (small blind) collected ($6)


PokerStars Hand #150753597748:  Hold'em Limit ($3/$6 USD) - 2016/03/22 9:55:51 ET
Table 'Hathor II' 6-max Seat #2 is the button
Seat 2: B_loJkl ($92.16 in chips)
Seat 6: gabrinamli ($223.66 in chips)
B_loJkl: posts small blind $1
gabrinamli: posts big blind $3
*** HOLE CARDS ***
B_loJkl: folds
Uncalled bet ($2) returned to gabrinamli
gabrinamli collected $2 from pot
gabrinamli: doesn't show hand
*** SUMMARY ***
Total pot $2 | Rake $0
Seat 2: B_loJkl (button) (small blind) folded before Flop
Seat 6: gabrinamli (big blind) collected ($2)


PokerStars Hand #150753559551:  Hold'em Limit ($3/$6 USD) - 2016/03/22 9:54:44 ET
Table 'Hathor II' 6-max Seat #2 is the button
Seat 2: B_loJkl ($119.16 in chips)
Seat 6: gabrinamli ($197.16 in chips)
B_loJkl: posts small blind $1
gabrinamli: posts big blind $3
*** HOLE CARDS ***
B_loJkl: raises $3 to $6
gabrinamli: calls $3
*** FLOP *** [Td 2d Qc]
gabrinamli: checks
B_loJkl: bets $3
gabrinamli: raises $3 to $6
B_loJkl: calls $3
*** TURN *** [Td 2d Qc] [Kc]
gabrinamli: bets $6
B_loJkl: calls $6
*** RIVER *** [Td 2d Qc Kc] [Ad]
gabrinamli: bets $6
B_loJkl: calls $6
*** SHOW DOWN ***
gabrinamli: shows [6d Jd] (a flush, Ace high)
B_loJkl: mucks hand
gabrinamli collected $47.50 from pot
*** SUMMARY ***
Total pot $48 | Rake $0.50
Board [Td 2d Qc Kc Ad]
Seat 2: B_loJkl (button) (small blind) mucked
Seat 6: gabrinamli (big blind) showed [6d Jd] and won ($47.50) with a flush, Ace high


PokerStars Hand #150753590998:  Hold'em Limit ($3/$6 USD) - 2016/03/22 9:55:38 ET
Table 'Hathor II' 6-max Seat #6 is the button
Seat 2: B_loJkl ($95.16 in chips)
Seat 6: gabrinamli ($220.66 in chips)
gabrinamli: posts small blind $1
B_loJkl: posts big blind $3
*** HOLE CARDS ***
gabrinamli: raises $3 to $6
B_loJkl: folds
Uncalled bet ($3) returned to gabrinamli
gabrinamli collected $6 from pot
gabrinamli: doesn't show hand
*** SUMMARY ***
Total pot $6 | Rake $0
Seat 2: B_loJkl (big blind) folded before Flop
Seat 6: gabrinamli (button) (small blind) collected ($6)


PokerStars Hand #150753601580:  Hold'em Limit ($3/$6 USD) - 2016/03/22 9:55:58 ET
Table 'Hathor II' 6-max Seat #6 is the button
Seat 2: B_loJkl ($91.16 in chips)
Seat 6: gabrinamli ($224.66 in chips)
gabrinamli: posts small blind $1
B_loJkl: posts big blind $3
*** HOLE CARDS ***
gabrinamli: raises $3 to $6
B_loJkl: calls $3
*** FLOP *** [5h Jd Ah]
B_loJkl: checks
gabrinamli: bets $3
B_loJkl: folds
Uncalled bet ($3) returned to gabrinamli
gabrinamli collected $11.76 from pot
gabrinamli: doesn't show hand
*** SUMMARY ***
Total pot $12 | Rake $0.24
Board [5h Jd Ah]
Seat 2: B_loJkl (big blind) folded on the Flop
Seat 6: gabrinamli (button) (small blind) collected ($11.76)


PokerStars Hand #150753655183:  Hold'em Limit ($3/$6 USD) - 2016/03/22 9:57:40 ET
Table 'Hathor II' 6-max Seat #2 is the button
Seat 2: B_loJkl ($77.16 in chips)
Seat 6: gabrinamli ($238.06 in chips)
B_loJkl: posts small blind $1
gabrinamli: posts big blind $3
*** HOLE CARDS ***
B_loJkl: raises $3 to $6
gabrinamli: folds
Uncalled bet ($3) returned to B_loJkl
B_loJkl collected $6 from pot
B_loJkl: doesn't show hand
*** SUMMARY ***
Total pot $6 | Rake $0
Seat 2: B_loJkl (button) (small blind) collected ($6)
Seat 6: gabrinamli (big blind) folded before Flop


PokerStars Hand #150753621172:  Hold'em Limit ($3/$6 USD) - 2016/03/22 9:56:36 ET
Table 'Hathor II' 6-max Seat #2 is the button
Seat 2: B_loJkl ($85.16 in chips)
Seat 6: gabrinamli ($230.42 in chips)
B_loJkl: posts small blind $1
gabrinamli: posts big blind $3
*** HOLE CARDS ***
B_loJkl: raises $3 to $6
gabrinamli: calls $3
*** FLOP *** [Ts 6h 7s]
gabrinamli: checks
B_loJkl: bets $3
gabrinamli: calls $3
*** TURN *** [Ts 6h 7s] [Jc]
gabrinamli: checks
B_loJkl: checks
*** RIVER *** [Ts 6h 7s Jc] [Jd]
gabrinamli: bets $6
B_loJkl: folds
Uncalled bet ($6) returned to gabrinamli
gabrinamli collected $17.64 from pot
gabrinamli: doesn't show hand
*** SUMMARY ***
Total pot $18 | Rake $0.36
Board [Ts 6h 7s Jc Jd]
Seat 2: B_loJkl (button) (small blind) folded on the River
Seat 6: gabrinamli (big blind) collected ($17.64)


PokerStars Hand #150753643059:  Hold'em Limit ($3/$6 USD) - 2016/03/22 9:57:17 ET
Table 'Hathor II' 6-max Seat #6 is the button
Seat 2: B_loJkl ($76.16 in chips)
Seat 6: gabrinamli ($239.06 in chips)
gabrinamli: posts small blind $1
B_loJkl: posts big blind $3
*** HOLE CARDS ***
gabrinamli: folds
Uncalled bet ($2) returned to B_loJkl
B_loJkl collected $2 from pot
B_loJkl: doesn't show hand
*** SUMMARY ***
Total pot $2 | Rake $0
Seat 2: B_loJkl (big blind) collected ($2)
Seat 6: gabrinamli (button) (small blind) folded before Flop


PokerStars Hand #150753675033:  Hold'em Limit ($3/$6 USD) - 2016/03/22 9:58:17 ET
Table 'Hathor II' 6-max Seat #2 is the button
Seat 2: B_loJkl ($65.16 in chips)
Seat 6: gabrinamli ($249.56 in chips)
B_loJkl: posts small blind $1
gabrinamli: posts big blind $3
*** HOLE CARDS ***
db49 leaves the table
B_loJkl: raises $3 to $6
gabrinamli: calls $3
*** FLOP *** [7s As 7d]
gabrinamli: checks
B_loJkl: bets $3
gabrinamli: folds
Uncalled bet ($3) returned to B_loJkl
B_loJkl collected $11.76 from pot
B_loJkl: doesn't show hand
*** SUMMARY ***
Total pot $12 | Rake $0.24
Board [7s As 7d]
Seat 2: B_loJkl (button) (small blind) collected ($11.76)
Seat 6: gabrinamli (big blind) folded on the Flop


PokerStars Hand #150753684383:  Hold'em Limit ($3/$6 USD) - 2016/03/22 9:58:35 ET
Table 'Hathor II' 6-max Seat #6 is the button
Seat 2: B_loJkl ($70.92 in chips)
Seat 6: gabrinamli ($243.56 in chips)
gabrinamli: posts small blind $1
B_loJkl: posts big blind $3
*** HOLE CARDS ***
gabrinamli: raises $3 to $6
B_loJkl: calls $3
*** FLOP *** [Jc 4s 4d]
B_loJkl: checks
gabrinamli: bets $3
B_loJkl: folds
Uncalled bet ($3) returned to gabrinamli
gabrinamli collected $11.76 from pot
gabrinamli: doesn't show hand
*** SUMMARY ***
Total pot $12 | Rake $0.24
Board [Jc 4s 4d]
Seat 2: B_loJkl (big blind) folded on the Flop
Seat 6: gabrinamli (button) (small blind) collected ($11.76)


PokerStars Hand #150753659568:  Hold'em Limit ($3/$6 USD) - 2016/03/22 9:57:48 ET
Table 'Hathor II' 6-max Seat #6 is the button
Seat 2: B_loJkl ($80.16 in chips)
Seat 6: gabrinamli ($235.06 in chips)
gabrinamli: posts small blind $1
B_loJkl: posts big blind $3
*** HOLE CARDS ***
gabrinamli: raises $3 to $6
B_loJkl: calls $3
*** FLOP *** [Kd Jd 4d]
B_loJkl: checks
gabrinamli: bets $3
B_loJkl: calls $3
*** TURN *** [Kd Jd 4d] [2s]
B_loJkl: checks
gabrinamli: bets $6
B_loJkl: calls $6
*** RIVER *** [Kd Jd 4d 2s] [Ad]
B_loJkl: checks
gabrinamli: bets $6
B_loJkl: folds
Uncalled bet ($6) returned to gabrinamli
gabrinamli collected $29.50 from pot
gabrinamli: doesn't show hand
*** SUMMARY ***
Total pot $30 | Rake $0.50
Board [Kd Jd 4d 2s Ad]
Seat 2: B_loJkl (big blind) folded on the River
Seat 6: gabrinamli (button) (small blind) collected ($29.50)


PokerStars Hand #150753867442:  Hold'em Limit ($3/$6 USD) - 2016/03/22 10:03:46 ET
Table 'Hathor II' 6-max Seat #5 is the button
Seat 3: fire852181 ($72.01 in chips)
Seat 5: parnishka11 ($14 in chips)
parnishka11: posts small blind $1
B_loJkl: is sitting out
fire852181: posts big blind $3
*** HOLE CARDS ***
parnishka11: raises $3 to $6
B_loJkl leaves the table
fire852181: calls $3
*** FLOP *** [6h 9d Qs]
fire852181: checks
parnishka11: bets $3
fire852181: calls $3
*** TURN *** [6h 9d Qs] [Ks]
fire852181: checks
parnishka11: bets $5 and is all-in
fire852181: calls $5
*** RIVER *** [6h 9d Qs Ks] [Td]
*** SHOW DOWN ***
fire852181: shows [5c 5s] (a pair of Fives)
parnishka11: shows [Kc 6c] (two pair, Kings and Sixes)
parnishka11 collected $27.50 from pot
*** SUMMARY ***
Total pot $28 | Rake $0.50
Board [6h 9d Qs Ks Td]
Seat 3: fire852181 (big blind) showed [5c 5s] and lost with a pair of Fives
Seat 5: parnishka11 (button) (small blind) showed [Kc 6c] and won ($27.50) with two pair, Kings and Sixes


PokerStars Hand #150753885724:  Hold'em Limit ($3/$6 USD) - 2016/03/22 10:04:14 ET
Table 'Hathor II' 6-max Seat #3 is the button
Seat 3: fire852181 ($58.01 in chips)
Seat 5: parnishka11 ($27.50 in chips)
fire852181: posts small blind $1
parnishka11: posts big blind $3
*** HOLE CARDS ***
fire852181: calls $2
parnishka11: checks
*** FLOP *** [3h 6s 2h]
parnishka11: bets $3
fire852181: calls $3
*** TURN *** [3h 6s 2h] [2c]
parnishka11: bets $6
fire852181: raises $6 to $12
parnishka11: calls $6
*** RIVER *** [3h 6s 2h 2c] [9h]
parnishka11: checks
fire852181: bets $6
parnishka11: calls $6
*** SHOW DOWN ***
fire852181: shows [6h Kd] (two pair, Sixes and Deuces)
parnishka11: mucks hand
fire852181 collected $47.50 from pot
*** SUMMARY ***
Total pot $48 | Rake $0.50
Board [3h 6s 2h 2c 9h]
Seat 3: fire852181 (button) (small blind) showed [6h Kd] and won ($47.50) with two pair, Sixes and Deuces
Seat 5: parnishka11 (big blind) mucked


PokerStars Hand #150753905029:  Hold'em Limit ($3/$6 USD) - 2016/03/22 10:04:44 ET
Table 'Hathor II' 6-max Seat #5 is the button
Seat 3: fire852181 ($81.51 in chips)
Seat 5: parnishka11 ($3.50 in chips)
parnishka11: posts small blind $1
fire852181: posts big blind $3
*** HOLE CARDS ***
parnishka11: raises $0.50 to $3.50 and is all-in
fire852181: calls $0.50
*** FLOP *** [2s Ks Ah]
*** TURN *** [2s Ks Ah] [Jc]
*** RIVER *** [2s Ks Ah Jc] [Tc]
*** SHOW DOWN ***
fire852181: shows [Ad 4c] (a pair of Aces)
parnishka11: shows [6c 8s] (high card Ace)
fire852181 collected $6.86 from pot
*** SUMMARY ***
Total pot $7 | Rake $0.14
Board [2s Ks Ah Jc Tc]
Seat 3: fire852181 (big blind) showed [Ad 4c] and won ($6.86) with a pair of Aces
Seat 5: parnishka11 (button) (small blind) showed [6c 8s] and lost with high card Ace


PokerStars Hand #150754598708:  Hold'em Limit ($3/$6 USD) - 2016/03/22 10:22:21 ET
Table 'Hathor II' 6-max Seat #6 is the button
Seat 3: Randers14 ($206.56 in chips)
Seat 6: gabrinamli ($121 in chips)
gabrinamli: posts small blind $1
Randers14: posts big blind $3
*** HOLE CARDS ***
gabrinamli: folds
Uncalled bet ($2) returned to Randers14
Randers14 collected $2 from pot
Randers14: doesn't show hand
Fess7791 joins the table at seat #1
*** SUMMARY ***
Total pot $2 | Rake $0
Seat 3: Randers14 (big blind) collected ($2)
Seat 6: gabrinamli (button) (small blind) folded before Flop


PokerStars Hand #150754595106:  Hold'em Limit ($3/$6 USD) - 2016/03/22 10:22:15 ET
Table 'Hathor II' 6-max Seat #3 is the button
Seat 3: Randers14 ($207.56 in chips)
Seat 6: gabrinamli ($120 in chips)
Randers14: posts small blind $1
gabrinamli: posts big blind $3
*** HOLE CARDS ***
Randers14: folds
Uncalled bet ($2) returned to gabrinamli
gabrinamli collected $2 from pot
gabrinamli: doesn't show hand
*** SUMMARY ***
Total pot $2 | Rake $0
Seat 3: Randers14 (button) (small blind) folded before Flop
Seat 6: gabrinamli (big blind) collected ($2)


PokerStars Hand #150754602596:  Hold'em Limit ($3/$6 USD) - 2016/03/22 10:22:26 ET
Table 'Hathor II' 6-max Seat #3 is the button
Seat 3: Randers14 ($207.56 in chips)
Seat 6: gabrinamli ($120 in chips)
Randers14: posts small blind $1
gabrinamli: posts big blind $3
*** HOLE CARDS ***
Randers14: folds
Uncalled bet ($2) returned to gabrinamli
gabrinamli collected $2 from pot
gabrinamli: doesn't show hand
*** SUMMARY ***
Total pot $2 | Rake $0
Seat 3: Randers14 (button) (small blind) folded before Flop
Seat 6: gabrinamli (big blind) collected ($2)


