PokerStars Hand #146843759817:  Hold'em Limit ($3/$6 USD) - 2016/01/11 3:56:41 ET
Table 'Haug II' 6-max Seat #3 is the button
Seat 3: sawka1995 ($129.64 in chips)
Seat 4: Agrotait ($62 in chips)
sawka1995: posts small blind $1
Agrotait: posts big blind $3
*** HOLE CARDS ***
sawka1995: folds
Uncalled bet ($2) returned to Agrotait
Agrotait collected $2 from pot
Agrotait: doesn't show hand
*** SUMMARY ***
Total pot $2 | Rake $0
Seat 3: sawka1995 (button) (small blind) folded before Flop
Seat 4: Agrotait (big blind) collected ($2)


PokerStars Hand #146843757805:  Hold'em Limit ($3/$6 USD) - 2016/01/11 3:56:34 ET
Table 'Haug II' 6-max Seat #4 is the button
Seat 3: sawka1995 ($128.64 in chips)
Seat 4: Agrotait ($63 in chips)
Agrotait: posts small blind $1
sawka1995: posts big blind $3
*** HOLE CARDS ***
Agrotait: folds
Uncalled bet ($2) returned to sawka1995
sawka1995 collected $2 from pot
sawka1995: doesn't show hand
*** SUMMARY ***
Total pot $2 | Rake $0
Seat 3: sawka1995 (big blind) collected ($2)
Seat 4: Agrotait (button) (small blind) folded before Flop


PokerStars Hand #146843744282:  Hold'em Limit ($3/$6 USD) - 2016/01/11 3:55:50 ET
Table 'Haug II' 6-max Seat #3 is the button
Seat 3: sawka1995 ($120 in chips)
Seat 4: Agrotait ($72 in chips)
sawka1995: posts small blind $1
Agrotait: posts big blind $3
*** HOLE CARDS ***
sawka1995: raises $3 to $6
Agrotait: calls $3
*** FLOP *** [3s 6d 3c]
Agrotait: checks
sawka1995: bets $3
Agrotait: calls $3
*** TURN *** [3s 6d 3c] [3h]
Agrotait: checks
sawka1995: bets $6
Agrotait: folds
Uncalled bet ($6) returned to sawka1995
sawka1995 collected $17.64 from pot
sawka1995: doesn't show hand
*** SUMMARY ***
Total pot $18 | Rake $0.36
Board [3s 6d 3c 3h]
Seat 3: sawka1995 (button) (small blind) collected ($17.64)
Seat 4: Agrotait (big blind) folded on the Turn


PokerStars Hand #146843771291:  Hold'em Limit ($3/$6 USD) - 2016/01/11 3:57:18 ET
Table 'Haug II' 6-max Seat #3 is the button
Seat 3: sawka1995 ($119.64 in chips)
Seat 4: Agrotait ($71.64 in chips)
sawka1995: posts small blind $1
Agrotait: posts big blind $3
*** HOLE CARDS ***
sawka1995: folds
Uncalled bet ($2) returned to Agrotait
Agrotait collected $2 from pot
Agrotait: doesn't show hand
*** SUMMARY ***
Total pot $2 | Rake $0
Seat 3: sawka1995 (button) (small blind) folded before Flop
Seat 4: Agrotait (big blind) collected ($2)


PokerStars Hand #146843761631:  Hold'em Limit ($3/$6 USD) - 2016/01/11 3:56:47 ET
Table 'Haug II' 6-max Seat #4 is the button
Seat 3: sawka1995 ($128.64 in chips)
Seat 4: Agrotait ($63 in chips)
Agrotait: posts small blind $1
sawka1995: posts big blind $3
*** HOLE CARDS ***
Agrotait: raises $3 to $6
sawka1995: calls $3
*** FLOP *** [8c 5c Tc]
sawka1995: checks
Agrotait: bets $3
sawka1995: calls $3
*** TURN *** [8c 5c Tc] [9c]
sawka1995: checks
Agrotait: bets $6
sawka1995: folds
Uncalled bet ($6) returned to Agrotait
Agrotait collected $17.64 from pot
Agrotait: doesn't show hand
*** SUMMARY ***
Total pot $18 | Rake $0.36
Board [8c 5c Tc 9c]
Seat 3: sawka1995 (big blind) folded on the Turn
Seat 4: Agrotait (button) (small blind) collected ($17.64)


PokerStars Hand #146843794200:  Hold'em Limit ($3/$6 USD) - 2016/01/11 3:58:32 ET
Table 'Haug II' 6-max Seat #3 is the button
Seat 3: sawka1995 ($112.40 in chips)
Seat 4: Agrotait ($78.28 in chips)
sawka1995: posts small blind $1
Agrotait: posts big blind $3
*** HOLE CARDS ***
sawka1995: raises $3 to $6
Agrotait: calls $3
*** FLOP *** [Ah Ks Js]
Agrotait: checks
sawka1995: bets $3
Agrotait: raises $3 to $6
sawka1995: calls $3
*** TURN *** [Ah Ks Js] [8h]
Agrotait: bets $6
sawka1995: calls $6
*** RIVER *** [Ah Ks Js 8h] [3c]
Agrotait: bets $6
sawka1995: folds
Uncalled bet ($6) returned to Agrotait
Agrotait collected $35.50 from pot
Agrotait: doesn't show hand
*** SUMMARY ***
Total pot $36 | Rake $0.50
Board [Ah Ks Js 8h 3c]
Seat 3: sawka1995 (button) (small blind) folded on the River
Seat 4: Agrotait (big blind) collected ($35.50)


PokerStars Hand #146843792059:  Hold'em Limit ($3/$6 USD) - 2016/01/11 3:58:25 ET
Table 'Haug II' 6-max Seat #4 is the button
Seat 3: sawka1995 ($115.40 in chips)
Seat 4: Agrotait ($75.28 in chips)
Agrotait: posts small blind $1
sawka1995: posts big blind $3
*** HOLE CARDS ***
Agrotait: raises $3 to $6
sawka1995: folds
Uncalled bet ($3) returned to Agrotait
Agrotait collected $6 from pot
Agrotait: doesn't show hand
*** SUMMARY ***
Total pot $6 | Rake $0
Seat 3: sawka1995 (big blind) folded before Flop
Seat 4: Agrotait (button) (small blind) collected ($6)


PokerStars Hand #146843786805:  Hold'em Limit ($3/$6 USD) - 2016/01/11 3:58:08 ET
Table 'Haug II' 6-max Seat #3 is the button
Seat 3: sawka1995 ($124.40 in chips)
Seat 4: Agrotait ($66.64 in chips)
sawka1995: posts small blind $1
Agrotait: posts big blind $3
*** HOLE CARDS ***
sawka1995: raises $3 to $6
Agrotait: raises $3 to $9
sawka1995: calls $3
*** FLOP *** [Ks Ah 9s]
Agrotait: bets $3
sawka1995: folds
Uncalled bet ($3) returned to Agrotait
Agrotait collected $17.64 from pot
Agrotait: doesn't show hand
*** SUMMARY ***
Total pot $18 | Rake $0.36
Board [Ks Ah 9s]
Seat 3: sawka1995 (button) (small blind) folded on the Flop
Seat 4: Agrotait (big blind) collected ($17.64)


PokerStars Hand #146843773017:  Hold'em Limit ($3/$6 USD) - 2016/01/11 3:57:24 ET
Table 'Haug II' 6-max Seat #4 is the button
Seat 3: sawka1995 ($118.64 in chips)
Seat 4: Agrotait ($72.64 in chips)
Agrotait: posts small blind $1
sawka1995: posts big blind $3
*** HOLE CARDS ***
Agrotait: raises $3 to $6
sawka1995: calls $3
*** FLOP *** [Js 2d Jd]
sawka1995: checks
Agrotait: checks
*** TURN *** [Js 2d Jd] [2c]
sawka1995: bets $6
Agrotait: folds
Uncalled bet ($6) returned to sawka1995
sawka1995 collected $11.76 from pot
sawka1995: doesn't show hand
*** SUMMARY ***
Total pot $12 | Rake $0.24
Board [Js 2d Jd 2c]
Seat 3: sawka1995 (big blind) collected ($11.76)
Seat 4: Agrotait (button) (small blind) folded on the Turn


PokerStars Hand #146843820256:  Hold'em Limit ($3/$6 USD) - 2016/01/11 3:59:57 ET
Table 'Haug II' 6-max Seat #3 is the button
Seat 3: sawka1995 ($103.04 in chips)
Seat 4: Agrotait ($86.78 in chips)
sawka1995: posts small blind $1
Agrotait: posts big blind $3
*** HOLE CARDS ***
sawka1995: folds
Uncalled bet ($2) returned to Agrotait
Agrotait collected $2 from pot
Agrotait: doesn't show hand
*** SUMMARY ***
Total pot $2 | Rake $0
Seat 3: sawka1995 (button) (small blind) folded before Flop
Seat 4: Agrotait (big blind) collected ($2)


PokerStars Hand #146843811864:  Hold'em Limit ($3/$6 USD) - 2016/01/11 3:59:30 ET
Table 'Haug II' 6-max Seat #4 is the button
Seat 3: sawka1995 ($94.40 in chips)
Seat 4: Agrotait ($95.78 in chips)
Agrotait: posts small blind $1
sawka1995: posts big blind $3
*** HOLE CARDS ***
Agrotait: raises $3 to $6
sawka1995: raises $3 to $9
Pelurile joins the table at seat #5
Agrotait: calls $3
*** FLOP *** [6h 6d Kc]
sawka1995: bets $3
Agrotait: folds
Uncalled bet ($3) returned to sawka1995
sawka1995 collected $17.64 from pot
sawka1995: doesn't show hand
*** SUMMARY ***
Total pot $18 | Rake $0.36
Board [6h 6d Kc]
Seat 3: sawka1995 (big blind) collected ($17.64)
Seat 4: Agrotait (button) (small blind) folded on the Flop


PokerStars Hand #146843808832:  Hold'em Limit ($3/$6 USD) - 2016/01/11 3:59:20 ET
Table 'Haug II' 6-max Seat #3 is the button
Seat 3: sawka1995 ($91.40 in chips)
Seat 4: Agrotait ($98.78 in chips)
sawka1995: posts small blind $1
Agrotait: posts big blind $3
*** HOLE CARDS ***
sawka1995: raises $3 to $6
Agrotait: folds
Uncalled bet ($3) returned to sawka1995
sawka1995 collected $6 from pot
sawka1995: doesn't show hand
*** SUMMARY ***
Total pot $6 | Rake $0
Seat 3: sawka1995 (button) (small blind) collected ($6)
Seat 4: Agrotait (big blind) folded before Flop


PokerStars Hand #146843806384:  Hold'em Limit ($3/$6 USD) - 2016/01/11 3:59:12 ET
Table 'Haug II' 6-max Seat #4 is the button
Seat 3: sawka1995 ($90.40 in chips)
Seat 4: Agrotait ($99.78 in chips)
Agrotait: posts small blind $1
sawka1995: posts big blind $3
*** HOLE CARDS ***
Agrotait: folds
Uncalled bet ($2) returned to sawka1995
sawka1995 collected $2 from pot
sawka1995: doesn't show hand
*** SUMMARY ***
Total pot $2 | Rake $0
Seat 3: sawka1995 (big blind) collected ($2)
Seat 4: Agrotait (button) (small blind) folded before Flop


PokerStars Hand #146843804964:  Hold'em Limit ($3/$6 USD) - 2016/01/11 3:59:07 ET
Table 'Haug II' 6-max Seat #3 is the button
Seat 3: sawka1995 ($91.40 in chips)
Seat 4: Agrotait ($98.78 in chips)
sawka1995: posts small blind $1
Agrotait: posts big blind $3
*** HOLE CARDS ***
sawka1995: folds
Uncalled bet ($2) returned to Agrotait
Agrotait collected $2 from pot
Agrotait: doesn't show hand
*** SUMMARY ***
Total pot $2 | Rake $0
Seat 3: sawka1995 (button) (small blind) folded before Flop
Seat 4: Agrotait (big blind) collected ($2)


PokerStars Hand #146843802901:  Hold'em Limit ($3/$6 USD) - 2016/01/11 3:59:00 ET
Table 'Haug II' 6-max Seat #4 is the button
Seat 3: sawka1995 ($94.40 in chips)
Seat 4: Agrotait ($95.78 in chips)
Agrotait: posts small blind $1
sawka1995: posts big blind $3
*** HOLE CARDS ***
Agrotait: raises $3 to $6
sawka1995: folds
Uncalled bet ($3) returned to Agrotait
Agrotait collected $6 from pot
Agrotait: doesn't show hand
*** SUMMARY ***
Total pot $6 | Rake $0
Seat 3: sawka1995 (big blind) folded before Flop
Seat 4: Agrotait (button) (small blind) collected ($6)


