PokerStars Hand #144362618260:  Hold'em Limit ($3/$6 USD) - 2015/11/25 10:33:45 ET
Table 'Haug' 6-max Seat #6 is the button
Seat 4: Agrotait ($72 in chips)
Seat 6: Poo Chana ($120 in chips)
Poo Chana: posts small blind $1
Agrotait: posts big blind $3
*** HOLE CARDS ***
thenuts999 joins the table at seat #1
Poo Chana: calls $2
Agrotait: raises $3 to $6
Zubasa07 joins the table at seat #2
Poo Chana said, "sigh not one of those]"
Poo Chana: calls $3
*** FLOP *** [As 7h 6h]
Agrotait: bets $3
Poo Chana: calls $3
*** TURN *** [As 7h 6h] [Jd]
thenuts999 said, ":*"
Agrotait: bets $6
Poo Chana: folds
Uncalled bet ($6) returned to Agrotait
Agrotait collected $17.64 from pot
Agrotait: doesn't show hand
*** SUMMARY ***
Total pot $18 | Rake $0.36
Board [As 7h 6h Jd]
Seat 4: Agrotait (big blind) collected ($17.64)
Seat 6: Poo Chana (button) (small blind) folded on the Turn


PokerStars Hand #144362645001:  Hold'em Limit ($3/$6 USD) - 2015/11/25 10:34:23 ET
Table 'Haug' 6-max Seat #4 is the button
Seat 4: Agrotait ($80.64 in chips)
Seat 6: Poo Chana ($111 in chips)
Agrotait: posts small blind $1
Poo Chana: posts big blind $3
*** HOLE CARDS ***
SirRomanov joins the table at seat #3
Agrotait: folds
Uncalled bet ($2) returned to Poo Chana
Poo Chana collected $2 from pot
Poo Chana: doesn't show hand
*** SUMMARY ***
Total pot $2 | Rake $0
Seat 4: Agrotait (button) (small blind) folded before Flop
Seat 6: Poo Chana (big blind) collected ($2)


PokerStars Hand #144366569376:  Hold'em Limit ($3/$6 USD) - 2015/11/25 12:04:55 ET
Table 'Haug' 6-max Seat #5 is the button
Seat 1: Chessnok ($116.42 in chips)
Seat 5: Great_Kang ($125.56 in chips)
Great_Kang: posts small blind $1
Chessnok: posts big blind $3
*** HOLE CARDS ***
Great_Kang: raises $3 to $6
Chessnok: raises $3 to $9
Great_Kang: calls $3
*** FLOP *** [4h 6h 2s]
Chessnok: bets $3
Great_Kang: calls $3
*** TURN *** [4h 6h 2s] [6s]
Chessnok: bets $6
Great_Kang: calls $6
*** RIVER *** [4h 6h 2s 6s] [5s]
Chessnok: checks
Great_Kang: bets $6
Chessnok: calls $6
*** SHOW DOWN ***
Great_Kang: shows [5c Kd] (two pair, Sixes and Fives)
Chessnok: mucks hand
Great_Kang collected $47.50 from pot
*** SUMMARY ***
Total pot $48 | Rake $0.50
Board [4h 6h 2s 6s 5s]
Seat 1: Chessnok (big blind) mucked
Seat 5: Great_Kang (button) (small blind) showed [5c Kd] and won ($47.50) with two pair, Sixes and Fives


