PokerStars Hand #157916942092:  Hold'em Limit ($3/$6 USD) - 2016/08/29 22:19:28 ET
Table 'Havnia' 6-max Seat #1 is the button
Seat 1: Velbor107 ($306.76 in chips)
Seat 3: mylifeluvsol ($23 in chips)
Velbor107: posts small blind $1
mylifeluvsol: posts big blind $3
*** HOLE CARDS ***
Velbor107: raises $3 to $6
mylifeluvsol: raises $3 to $9
Velbor107: calls $3
*** FLOP *** [Ts 6h 3h]
mylifeluvsol: checks
Velbor107: bets $3
mylifeluvsol: raises $3 to $6
Velbor107: calls $3
*** TURN *** [Ts 6h 3h] [Jc]
mylifeluvsol: bets $6
Velbor107: raises $6 to $12
mylifeluvsol: calls $2 and is all-in
Uncalled bet ($4) returned to Velbor107
*** RIVER *** [Ts 6h 3h Jc] [9s]
*** SHOW DOWN ***
mylifeluvsol: shows [8h Ad] (high card Ace)
Velbor107: shows [6d 3d] (two pair, Sixes and Threes)
Velbor107 collected $45.50 from pot
*** SUMMARY ***
Total pot $46 | Rake $0.50
Board [Ts 6h 3h Jc 9s]
Seat 1: Velbor107 (button) (small blind) showed [6d 3d] and won ($45.50) with two pair, Sixes and Threes
Seat 3: mylifeluvsol (big blind) showed [8h Ad] and lost with high card Ace


PokerStars Hand #157916940169:  Hold'em Limit ($3/$6 USD) - 2016/08/29 22:19:23 ET
Table 'Havnia' 6-max Seat #3 is the button
Seat 1: Velbor107 ($305.76 in chips)
Seat 3: mylifeluvsol ($24 in chips)
mylifeluvsol: posts small blind $1
Velbor107: posts big blind $3
*** HOLE CARDS ***
mylifeluvsol: folds
Uncalled bet ($2) returned to Velbor107
Velbor107 collected $2 from pot
*** SUMMARY ***
Total pot $2 | Rake $0
Seat 1: Velbor107 (big blind) collected ($2)
Seat 3: mylifeluvsol (button) (small blind) folded before Flop


PokerStars Hand #157916934920:  Hold'em Limit ($3/$6 USD) - 2016/08/29 22:19:07 ET
Table 'Havnia' 6-max Seat #1 is the button
Seat 1: Velbor107 ($300 in chips)
Seat 3: mylifeluvsol ($30 in chips)
Velbor107: posts small blind $1
mylifeluvsol: posts big blind $3
*** HOLE CARDS ***
Velbor107: raises $3 to $6
mylifeluvsol: calls $3
*** FLOP *** [6h 3d 2d]
mylifeluvsol: checks
Velbor107: bets $3
mylifeluvsol: folds
Uncalled bet ($3) returned to Velbor107
Velbor107 collected $11.76 from pot
*** SUMMARY ***
Total pot $12 | Rake $0.24
Board [6h 3d 2d]
Seat 1: Velbor107 (button) (small blind) collected ($11.76)
Seat 3: mylifeluvsol (big blind) folded on the Flop


PokerStars Hand #157916969440:  Hold'em Limit ($3/$6 USD) - 2016/08/29 22:20:49 ET
Table 'Havnia' 6-max Seat #1 is the button
Seat 1: Velbor107 ($346.76 in chips)
Seat 3: mylifeluvsol ($12 in chips)
Velbor107: posts small blind $1
mylifeluvsol: posts big blind $3
*** HOLE CARDS ***
Velbor107: folds
Uncalled bet ($2) returned to mylifeluvsol
mylifeluvsol collected $2 from pot
*** SUMMARY ***
Total pot $2 | Rake $0
Seat 1: Velbor107 (button) (small blind) folded before Flop
Seat 3: mylifeluvsol (big blind) collected ($2)


PokerStars Hand #157916961371:  Hold'em Limit ($3/$6 USD) - 2016/08/29 22:20:25 ET
Table 'Havnia' 6-max Seat #3 is the button
Seat 1: Velbor107 ($329.26 in chips)
Seat 3: mylifeluvsol ($30 in chips)
mylifeluvsol: posts small blind $1
Velbor107: posts big blind $3
*** HOLE CARDS ***
mylifeluvsol: raises $3 to $6
Velbor107: calls $3
*** FLOP *** [2s 9d 8c]
Velbor107: checks
mylifeluvsol: checks
*** TURN *** [2s 9d 8c] [2d]
Velbor107: bets $6
mylifeluvsol: calls $6
*** RIVER *** [2s 9d 8c 2d] [Th]
Velbor107: bets $6
mylifeluvsol: calls $6
*** SHOW DOWN ***
Velbor107: shows [2h 5h] (three of a kind, Deuces)
mylifeluvsol: mucks hand
Velbor107 collected $35.50 from pot
*** SUMMARY ***
Total pot $36 | Rake $0.50
Board [2s 9d 8c 2d Th]
Seat 1: Velbor107 (big blind) showed [2h 5h] and won ($35.50) with three of a kind, Deuces
Seat 3: mylifeluvsol (button) (small blind) mucked


PokerStars Hand #157916971755:  Hold'em Limit ($3/$6 USD) - 2016/08/29 22:20:56 ET
Table 'Havnia' 6-max Seat #3 is the button
Seat 1: Velbor107 ($345.76 in chips)
Seat 3: mylifeluvsol ($13 in chips)
mylifeluvsol: posts small blind $1
Velbor107: posts big blind $3
*** HOLE CARDS ***
mylifeluvsol: raises $3 to $6
Velbor107: raises $3 to $9
mylifeluvsol: calls $3
*** FLOP *** [Ks 6h Js]
Velbor107: bets $3
mylifeluvsol: raises $1 to $4 and is all-in
Velbor107: calls $1
*** TURN *** [Ks 6h Js] [6s]
*** RIVER *** [Ks 6h Js 6s] [Qs]
*** SHOW DOWN ***
Velbor107: shows [4s As] (a flush, Ace high)
mylifeluvsol: shows [Jd 2d] (two pair, Jacks and Sixes)
Velbor107 collected $25.50 from pot
*** SUMMARY ***
Total pot $26 | Rake $0.50
Board [Ks 6h Js 6s Qs]
Seat 1: Velbor107 (big blind) showed [4s As] and won ($25.50) with a flush, Ace high
Seat 3: mylifeluvsol (button) (small blind) showed [Jd 2d] and lost with two pair, Jacks and Sixes


PokerStars Hand #157916986911:  Hold'em Limit ($3/$6 USD) - 2016/08/29 22:21:40 ET
Table 'Havnia' 6-max Seat #1 is the button
Seat 1: Velbor107 ($358.26 in chips)
Seat 3: mylifeluvsol ($30 in chips)
Velbor107: posts small blind $1
mylifeluvsol: posts big blind $3
*** HOLE CARDS ***
Velbor107: raises $3 to $6
mylifeluvsol: raises $3 to $9
Velbor107: calls $3
*** FLOP *** [Ah Td Qd]
mylifeluvsol: checks
Velbor107: bets $3
mylifeluvsol: calls $3
*** TURN *** [Ah Td Qd] [9c]
mylifeluvsol: checks
Velbor107: bets $6
mylifeluvsol: raises $6 to $12
Velbor107: raises $6 to $18
mylifeluvsol: calls $6 and is all-in
*** RIVER *** [Ah Td Qd 9c] [Ad]
*** SHOW DOWN ***
mylifeluvsol: shows [Kh As] (three of a kind, Aces)
Velbor107: shows [Ac 4h] (three of a kind, Aces - lower kicker)
mylifeluvsol collected $59.50 from pot
*** SUMMARY ***
Total pot $60 | Rake $0.50
Board [Ah Td Qd 9c Ad]
Seat 1: Velbor107 (button) (small blind) showed [Ac 4h] and lost with three of a kind, Aces
Seat 3: mylifeluvsol (big blind) showed [Kh As] and won ($59.50) with three of a kind, Aces


PokerStars Hand #157916999966:  Hold'em Limit ($3/$6 USD) - 2016/08/29 22:22:19 ET
Table 'Havnia' 6-max Seat #3 is the button
Seat 1: Velbor107 ($328.26 in chips)
Seat 3: mylifeluvsol ($59.50 in chips)
mylifeluvsol: posts small blind $1
Velbor107: posts big blind $3
*** HOLE CARDS ***
mylifeluvsol: folds
Uncalled bet ($2) returned to Velbor107
Velbor107 collected $2 from pot
*** SUMMARY ***
Total pot $2 | Rake $0
Seat 1: Velbor107 (big blind) collected ($2)
Seat 3: mylifeluvsol (button) (small blind) folded before Flop


PokerStars Hand #157917017488:  Hold'em Limit ($3/$6 USD) - 2016/08/29 22:23:11 ET
Table 'Havnia' 6-max Seat #3 is the button
Seat 1: Velbor107 ($302.26 in chips)
Seat 3: mylifeluvsol ($85 in chips)
mylifeluvsol: posts small blind $1
Velbor107: posts big blind $3
*** HOLE CARDS ***
mylifeluvsol: folds
Uncalled bet ($2) returned to Velbor107
Velbor107 collected $2 from pot
*** SUMMARY ***
Total pot $2 | Rake $0
Seat 1: Velbor107 (big blind) collected ($2)
Seat 3: mylifeluvsol (button) (small blind) folded before Flop


PokerStars Hand #157917001680:  Hold'em Limit ($3/$6 USD) - 2016/08/29 22:22:24 ET
Table 'Havnia' 6-max Seat #1 is the button
Seat 1: Velbor107 ($329.26 in chips)
Seat 3: mylifeluvsol ($58.50 in chips)
Velbor107: posts small blind $1
mylifeluvsol: posts big blind $3
*** HOLE CARDS ***
Velbor107: raises $3 to $6
mylifeluvsol: calls $3
*** FLOP *** [4c 8s 2d]
mylifeluvsol: checks
Velbor107: bets $3
mylifeluvsol: calls $3
*** TURN *** [4c 8s 2d] [6h]
mylifeluvsol: checks
Velbor107: bets $6
mylifeluvsol: raises $6 to $12
Velbor107: calls $6
*** RIVER *** [4c 8s 2d 6h] [4s]
mylifeluvsol: bets $6
Velbor107: calls $6
*** SHOW DOWN ***
mylifeluvsol: shows [5c 6c] (two pair, Sixes and Fours)
Velbor107: mucks hand
mylifeluvsol collected $53.50 from pot
*** SUMMARY ***
Total pot $54 | Rake $0.50
Board [4c 8s 2d 6h 4s]
Seat 1: Velbor107 (button) (small blind) mucked
Seat 3: mylifeluvsol (big blind) showed [5c 6c] and won ($53.50) with two pair, Sixes and Fours


PokerStars Hand #157917015718:  Hold'em Limit ($3/$6 USD) - 2016/08/29 22:23:06 ET
Table 'Havnia' 6-max Seat #1 is the button
Seat 1: Velbor107 ($303.26 in chips)
Seat 3: mylifeluvsol ($84 in chips)
Velbor107: posts small blind $1
mylifeluvsol: posts big blind $3
*** HOLE CARDS ***
Velbor107: folds
Uncalled bet ($2) returned to mylifeluvsol
mylifeluvsol collected $2 from pot
*** SUMMARY ***
Total pot $2 | Rake $0
Seat 1: Velbor107 (button) (small blind) folded before Flop
Seat 3: mylifeluvsol (big blind) collected ($2)


PokerStars Hand #157917010725:  Hold'em Limit ($3/$6 USD) - 2016/08/29 22:22:51 ET
Table 'Havnia' 6-max Seat #3 is the button
Seat 1: Velbor107 ($302.26 in chips)
Seat 3: mylifeluvsol ($85 in chips)
mylifeluvsol: posts small blind $1
Velbor107: posts big blind $3
*** HOLE CARDS ***
mylifeluvsol: folds
Uncalled bet ($2) returned to Velbor107
Velbor107 collected $2 from pot
*** SUMMARY ***
Total pot $2 | Rake $0
Seat 1: Velbor107 (big blind) collected ($2)
Seat 3: mylifeluvsol (button) (small blind) folded before Flop


PokerStars Hand #157917020915:  Hold'em Limit ($3/$6 USD) - 2016/08/29 22:23:17 ET
Table 'Havnia' 6-max Seat #1 is the button
Seat 1: Velbor107 ($303.26 in chips)
Seat 3: mylifeluvsol ($84 in chips)
Velbor107: posts small blind $1
mylifeluvsol: posts big blind $3
*** HOLE CARDS ***
Velbor107: raises $3 to $6
mylifeluvsol: calls $3
*** FLOP *** [9h 3d Kh]
mylifeluvsol: checks
Velbor107: bets $3
mylifeluvsol: folds
Uncalled bet ($3) returned to Velbor107
Velbor107 collected $11.76 from pot
*** SUMMARY ***
Total pot $12 | Rake $0.24
Board [9h 3d Kh]
Seat 1: Velbor107 (button) (small blind) collected ($11.76)
Seat 3: mylifeluvsol (big blind) folded on the Flop


PokerStars Hand #157917026135:  Hold'em Limit ($3/$6 USD) - 2016/08/29 22:23:32 ET
Table 'Havnia' 6-max Seat #3 is the button
Seat 1: Velbor107 ($309.02 in chips)
Seat 3: mylifeluvsol ($78 in chips)
mylifeluvsol: posts small blind $1
Velbor107: posts big blind $3
*** HOLE CARDS ***
mylifeluvsol: raises $3 to $6
Velbor107: calls $3
*** FLOP *** [6c 6d 8d]
Velbor107: checks
mylifeluvsol: checks
*** TURN *** [6c 6d 8d] [6s]
Velbor107: checks
mylifeluvsol: checks
*** RIVER *** [6c 6d 8d 6s] [9d]
Velbor107: bets $6
mylifeluvsol: raises $6 to $12
Velbor107: calls $6
*** SHOW DOWN ***
mylifeluvsol: shows [8h 8c] (a full house, Eights full of Sixes)
Velbor107: mucks hand
mylifeluvsol collected $35.50 from pot
*** SUMMARY ***
Total pot $36 | Rake $0.50
Board [6c 6d 8d 6s 9d]
Seat 1: Velbor107 (big blind) mucked
Seat 3: mylifeluvsol (button) (small blind) showed [8h 8c] and won ($35.50) with a full house, Eights full of Sixes


PokerStars Hand #157917037010:  Hold'em Limit ($3/$6 USD) - 2016/08/29 22:24:04 ET
Table 'Havnia' 6-max Seat #1 is the button
Seat 1: Velbor107 ($291.02 in chips)
Seat 3: mylifeluvsol ($95.50 in chips)
Velbor107: posts small blind $1
mylifeluvsol: posts big blind $3
*** HOLE CARDS ***
Velbor107: raises $3 to $6
mylifeluvsol: calls $3
*** FLOP *** [8c 2c 5s]
mylifeluvsol: checks
Velbor107: bets $3
mylifeluvsol: folds
Uncalled bet ($3) returned to Velbor107
Velbor107 collected $11.76 from pot
*** SUMMARY ***
Total pot $12 | Rake $0.24
Board [8c 2c 5s]
Seat 1: Velbor107 (button) (small blind) collected ($11.76)
Seat 3: mylifeluvsol (big blind) folded on the Flop


PokerStars Hand #157917057320:  Hold'em Limit ($3/$6 USD) - 2016/08/29 22:25:05 ET
Table 'Havnia' 6-max Seat #3 is the button
Seat 1: Velbor107 ($292.78 in chips)
Seat 3: mylifeluvsol ($93.38 in chips)
mylifeluvsol: posts small blind $1
Velbor107: posts big blind $3
*** HOLE CARDS ***
mylifeluvsol: folds
Uncalled bet ($2) returned to Velbor107
Velbor107 collected $2 from pot
*** SUMMARY ***
Total pot $2 | Rake $0
Seat 1: Velbor107 (big blind) collected ($2)
Seat 3: mylifeluvsol (button) (small blind) folded before Flop


PokerStars Hand #157917054520:  Hold'em Limit ($3/$6 USD) - 2016/08/29 22:24:57 ET
Table 'Havnia' 6-max Seat #1 is the button
Seat 1: Velbor107 ($293.78 in chips)
Seat 3: mylifeluvsol ($92.38 in chips)
Velbor107: posts small blind $1
mylifeluvsol: posts big blind $3
*** HOLE CARDS ***
Velbor107: folds
Uncalled bet ($2) returned to mylifeluvsol
mylifeluvsol collected $2 from pot
*** SUMMARY ***
Total pot $2 | Rake $0
Seat 1: Velbor107 (button) (small blind) folded before Flop
Seat 3: mylifeluvsol (big blind) collected ($2)


PokerStars Hand #157917052686:  Hold'em Limit ($3/$6 USD) - 2016/08/29 22:24:51 ET
Table 'Havnia' 6-max Seat #3 is the button
Seat 1: Velbor107 ($292.78 in chips)
Seat 3: mylifeluvsol ($93.38 in chips)
mylifeluvsol: posts small blind $1
Velbor107: posts big blind $3
*** HOLE CARDS ***
mylifeluvsol: folds
Uncalled bet ($2) returned to Velbor107
Velbor107 collected $2 from pot
*** SUMMARY ***
Total pot $2 | Rake $0
Seat 1: Velbor107 (big blind) collected ($2)
Seat 3: mylifeluvsol (button) (small blind) folded before Flop


PokerStars Hand #157917047312:  Hold'em Limit ($3/$6 USD) - 2016/08/29 22:24:37 ET
Table 'Havnia' 6-max Seat #1 is the button
Seat 1: Velbor107 ($293.78 in chips)
Seat 3: mylifeluvsol ($92.38 in chips)
Velbor107: posts small blind $1
mylifeluvsol: posts big blind $3
*** HOLE CARDS ***
Velbor107: folds
Uncalled bet ($2) returned to mylifeluvsol
mylifeluvsol collected $2 from pot
*** SUMMARY ***
Total pot $2 | Rake $0
Seat 1: Velbor107 (button) (small blind) folded before Flop
Seat 3: mylifeluvsol (big blind) collected ($2)


PokerStars Hand #157917041917:  Hold'em Limit ($3/$6 USD) - 2016/08/29 22:24:19 ET
Table 'Havnia' 6-max Seat #3 is the button
Seat 1: Velbor107 ($296.78 in chips)
Seat 3: mylifeluvsol ($89.50 in chips)
mylifeluvsol: posts small blind $1
Velbor107: posts big blind $3
*** HOLE CARDS ***
mylifeluvsol: calls $2
Velbor107: checks
*** FLOP *** [9c Qs 5c]
Velbor107: checks
mylifeluvsol: checks
*** TURN *** [9c Qs 5c] [8s]
Velbor107: checks
mylifeluvsol: bets $6
Velbor107: folds
Uncalled bet ($6) returned to mylifeluvsol
mylifeluvsol collected $5.88 from pot
*** SUMMARY ***
Total pot $6 | Rake $0.12
Board [9c Qs 5c 8s]
Seat 1: Velbor107 (big blind) folded on the Turn
Seat 3: mylifeluvsol (button) (small blind) collected ($5.88)


PokerStars Hand #157917059181:  Hold'em Limit ($3/$6 USD) - 2016/08/29 22:25:11 ET
Table 'Havnia' 6-max Seat #1 is the button
Seat 1: Velbor107 ($293.78 in chips)
Seat 3: mylifeluvsol ($92.38 in chips)
Velbor107: posts small blind $1
mylifeluvsol: posts big blind $3
*** HOLE CARDS ***
Velbor107: folds
Uncalled bet ($2) returned to mylifeluvsol
mylifeluvsol collected $2 from pot
*** SUMMARY ***
Total pot $2 | Rake $0
Seat 1: Velbor107 (button) (small blind) folded before Flop
Seat 3: mylifeluvsol (big blind) collected ($2)


PokerStars Hand #157917075418:  Hold'em Limit ($3/$6 USD) - 2016/08/29 22:25:59 ET
Table 'Havnia' 6-max Seat #1 is the button
Seat 1: Velbor107 ($298.54 in chips)
Seat 3: mylifeluvsol ($30 in chips)
Velbor107: posts small blind $1
mylifeluvsol: posts big blind $3
*** HOLE CARDS ***
Velbor107: folds
Uncalled bet ($2) returned to mylifeluvsol
mylifeluvsol collected $2 from pot
*** SUMMARY ***
Total pot $2 | Rake $0
Seat 1: Velbor107 (button) (small blind) folded before Flop
Seat 3: mylifeluvsol (big blind) collected ($2)


PokerStars Hand #157917078635:  Hold'em Limit ($3/$6 USD) - 2016/08/29 22:26:08 ET
Table 'Havnia' 6-max Seat #3 is the button
Seat 1: Velbor107 ($297.54 in chips)
Seat 3: mylifeluvsol ($31 in chips)
mylifeluvsol: posts small blind $1
Velbor107: posts big blind $3
*** HOLE CARDS ***
mylifeluvsol: folds
Uncalled bet ($2) returned to Velbor107
Velbor107 collected $2 from pot
*** SUMMARY ***
Total pot $2 | Rake $0
Seat 1: Velbor107 (big blind) collected ($2)
Seat 3: mylifeluvsol (button) (small blind) folded before Flop


PokerStars Hand #157917060864:  Hold'em Limit ($3/$6 USD) - 2016/08/29 22:25:16 ET
Table 'Havnia' 6-max Seat #3 is the button
Seat 1: Velbor107 ($292.78 in chips)
Seat 3: mylifeluvsol ($93.38 in chips)
mylifeluvsol: posts small blind $1
Velbor107: posts big blind $3
*** HOLE CARDS ***
mylifeluvsol: calls $2
Velbor107: raises $3 to $6
mylifeluvsol: calls $3
*** FLOP *** [Ah 9h 9s]
Velbor107: bets $3
mylifeluvsol: folds
Uncalled bet ($3) returned to Velbor107
mylifeluvsol leaves the table
Velbor107 collected $11.76 from pot
*** SUMMARY ***
Total pot $12 | Rake $0.24
Board [Ah 9h 9s]
Seat 1: Velbor107 (big blind) collected ($11.76)
Seat 3: mylifeluvsol (button) (small blind) folded on the Flop


PokerStars Hand #157917089113:  Hold'em Limit ($3/$6 USD) - 2016/08/29 22:26:40 ET
Table 'Havnia' 6-max Seat #3 is the button
Seat 1: Velbor107 ($301.54 in chips)
Seat 3: mylifeluvsol ($27 in chips)
mylifeluvsol: posts small blind $1
Velbor107: posts big blind $3
*** HOLE CARDS ***
mylifeluvsol: raises $3 to $6
Velbor107: raises $3 to $9
mylifeluvsol: calls $3
*** FLOP *** [Qh Jd 4h]
Velbor107: bets $3
mylifeluvsol: calls $3
*** TURN *** [Qh Jd 4h] [5s]
Velbor107: bets $6
mylifeluvsol: raises $6 to $12
Velbor107: raises $6 to $18
mylifeluvsol: calls $3 and is all-in
Uncalled bet ($3) returned to Velbor107
*** RIVER *** [Qh Jd 4h 5s] [3h]
*** SHOW DOWN ***
Velbor107: shows [Ad Qd] (a pair of Queens)
mylifeluvsol: shows [Qs 4s] (two pair, Queens and Fours)
mylifeluvsol collected $53.50 from pot
*** SUMMARY ***
Total pot $54 | Rake $0.50
Board [Qh Jd 4h 5s 3h]
Seat 1: Velbor107 (big blind) showed [Ad Qd] and lost with a pair of Queens
Seat 3: mylifeluvsol (button) (small blind) showed [Qs 4s] and won ($53.50) with two pair, Queens and Fours


PokerStars Hand #157917080602:  Hold'em Limit ($3/$6 USD) - 2016/08/29 22:26:14 ET
Table 'Havnia' 6-max Seat #1 is the button
Seat 1: Velbor107 ($298.54 in chips)
Seat 3: mylifeluvsol ($30 in chips)
Velbor107: posts small blind $1
mylifeluvsol: posts big blind $3
*** HOLE CARDS ***
Velbor107: raises $3 to $6
mylifeluvsol: folds
Uncalled bet ($3) returned to Velbor107
Velbor107 collected $6 from pot
*** SUMMARY ***
Total pot $6 | Rake $0
Seat 1: Velbor107 (button) (small blind) collected ($6)
Seat 3: mylifeluvsol (big blind) folded before Flop


PokerStars Hand #157917087144:  Hold'em Limit ($3/$6 USD) - 2016/08/29 22:26:34 ET
Table 'Havnia' 6-max Seat #1 is the button
Seat 1: Velbor107 ($302.54 in chips)
Seat 3: mylifeluvsol ($26 in chips)
Velbor107: posts small blind $1
mylifeluvsol: posts big blind $3
*** HOLE CARDS ***
Velbor107: folds
Uncalled bet ($2) returned to mylifeluvsol
mylifeluvsol collected $2 from pot
*** SUMMARY ***
Total pot $2 | Rake $0
Seat 1: Velbor107 (button) (small blind) folded before Flop
Seat 3: mylifeluvsol (big blind) collected ($2)


PokerStars Hand #157917083771:  Hold'em Limit ($3/$6 USD) - 2016/08/29 22:26:24 ET
Table 'Havnia' 6-max Seat #3 is the button
Seat 1: Velbor107 ($301.54 in chips)
Seat 3: mylifeluvsol ($27 in chips)
mylifeluvsol: posts small blind $1
Velbor107: posts big blind $3
*** HOLE CARDS ***
mylifeluvsol: folds
Uncalled bet ($2) returned to Velbor107
Velbor107 collected $2 from pot
*** SUMMARY ***
Total pot $2 | Rake $0
Seat 1: Velbor107 (big blind) collected ($2)
Seat 3: mylifeluvsol (button) (small blind) folded before Flop


PokerStars Hand #157917100396:  Hold'em Limit ($3/$6 USD) - 2016/08/29 22:27:06 ET
Table 'Havnia' 6-max Seat #1 is the button
Seat 1: Velbor107 ($274.54 in chips)
Seat 3: mylifeluvsol ($53.50 in chips)
Velbor107: posts small blind $1
mylifeluvsol: posts big blind $3
*** HOLE CARDS ***
Velbor107: raises $3 to $6
mylifeluvsol: calls $3
*** FLOP *** [7s 4s 2d]
mylifeluvsol: checks
Velbor107: bets $3
mylifeluvsol: raises $3 to $6
Velbor107: calls $3
*** TURN *** [7s 4s 2d] [8d]
mylifeluvsol: bets $6
Velbor107: calls $6
*** RIVER *** [7s 4s 2d 8d] [Qd]
mylifeluvsol: checks
Velbor107: checks
*** SHOW DOWN ***
mylifeluvsol: shows [8s 7c] (two pair, Eights and Sevens)
Velbor107: mucks hand
mylifeluvsol collected $35.50 from pot
*** SUMMARY ***
Total pot $36 | Rake $0.50
Board [7s 4s 2d 8d Qd]
Seat 1: Velbor107 (button) (small blind) mucked
Seat 3: mylifeluvsol (big blind) showed [8s 7c] and won ($35.50) with two pair, Eights and Sevens


PokerStars Hand #157917110122:  Hold'em Limit ($3/$6 USD) - 2016/08/29 22:27:35 ET
Table 'Havnia' 6-max Seat #3 is the button
Seat 1: Velbor107 ($256.54 in chips)
Seat 3: mylifeluvsol ($71 in chips)
mylifeluvsol: posts small blind $1
Velbor107: posts big blind $3
*** HOLE CARDS ***
mylifeluvsol: calls $2
Velbor107: checks
*** FLOP *** [9s 5c 7s]
Velbor107: bets $3
mylifeluvsol: folds
Uncalled bet ($3) returned to Velbor107
mylifeluvsol leaves the table
Velbor107 collected $5.88 from pot
*** SUMMARY ***
Total pot $6 | Rake $0.12
Board [9s 5c 7s]
Seat 1: Velbor107 (big blind) collected ($5.88)
Seat 3: mylifeluvsol (button) (small blind) folded on the Flop


PokerStars Hand #157917123959:  Hold'em Limit ($3/$6 USD) - 2016/08/29 22:28:16 ET
Table 'Havnia' 6-max Seat #1 is the button
Seat 1: Velbor107 ($259.42 in chips)
Seat 3: mylifeluvsol ($30 in chips)
Velbor107: posts small blind $1
mylifeluvsol: posts big blind $3
*** HOLE CARDS ***
Velbor107: raises $3 to $6
mylifeluvsol: calls $3
*** FLOP *** [7s Jd 2d]
mylifeluvsol: checks
Velbor107: bets $3
mylifeluvsol: calls $3
*** TURN *** [7s Jd 2d] [Qc]
mylifeluvsol: checks
Velbor107: bets $6
mylifeluvsol: calls $6
*** RIVER *** [7s Jd 2d Qc] [9d]
mylifeluvsol: bets $6
Velbor107: calls $6
*** SHOW DOWN ***
mylifeluvsol: shows [Js 5s] (a pair of Jacks)
Velbor107: shows [Ts Jh] (a pair of Jacks - Queen+Ten kicker)
Velbor107 collected $41.50 from pot
*** SUMMARY ***
Total pot $42 | Rake $0.50
Board [7s Jd 2d Qc 9d]
Seat 1: Velbor107 (button) (small blind) showed [Ts Jh] and won ($41.50) with a pair of Jacks
Seat 3: mylifeluvsol (big blind) showed [Js 5s] and lost with a pair of Jacks


PokerStars Hand #157917132195:  Hold'em Limit ($3/$6 USD) - 2016/08/29 22:28:41 ET
Table 'Havnia' 6-max Seat #3 is the button
Seat 1: Velbor107 ($279.92 in chips)
Seat 3: mylifeluvsol ($9 in chips)
mylifeluvsol: posts small blind $1
Velbor107: posts big blind $3
*** HOLE CARDS ***
mylifeluvsol: calls $2
Velbor107: checks
*** FLOP *** [Ts 6s 8c]
Velbor107: bets $3
mylifeluvsol: raises $3 to $6 and is all-in
Velbor107: calls $3
*** TURN *** [Ts 6s 8c] [7c]
*** RIVER *** [Ts 6s 8c 7c] [3c]
*** SHOW DOWN ***
Velbor107: shows [4c Th] (a pair of Tens)
mylifeluvsol: shows [8d 5s] (a pair of Eights)
Velbor107 collected $17.64 from pot
*** SUMMARY ***
Total pot $18 | Rake $0.36
Board [Ts 6s 8c 7c 3c]
Seat 1: Velbor107 (big blind) showed [4c Th] and won ($17.64) with a pair of Tens
Seat 3: mylifeluvsol (button) (small blind) showed [8d 5s] and lost with a pair of Eights


PokerStars Hand #157917151318:  Hold'em Limit ($3/$6 USD) - 2016/08/29 22:29:39 ET
Table 'Havnia' 6-max Seat #3 is the button
Seat 1: Velbor107 ($291.56 in chips)
Seat 3: mylifeluvsol ($27 in chips)
mylifeluvsol: posts small blind $1
Velbor107: posts big blind $3
*** HOLE CARDS ***
mylifeluvsol: raises $3 to $6
Velbor107: calls $3
*** FLOP *** [Js 3h 2h]
Velbor107: checks
mylifeluvsol: checks
*** TURN *** [Js 3h 2h] [9s]
Velbor107: checks
mylifeluvsol: bets $6
Velbor107: calls $6
*** RIVER *** [Js 3h 2h 9s] [2d]
Velbor107: checks
mylifeluvsol: checks
*** SHOW DOWN ***
Velbor107: shows [Kh 5h] (a pair of Deuces)
mylifeluvsol: shows [4s As] (a pair of Deuces - Ace kicker)
mylifeluvsol collected $23.52 from pot
*** SUMMARY ***
Total pot $24 | Rake $0.48
Board [Js 3h 2h 9s 2d]
Seat 1: Velbor107 (big blind) showed [Kh 5h] and lost with a pair of Deuces
Seat 3: mylifeluvsol (button) (small blind) showed [4s As] and won ($23.52) with a pair of Deuces


PokerStars Hand #157917157896:  Hold'em Limit ($3/$6 USD) - 2016/08/29 22:29:59 ET
Table 'Havnia' 6-max Seat #1 is the button
Seat 1: Velbor107 ($279.56 in chips)
Seat 3: mylifeluvsol ($38.52 in chips)
Velbor107: posts small blind $1
mylifeluvsol: posts big blind $3
*** HOLE CARDS ***
Velbor107: raises $3 to $6
mylifeluvsol: folds
Uncalled bet ($3) returned to Velbor107
Velbor107 collected $6 from pot
*** SUMMARY ***
Total pot $6 | Rake $0
Seat 1: Velbor107 (button) (small blind) collected ($6)
Seat 3: mylifeluvsol (big blind) folded before Flop


PokerStars Hand #157917148650:  Hold'em Limit ($3/$6 USD) - 2016/08/29 22:29:30 ET
Table 'Havnia' 6-max Seat #1 is the button
Seat 1: Velbor107 ($288.56 in chips)
Seat 3: mylifeluvsol ($30 in chips)
Velbor107: posts small blind $1
mylifeluvsol: posts big blind $3
*** HOLE CARDS ***
Velbor107: raises $3 to $6
mylifeluvsol: folds
Uncalled bet ($3) returned to Velbor107
Velbor107 collected $6 from pot
*** SUMMARY ***
Total pot $6 | Rake $0
Seat 1: Velbor107 (button) (small blind) collected ($6)
Seat 3: mylifeluvsol (big blind) folded before Flop


PokerStars Hand #157917183468:  Hold'em Limit ($3/$6 USD) - 2016/08/29 22:31:17 ET
Table 'Havnia' 6-max Seat #3 is the button
Seat 1: Velbor107 ($300.54 in chips)
Seat 3: mylifeluvsol ($16.70 in chips)
mylifeluvsol: posts small blind $1
Velbor107: posts big blind $3
*** HOLE CARDS ***
mylifeluvsol: folds
Uncalled bet ($2) returned to Velbor107
Velbor107 collected $2 from pot
*** SUMMARY ***
Total pot $2 | Rake $0
Seat 1: Velbor107 (big blind) collected ($2)
Seat 3: mylifeluvsol (button) (small blind) folded before Flop


PokerStars Hand #157917177487:  Hold'em Limit ($3/$6 USD) - 2016/08/29 22:30:59 ET
Table 'Havnia' 6-max Seat #1 is the button
Seat 1: Velbor107 ($309.06 in chips)
Seat 3: mylifeluvsol ($8.52 in chips)
Velbor107: posts small blind $1
mylifeluvsol: posts big blind $3
*** HOLE CARDS ***
Velbor107: raises $3 to $6
mylifeluvsol: calls $3
*** FLOP *** [3h 9s 2s]
mylifeluvsol: bets $2.52 and is all-in
Velbor107: calls $2.52
*** TURN *** [3h 9s 2s] [Td]
*** RIVER *** [3h 9s 2s Td] [5s]
mowinmo joins the table at seat #2
*** SHOW DOWN ***
mylifeluvsol: shows [3s 7h] (a pair of Threes)
Velbor107: shows [Jc As] (high card Ace)
mylifeluvsol collected $16.70 from pot
*** SUMMARY ***
Total pot $17.04 | Rake $0.34
Board [3h 9s 2s Td 5s]
Seat 1: Velbor107 (button) (small blind) showed [Jc As] and lost with high card Ace
Seat 3: mylifeluvsol (big blind) showed [3s 7h] and won ($16.70) with a pair of Threes


PokerStars Hand #157917162052:  Hold'em Limit ($3/$6 USD) - 2016/08/29 22:30:11 ET
Table 'Havnia' 6-max Seat #3 is the button
Seat 1: Velbor107 ($282.56 in chips)
Seat 3: mylifeluvsol ($35.52 in chips)
mylifeluvsol: posts small blind $1
Velbor107: posts big blind $3
*** HOLE CARDS ***
mylifeluvsol: raises $3 to $6
Velbor107: raises $3 to $9
mylifeluvsol: raises $3 to $12
Betting is capped
Velbor107: calls $3
*** FLOP *** [6c 5s 3h]
Velbor107: checks
mylifeluvsol: bets $3
Velbor107: calls $3
*** TURN *** [6c 5s 3h] [Ts]
Velbor107: checks
mylifeluvsol: bets $6
Velbor107: raises $6 to $12
mylifeluvsol: calls $6
*** RIVER *** [6c 5s 3h Ts] [3c]
Velbor107: bets $6
mylifeluvsol: folds
Uncalled bet ($6) returned to Velbor107
Velbor107 collected $53.50 from pot
*** SUMMARY ***
Total pot $54 | Rake $0.50
Board [6c 5s 3h Ts 3c]
Seat 1: Velbor107 (big blind) collected ($53.50)
Seat 3: mylifeluvsol (button) (small blind) folded on the River


PokerStars Hand #157917208786:  Hold'em Limit ($3/$6 USD) - 2016/08/29 22:32:35 ET
Table 'Havnia' 6-max Seat #2 is the button
Seat 1: Velbor107 ($333.61 in chips)
Seat 2: mowinmo ($84 in chips)
mowinmo: posts small blind $1
Velbor107: posts big blind $3
*** HOLE CARDS ***
mowinmo: calls $2
Velbor107: raises $3 to $6
mowinmo: calls $3
*** FLOP *** [Tc Qh 2s]
Velbor107: bets $3
mowinmo: folds
Uncalled bet ($3) returned to Velbor107
Velbor107 collected $11.76 from pot
*** SUMMARY ***
Total pot $12 | Rake $0.24
Board [Tc Qh 2s]
Seat 1: Velbor107 (big blind) collected ($11.76)
Seat 2: mowinmo (button) (small blind) folded on the Flop


PokerStars Hand #157917216540:  Hold'em Limit ($3/$6 USD) - 2016/08/29 22:32:59 ET
Table 'Havnia' 6-max Seat #1 is the button
Seat 1: Velbor107 ($339.37 in chips)
Seat 2: mowinmo ($78 in chips)
Velbor107: posts small blind $1
mowinmo: posts big blind $3
*** HOLE CARDS ***
Velbor107: raises $3 to $6
mowinmo: raises $3 to $9
Velbor107: calls $3
*** FLOP *** [7d 3h Qd]
mowinmo: bets $3
Velbor107: calls $3
*** TURN *** [7d 3h Qd] [As]
mowinmo: bets $6
Velbor107: calls $6
*** RIVER *** [7d 3h Qd As] [Qh]
mowinmo: bets $6
Velbor107: calls $6
*** SHOW DOWN ***
mowinmo: shows [Ah Jh] (two pair, Aces and Queens)
Velbor107: mucks hand
mowinmo collected $47.50 from pot
*** SUMMARY ***
Total pot $48 | Rake $0.50
Board [7d 3h Qd As Qh]
Seat 1: Velbor107 (button) (small blind) mucked
Seat 2: mowinmo (big blind) showed [Ah Jh] and won ($47.50) with two pair, Aces and Queens


PokerStars Hand #157917345666:  Hold'em Limit ($3/$6 USD) - 2016/08/29 22:39:08 ET
Table 'Havnia' 6-max Seat #2 is the button
Seat 1: Velbor107 ($315.55 in chips)
Seat 2: mowinmo ($41.95 in chips)
mowinmo: posts small blind $1
Velbor107: posts big blind $3
*** HOLE CARDS ***
mowinmo: raises $3 to $6
mylifeluvsol joins the table at seat #6
Velbor107: raises $3 to $9
mowinmo: calls $3
*** FLOP *** [5h Th 3c]
Velbor107: bets $3
mowinmo: calls $3
*** TURN *** [5h Th 3c] [Qd]
Velbor107: bets $6
mowinmo: raises $6 to $12
Velbor107: calls $6
*** RIVER *** [5h Th 3c Qd] [Kh]
Velbor107: checks
mowinmo: bets $6
Velbor107: raises $6 to $12
mowinmo: calls $6
*** SHOW DOWN ***
Velbor107: shows [Jc As] (a straight, Ten to Ace)
mowinmo: mucks hand
Velbor107 collected $71.50 from pot
*** SUMMARY ***
Total pot $72 | Rake $0.50
Board [5h Th 3c Qd Kh]
Seat 1: Velbor107 (big blind) showed [Jc As] and won ($71.50) with a straight, Ten to Ace
Seat 2: mowinmo (button) (small blind) mucked


PokerStars Hand #157917359833:  Hold'em Limit ($3/$6 USD) - 2016/08/29 22:39:53 ET
Table 'Havnia' 6-max Seat #1 is the button
Seat 1: Velbor107 ($351.05 in chips)
Seat 2: mowinmo ($5.95 in chips)
Velbor107: posts small blind $1
mowinmo: posts big blind $3
*** HOLE CARDS ***
Velbor107: raises $3 to $6
mowinmo: calls $2.95 and is all-in
Uncalled bet ($0.05) returned to Velbor107
*** FLOP *** [9h Qh 3h]
*** TURN *** [9h Qh 3h] [4c]
*** RIVER *** [9h Qh 3h 4c] [7c]
*** SHOW DOWN ***
mowinmo: shows [Ad 9d] (a pair of Nines)
Velbor107: shows [5h Ah] (a flush, Ace high)
Velbor107 collected $11.66 from pot
*** SUMMARY ***
Total pot $11.90 | Rake $0.24
Board [9h Qh 3h 4c 7c]
Seat 1: Velbor107 (button) (small blind) showed [5h Ah] and won ($11.66) with a flush, Ace high
Seat 2: mowinmo (big blind) showed [Ad 9d] and lost with a pair of Nines


PokerStars Hand #157917389474:  Hold'em Limit ($3/$6 USD) - 2016/08/29 22:41:26 ET
Table 'Havnia' 6-max Seat #6 is the button
Seat 1: Velbor107 ($356.40 in chips)
Seat 6: mylifeluvsol ($29.64 in chips)
mylifeluvsol: posts small blind $1
Velbor107: posts big blind $3
*** HOLE CARDS ***
mylifeluvsol: folds
Uncalled bet ($2) returned to Velbor107
Velbor107 collected $2 from pot
*** SUMMARY ***
Total pot $2 | Rake $0
Seat 1: Velbor107 (big blind) collected ($2)
Seat 6: mylifeluvsol (button) (small blind) folded before Flop


PokerStars Hand #157917378984:  Hold'em Limit ($3/$6 USD) - 2016/08/29 22:40:53 ET
Table 'Havnia' 6-max Seat #1 is the button
Seat 1: Velbor107 ($347.76 in chips)
Seat 6: mylifeluvsol ($38.64 in chips)
Velbor107: posts small blind $1
mylifeluvsol: posts big blind $3
*** HOLE CARDS ***
Velbor107: raises $3 to $6
mylifeluvsol: calls $3
*** FLOP *** [Jc 7h As]
mylifeluvsol: bets $3
Velbor107: calls $3
*** TURN *** [Jc 7h As] [9c]
mylifeluvsol: checks
Velbor107: bets $6
mylifeluvsol: folds
Uncalled bet ($6) returned to Velbor107
Velbor107 collected $17.64 from pot
*** SUMMARY ***
Total pot $18 | Rake $0.36
Board [Jc 7h As 9c]
Seat 1: Velbor107 (button) (small blind) collected ($17.64)
Seat 6: mylifeluvsol (big blind) folded on the Turn


PokerStars Hand #157917397080:  Hold'em Limit ($3/$6 USD) - 2016/08/29 22:41:50 ET
Table 'Havnia' 6-max Seat #6 is the button
Seat 1: Velbor107 ($342.40 in chips)
Seat 6: mylifeluvsol ($43.14 in chips)
mylifeluvsol: posts small blind $1
Velbor107: posts big blind $3
*** HOLE CARDS ***
mylifeluvsol: folds
Uncalled bet ($2) returned to Velbor107
Velbor107 collected $2 from pot
*** SUMMARY ***
Total pot $2 | Rake $0
Seat 1: Velbor107 (big blind) collected ($2)
Seat 6: mylifeluvsol (button) (small blind) folded before Flop


PokerStars Hand #157917391197:  Hold'em Limit ($3/$6 USD) - 2016/08/29 22:41:31 ET
Table 'Havnia' 6-max Seat #1 is the button
Seat 1: Velbor107 ($357.40 in chips)
Seat 6: mylifeluvsol ($28.64 in chips)
Velbor107: posts small blind $1
mylifeluvsol: posts big blind $3
*** HOLE CARDS ***
Velbor107: raises $3 to $6
mylifeluvsol: calls $3
*** FLOP *** [4h 2c Kh]
mylifeluvsol: checks
Velbor107: bets $3
mylifeluvsol: calls $3
*** TURN *** [4h 2c Kh] [2d]
mylifeluvsol: checks
Velbor107: checks
*** RIVER *** [4h 2c Kh 2d] [7d]
mylifeluvsol: bets $6
Velbor107: calls $6
*** SHOW DOWN ***
mylifeluvsol: shows [4c 6c] (two pair, Fours and Deuces)
Velbor107: mucks hand
mylifeluvsol collected $29.50 from pot
*** SUMMARY ***
Total pot $30 | Rake $0.50
Board [4h 2c Kh 2d 7d]
Seat 1: Velbor107 (button) (small blind) mucked
Seat 6: mylifeluvsol (big blind) showed [4c 6c] and won ($29.50) with two pair, Fours and Deuces


PokerStars Hand #157917404414:  Hold'em Limit ($3/$6 USD) - 2016/08/29 22:42:13 ET
Table 'Havnia' 6-max Seat #6 is the button
Seat 1: Velbor107 ($352.04 in chips)
Seat 6: mylifeluvsol ($33.14 in chips)
mylifeluvsol: posts small blind $1
Velbor107: posts big blind $3
*** HOLE CARDS ***
mylifeluvsol: folds
Uncalled bet ($2) returned to Velbor107
Velbor107 collected $2 from pot
*** SUMMARY ***
Total pot $2 | Rake $0
Seat 1: Velbor107 (big blind) collected ($2)
Seat 6: mylifeluvsol (button) (small blind) folded before Flop


PokerStars Hand #157917398871:  Hold'em Limit ($3/$6 USD) - 2016/08/29 22:41:55 ET
Table 'Havnia' 6-max Seat #1 is the button
Seat 1: Velbor107 ($343.40 in chips)
Seat 6: mylifeluvsol ($42.14 in chips)
Velbor107: posts small blind $1
mylifeluvsol: posts big blind $3
*** HOLE CARDS ***
Velbor107: raises $3 to $6
mylifeluvsol: calls $3
*** FLOP *** [7d 5c 8h]
mylifeluvsol: checks
Velbor107: bets $3
mylifeluvsol: calls $3
*** TURN *** [7d 5c 8h] [4c]
mylifeluvsol: checks
Velbor107: bets $6
mylifeluvsol: folds
Uncalled bet ($6) returned to Velbor107
Velbor107 collected $17.64 from pot
*** SUMMARY ***
Total pot $18 | Rake $0.36
Board [7d 5c 8h 4c]
Seat 1: Velbor107 (button) (small blind) collected ($17.64)
Seat 6: mylifeluvsol (big blind) folded on the Turn


PokerStars Hand #157917418470:  Hold'em Limit ($3/$6 USD) - 2016/08/29 22:42:58 ET
Table 'Havnia' 6-max Seat #6 is the button
Seat 1: Velbor107 ($336.04 in chips)
Seat 6: mylifeluvsol ($48.64 in chips)
mylifeluvsol: posts small blind $1
Velbor107: posts big blind $3
*** HOLE CARDS ***
mylifeluvsol: raises $3 to $6
Velbor107: raises $3 to $9
mylifeluvsol: raises $3 to $12
Betting is capped
Velbor107: calls $3
*** FLOP *** [Ac 6c 4d]
Velbor107: bets $3
mylifeluvsol: folds
Uncalled bet ($3) returned to Velbor107
Velbor107 collected $23.52 from pot
*** SUMMARY ***
Total pot $24 | Rake $0.48
Board [Ac 6c 4d]
Seat 1: Velbor107 (big blind) collected ($23.52)
Seat 6: mylifeluvsol (button) (small blind) folded on the Flop


PokerStars Hand #157917416543:  Hold'em Limit ($3/$6 USD) - 2016/08/29 22:42:51 ET
Table 'Havnia' 6-max Seat #1 is the button
Seat 1: Velbor107 ($333.04 in chips)
Seat 6: mylifeluvsol ($51.64 in chips)
Velbor107: posts small blind $1
mylifeluvsol: posts big blind $3
*** HOLE CARDS ***
Velbor107: raises $3 to $6
mylifeluvsol: folds
Uncalled bet ($3) returned to Velbor107
Velbor107 collected $6 from pot
*** SUMMARY ***
Total pot $6 | Rake $0
Seat 1: Velbor107 (button) (small blind) collected ($6)
Seat 6: mylifeluvsol (big blind) folded before Flop


PokerStars Hand #157917414814:  Hold'em Limit ($3/$6 USD) - 2016/08/29 22:42:46 ET
Table 'Havnia' 6-max Seat #6 is the button
Seat 1: Velbor107 ($332.04 in chips)
Seat 6: mylifeluvsol ($52.64 in chips)
mylifeluvsol: posts small blind $1
Velbor107: posts big blind $3
*** HOLE CARDS ***
mylifeluvsol: folds
Uncalled bet ($2) returned to Velbor107
Velbor107 collected $2 from pot
*** SUMMARY ***
Total pot $2 | Rake $0
Seat 1: Velbor107 (big blind) collected ($2)
Seat 6: mylifeluvsol (button) (small blind) folded before Flop


PokerStars Hand #157917406333:  Hold'em Limit ($3/$6 USD) - 2016/08/29 22:42:19 ET
Table 'Havnia' 6-max Seat #1 is the button
Seat 1: Velbor107 ($353.04 in chips)
Seat 6: mylifeluvsol ($32.14 in chips)
Velbor107: posts small blind $1
mylifeluvsol: posts big blind $3
*** HOLE CARDS ***
Velbor107: raises $3 to $6
mylifeluvsol: raises $3 to $9
Velbor107: calls $3
*** FLOP *** [Qd 5d 6s]
mylifeluvsol: checks
Velbor107: checks
*** TURN *** [Qd 5d 6s] [3c]
mylifeluvsol: bets $6
Velbor107: calls $6
*** RIVER *** [Qd 5d 6s 3c] [9s]
mylifeluvsol: bets $6
Velbor107: calls $6
*** SHOW DOWN ***
mylifeluvsol: shows [Qh 9c] (two pair, Queens and Nines)
Velbor107: mucks hand
mylifeluvsol collected $41.50 from pot
*** SUMMARY ***
Total pot $42 | Rake $0.50
Board [Qd 5d 6s 3c 9s]
Seat 1: Velbor107 (button) (small blind) mucked
Seat 6: mylifeluvsol (big blind) showed [Qh 9c] and won ($41.50) with two pair, Queens and Nines


PokerStars Hand #157917423544:  Hold'em Limit ($3/$6 USD) - 2016/08/29 22:43:14 ET
Table 'Havnia' 6-max Seat #1 is the button
Seat 1: Velbor107 ($347.56 in chips)
Seat 6: mylifeluvsol ($36.64 in chips)
Velbor107: posts small blind $1
mylifeluvsol: posts big blind $3
*** HOLE CARDS ***
Velbor107: raises $3 to $6
mylifeluvsol: calls $3
*** FLOP *** [Kc As 6h]
mylifeluvsol: folds
Velbor107 collected $11.76 from pot
*** SUMMARY ***
Total pot $12 | Rake $0.24
Board [Kc As 6h]
Seat 1: Velbor107 (button) (small blind) collected ($11.76)
Seat 6: mylifeluvsol (big blind) folded on the Flop


PokerStars Hand #157917435512:  Hold'em Limit ($3/$6 USD) - 2016/08/29 22:43:53 ET
Table 'Havnia' 6-max Seat #6 is the button
Seat 1: Velbor107 ($366.82 in chips)
Seat 6: mylifeluvsol ($16.64 in chips)
mylifeluvsol: posts small blind $1
Velbor107: posts big blind $3
*** HOLE CARDS ***
mylifeluvsol: raises $3 to $6
Velbor107: calls $3
*** FLOP *** [Qc 2d Qd]
Velbor107: checks
mylifeluvsol: bets $3
Velbor107: raises $3 to $6
mylifeluvsol: raises $3 to $9
Velbor107: raises $3 to $12
Betting is capped
mylifeluvsol: calls $1.64 and is all-in
Uncalled bet ($1.36) returned to Velbor107
*** TURN *** [Qc 2d Qd] [Kc]
*** RIVER *** [Qc 2d Qd Kc] [3d]
*** SHOW DOWN ***
Velbor107: shows [8h Qh] (three of a kind, Queens)
mylifeluvsol: shows [4d Ad] (a flush, Ace high)
mylifeluvsol collected $32.78 from pot
*** SUMMARY ***
Total pot $33.28 | Rake $0.50
Board [Qc 2d Qd Kc 3d]
Seat 1: Velbor107 (big blind) showed [8h Qh] and lost with three of a kind, Queens
Seat 6: mylifeluvsol (button) (small blind) showed [4d Ad] and won ($32.78) with a flush, Ace high


PokerStars Hand #157917442143:  Hold'em Limit ($3/$6 USD) - 2016/08/29 22:44:14 ET
Table 'Havnia' 6-max Seat #1 is the button
Seat 1: Velbor107 ($350.18 in chips)
Seat 6: mylifeluvsol ($32.78 in chips)
Velbor107: posts small blind $1
mylifeluvsol: posts big blind $3
*** HOLE CARDS ***
Velbor107: raises $3 to $6
mylifeluvsol: folds
Uncalled bet ($3) returned to Velbor107
Velbor107 collected $6 from pot
*** SUMMARY ***
Total pot $6 | Rake $0
Seat 1: Velbor107 (button) (small blind) collected ($6)
Seat 6: mylifeluvsol (big blind) folded before Flop


PokerStars Hand #157917433757:  Hold'em Limit ($3/$6 USD) - 2016/08/29 22:43:47 ET
Table 'Havnia' 6-max Seat #1 is the button
Seat 1: Velbor107 ($367.82 in chips)
Seat 6: mylifeluvsol ($15.64 in chips)
Velbor107: posts small blind $1
mylifeluvsol: posts big blind $3
*** HOLE CARDS ***
Velbor107: folds
Uncalled bet ($2) returned to mylifeluvsol
mylifeluvsol collected $2 from pot
*** SUMMARY ***
Total pot $2 | Rake $0
Seat 1: Velbor107 (button) (small blind) folded before Flop
Seat 6: mylifeluvsol (big blind) collected ($2)


PokerStars Hand #157917426248:  Hold'em Limit ($3/$6 USD) - 2016/08/29 22:43:23 ET
Table 'Havnia' 6-max Seat #6 is the button
Seat 1: Velbor107 ($353.32 in chips)
Seat 6: mylifeluvsol ($30.64 in chips)
mylifeluvsol: posts small blind $1
Velbor107: posts big blind $3
*** HOLE CARDS ***
mylifeluvsol: raises $3 to $6
Velbor107: calls $3
*** FLOP *** [Jc 3d Td]
Velbor107: checks
mylifeluvsol: bets $3
Velbor107: calls $3
*** TURN *** [Jc 3d Td] [Kc]
Velbor107: checks
mylifeluvsol: checks
*** RIVER *** [Jc 3d Td Kc] [As]
Velbor107: bets $6
mylifeluvsol: calls $6
*** SHOW DOWN ***
Velbor107: shows [7c Ah] (a pair of Aces)
mylifeluvsol: mucks hand
Velbor107 collected $29.50 from pot
*** SUMMARY ***
Total pot $30 | Rake $0.50
Board [Jc 3d Td Kc As]
Seat 1: Velbor107 (big blind) showed [7c Ah] and won ($29.50) with a pair of Aces
Seat 6: mylifeluvsol (button) (small blind) mucked


PokerStars Hand #157917455665:  Hold'em Limit ($3/$6 USD) - 2016/08/29 22:44:58 ET
Table 'Havnia' 6-max Seat #6 is the button
Seat 1: Velbor107 ($341.18 in chips)
Seat 6: mylifeluvsol ($41.42 in chips)
mylifeluvsol: posts small blind $1
Velbor107: posts big blind $3
*** HOLE CARDS ***
mylifeluvsol: folds
Uncalled bet ($2) returned to Velbor107
Velbor107 collected $2 from pot
*** SUMMARY ***
Total pot $2 | Rake $0
Seat 1: Velbor107 (big blind) collected ($2)
Seat 6: mylifeluvsol (button) (small blind) folded before Flop


PokerStars Hand #157917449830:  Hold'em Limit ($3/$6 USD) - 2016/08/29 22:44:39 ET
Table 'Havnia' 6-max Seat #1 is the button
Seat 1: Velbor107 ($350.18 in chips)
Seat 6: mylifeluvsol ($32.78 in chips)
Velbor107: posts small blind $1
mylifeluvsol: posts big blind $3
*** HOLE CARDS ***
Velbor107: raises $3 to $6
mylifeluvsol: calls $3
*** FLOP *** [4h 8d 9c]
mylifeluvsol: checks
Velbor107: bets $3
mylifeluvsol: calls $3
*** TURN *** [4h 8d 9c] [Ad]
mylifeluvsol: checks
Velbor107: checks
*** RIVER *** [4h 8d 9c Ad] [7h]
mylifeluvsol: bets $6
Velbor107: folds
Uncalled bet ($6) returned to mylifeluvsol
mylifeluvsol collected $17.64 from pot
*** SUMMARY ***
Total pot $18 | Rake $0.36
Board [4h 8d 9c Ad 7h]
Seat 1: Velbor107 (button) (small blind) folded on the River
Seat 6: mylifeluvsol (big blind) collected ($17.64)


PokerStars Hand #157917447796:  Hold'em Limit ($3/$6 USD) - 2016/08/29 22:44:33 ET
Table 'Havnia' 6-max Seat #6 is the button
Seat 1: Velbor107 ($349.18 in chips)
Seat 6: mylifeluvsol ($33.78 in chips)
mylifeluvsol: posts small blind $1
Velbor107: posts big blind $3
*** HOLE CARDS ***
mylifeluvsol: folds
Uncalled bet ($2) returned to Velbor107
Velbor107 collected $2 from pot
*** SUMMARY ***
Total pot $2 | Rake $0
Seat 1: Velbor107 (big blind) collected ($2)
Seat 6: mylifeluvsol (button) (small blind) folded before Flop


PokerStars Hand #157917446268:  Hold'em Limit ($3/$6 USD) - 2016/08/29 22:44:27 ET
Table 'Havnia' 6-max Seat #1 is the button
Seat 1: Velbor107 ($350.18 in chips)
Seat 6: mylifeluvsol ($32.78 in chips)
Velbor107: posts small blind $1
mylifeluvsol: posts big blind $3
*** HOLE CARDS ***
Velbor107: folds
Uncalled bet ($2) returned to mylifeluvsol
mylifeluvsol collected $2 from pot
*** SUMMARY ***
Total pot $2 | Rake $0
Seat 1: Velbor107 (button) (small blind) folded before Flop
Seat 6: mylifeluvsol (big blind) collected ($2)


PokerStars Hand #157917444331:  Hold'em Limit ($3/$6 USD) - 2016/08/29 22:44:21 ET
Table 'Havnia' 6-max Seat #6 is the button
Seat 1: Velbor107 ($353.18 in chips)
Seat 6: mylifeluvsol ($29.78 in chips)
mylifeluvsol: posts small blind $1
Velbor107: posts big blind $3
*** HOLE CARDS ***
mylifeluvsol: raises $3 to $6
Velbor107: folds
Uncalled bet ($3) returned to mylifeluvsol
mylifeluvsol collected $6 from pot
*** SUMMARY ***
Total pot $6 | Rake $0
Seat 1: Velbor107 (big blind) folded before Flop
Seat 6: mylifeluvsol (button) (small blind) collected ($6)


PokerStars Hand #157917457499:  Hold'em Limit ($3/$6 USD) - 2016/08/29 22:45:03 ET
Table 'Havnia' 6-max Seat #1 is the button
Seat 1: Velbor107 ($342.18 in chips)
Seat 6: mylifeluvsol ($40.42 in chips)
Velbor107: posts small blind $1
mylifeluvsol: posts big blind $3
*** HOLE CARDS ***
Velbor107: raises $3 to $6
mylifeluvsol: calls $3
*** FLOP *** [8h 2d Ah]
mylifeluvsol: folds
Velbor107 collected $11.76 from pot
*** SUMMARY ***
Total pot $12 | Rake $0.24
Board [8h 2d Ah]
Seat 1: Velbor107 (button) (small blind) collected ($11.76)
Seat 6: mylifeluvsol (big blind) folded on the Flop


PokerStars Hand #157917460436:  Hold'em Limit ($3/$6 USD) - 2016/08/29 22:45:13 ET
Table 'Havnia' 6-max Seat #6 is the button
Seat 1: Velbor107 ($347.94 in chips)
Seat 6: mylifeluvsol ($34.42 in chips)
mylifeluvsol: posts small blind $1
Velbor107: posts big blind $3
*** HOLE CARDS ***
mylifeluvsol: raises $3 to $6
Velbor107: folds
Uncalled bet ($3) returned to mylifeluvsol
mylifeluvsol collected $6 from pot
*** SUMMARY ***
Total pot $6 | Rake $0
Seat 1: Velbor107 (big blind) folded before Flop
Seat 6: mylifeluvsol (button) (small blind) collected ($6)


PokerStars Hand #157917468033:  Hold'em Limit ($3/$6 USD) - 2016/08/29 22:45:37 ET
Table 'Havnia' 6-max Seat #6 is the button
Seat 1: Velbor107 ($335.94 in chips)
Seat 6: mylifeluvsol ($46.06 in chips)
mylifeluvsol: posts small blind $1
Velbor107: posts big blind $3
*** HOLE CARDS ***
mylifeluvsol: folds
Uncalled bet ($2) returned to Velbor107
Velbor107 collected $2 from pot
*** SUMMARY ***
Total pot $2 | Rake $0
Seat 1: Velbor107 (big blind) collected ($2)
Seat 6: mylifeluvsol (button) (small blind) folded before Flop


PokerStars Hand #157917462216:  Hold'em Limit ($3/$6 USD) - 2016/08/29 22:45:19 ET
Table 'Havnia' 6-max Seat #1 is the button
Seat 1: Velbor107 ($344.94 in chips)
Seat 6: mylifeluvsol ($37.42 in chips)
Velbor107: posts small blind $1
mylifeluvsol: posts big blind $3
*** HOLE CARDS ***
Velbor107: raises $3 to $6
mylifeluvsol: calls $3
*** FLOP *** [Qh 2d 3s]
mylifeluvsol: bets $3
Velbor107: calls $3
*** TURN *** [Qh 2d 3s] [4d]
mylifeluvsol: bets $6
Velbor107: folds
Uncalled bet ($6) returned to mylifeluvsol
mylifeluvsol collected $17.64 from pot
*** SUMMARY ***
Total pot $18 | Rake $0.36
Board [Qh 2d 3s 4d]
Seat 1: Velbor107 (button) (small blind) folded on the Turn
Seat 6: mylifeluvsol (big blind) collected ($17.64)


PokerStars Hand #157917469664:  Hold'em Limit ($3/$6 USD) - 2016/08/29 22:45:43 ET
Table 'Havnia' 6-max Seat #1 is the button
Seat 1: Velbor107 ($336.94 in chips)
Seat 6: mylifeluvsol ($45.06 in chips)
Velbor107: posts small blind $1
mylifeluvsol: posts big blind $3
*** HOLE CARDS ***
Velbor107: raises $3 to $6
mylifeluvsol: raises $3 to $9
Velbor107: calls $3
*** FLOP *** [9h 9c Js]
mylifeluvsol: checks
Velbor107: checks
*** TURN *** [9h 9c Js] [Tc]
mylifeluvsol: bets $6
Velbor107: calls $6
*** RIVER *** [9h 9c Js Tc] [6s]
mylifeluvsol: bets $6
Velbor107: raises $6 to $12
mylifeluvsol: calls $6
*** SHOW DOWN ***
Velbor107: shows [6c 6d] (a full house, Sixes full of Nines)
mylifeluvsol: mucks hand
Velbor107 collected $53.50 from pot
*** SUMMARY ***
Total pot $54 | Rake $0.50
Board [9h 9c Js Tc 6s]
Seat 1: Velbor107 (button) (small blind) showed [6c 6d] and won ($53.50) with a full house, Sixes full of Nines
Seat 6: mylifeluvsol (big blind) mucked


PokerStars Hand #157917480208:  Hold'em Limit ($3/$6 USD) - 2016/08/29 22:46:17 ET
Table 'Havnia' 6-max Seat #1 is the button
Seat 1: Velbor107 ($357.44 in chips)
Seat 6: mylifeluvsol ($23.82 in chips)
Velbor107: posts small blind $1
mylifeluvsol: posts big blind $3
*** HOLE CARDS ***
Velbor107: raises $3 to $6
mylifeluvsol: folds
Uncalled bet ($3) returned to Velbor107
Velbor107 collected $6 from pot
*** SUMMARY ***
Total pot $6 | Rake $0
Seat 1: Velbor107 (button) (small blind) collected ($6)
Seat 6: mylifeluvsol (big blind) folded before Flop


PokerStars Hand #157917476873:  Hold'em Limit ($3/$6 USD) - 2016/08/29 22:46:06 ET
Table 'Havnia' 6-max Seat #6 is the button
Seat 1: Velbor107 ($363.44 in chips)
Seat 6: mylifeluvsol ($18.06 in chips)
mylifeluvsol: posts small blind $1
Velbor107: posts big blind $3
*** HOLE CARDS ***
mylifeluvsol: raises $3 to $6
Velbor107: calls $3
*** FLOP *** [4c Js Kd]
Velbor107: checks
mylifeluvsol: bets $3
Velbor107: folds
Uncalled bet ($3) returned to mylifeluvsol
mylifeluvsol collected $11.76 from pot
*** SUMMARY ***
Total pot $12 | Rake $0.24
Board [4c Js Kd]
Seat 1: Velbor107 (big blind) folded on the Flop
Seat 6: mylifeluvsol (button) (small blind) collected ($11.76)


PokerStars Hand #157917490454:  Hold'em Limit ($3/$6 USD) - 2016/08/29 22:46:50 ET
Table 'Havnia' 6-max Seat #1 is the button
Seat 1: Velbor107 ($358.44 in chips)
Seat 6: mylifeluvsol ($22.58 in chips)
Velbor107: posts small blind $1
mylifeluvsol: posts big blind $3
*** HOLE CARDS ***
Velbor107: folds
Uncalled bet ($2) returned to mylifeluvsol
mylifeluvsol collected $2 from pot
*** SUMMARY ***
Total pot $2 | Rake $0
Seat 1: Velbor107 (button) (small blind) folded before Flop
Seat 6: mylifeluvsol (big blind) collected ($2)


PokerStars Hand #157917486097:  Hold'em Limit ($3/$6 USD) - 2016/08/29 22:46:36 ET
Table 'Havnia' 6-max Seat #6 is the button
Seat 1: Velbor107 ($364.44 in chips)
Seat 6: mylifeluvsol ($16.82 in chips)
mylifeluvsol: posts small blind $1
Velbor107: posts big blind $3
*** HOLE CARDS ***
mylifeluvsol: raises $3 to $6
Velbor107: calls $3
*** FLOP *** [5s Qd 2s]
Velbor107: checks
mylifeluvsol: bets $3
Velbor107: folds
Uncalled bet ($3) returned to mylifeluvsol
mylifeluvsol collected $11.76 from pot
*** SUMMARY ***
Total pot $12 | Rake $0.24
Board [5s Qd 2s]
Seat 1: Velbor107 (big blind) folded on the Flop
Seat 6: mylifeluvsol (button) (small blind) collected ($11.76)


PokerStars Hand #157917491836:  Hold'em Limit ($3/$6 USD) - 2016/08/29 22:46:55 ET
Table 'Havnia' 6-max Seat #6 is the button
Seat 1: Velbor107 ($357.44 in chips)
Seat 6: mylifeluvsol ($23.58 in chips)
mylifeluvsol: posts small blind $1
Velbor107: posts big blind $3
*** HOLE CARDS ***
mylifeluvsol: raises $3 to $6
Velbor107: raises $3 to $9
mylifeluvsol: calls $3
*** FLOP *** [Ks 6c 6s]
Velbor107: bets $3
mylifeluvsol: calls $3
*** TURN *** [Ks 6c 6s] [4s]
Velbor107: bets $6
mylifeluvsol: raises $5.58 to $11.58 and is all-in
Velbor107: calls $5.58
*** RIVER *** [Ks 6c 6s 4s] [3s]
*** SHOW DOWN ***
Velbor107: shows [Ah 8s] (a flush, King high)
mylifeluvsol: shows [Kh 9h] (two pair, Kings and Sixes)
Velbor107 collected $46.66 from pot
*** SUMMARY ***
Total pot $47.16 | Rake $0.50
Board [Ks 6c 6s 4s 3s]
Seat 1: Velbor107 (big blind) showed [Ah 8s] and won ($46.66) with a flush, King high
Seat 6: mylifeluvsol (button) (small blind) showed [Kh 9h] and lost with two pair, Kings and Sixes


PokerStars Hand #157917484427:  Hold'em Limit ($3/$6 USD) - 2016/08/29 22:46:31 ET
Table 'Havnia' 6-max Seat #1 is the button
Seat 1: Velbor107 ($361.44 in chips)
Seat 6: mylifeluvsol ($19.82 in chips)
Velbor107: posts small blind $1
mylifeluvsol: posts big blind $3
*** HOLE CARDS ***
Velbor107: raises $3 to $6
mylifeluvsol: folds
Uncalled bet ($3) returned to Velbor107
Velbor107 collected $6 from pot
*** SUMMARY ***
Total pot $6 | Rake $0
Seat 1: Velbor107 (button) (small blind) collected ($6)
Seat 6: mylifeluvsol (big blind) folded before Flop


PokerStars Hand #157917482711:  Hold'em Limit ($3/$6 USD) - 2016/08/29 22:46:25 ET
Table 'Havnia' 6-max Seat #6 is the button
Seat 1: Velbor107 ($360.44 in chips)
Seat 6: mylifeluvsol ($20.82 in chips)
mylifeluvsol: posts small blind $1
Velbor107: posts big blind $3
*** HOLE CARDS ***
mylifeluvsol: folds
Uncalled bet ($2) returned to Velbor107
Velbor107 collected $2 from pot
*** SUMMARY ***
Total pot $2 | Rake $0
Seat 1: Velbor107 (big blind) collected ($2)
Seat 6: mylifeluvsol (button) (small blind) folded before Flop


PokerStars Hand #157917515879:  Hold'em Limit ($3/$6 USD) - 2016/08/29 22:48:13 ET
Table 'Havnia' 6-max Seat #6 is the button
Seat 1: Velbor107 ($361.52 in chips)
Seat 6: mylifeluvsol ($48.28 in chips)
mylifeluvsol: posts small blind $1
Velbor107: posts big blind $3
*** HOLE CARDS ***
mylifeluvsol: folds
Uncalled bet ($2) returned to Velbor107
Velbor107 collected $2 from pot
*** SUMMARY ***
Total pot $2 | Rake $0
Seat 1: Velbor107 (big blind) collected ($2)
Seat 6: mylifeluvsol (button) (small blind) folded before Flop


PokerStars Hand #157917507329:  Hold'em Limit ($3/$6 USD) - 2016/08/29 22:47:45 ET
Table 'Havnia' 6-max Seat #6 is the button
Seat 1: Velbor107 ($371.52 in chips)
Seat 6: mylifeluvsol ($38.64 in chips)
mylifeluvsol: posts small blind $1
Velbor107: posts big blind $3
*** HOLE CARDS ***
mylifeluvsol: raises $3 to $6
Velbor107: calls $3
*** FLOP *** [Ts Ah 8h]
Velbor107: checks
mylifeluvsol: bets $3
Velbor107: calls $3
*** TURN *** [Ts Ah 8h] [6c]
Velbor107: checks
mylifeluvsol: bets $6
Velbor107: folds
Uncalled bet ($6) returned to mylifeluvsol
mylifeluvsol collected $17.64 from pot
*** SUMMARY ***
Total pot $18 | Rake $0.36
Board [Ts Ah 8h 6c]
Seat 1: Velbor107 (big blind) folded on the Turn
Seat 6: mylifeluvsol (button) (small blind) collected ($17.64)


PokerStars Hand #157917503393:  Hold'em Limit ($3/$6 USD) - 2016/08/29 22:47:32 ET
Table 'Havnia' 6-max Seat #1 is the button
Seat 1: Velbor107 ($380.52 in chips)
Seat 6: mylifeluvsol ($30 in chips)
Velbor107: posts small blind $1
mylifeluvsol: posts big blind $3
*** HOLE CARDS ***
Velbor107: raises $3 to $6
mylifeluvsol: raises $3 to $9
Velbor107: calls $3
*** FLOP *** [Td Kd 4d]
mylifeluvsol: bets $3
Velbor107: folds
Uncalled bet ($3) returned to mylifeluvsol
mylifeluvsol collected $17.64 from pot
*** SUMMARY ***
Total pot $18 | Rake $0.36
Board [Td Kd 4d]
Seat 1: Velbor107 (button) (small blind) folded on the Flop
Seat 6: mylifeluvsol (big blind) collected ($17.64)


PokerStars Hand #157917513879:  Hold'em Limit ($3/$6 USD) - 2016/08/29 22:48:06 ET
Table 'Havnia' 6-max Seat #1 is the button
Seat 1: Velbor107 ($362.52 in chips)
Seat 6: mylifeluvsol ($47.28 in chips)
Velbor107: posts small blind $1
mylifeluvsol: posts big blind $3
*** HOLE CARDS ***
Velbor107: folds
Uncalled bet ($2) returned to mylifeluvsol
mylifeluvsol collected $2 from pot
*** SUMMARY ***
Total pot $2 | Rake $0
Seat 1: Velbor107 (button) (small blind) folded before Flop
Seat 6: mylifeluvsol (big blind) collected ($2)


PokerStars Hand #157917517426:  Hold'em Limit ($3/$6 USD) - 2016/08/29 22:48:18 ET
Table 'Havnia' 6-max Seat #1 is the button
Seat 1: Velbor107 ($362.52 in chips)
Seat 6: mylifeluvsol ($47.28 in chips)
Velbor107: posts small blind $1
mylifeluvsol: posts big blind $3
*** HOLE CARDS ***
Velbor107: raises $3 to $6
mylifeluvsol: calls $3
*** FLOP *** [Kc Js 2c]
mylifeluvsol: folds
Velbor107 collected $11.76 from pot
*** SUMMARY ***
Total pot $12 | Rake $0.24
Board [Kc Js 2c]
Seat 1: Velbor107 (button) (small blind) collected ($11.76)
Seat 6: mylifeluvsol (big blind) folded on the Flop


PokerStars Hand #157917526944:  Hold'em Limit ($3/$6 USD) - 2016/08/29 22:48:48 ET
Table 'Havnia' 6-max Seat #1 is the button
Seat 1: Velbor107 ($365.28 in chips)
Seat 6: mylifeluvsol ($44.16 in chips)
Velbor107: posts small blind $1
mylifeluvsol: posts big blind $3
*** HOLE CARDS ***
Velbor107: raises $3 to $6
mylifeluvsol: calls $3
*** FLOP *** [3c 6h 3d]
mylifeluvsol: checks
Velbor107: bets $3
mylifeluvsol: calls $3
*** TURN *** [3c 6h 3d] [3s]
mylifeluvsol: checks
Velbor107: bets $6
mylifeluvsol: folds
Uncalled bet ($6) returned to Velbor107
Velbor107 collected $17.64 from pot
*** SUMMARY ***
Total pot $18 | Rake $0.36
Board [3c 6h 3d 3s]
Seat 1: Velbor107 (button) (small blind) collected ($17.64)
Seat 6: mylifeluvsol (big blind) folded on the Turn


PokerStars Hand #157917521421:  Hold'em Limit ($3/$6 USD) - 2016/08/29 22:48:31 ET
Table 'Havnia' 6-max Seat #6 is the button
Seat 1: Velbor107 ($368.28 in chips)
Seat 6: mylifeluvsol ($41.28 in chips)
mylifeluvsol: posts small blind $1
Velbor107: posts big blind $3
*** HOLE CARDS ***
mylifeluvsol: calls $2
Velbor107: checks
*** FLOP *** [8s Th 3s]
Velbor107: checks
mylifeluvsol: bets $3
Velbor107: folds
Uncalled bet ($3) returned to mylifeluvsol
mylifeluvsol collected $5.88 from pot
*** SUMMARY ***
Total pot $6 | Rake $0.12
Board [8s Th 3s]
Seat 1: Velbor107 (big blind) folded on the Flop
Seat 6: mylifeluvsol (button) (small blind) collected ($5.88)


PokerStars Hand #157917533516:  Hold'em Limit ($3/$6 USD) - 2016/08/29 22:49:10 ET
Table 'Havnia' 6-max Seat #6 is the button
Seat 1: Velbor107 ($373.92 in chips)
Seat 6: mylifeluvsol ($35.16 in chips)
mylifeluvsol: posts small blind $1
Velbor107: posts big blind $3
*** HOLE CARDS ***
mylifeluvsol: raises $3 to $6
Velbor107: calls $3
*** FLOP *** [5h 4c 8s]
Velbor107: checks
mylifeluvsol: bets $3
Velbor107: calls $3
*** TURN *** [5h 4c 8s] [7d]
Velbor107: checks
mylifeluvsol: bets $6
Velbor107: calls $6
*** RIVER *** [5h 4c 8s 7d] [Ts]
Velbor107: checks
mylifeluvsol: bets $6
Velbor107: calls $6
*** SHOW DOWN ***
mylifeluvsol: shows [4d 8d] (two pair, Eights and Fours)
Velbor107: mucks hand
mylifeluvsol collected $41.50 from pot
*** SUMMARY ***
Total pot $42 | Rake $0.50
Board [5h 4c 8s 7d Ts]
Seat 1: Velbor107 (big blind) mucked
Seat 6: mylifeluvsol (button) (small blind) showed [4d 8d] and won ($41.50) with two pair, Eights and Fours


PokerStars Hand #157917555777:  Hold'em Limit ($3/$6 USD) - 2016/08/29 22:50:22 ET
Table 'Havnia' 6-max Seat #6 is the button
Seat 1: Velbor107 ($382.42 in chips)
Seat 6: mylifeluvsol ($25.66 in chips)
mylifeluvsol: posts small blind $1
Velbor107: posts big blind $3
*** HOLE CARDS ***
mylifeluvsol: folds
Uncalled bet ($2) returned to Velbor107
Velbor107 collected $2 from pot
*** SUMMARY ***
Total pot $2 | Rake $0
Seat 1: Velbor107 (big blind) collected ($2)
Seat 6: mylifeluvsol (button) (small blind) folded before Flop


PokerStars Hand #157917545237:  Hold'em Limit ($3/$6 USD) - 2016/08/29 22:49:48 ET
Table 'Havnia' 6-max Seat #1 is the button
Seat 1: Velbor107 ($352.92 in chips)
Seat 6: mylifeluvsol ($55.66 in chips)
Velbor107: posts small blind $1
mylifeluvsol: posts big blind $3
*** HOLE CARDS ***
Velbor107: raises $3 to $6
mylifeluvsol: calls $3
*** FLOP *** [9s 2c 7c]
mylifeluvsol: checks
Velbor107: bets $3
mylifeluvsol: raises $3 to $6
Velbor107: calls $3
*** TURN *** [9s 2c 7c] [6h]
mylifeluvsol: bets $6
Velbor107: calls $6
*** RIVER *** [9s 2c 7c 6h] [Tc]
mylifeluvsol: bets $6
Velbor107: raises $6 to $12
mylifeluvsol: calls $6
*** SHOW DOWN ***
Velbor107: shows [3c Jc] (a flush, Jack high)
mylifeluvsol: mucks hand
Velbor107 collected $59.50 from pot
*** SUMMARY ***
Total pot $60 | Rake $0.50
Board [9s 2c 7c 6h Tc]
Seat 1: Velbor107 (button) (small blind) showed [3c Jc] and won ($59.50) with a flush, Jack high
Seat 6: mylifeluvsol (big blind) mucked


PokerStars Hand #157917564161:  Hold'em Limit ($3/$6 USD) - 2016/08/29 22:50:50 ET
Table 'Havnia' 6-max Seat #6 is the button
Seat 1: Velbor107 ($374.42 in chips)
Seat 6: mylifeluvsol ($33.30 in chips)
mylifeluvsol: posts small blind $1
Velbor107: posts big blind $3
*** HOLE CARDS ***
mylifeluvsol: raises $3 to $6
Velbor107: folds
Uncalled bet ($3) returned to mylifeluvsol
mylifeluvsol collected $6 from pot
*** SUMMARY ***
Total pot $6 | Rake $0
Seat 1: Velbor107 (big blind) folded before Flop
Seat 6: mylifeluvsol (button) (small blind) collected ($6)


PokerStars Hand #157917557330:  Hold'em Limit ($3/$6 USD) - 2016/08/29 22:50:27 ET
Table 'Havnia' 6-max Seat #1 is the button
Seat 1: Velbor107 ($383.42 in chips)
Seat 6: mylifeluvsol ($24.66 in chips)
Velbor107: posts small blind $1
mylifeluvsol: posts big blind $3
*** HOLE CARDS ***
Velbor107: raises $3 to $6
mylifeluvsol: raises $3 to $9
mowinmo joins the table at seat #5
Velbor107: calls $3
*** FLOP *** [Qh 7d Ad]
mylifeluvsol: bets $3
Velbor107: folds
Uncalled bet ($3) returned to mylifeluvsol
mylifeluvsol collected $17.64 from pot
*** SUMMARY ***
Total pot $18 | Rake $0.36
Board [Qh 7d Ad]
Seat 1: Velbor107 (button) (small blind) folded on the Flop
Seat 6: mylifeluvsol (big blind) collected ($17.64)


PokerStars Hand #157917686553:  Hold'em Limit ($3/$6 USD) - 2016/08/29 22:57:50 ET
Table 'Havnia' 6-max Seat #1 is the button
Seat 1: Velbor107 ($361.86 in chips)
Seat 5: mowinmo ($175.35 in chips)
Velbor107: posts small blind $1
mowinmo: posts big blind $3
*** HOLE CARDS ***
Velbor107: raises $3 to $6
mowinmo: raises $3 to $9
mylifeluvsol joins the table at seat #3
Velbor107: calls $3
*** FLOP *** [Kc 4c Kh]
mowinmo: bets $3
Velbor107: calls $3
*** TURN *** [Kc 4c Kh] [7c]
mowinmo: bets $6
Velbor107: calls $6
*** RIVER *** [Kc 4c Kh 7c] [Ac]
mowinmo: bets $6
Velbor107: raises $6 to $12
mowinmo: raises $6 to $18
Velbor107: folds
Uncalled bet ($6) returned to mowinmo
mowinmo collected $59.50 from pot
mowinmo: doesn't show hand
*** SUMMARY ***
Total pot $60 | Rake $0.50
Board [Kc 4c Kh 7c Ac]
Seat 1: Velbor107 (button) (small blind) folded on the River
Seat 5: mowinmo (big blind) collected ($59.50)


PokerStars Hand #157917702124:  Hold'em Limit ($3/$6 USD) - 2016/08/29 22:58:49 ET
Table 'Havnia' 6-max Seat #5 is the button
Seat 1: Velbor107 ($331.86 in chips)
Seat 5: mowinmo ($204.85 in chips)
mowinmo: posts small blind $1
Velbor107: posts big blind $3
*** HOLE CARDS ***
mowinmo: folds
Uncalled bet ($2) returned to Velbor107
Velbor107 collected $2 from pot
*** SUMMARY ***
Total pot $2 | Rake $0
Seat 1: Velbor107 (big blind) collected ($2)
Seat 5: mowinmo (button) (small blind) folded before Flop


PokerStars Hand #157917724366:  Hold'em Limit ($3/$6 USD) - 2016/08/29 23:00:12 ET
Table 'Havnia' 6-max Seat #1 is the button
Seat 1: Velbor107 ($347.05 in chips)
Seat 5: mowinmo ($191.85 in chips)
Velbor107: posts small blind $1
mowinmo: posts big blind $3
*** HOLE CARDS ***
Velbor107: folds
Uncalled bet ($2) returned to mowinmo
mowinmo collected $2 from pot
mowinmo: doesn't show hand
*** SUMMARY ***
Total pot $2 | Rake $0
Seat 1: Velbor107 (button) (small blind) folded before Flop
Seat 5: mowinmo (big blind) collected ($2)


PokerStars Hand #157917725974:  Hold'em Limit ($3/$6 USD) - 2016/08/29 23:00:17 ET
Table 'Havnia' 6-max Seat #5 is the button
Seat 1: Velbor107 ($346.05 in chips)
Seat 5: mowinmo ($192.85 in chips)
mowinmo: posts small blind $1
Velbor107: posts big blind $3
*** HOLE CARDS ***
mowinmo: folds
Uncalled bet ($2) returned to Velbor107
Velbor107 collected $2 from pot
*** SUMMARY ***
Total pot $2 | Rake $0
Seat 1: Velbor107 (big blind) collected ($2)
Seat 5: mowinmo (button) (small blind) folded before Flop


PokerStars Hand #157917741058:  Hold'em Limit ($3/$6 USD) - 2016/08/29 23:01:07 ET
Table 'Havnia' 6-max Seat #5 is the button
Seat 1: Velbor107 ($323.05 in chips)
Seat 5: mowinmo ($215.35 in chips)
mowinmo: posts small blind $1
Velbor107: posts big blind $3
*** HOLE CARDS ***
mowinmo: folds
Uncalled bet ($2) returned to Velbor107
Velbor107 collected $2 from pot
*** SUMMARY ***
Total pot $2 | Rake $0
Seat 1: Velbor107 (big blind) collected ($2)
Seat 5: mowinmo (button) (small blind) folded before Flop


PokerStars Hand #157917736703:  Hold'em Limit ($3/$6 USD) - 2016/08/29 23:00:52 ET
Table 'Havnia' 6-max Seat #5 is the button
Seat 1: Velbor107 ($323.05 in chips)
Seat 5: mowinmo ($215.35 in chips)
mowinmo: posts small blind $1
Velbor107: posts big blind $3
*** HOLE CARDS ***
mowinmo: folds
Uncalled bet ($2) returned to Velbor107
Velbor107 collected $2 from pot
*** SUMMARY ***
Total pot $2 | Rake $0
Seat 1: Velbor107 (big blind) collected ($2)
Seat 5: mowinmo (button) (small blind) folded before Flop


PokerStars Hand #157917727551:  Hold'em Limit ($3/$6 USD) - 2016/08/29 23:00:23 ET
Table 'Havnia' 6-max Seat #1 is the button
Seat 1: Velbor107 ($347.05 in chips)
Seat 5: mowinmo ($191.85 in chips)
Velbor107: posts small blind $1
mowinmo: posts big blind $3
*** HOLE CARDS ***
Velbor107: raises $3 to $6
mowinmo: raises $3 to $9
Velbor107: calls $3
*** FLOP *** [Th 3c 8c]
mowinmo: bets $3
Velbor107: calls $3
*** TURN *** [Th 3c 8c] [9h]
mowinmo: bets $6
Velbor107: calls $6
*** RIVER *** [Th 3c 8c 9h] [3h]
mowinmo: bets $6
Velbor107: calls $6
*** SHOW DOWN ***
mowinmo: shows [4h Ah] (a flush, Ace high)
Velbor107: mucks hand
mowinmo collected $47.50 from pot
*** SUMMARY ***
Total pot $48 | Rake $0.50
Board [Th 3c 8c 9h 3h]
Seat 1: Velbor107 (button) (small blind) mucked
Seat 5: mowinmo (big blind) showed [4h Ah] and won ($47.50) with a flush, Ace high


PokerStars Hand #157917738391:  Hold'em Limit ($3/$6 USD) - 2016/08/29 23:00:57 ET
Table 'Havnia' 6-max Seat #1 is the button
Seat 1: Velbor107 ($324.05 in chips)
Seat 5: mowinmo ($214.35 in chips)
Velbor107: posts small blind $1
mowinmo: posts big blind $3
*** HOLE CARDS ***
Velbor107: folds
Uncalled bet ($2) returned to mowinmo
mowinmo collected $2 from pot
mowinmo: doesn't show hand
*** SUMMARY ***
Total pot $2 | Rake $0
Seat 1: Velbor107 (button) (small blind) folded before Flop
Seat 5: mowinmo (big blind) collected ($2)


PokerStars Hand #157917785119:  Hold'em Limit ($3/$6 USD) - 2016/08/29 23:03:36 ET
Table 'Havnia' 6-max Seat #1 is the button
Seat 1: Velbor107 ($307.05 in chips)
Seat 5: mowinmo ($188.35 in chips)
Velbor107: posts small blind $1
mowinmo: posts big blind $3
*** HOLE CARDS ***
Velbor107: raises $3 to $6
mowinmo: folds
Uncalled bet ($3) returned to Velbor107
Velbor107 collected $6 from pot
*** SUMMARY ***
Total pot $6 | Rake $0
Seat 1: Velbor107 (button) (small blind) collected ($6)
Seat 5: mowinmo (big blind) folded before Flop


PokerStars Hand #157917788560:  Hold'em Limit ($3/$6 USD) - 2016/08/29 23:03:48 ET
Table 'Havnia' 6-max Seat #5 is the button
Seat 1: Velbor107 ($310.05 in chips)
Seat 5: mowinmo ($185.35 in chips)
mowinmo: posts small blind $1
Velbor107: posts big blind $3
*** HOLE CARDS ***
mylifeluvsol joins the table at seat #3
mowinmo: folds
Uncalled bet ($2) returned to Velbor107
Velbor107 collected $2 from pot
*** SUMMARY ***
Total pot $2 | Rake $0
Seat 1: Velbor107 (big blind) collected ($2)
Seat 5: mowinmo (button) (small blind) folded before Flop


PokerStars Hand #157917881731:  Hold'em Limit ($3/$6 USD) - 2016/08/29 23:08:44 ET
Table 'Havnia' 6-max Seat #5 is the button
Seat 1: Velbor107 ($366.36 in chips)
Seat 5: mowinmo ($152.51 in chips)
mowinmo: posts small blind $1
Velbor107: posts big blind $3
*** HOLE CARDS ***
mowinmo: folds
Uncalled bet ($2) returned to Velbor107
Velbor107 collected $2 from pot
*** SUMMARY ***
Total pot $2 | Rake $0
Seat 1: Velbor107 (big blind) collected ($2)
Seat 5: mowinmo (button) (small blind) folded before Flop


PokerStars Hand #157917880014:  Hold'em Limit ($3/$6 USD) - 2016/08/29 23:08:38 ET
Table 'Havnia' 6-max Seat #1 is the button
Seat 1: Velbor107 ($367.36 in chips)
Seat 5: mowinmo ($151.51 in chips)
Velbor107: posts small blind $1
mowinmo: posts big blind $3
*** HOLE CARDS ***
Velbor107: folds
Uncalled bet ($2) returned to mowinmo
mowinmo collected $2 from pot
mowinmo: doesn't show hand
*** SUMMARY ***
Total pot $2 | Rake $0
Seat 1: Velbor107 (button) (small blind) folded before Flop
Seat 5: mowinmo (big blind) collected ($2)


PokerStars Hand #157917946059:  Hold'em Limit ($3/$6 USD) - 2016/08/29 23:12:24 ET
Table 'Havnia' 6-max Seat #1 is the button
Seat 1: Velbor107 ($391.38 in chips)
Seat 5: mowinmo ($79.87 in chips)
Velbor107: posts small blind $1
mowinmo: posts big blind $3
*** HOLE CARDS ***
Velbor107: raises $3 to $6
mowinmo: folds
Uncalled bet ($3) returned to Velbor107
Velbor107 collected $6 from pot
mylifeluvsol joins the table at seat #3
*** SUMMARY ***
Total pot $6 | Rake $0
Seat 1: Velbor107 (button) (small blind) collected ($6)
Seat 5: mowinmo (big blind) folded before Flop


PokerStars Hand #157917948432:  Hold'em Limit ($3/$6 USD) - 2016/08/29 23:12:32 ET
Table 'Havnia' 6-max Seat #5 is the button
Seat 1: Velbor107 ($394.38 in chips)
Seat 5: mowinmo ($76.87 in chips)
mowinmo: posts small blind $1
Velbor107: posts big blind $3
*** HOLE CARDS ***
mowinmo: calls $2
Velbor107: raises $3 to $6
mowinmo: calls $3
*** FLOP *** [8s Td 4d]
Velbor107: bets $3
mowinmo: calls $3
*** TURN *** [8s Td 4d] [5h]
Velbor107: bets $6
mowinmo: calls $6
*** RIVER *** [8s Td 4d 5h] [6c]
Velbor107: bets $6
mowinmo: raises $6 to $12
Velbor107: calls $6
*** SHOW DOWN ***
mowinmo: shows [7c Kh] (a straight, Four to Eight)
Velbor107: mucks hand
mowinmo collected $53.50 from pot
*** SUMMARY ***
Total pot $54 | Rake $0.50
Board [8s Td 4d 5h 6c]
Seat 1: Velbor107 (big blind) mucked
Seat 5: mowinmo (button) (small blind) showed [7c Kh] and won ($53.50) with a straight, Four to Eight


