PokerStars Hand #156591474646:  Hold'em Limit ($3/$6 USD) - 2016/07/29 10:18:16 ET
Table 'Havnia' 6-max Seat #6 is the button
Seat 4: Agrotait ($72 in chips)
Seat 6: $liwamor ($85.03 in chips)
$liwamor: posts small blind $1
Agrotait: posts big blind $3
*** HOLE CARDS ***
$liwamor: folds
Uncalled bet ($2) returned to Agrotait
Agrotait collected $2 from pot
*** SUMMARY ***
Total pot $2 | Rake $0
Seat 4: Agrotait (big blind) collected ($2)
Seat 6: $liwamor (button) (small blind) folded before Flop


PokerStars Hand #156591481397:  Hold'em Limit ($3/$6 USD) - 2016/07/29 10:18:28 ET
Table 'Havnia' 6-max Seat #6 is the button
Seat 4: Agrotait ($72 in chips)
Seat 6: $liwamor ($85.03 in chips)
$liwamor: posts small blind $1
Agrotait: posts big blind $3
*** HOLE CARDS ***
$liwamor: raises $3 to $6
Agrotait: folds
Uncalled bet ($3) returned to $liwamor
$liwamor collected $6 from pot
$liwamor: doesn't show hand
*** SUMMARY ***
Total pot $6 | Rake $0
Seat 4: Agrotait (big blind) folded before Flop
Seat 6: $liwamor (button) (small blind) collected ($6)


PokerStars Hand #156591516839:  Hold'em Limit ($3/$6 USD) - 2016/07/29 10:19:36 ET
Table 'Havnia' 6-max Seat #6 is the button
Seat 4: Agrotait ($91.14 in chips)
Seat 6: $liwamor ($65.03 in chips)
$liwamor: posts small blind $1
Agrotait: posts big blind $3
*** HOLE CARDS ***
Murrrr_@T joins the table at seat #1
$liwamor: folds
Uncalled bet ($2) returned to Agrotait
Agrotait collected $2 from pot
Agrotait: doesn't show hand
*** SUMMARY ***
Total pot $2 | Rake $0
Seat 4: Agrotait (big blind) collected ($2)
Seat 6: $liwamor (button) (small blind) folded before Flop


PokerStars Hand #156591513803:  Hold'em Limit ($3/$6 USD) - 2016/07/29 10:19:26 ET
Table 'Havnia' 6-max Seat #4 is the button
Seat 4: Agrotait ($92.14 in chips)
Seat 6: $liwamor ($64.03 in chips)
Agrotait: posts small blind $1
$liwamor: posts big blind $3
*** HOLE CARDS ***
Agrotait: folds
Uncalled bet ($2) returned to $liwamor
$liwamor collected $2 from pot
$liwamor: doesn't show hand
*** SUMMARY ***
Total pot $2 | Rake $0
Seat 4: Agrotait (button) (small blind) folded before Flop
Seat 6: $liwamor (big blind) collected ($2)


PokerStars Hand #156591503584:  Hold'em Limit ($3/$6 USD) - 2016/07/29 10:19:08 ET
Table 'Havnia' 6-max Seat #6 is the button
Seat 4: Agrotait ($83.50 in chips)
Seat 6: $liwamor ($73.03 in chips)
$liwamor: posts small blind $1
Agrotait: posts big blind $3
*** HOLE CARDS ***
$liwamor: raises $3 to $6
Agrotait: calls $3
*** FLOP *** [As 2s 6h]
Agrotait: checks
$liwamor: bets $3
Agrotait: calls $3
*** TURN *** [As 2s 6h] [Js]
Agrotait: checks
$liwamor: checks
*** RIVER *** [As 2s 6h Js] [4d]
Agrotait: bets $6
$liwamor: folds
Uncalled bet ($6) returned to Agrotait
Agrotait collected $17.64 from pot
Agrotait: doesn't show hand
*** SUMMARY ***
Total pot $18 | Rake $0.36
Board [As 2s 6h Js 4d]
Seat 4: Agrotait (big blind) collected ($17.64)
Seat 6: $liwamor (button) (small blind) folded on the River


PokerStars Hand #156591485679:  Hold'em Limit ($3/$6 USD) - 2016/07/29 10:18:36 ET
Table 'Havnia' 6-max Seat #4 is the button
Seat 4: Agrotait ($69 in chips)
Seat 6: $liwamor ($88.03 in chips)
Agrotait: posts small blind $1
$liwamor: posts big blind $3
*** HOLE CARDS ***
Agrotait: raises $3 to $6
$liwamor: calls $3
*** FLOP *** [4c Ac 4d]
$liwamor: checks
Agrotait: bets $3
$liwamor: calls $3
*** TURN *** [4c Ac 4d] [9s]
$liwamor: checks
Agrotait: checks
*** RIVER *** [4c Ac 4d 9s] [Tc]
$liwamor: bets $6
Agrotait: calls $6
*** SHOW DOWN ***
$liwamor: shows [Kd 3h] (a pair of Fours)
Agrotait: shows [Ts Qs] (two pair, Tens and Fours)
Agrotait collected $29.50 from pot
*** SUMMARY ***
Total pot $30 | Rake $0.50
Board [4c Ac 4d 9s Tc]
Seat 4: Agrotait (button) (small blind) showed [Ts Qs] and won ($29.50) with two pair, Tens and Fours
Seat 6: $liwamor (big blind) showed [Kd 3h] and lost with a pair of Fours


PokerStars Hand #156591521384:  Hold'em Limit ($3/$6 USD) - 2016/07/29 10:19:41 ET
Table 'Havnia' 6-max Seat #4 is the button
Seat 4: Agrotait ($92.14 in chips)
Seat 6: $liwamor ($64.03 in chips)
Agrotait: posts small blind $1
$liwamor: posts big blind $3
*** HOLE CARDS ***
Agrotait: raises $3 to $6
$liwamor: calls $3
*** FLOP *** [3s Kh Qh]
$liwamor: checks
Agrotait: bets $3
$liwamor: calls $3
*** TURN *** [3s Kh Qh] [9d]
$liwamor: checks
Agrotait: bets $6
$liwamor: calls $6
*** RIVER *** [3s Kh Qh 9d] [3c]
$liwamor: checks
Agrotait: bets $6
$liwamor: calls $6
*** SHOW DOWN ***
Agrotait: shows [Tc Kc] (two pair, Kings and Threes)
$liwamor: mucks hand
Agrotait collected $41.50 from pot
*** SUMMARY ***
Total pot $42 | Rake $0.50
Board [3s Kh Qh 9d 3c]
Seat 4: Agrotait (button) (small blind) showed [Tc Kc] and won ($41.50) with two pair, Kings and Threes
Seat 6: $liwamor (big blind) mucked


PokerStars Hand #156591675885:  Hold'em Limit ($3/$6 USD) - 2016/07/29 10:24:19 ET
Table 'Havnia' 6-max Seat #6 is the button
Seat 1: Murrrr_@T ($120 in chips)
Seat 6: $liwamor ($61.37 in chips)
$liwamor: posts small blind $1
Murrrr_@T: posts big blind $3
*** HOLE CARDS ***
$liwamor: raises $3 to $6
Murrrr_@T: calls $3
*** FLOP *** [Th Ks 4h]
Murrrr_@T: checks
$liwamor: bets $3
Murrrr_@T: calls $3
*** TURN *** [Th Ks 4h] [4c]
Murrrr_@T: checks
$liwamor: checks
*** RIVER *** [Th Ks 4h 4c] [8s]
Murrrr_@T: checks
$liwamor: checks
*** SHOW DOWN ***
Murrrr_@T: shows [3d Qh] (a pair of Fours)
$liwamor: shows [5d Ad] (a pair of Fours - Ace kicker)
$liwamor collected $17.64 from pot
*** SUMMARY ***
Total pot $18 | Rake $0.36
Board [Th Ks 4h 4c 8s]
Seat 1: Murrrr_@T (big blind) showed [3d Qh] and lost with a pair of Fours
Seat 6: $liwamor (button) (small blind) showed [5d Ad] and won ($17.64) with a pair of Fours


PokerStars Hand #156591659881:  Hold'em Limit ($3/$6 USD) - 2016/07/29 10:23:50 ET
Table 'Havnia' 6-max Seat #1 is the button
Seat 1: Murrrr_@T ($120 in chips)
Seat 6: $liwamor ($52.73 in chips)
Murrrr_@T: posts small blind $1
Agrotait: is sitting out
$liwamor: posts big blind $3
*** HOLE CARDS ***
Murrrr_@T: raises $3 to $6
Agrotait leaves the table
$liwamor: calls $3
*** FLOP *** [9c 9s Kd]
$liwamor: checks
Murrrr_@T: bets $3
$liwamor: calls $3
*** TURN *** [9c 9s Kd] [4d]
$liwamor: checks
asino222 joins the table at seat #5
Murrrr_@T: checks
*** RIVER *** [9c 9s Kd 4d] [2c]
$liwamor: checks
Murrrr_@T: checks
*** SHOW DOWN ***
$liwamor: shows [Ac 5s] (a pair of Nines)
Murrrr_@T: mucks hand
$liwamor collected $17.64 from pot
*** SUMMARY ***
Total pot $18 | Rake $0.36
Board [9c 9s Kd 4d 2c]
Seat 1: Murrrr_@T (button) (small blind) mucked
Seat 6: $liwamor (big blind) showed [Ac 5s] and won ($17.64) with a pair of Nines


PokerStars Hand #156591797935:  Hold'em Limit ($3/$6 USD) - 2016/07/29 10:27:57 ET
Table 'Havnia' 6-max Seat #6 is the button
Seat 1: Murrrr_@T ($166.43 in chips)
Seat 6: $liwamor ($87.84 in chips)
$liwamor: posts small blind $1
Murrrr_@T: posts big blind $3
*** HOLE CARDS ***
$liwamor: raises $3 to $6
Murrrr_@T: calls $3
*** FLOP *** [5d 4h 2d]
Murrrr_@T: checks
$liwamor: bets $3
asino222 joins the table at seat #2
Murrrr_@T: calls $3
*** TURN *** [5d 4h 2d] [9h]
Murrrr_@T: checks
$liwamor: bets $6
Murrrr_@T: raises $6 to $12
$liwamor: calls $6
*** RIVER *** [5d 4h 2d 9h] [Js]
Murrrr_@T: bets $6
$liwamor: calls $6
*** SHOW DOWN ***
Murrrr_@T: shows [Qd 9c] (a pair of Nines)
$liwamor: mucks hand
Murrrr_@T collected $53.50 from pot
*** SUMMARY ***
Total pot $54 | Rake $0.50
Board [5d 4h 2d 9h Js]
Seat 1: Murrrr_@T (big blind) showed [Qd 9c] and won ($53.50) with a pair of Nines
Seat 6: $liwamor (button) (small blind) mucked


PokerStars Hand #156591945211:  Hold'em Limit ($3/$6 USD) - 2016/07/29 10:32:20 ET
Table 'Havnia' 6-max Seat #2 is the button
Seat 2: asino222 ($75.23 in chips)
Seat 6: $liwamor ($42.84 in chips)
asino222: posts small blind $1
$liwamor: posts big blind $3
*** HOLE CARDS ***
asino222: raises $3 to $6
$liwamor: calls $3
*** FLOP *** [7h 4d As]
$liwamor: checks
asino222: bets $3
$liwamor: calls $3
*** TURN *** [7h 4d As] [3h]
$liwamor: checks
asino222: bets $6
$liwamor: calls $6
*** RIVER *** [7h 4d As 3h] [Ad]
$liwamor: checks
asino222: checks
*** SHOW DOWN ***
$liwamor: shows [Jd 7s] (two pair, Aces and Sevens)
asino222: mucks hand
$liwamor collected $29.50 from pot
*** SUMMARY ***
Total pot $30 | Rake $0.50
Board [7h 4d As 3h Ad]
Seat 2: asino222 (button) (small blind) mucked
Seat 6: $liwamor (big blind) showed [Jd 7s] and won ($29.50) with two pair, Aces and Sevens


PokerStars Hand #156592099487:  Hold'em Limit ($3/$6 USD) - 2016/07/29 10:36:55 ET
Table 'Havnia' 6-max Seat #6 is the button
Seat 1: Murrrr_@T ($239.86 in chips)
Seat 6: $liwamor ($65.62 in chips)
$liwamor: posts small blind $1
Murrrr_@T: posts big blind $3
*** HOLE CARDS ***
$liwamor: folds
Uncalled bet ($2) returned to Murrrr_@T
Murrrr_@T collected $2 from pot
Murrrr_@T: doesn't show hand
Brando Jr joins the table at seat #3
asino222 leaves the table
*** SUMMARY ***
Total pot $2 | Rake $0
Seat 1: Murrrr_@T (big blind) collected ($2)
Seat 6: $liwamor (button) (small blind) folded before Flop


PokerStars Hand #156592164228:  Hold'em Limit ($3/$6 USD) - 2016/07/29 10:38:49 ET
Table 'Havnia' 6-max Seat #1 is the button
Seat 1: Murrrr_@T ($207.86 in chips)
Seat 6: $liwamor ($48.62 in chips)
Murrrr_@T: posts small blind $1
Brando Jr: is sitting out
$liwamor: posts big blind $3
*** HOLE CARDS ***
Murrrr_@T: raises $3 to $6
$liwamor: calls $3
*** FLOP *** [5c 6c 9s]
$liwamor: checks
Murrrr_@T: bets $3
$liwamor: calls $3
*** TURN *** [5c 6c 9s] [3d]
Brando Jr leaves the table
$liwamor: checks
Murrrr_@T: bets $6
$liwamor: calls $6
*** RIVER *** [5c 6c 9s 3d] [Jd]
$liwamor: checks
Murrrr_@T: bets $6
$liwamor: calls $6
*** SHOW DOWN ***
Murrrr_@T: shows [Ad 5d] (a pair of Fives)
$liwamor: shows [Kh 6d] (a pair of Sixes)
$liwamor collected $41.50 from pot
*** SUMMARY ***
Total pot $42 | Rake $0.50
Board [5c 6c 9s 3d Jd]
Seat 1: Murrrr_@T (button) (small blind) showed [Ad 5d] and lost with a pair of Fives
Seat 6: $liwamor (big blind) showed [Kh 6d] and won ($41.50) with a pair of Sixes


PokerStars Hand #156592193333:  Hold'em Limit ($3/$6 USD) - 2016/07/29 10:39:41 ET
Table 'Havnia' 6-max Seat #1 is the button
Seat 1: Murrrr_@T ($198.38 in chips)
Seat 6: $liwamor ($57.12 in chips)
Murrrr_@T: posts small blind $1
$liwamor: posts big blind $3
*** HOLE CARDS ***
Murrrr_@T: raises $3 to $6
$liwamor: folds
Uncalled bet ($3) returned to Murrrr_@T
Murrrr_@T collected $6 from pot
Murrrr_@T: doesn't show hand
*** SUMMARY ***
Total pot $6 | Rake $0
Seat 1: Murrrr_@T (button) (small blind) collected ($6)
Seat 6: $liwamor (big blind) folded before Flop


PokerStars Hand #156592212006:  Hold'em Limit ($3/$6 USD) - 2016/07/29 10:40:13 ET
Table 'Havnia' 6-max Seat #1 is the button
Seat 1: Murrrr_@T ($195.38 in chips)
Seat 6: $liwamor ($59.88 in chips)
Murrrr_@T: posts small blind $1
$liwamor: posts big blind $3
*** HOLE CARDS ***
Murrrr_@T: raises $3 to $6
$liwamor: calls $3
*** FLOP *** [8h 4s Ks]
$liwamor: checks
Murrrr_@T: bets $3
$liwamor: calls $3
*** TURN *** [8h 4s Ks] [8s]
$liwamor: checks
Murrrr_@T: checks
*** RIVER *** [8h 4s Ks 8s] [6c]
$liwamor: bets $6
Murrrr_@T: calls $6
*** SHOW DOWN ***
$liwamor: shows [5c 6s] (two pair, Eights and Sixes)
Murrrr_@T: shows [6h Ah] (two pair, Eights and Sixes - Ace kicker)
Murrrr_@T collected $29.50 from pot
*** SUMMARY ***
Total pot $30 | Rake $0.50
Board [8h 4s Ks 8s 6c]
Seat 1: Murrrr_@T (button) (small blind) showed [6h Ah] and won ($29.50) with two pair, Eights and Sixes
Seat 6: $liwamor (big blind) showed [5c 6s] and lost with two pair, Eights and Sixes


PokerStars Hand #156592229084:  Hold'em Limit ($3/$6 USD) - 2016/07/29 10:40:43 ET
Table 'Havnia' 6-max Seat #6 is the button
Seat 1: Murrrr_@T ($213.88 in chips)
Seat 6: $liwamor ($40.88 in chips)
$liwamor: posts small blind $1
Murrrr_@T: posts big blind $3
*** HOLE CARDS ***
$liwamor: folds
Uncalled bet ($2) returned to Murrrr_@T
Murrrr_@T collected $2 from pot
Murrrr_@T: doesn't show hand
*** SUMMARY ***
Total pot $2 | Rake $0
Seat 1: Murrrr_@T (big blind) collected ($2)
Seat 6: $liwamor (button) (small blind) folded before Flop


PokerStars Hand #156592226073:  Hold'em Limit ($3/$6 USD) - 2016/07/29 10:40:38 ET
Table 'Havnia' 6-max Seat #1 is the button
Seat 1: Murrrr_@T ($210.88 in chips)
Seat 6: $liwamor ($43.88 in chips)
Murrrr_@T: posts small blind $1
$liwamor: posts big blind $3
*** HOLE CARDS ***
Murrrr_@T: raises $3 to $6
$liwamor: folds
Uncalled bet ($3) returned to Murrrr_@T
Murrrr_@T collected $6 from pot
Murrrr_@T: doesn't show hand
*** SUMMARY ***
Total pot $6 | Rake $0
Seat 1: Murrrr_@T (button) (small blind) collected ($6)
Seat 6: $liwamor (big blind) folded before Flop


PokerStars Hand #156592196307:  Hold'em Limit ($3/$6 USD) - 2016/07/29 10:39:46 ET
Table 'Havnia' 6-max Seat #6 is the button
Seat 1: Murrrr_@T ($201.38 in chips)
Seat 6: $liwamor ($54.12 in chips)
$liwamor: posts small blind $1
Murrrr_@T: posts big blind $3
*** HOLE CARDS ***
$liwamor: raises $3 to $6
Murrrr_@T: calls $3
*** FLOP *** [Kh 3c Ah]
Murrrr_@T: checks
$liwamor: bets $3
Murrrr_@T: folds
Uncalled bet ($3) returned to $liwamor
$liwamor collected $11.76 from pot
$liwamor: doesn't show hand
*** SUMMARY ***
Total pot $12 | Rake $0.24
Board [Kh 3c Ah]
Seat 1: Murrrr_@T (big blind) folded on the Flop
Seat 6: $liwamor (button) (small blind) collected ($11.76)


PokerStars Hand #156592223337:  Hold'em Limit ($3/$6 USD) - 2016/07/29 10:40:33 ET
Table 'Havnia' 6-max Seat #6 is the button
Seat 1: Murrrr_@T ($209.88 in chips)
Seat 6: $liwamor ($44.88 in chips)
$liwamor: posts small blind $1
Murrrr_@T: posts big blind $3
*** HOLE CARDS ***
$liwamor: folds
Uncalled bet ($2) returned to Murrrr_@T
Murrrr_@T collected $2 from pot
Murrrr_@T: doesn't show hand
*** SUMMARY ***
Total pot $2 | Rake $0
Seat 1: Murrrr_@T (big blind) collected ($2)
Seat 6: $liwamor (button) (small blind) folded before Flop


PokerStars Hand #156592232131:  Hold'em Limit ($3/$6 USD) - 2016/07/29 10:40:49 ET
Table 'Havnia' 6-max Seat #1 is the button
Seat 1: Murrrr_@T ($214.88 in chips)
Seat 6: $liwamor ($39.88 in chips)
Murrrr_@T: posts small blind $1
$liwamor: posts big blind $3
*** HOLE CARDS ***
Murrrr_@T: raises $3 to $6
$liwamor: folds
Uncalled bet ($3) returned to Murrrr_@T
Murrrr_@T collected $6 from pot
Murrrr_@T: doesn't show hand
*** SUMMARY ***
Total pot $6 | Rake $0
Seat 1: Murrrr_@T (button) (small blind) collected ($6)
Seat 6: $liwamor (big blind) folded before Flop


PokerStars Hand #156592236794:  Hold'em Limit ($3/$6 USD) - 2016/07/29 10:40:57 ET
Table 'Havnia' 6-max Seat #6 is the button
Seat 1: Murrrr_@T ($217.88 in chips)
Seat 6: $liwamor ($36.88 in chips)
$liwamor: posts small blind $1
Murrrr_@T: posts big blind $3
*** HOLE CARDS ***
$liwamor: raises $3 to $6
Murrrr_@T: folds
Uncalled bet ($3) returned to $liwamor
$liwamor collected $6 from pot
$liwamor: doesn't show hand
*** SUMMARY ***
Total pot $6 | Rake $0
Seat 1: Murrrr_@T (big blind) folded before Flop
Seat 6: $liwamor (button) (small blind) collected ($6)


PokerStars Hand #156592245989:  Hold'em Limit ($3/$6 USD) - 2016/07/29 10:41:13 ET
Table 'Havnia' 6-max Seat #6 is the button
Seat 1: Murrrr_@T ($220.64 in chips)
Seat 6: $liwamor ($33.88 in chips)
$liwamor: posts small blind $1
Murrrr_@T: posts big blind $3
*** HOLE CARDS ***
$liwamor: folds
Uncalled bet ($2) returned to Murrrr_@T
Murrrr_@T collected $2 from pot
Murrrr_@T: doesn't show hand
*** SUMMARY ***
Total pot $2 | Rake $0
Seat 1: Murrrr_@T (big blind) collected ($2)
Seat 6: $liwamor (button) (small blind) folded before Flop


PokerStars Hand #156592240454:  Hold'em Limit ($3/$6 USD) - 2016/07/29 10:41:03 ET
Table 'Havnia' 6-max Seat #1 is the button
Seat 1: Murrrr_@T ($214.88 in chips)
Seat 6: $liwamor ($39.88 in chips)
Murrrr_@T: posts small blind $1
$liwamor: posts big blind $3
*** HOLE CARDS ***
Murrrr_@T: raises $3 to $6
$liwamor: calls $3
*** FLOP *** [5s 5h 7s]
$liwamor: checks
Murrrr_@T: bets $3
$liwamor: folds
Uncalled bet ($3) returned to Murrrr_@T
Murrrr_@T collected $11.76 from pot
Murrrr_@T: doesn't show hand
*** SUMMARY ***
Total pot $12 | Rake $0.24
Board [5s 5h 7s]
Seat 1: Murrrr_@T (button) (small blind) collected ($11.76)
Seat 6: $liwamor (big blind) folded on the Flop


PokerStars Hand #156592257007:  Hold'em Limit ($3/$6 USD) - 2016/07/29 10:41:32 ET
Table 'Havnia' 6-max Seat #6 is the button
Seat 1: Murrrr_@T ($215.64 in chips)
Seat 6: $liwamor ($38.64 in chips)
$liwamor: posts small blind $1
Murrrr_@T: posts big blind $3
*** HOLE CARDS ***
$liwamor: folds
Uncalled bet ($2) returned to Murrrr_@T
Murrrr_@T collected $2 from pot
Murrrr_@T: doesn't show hand
*** SUMMARY ***
Total pot $2 | Rake $0
Seat 1: Murrrr_@T (big blind) collected ($2)
Seat 6: $liwamor (button) (small blind) folded before Flop


PokerStars Hand #156592259918:  Hold'em Limit ($3/$6 USD) - 2016/07/29 10:41:37 ET
Table 'Havnia' 6-max Seat #1 is the button
Seat 1: Murrrr_@T ($216.64 in chips)
Seat 6: $liwamor ($37.64 in chips)
Murrrr_@T: posts small blind $1
$liwamor: posts big blind $3
*** HOLE CARDS ***
Murrrr_@T: raises $3 to $6
$liwamor: calls $3
*** FLOP *** [Ac 8s 8c]
$liwamor: checks
Murrrr_@T: bets $3
$liwamor: calls $3
*** TURN *** [Ac 8s 8c] [2s]
$liwamor: checks
Murrrr_@T: checks
*** RIVER *** [Ac 8s 8c 2s] [Qc]
$liwamor: bets $6
Murrrr_@T: folds
Uncalled bet ($6) returned to $liwamor
$liwamor collected $17.64 from pot
$liwamor: doesn't show hand
*** SUMMARY ***
Total pot $18 | Rake $0.36
Board [Ac 8s 8c 2s Qc]
Seat 1: Murrrr_@T (button) (small blind) folded on the River
Seat 6: $liwamor (big blind) collected ($17.64)


PokerStars Hand #156592248634:  Hold'em Limit ($3/$6 USD) - 2016/07/29 10:41:18 ET
Table 'Havnia' 6-max Seat #1 is the button
Seat 1: Murrrr_@T ($221.64 in chips)
Seat 6: $liwamor ($32.88 in chips)
Murrrr_@T: posts small blind $1
$liwamor: posts big blind $3
*** HOLE CARDS ***
Murrrr_@T: raises $3 to $6
$liwamor: calls $3
*** FLOP *** [2s 9d 8d]
$liwamor: checks
Murrrr_@T: checks
*** TURN *** [2s 9d 8d] [Jh]
$liwamor: bets $6
Murrrr_@T: folds
Uncalled bet ($6) returned to $liwamor
$liwamor collected $11.76 from pot
$liwamor: doesn't show hand
*** SUMMARY ***
Total pot $12 | Rake $0.24
Board [2s 9d 8d Jh]
Seat 1: Murrrr_@T (button) (small blind) folded on the Turn
Seat 6: $liwamor (big blind) collected ($11.76)


PokerStars Hand #156592294112:  Hold'em Limit ($3/$6 USD) - 2016/07/29 10:42:37 ET
Table 'Havnia' 6-max Seat #6 is the button
Seat 1: Murrrr_@T ($222.04 in chips)
Seat 6: $liwamor ($31.28 in chips)
$liwamor: posts small blind $1
Murrrr_@T: posts big blind $3
*** HOLE CARDS ***
$liwamor: folds
Uncalled bet ($2) returned to Murrrr_@T
Murrrr_@T collected $2 from pot
Murrrr_@T: doesn't show hand
*** SUMMARY ***
Total pot $2 | Rake $0
Seat 1: Murrrr_@T (big blind) collected ($2)
Seat 6: $liwamor (button) (small blind) folded before Flop


PokerStars Hand #156592275982:  Hold'em Limit ($3/$6 USD) - 2016/07/29 10:42:05 ET
Table 'Havnia' 6-max Seat #1 is the button
Seat 1: Murrrr_@T ($213.40 in chips)
Seat 6: $liwamor ($40.28 in chips)
Murrrr_@T: posts small blind $1
$liwamor: posts big blind $3
*** HOLE CARDS ***
Murrrr_@T: raises $3 to $6
$liwamor: calls $3
*** FLOP *** [Kc Ac 4d]
$liwamor: checks
Murrrr_@T: bets $3
$liwamor: calls $3
*** TURN *** [Kc Ac 4d] [Tc]
$liwamor: checks
Murrrr_@T: checks
*** RIVER *** [Kc Ac 4d Tc] [Jd]
$liwamor: checks
Murrrr_@T: checks
*** SHOW DOWN ***
$liwamor: shows [3h 4h] (a pair of Fours)
Murrrr_@T: shows [2s Js] (a pair of Jacks)
Murrrr_@T collected $17.64 from pot
*** SUMMARY ***
Total pot $18 | Rake $0.36
Board [Kc Ac 4d Tc Jd]
Seat 1: Murrrr_@T (button) (small blind) showed [2s Js] and won ($17.64) with a pair of Jacks
Seat 6: $liwamor (big blind) showed [3h 4h] and lost with a pair of Fours


PokerStars Hand #156592268641:  Hold'em Limit ($3/$6 USD) - 2016/07/29 10:41:52 ET
Table 'Havnia' 6-max Seat #6 is the button
Seat 1: Murrrr_@T ($207.64 in chips)
Seat 6: $liwamor ($46.28 in chips)
$liwamor: posts small blind $1
Murrrr_@T: posts big blind $3
*** HOLE CARDS ***
$liwamor: raises $3 to $6
Murrrr_@T: calls $3
*** FLOP *** [2h 7s Tc]
Murrrr_@T: checks
$liwamor: checks
*** TURN *** [2h 7s Tc] [5h]
Murrrr_@T: bets $6
$liwamor: folds
Uncalled bet ($6) returned to Murrrr_@T
Murrrr_@T collected $11.76 from pot
Murrrr_@T: doesn't show hand
*** SUMMARY ***
Total pot $12 | Rake $0.24
Board [2h 7s Tc 5h]
Seat 1: Murrrr_@T (big blind) collected ($11.76)
Seat 6: $liwamor (button) (small blind) folded on the Turn


PokerStars Hand #156592296985:  Hold'em Limit ($3/$6 USD) - 2016/07/29 10:42:42 ET
Table 'Havnia' 6-max Seat #1 is the button
Seat 1: Murrrr_@T ($223.04 in chips)
Seat 6: $liwamor ($30.28 in chips)
Murrrr_@T: posts small blind $1
$liwamor: posts big blind $3
*** HOLE CARDS ***
Murrrr_@T: folds
Uncalled bet ($2) returned to $liwamor
$liwamor collected $2 from pot
$liwamor: doesn't show hand
*** SUMMARY ***
Total pot $2 | Rake $0
Seat 1: Murrrr_@T (button) (small blind) folded before Flop
Seat 6: $liwamor (big blind) collected ($2)


PokerStars Hand #156592306513:  Hold'em Limit ($3/$6 USD) - 2016/07/29 10:42:58 ET
Table 'Havnia' 6-max Seat #1 is the button
Seat 1: Murrrr_@T ($213.04 in chips)
Seat 6: $liwamor ($39.92 in chips)
Murrrr_@T: posts small blind $1
$liwamor: posts big blind $3
*** HOLE CARDS ***
Murrrr_@T: raises $3 to $6
$liwamor: raises $3 to $9
Murrrr_@T: calls $3
*** FLOP *** [2s 8s Td]
$liwamor: bets $3
Murrrr_@T: calls $3
*** TURN *** [2s 8s Td] [5d]
$liwamor: checks
Murrrr_@T: bets $6
$liwamor: calls $6
*** RIVER *** [2s 8s Td 5d] [9s]
$liwamor: checks
Murrrr_@T: bets $6
$liwamor: calls $6
*** SHOW DOWN ***
Murrrr_@T: shows [7h 7s] (a pair of Sevens)
$liwamor: shows [9d Ah] (a pair of Nines)
$liwamor collected $47.50 from pot
*** SUMMARY ***
Total pot $48 | Rake $0.50
Board [2s 8s Td 5d 9s]
Seat 1: Murrrr_@T (button) (small blind) showed [7h 7s] and lost with a pair of Sevens
Seat 6: $liwamor (big blind) showed [9d Ah] and won ($47.50) with a pair of Nines


PokerStars Hand #156592327070:  Hold'em Limit ($3/$6 USD) - 2016/07/29 10:43:34 ET
Table 'Havnia' 6-max Seat #1 is the button
Seat 1: Murrrr_@T ($171.04 in chips)
Seat 6: $liwamor ($80.92 in chips)
Murrrr_@T: posts small blind $1
$liwamor: posts big blind $3
*** HOLE CARDS ***
Murrrr_@T: raises $3 to $6
$liwamor: calls $3
*** FLOP *** [8d Kc 4s]
$liwamor: checks
Murrrr_@T: bets $3
$liwamor: folds
Uncalled bet ($3) returned to Murrrr_@T
Murrrr_@T collected $11.76 from pot
Murrrr_@T: doesn't show hand
*** SUMMARY ***
Total pot $12 | Rake $0.24
Board [8d Kc 4s]
Seat 1: Murrrr_@T (button) (small blind) collected ($11.76)
Seat 6: $liwamor (big blind) folded on the Flop


PokerStars Hand #156592300058:  Hold'em Limit ($3/$6 USD) - 2016/07/29 10:42:47 ET
Table 'Havnia' 6-max Seat #6 is the button
Seat 1: Murrrr_@T ($222.04 in chips)
Seat 6: $liwamor ($31.28 in chips)
$liwamor: posts small blind $1
Murrrr_@T: posts big blind $3
*** HOLE CARDS ***
$liwamor: raises $3 to $6
Murrrr_@T: calls $3
*** FLOP *** [6h Ad 8c]
Murrrr_@T: checks
$liwamor: bets $3
Murrrr_@T: calls $3
*** TURN *** [6h Ad 8c] [9d]
Murrrr_@T: checks
$liwamor: bets $6
Murrrr_@T: folds
Uncalled bet ($6) returned to $liwamor
$liwamor collected $17.64 from pot
$liwamor: doesn't show hand
*** SUMMARY ***
Total pot $18 | Rake $0.36
Board [6h Ad 8c 9d]
Seat 1: Murrrr_@T (big blind) folded on the Turn
Seat 6: $liwamor (button) (small blind) collected ($17.64)


PokerStars Hand #156592315853:  Hold'em Limit ($3/$6 USD) - 2016/07/29 10:43:15 ET
Table 'Havnia' 6-max Seat #6 is the button
Seat 1: Murrrr_@T ($189.04 in chips)
Seat 6: $liwamor ($63.42 in chips)
$liwamor: posts small blind $1
Murrrr_@T: posts big blind $3
*** HOLE CARDS ***
$liwamor: raises $3 to $6
Murrrr_@T: calls $3
*** FLOP *** [6s 6h 9c]
Murrrr_@T: checks
$liwamor: bets $3
Murrrr_@T: raises $3 to $6
$liwamor: calls $3
*** TURN *** [6s 6h 9c] [5h]
Murrrr_@T: bets $6
$liwamor: calls $6
*** RIVER *** [6s 6h 9c 5h] [Qs]
Murrrr_@T: checks
$liwamor: bets $6
Murrrr_@T: folds
Uncalled bet ($6) returned to $liwamor
$liwamor collected $35.50 from pot
$liwamor: doesn't show hand
*** SUMMARY ***
Total pot $36 | Rake $0.50
Board [6s 6h 9c 5h Qs]
Seat 1: Murrrr_@T (big blind) folded on the River
Seat 6: $liwamor (button) (small blind) collected ($35.50)


PokerStars Hand #156592361108:  Hold'em Limit ($3/$6 USD) - 2016/07/29 10:44:33 ET
Table 'Havnia' 6-max Seat #1 is the button
Seat 1: Murrrr_@T ($155.44 in chips)
Seat 6: $liwamor ($94.92 in chips)
Murrrr_@T: posts small blind $1
$liwamor: posts big blind $3
*** HOLE CARDS ***
Murrrr_@T: raises $3 to $6
$liwamor: calls $3
*** FLOP *** [Ad 3c 6h]
$liwamor: checks
Murrrr_@T: bets $3
$liwamor: calls $3
*** TURN *** [Ad 3c 6h] [7d]
$liwamor: checks
Murrrr_@T: checks
*** RIVER *** [Ad 3c 6h 7d] [6c]
$liwamor: bets $6
Murrrr_@T: calls $6
*** SHOW DOWN ***
$liwamor: shows [4c 6d] (three of a kind, Sixes)
Murrrr_@T: mucks hand
$liwamor collected $29.50 from pot
*** SUMMARY ***
Total pot $30 | Rake $0.50
Board [Ad 3c 6h 7d 6c]
Seat 1: Murrrr_@T (button) (small blind) mucked
Seat 6: $liwamor (big blind) showed [4c 6d] and won ($29.50) with three of a kind, Sixes


PokerStars Hand #156592346101:  Hold'em Limit ($3/$6 USD) - 2016/07/29 10:44:07 ET
Table 'Havnia' 6-max Seat #1 is the button
Seat 1: Murrrr_@T ($161.80 in chips)
Seat 6: $liwamor ($89.42 in chips)
Murrrr_@T: posts small blind $1
$liwamor: posts big blind $3
*** HOLE CARDS ***
Murrrr_@T: raises $3 to $6
$liwamor: calls $3
*** FLOP *** [7d 4c 9s]
$liwamor: checks
Murrrr_@T: bets $3
$liwamor: calls $3
*** TURN *** [7d 4c 9s] [7c]
$liwamor: checks
Murrrr_@T: bets $6
$liwamor: folds
Uncalled bet ($6) returned to Murrrr_@T
Murrrr_@T collected $17.64 from pot
Murrrr_@T: doesn't show hand
*** SUMMARY ***
Total pot $18 | Rake $0.36
Board [7d 4c 9s 7c]
Seat 1: Murrrr_@T (button) (small blind) collected ($17.64)
Seat 6: $liwamor (big blind) folded on the Turn


PokerStars Hand #156592353499:  Hold'em Limit ($3/$6 USD) - 2016/07/29 10:44:20 ET
Table 'Havnia' 6-max Seat #6 is the button
Seat 1: Murrrr_@T ($170.44 in chips)
Seat 6: $liwamor ($80.42 in chips)
$liwamor: posts small blind $1
Murrrr_@T: posts big blind $3
*** HOLE CARDS ***
$liwamor: raises $3 to $6
Murrrr_@T: calls $3
*** FLOP *** [Tc 7d Ah]
Murrrr_@T: checks
$liwamor: bets $3
Murrrr_@T: calls $3
*** TURN *** [Tc 7d Ah] [Js]
Murrrr_@T: checks
$liwamor: checks
*** RIVER *** [Tc 7d Ah Js] [4c]
Murrrr_@T: bets $6
$liwamor: calls $6
*** SHOW DOWN ***
Murrrr_@T: shows [2h 3h] (high card Ace)
$liwamor: shows [8d Th] (a pair of Tens)
$liwamor collected $29.50 from pot
*** SUMMARY ***
Total pot $30 | Rake $0.50
Board [Tc 7d Ah Js 4c]
Seat 1: Murrrr_@T (big blind) showed [2h 3h] and lost with high card Ace
Seat 6: $liwamor (button) (small blind) showed [8d Th] and won ($29.50) with a pair of Tens


PokerStars Hand #156592337584:  Hold'em Limit ($3/$6 USD) - 2016/07/29 10:43:52 ET
Table 'Havnia' 6-max Seat #6 is the button
Seat 1: Murrrr_@T ($176.80 in chips)
Seat 6: $liwamor ($74.92 in chips)
$liwamor: posts small blind $1
Murrrr_@T: posts big blind $3
*** HOLE CARDS ***
$liwamor: raises $3 to $6
Murrrr_@T: raises $3 to $9
$liwamor: calls $3
*** FLOP *** [8d 4s Qd]
Murrrr_@T: bets $3
$liwamor: raises $3 to $6
Murrrr_@T: calls $3
*** TURN *** [8d 4s Qd] [9h]
Murrrr_@T: checks
$liwamor: bets $6
Murrrr_@T: folds
Uncalled bet ($6) returned to $liwamor
$liwamor collected $29.50 from pot
$liwamor: doesn't show hand
*** SUMMARY ***
Total pot $30 | Rake $0.50
Board [8d 4s Qd 9h]
Seat 1: Murrrr_@T (big blind) folded on the Turn
Seat 6: $liwamor (button) (small blind) collected ($29.50)


PokerStars Hand #156592371102:  Hold'em Limit ($3/$6 USD) - 2016/07/29 10:44:51 ET
Table 'Havnia' 6-max Seat #6 is the button
Seat 1: Murrrr_@T ($140.44 in chips)
Seat 6: $liwamor ($109.42 in chips)
$liwamor: posts small blind $1
Murrrr_@T: posts big blind $3
*** HOLE CARDS ***
$liwamor: raises $3 to $6
Murrrr_@T: calls $3
*** FLOP *** [Kh Jc 9c]
Murrrr_@T: checks
$liwamor: bets $3
Murrrr_@T: calls $3
*** TURN *** [Kh Jc 9c] [5s]
Murrrr_@T: checks
$liwamor: checks
*** RIVER *** [Kh Jc 9c 5s] [Ks]
Murrrr_@T: bets $6
$liwamor: folds
Uncalled bet ($6) returned to Murrrr_@T
Murrrr_@T collected $17.64 from pot
Murrrr_@T: doesn't show hand
*** SUMMARY ***
Total pot $18 | Rake $0.36
Board [Kh Jc 9c 5s Ks]
Seat 1: Murrrr_@T (big blind) collected ($17.64)
Seat 6: $liwamor (button) (small blind) folded on the River


PokerStars Hand #156592380045:  Hold'em Limit ($3/$6 USD) - 2016/07/29 10:45:06 ET
Table 'Havnia' 6-max Seat #1 is the button
Seat 1: Murrrr_@T ($149.08 in chips)
Seat 6: $liwamor ($100.42 in chips)
Murrrr_@T: posts small blind $1
$liwamor: posts big blind $3
*** HOLE CARDS ***
Murrrr_@T: raises $3 to $6
$liwamor: calls $3
*** FLOP *** [5d Td Qs]
$liwamor: checks
Murrrr_@T: bets $3
$liwamor: calls $3
*** TURN *** [5d Td Qs] [As]
$liwamor: checks
Murrrr_@T: bets $6
$liwamor: folds
Uncalled bet ($6) returned to Murrrr_@T
Murrrr_@T collected $17.64 from pot
Murrrr_@T: doesn't show hand
*** SUMMARY ***
Total pot $18 | Rake $0.36
Board [5d Td Qs As]
Seat 1: Murrrr_@T (button) (small blind) collected ($17.64)
Seat 6: $liwamor (big blind) folded on the Turn


PokerStars Hand #156592392801:  Hold'em Limit ($3/$6 USD) - 2016/07/29 10:45:29 ET
Table 'Havnia' 6-max Seat #6 is the button
Seat 1: Murrrr_@T ($157.72 in chips)
Seat 6: $liwamor ($91.42 in chips)
$liwamor: posts small blind $1
Murrrr_@T: posts big blind $3
*** HOLE CARDS ***
$liwamor: raises $3 to $6
Murrrr_@T: calls $3
*** FLOP *** [9c Ac 4h]
Murrrr_@T: checks
$liwamor: bets $3
Murrrr_@T: raises $3 to $6
$liwamor: calls $3
*** TURN *** [9c Ac 4h] [Tc]
Murrrr_@T: checks
$liwamor: bets $6
Murrrr_@T: folds
Uncalled bet ($6) returned to $liwamor
$liwamor collected $23.52 from pot
$liwamor: doesn't show hand
*** SUMMARY ***
Total pot $24 | Rake $0.48
Board [9c Ac 4h Tc]
Seat 1: Murrrr_@T (big blind) folded on the Turn
Seat 6: $liwamor (button) (small blind) collected ($23.52)


PokerStars Hand #156592413541:  Hold'em Limit ($3/$6 USD) - 2016/07/29 10:46:05 ET
Table 'Havnia' 6-max Seat #1 is the button
Seat 1: Murrrr_@T ($153.36 in chips)
Seat 6: $liwamor ($94.94 in chips)
Murrrr_@T: posts small blind $1
$liwamor: posts big blind $3
*** HOLE CARDS ***
Murrrr_@T: raises $3 to $6
$liwamor: calls $3
*** FLOP *** [4h Kd 8d]
$liwamor: checks
Murrrr_@T: bets $3
$liwamor: folds
Uncalled bet ($3) returned to Murrrr_@T
Murrrr_@T collected $11.76 from pot
Murrrr_@T: doesn't show hand
*** SUMMARY ***
Total pot $12 | Rake $0.24
Board [4h Kd 8d]
Seat 1: Murrrr_@T (button) (small blind) collected ($11.76)
Seat 6: $liwamor (big blind) folded on the Flop


PokerStars Hand #156592406562:  Hold'em Limit ($3/$6 USD) - 2016/07/29 10:45:53 ET
Table 'Havnia' 6-max Seat #6 is the button
Seat 1: Murrrr_@T ($144.72 in chips)
Seat 6: $liwamor ($103.94 in chips)
$liwamor: posts small blind $1
Murrrr_@T: posts big blind $3
*** HOLE CARDS ***
$liwamor: raises $3 to $6
Murrrr_@T: raises $3 to $9
$liwamor: calls $3
*** FLOP *** [Td Qc Qs]
Murrrr_@T: bets $3
$liwamor: folds
Uncalled bet ($3) returned to Murrrr_@T
Murrrr_@T collected $17.64 from pot
Murrrr_@T: doesn't show hand
*** SUMMARY ***
Total pot $18 | Rake $0.36
Board [Td Qc Qs]
Seat 1: Murrrr_@T (big blind) collected ($17.64)
Seat 6: $liwamor (button) (small blind) folded on the Flop


PokerStars Hand #156592427914:  Hold'em Limit ($3/$6 USD) - 2016/07/29 10:46:29 ET
Table 'Havnia' 6-max Seat #1 is the button
Seat 1: Murrrr_@T ($182.62 in chips)
Seat 6: $liwamor ($64.94 in chips)
Murrrr_@T: posts small blind $1
$liwamor: posts big blind $3
*** HOLE CARDS ***
Murrrr_@T: raises $3 to $6
$liwamor: calls $3
*** FLOP *** [Ad Qc Th]
$liwamor: checks
Murrrr_@T: bets $3
$liwamor: folds
Uncalled bet ($3) returned to Murrrr_@T
Ag3r0n joins the table at seat #2
Murrrr_@T collected $11.76 from pot
Murrrr_@T: doesn't show hand
*** SUMMARY ***
Total pot $12 | Rake $0.24
Board [Ad Qc Th]
Seat 1: Murrrr_@T (button) (small blind) collected ($11.76)
Seat 6: $liwamor (big blind) folded on the Flop


PokerStars Hand #156592418301:  Hold'em Limit ($3/$6 USD) - 2016/07/29 10:46:13 ET
Table 'Havnia' 6-max Seat #6 is the button
Seat 1: Murrrr_@T ($159.12 in chips)
Seat 6: $liwamor ($88.94 in chips)
$liwamor: posts small blind $1
Murrrr_@T: posts big blind $3
*** HOLE CARDS ***
$liwamor: raises $3 to $6
Murrrr_@T: raises $3 to $9
$liwamor: calls $3
*** FLOP *** [9d Jc 5h]
Murrrr_@T: bets $3
$liwamor: calls $3
*** TURN *** [9d Jc 5h] [7d]
Murrrr_@T: bets $6
$liwamor: calls $6
*** RIVER *** [9d Jc 5h 7d] [4c]
Murrrr_@T: bets $6
$liwamor: calls $6
*** SHOW DOWN ***
Murrrr_@T: shows [8c Tc] (a straight, Seven to Jack)
$liwamor: mucks hand
Murrrr_@T collected $47.50 from pot
*** SUMMARY ***
Total pot $48 | Rake $0.50
Board [9d Jc 5h 7d 4c]
Seat 1: Murrrr_@T (big blind) showed [8c Tc] and won ($47.50) with a straight, Seven to Jack
Seat 6: $liwamor (button) (small blind) mucked


