PokerStars Hand #157801864523:  Hold'em Limit ($3/$6 USD) - 2016/08/27 9:55:45 ET
Table 'Haworth' 6-max Seat #1 is the button
Seat 1: Vovchik202 ($214.88 in chips)
Seat 3: AA_ILI ($91.75 in chips)
Vovchik202: posts small blind $1
AA_ILI: posts big blind $3
*** HOLE CARDS ***
lvn030178 leaves the table
Vovchik202: folds
Uncalled bet ($2) returned to AA_ILI
AA_ILI collected $2 from pot
*** SUMMARY ***
Total pot $2 | Rake $0
Seat 1: Vovchik202 (button) (small blind) folded before Flop
Seat 3: AA_ILI (big blind) collected ($2)


PokerStars Hand #157801858715:  Hold'em Limit ($3/$6 USD) - 2016/08/27 9:55:32 ET
Table 'Haworth' 6-max Seat #3 is the button
Seat 1: Vovchik202 ($220.88 in chips)
Seat 3: AA_ILI ($85.99 in chips)
AA_ILI: posts small blind $1
lvn030178: is sitting out
Vovchik202: posts big blind $3
*** HOLE CARDS ***
AA_ILI: calls $2
Vovchik202: checks
*** FLOP *** [Qs Qd 2h]
Vovchik202: checks
AA_ILI: bets $3
Vovchik202: calls $3
*** TURN *** [Qs Qd 2h] [Qc]
Vovchik202: checks
AA_ILI: bets $6
Vovchik202: folds
Uncalled bet ($6) returned to AA_ILI
AA_ILI collected $11.76 from pot
*** SUMMARY ***
Total pot $12 | Rake $0.24
Board [Qs Qd 2h Qc]
Seat 1: Vovchik202 (big blind) folded on the Turn
Seat 3: AA_ILI (button) (small blind) collected ($11.76)


PokerStars Hand #157801888615:  Hold'em Limit ($3/$6 USD) - 2016/08/27 9:56:38 ET
Table 'Haworth' 6-max Seat #1 is the button
Seat 1: Vovchik202 ($236.88 in chips)
Seat 3: AA_ILI ($68.39 in chips)
Vovchik202: posts small blind $1
AA_ILI: posts big blind $3
*** HOLE CARDS ***
Vovchik202: raises $3 to $6
AA_ILI: calls $3
*** FLOP *** [Kd 8h Tc]
AA_ILI: checks
Vovchik202: bets $3
AA_ILI: calls $3
*** TURN *** [Kd 8h Tc] [Ks]
AA_ILI: checks
Vovchik202: checks
*** RIVER *** [Kd 8h Tc Ks] [5c]
AA_ILI: bets $6
Vovchik202: calls $6
*** SHOW DOWN ***
AA_ILI: shows [5h Kc] (a full house, Kings full of Fives)
Vovchik202: mucks hand
AA_ILI collected $29.50 from pot
*** SUMMARY ***
Total pot $30 | Rake $0.50
Board [Kd 8h Tc Ks 5c]
Seat 1: Vovchik202 (button) (small blind) mucked
Seat 3: AA_ILI (big blind) showed [5h Kc] and won ($29.50) with a full house, Kings full of Fives


PokerStars Hand #157801882092:  Hold'em Limit ($3/$6 USD) - 2016/08/27 9:56:23 ET
Table 'Haworth' 6-max Seat #3 is the button
Seat 1: Vovchik202 ($245.88 in chips)
Seat 3: AA_ILI ($59.75 in chips)
AA_ILI: posts small blind $1
Vovchik202: posts big blind $3
*** HOLE CARDS ***
AA_ILI: raises $3 to $6
Vovchik202: calls $3
*** FLOP *** [Ac As 3d]
Vovchik202: checks
AA_ILI: bets $3
Vovchik202: calls $3
*** TURN *** [Ac As 3d] [Kc]
Vovchik202: checks
AA_ILI: bets $6
Vovchik202: folds
Uncalled bet ($6) returned to AA_ILI
AA_ILI collected $17.64 from pot
*** SUMMARY ***
Total pot $18 | Rake $0.36
Board [Ac As 3d Kc]
Seat 1: Vovchik202 (big blind) folded on the Turn
Seat 3: AA_ILI (button) (small blind) collected ($17.64)


PokerStars Hand #157801874522:  Hold'em Limit ($3/$6 USD) - 2016/08/27 9:56:07 ET
Table 'Haworth' 6-max Seat #1 is the button
Seat 1: Vovchik202 ($228.38 in chips)
Seat 3: AA_ILI ($77.75 in chips)
Vovchik202: posts small blind $1
AA_ILI: posts big blind $3
*** HOLE CARDS ***
Vovchik202: raises $3 to $6
AA_ILI: calls $3
*** FLOP *** [Tc 3d 8s]
AA_ILI: checks
Vovchik202: checks
*** TURN *** [Tc 3d 8s] [Ad]
AA_ILI: checks
Vovchik202: bets $6
AA_ILI: calls $6
*** RIVER *** [Tc 3d 8s Ad] [Jd]
AA_ILI: checks
Vovchik202: bets $6
AA_ILI: calls $6
*** SHOW DOWN ***
Vovchik202: shows [As 5h] (a pair of Aces)
AA_ILI: mucks hand
Vovchik202 collected $35.50 from pot
*** SUMMARY ***
Total pot $36 | Rake $0.50
Board [Tc 3d 8s Ad Jd]
Seat 1: Vovchik202 (button) (small blind) showed [As 5h] and won ($35.50) with a pair of Aces
Seat 3: AA_ILI (big blind) mucked


PokerStars Hand #157801867301:  Hold'em Limit ($3/$6 USD) - 2016/08/27 9:55:51 ET
Table 'Haworth' 6-max Seat #3 is the button
Seat 1: Vovchik202 ($213.88 in chips)
Seat 3: AA_ILI ($92.75 in chips)
AA_ILI: posts small blind $1
Vovchik202: posts big blind $3
*** HOLE CARDS ***
AA_ILI: calls $2
Vovchik202: checks
*** FLOP *** [Kc Qd As]
Vovchik202: checks
AA_ILI: checks
*** TURN *** [Kc Qd As] [Qc]
Vovchik202: bets $6
AA_ILI: calls $6
*** RIVER *** [Kc Qd As Qc] [2s]
Vovchik202: bets $6
AA_ILI: calls $6
*** SHOW DOWN ***
Vovchik202: shows [9h Qh] (three of a kind, Queens)
AA_ILI: mucks hand
Vovchik202 collected $29.50 from pot
*** SUMMARY ***
Total pot $30 | Rake $0.50
Board [Kc Qd As Qc 2s]
Seat 1: Vovchik202 (big blind) showed [9h Qh] and won ($29.50) with three of a kind, Queens
Seat 3: AA_ILI (button) (small blind) mucked


PokerStars Hand #157801900546:  Hold'em Limit ($3/$6 USD) - 2016/08/27 9:57:03 ET
Table 'Haworth' 6-max Seat #1 is the button
Seat 1: Vovchik202 ($227.64 in chips)
Seat 3: AA_ILI ($76.89 in chips)
Vovchik202: posts small blind $1
AA_ILI: posts big blind $3
*** HOLE CARDS ***
Vovchik202: raises $3 to $6
AA_ILI: folds
Uncalled bet ($3) returned to Vovchik202
Vovchik202 collected $6 from pot
Vovchik202: doesn't show hand
*** SUMMARY ***
Total pot $6 | Rake $0
Seat 1: Vovchik202 (button) (small blind) collected ($6)
Seat 3: AA_ILI (big blind) folded before Flop


PokerStars Hand #157801896098:  Hold'em Limit ($3/$6 USD) - 2016/08/27 9:56:54 ET
Table 'Haworth' 6-max Seat #3 is the button
Seat 1: Vovchik202 ($221.88 in chips)
Seat 3: AA_ILI ($82.89 in chips)
AA_ILI: posts small blind $1
Vovchik202: posts big blind $3
*** HOLE CARDS ***
AA_ILI: calls $2
Vovchik202: raises $3 to $6
AA_ILI: calls $3
*** FLOP *** [9s 5c Qc]
Vovchik202: bets $3
AA_ILI: folds
Uncalled bet ($3) returned to Vovchik202
Vovchik202 collected $11.76 from pot
Vovchik202: doesn't show hand
*** SUMMARY ***
Total pot $12 | Rake $0.24
Board [9s 5c Qc]
Seat 1: Vovchik202 (big blind) collected ($11.76)
Seat 3: AA_ILI (button) (small blind) folded on the Flop


PokerStars Hand #157801903125:  Hold'em Limit ($3/$6 USD) - 2016/08/27 9:57:09 ET
Table 'Haworth' 6-max Seat #3 is the button
Seat 1: Vovchik202 ($230.64 in chips)
Seat 3: AA_ILI ($73.89 in chips)
AA_ILI: posts small blind $1
Vovchik202: posts big blind $3
*** HOLE CARDS ***
AA_ILI: calls $2
Vovchik202: checks
*** FLOP *** [Ah Qc Tc]
Vovchik202: checks
AA_ILI: checks
*** TURN *** [Ah Qc Tc] [3h]
Vovchik202: bets $6
AA_ILI: folds
Uncalled bet ($6) returned to Vovchik202
Vovchik202 collected $5.88 from pot
Vovchik202: doesn't show hand
*** SUMMARY ***
Total pot $6 | Rake $0.12
Board [Ah Qc Tc 3h]
Seat 1: Vovchik202 (big blind) collected ($5.88)
Seat 3: AA_ILI (button) (small blind) folded on the Turn


PokerStars Hand #157801922067:  Hold'em Limit ($3/$6 USD) - 2016/08/27 9:57:37 ET
Table 'Haworth' 6-max Seat #3 is the button
Seat 1: Vovchik202 ($206.52 in chips)
Seat 3: AA_ILI ($97.39 in chips)
AA_ILI: posts small blind $1
Vovchik202: posts big blind $3
*** HOLE CARDS ***
AA_ILI: folds
Uncalled bet ($2) returned to Vovchik202
Vovchik202 collected $2 from pot
Vovchik202: doesn't show hand
*** SUMMARY ***
Total pot $2 | Rake $0
Seat 1: Vovchik202 (big blind) collected ($2)
Seat 3: AA_ILI (button) (small blind) folded before Flop


PokerStars Hand #157801913799:  Hold'em Limit ($3/$6 USD) - 2016/08/27 9:57:20 ET
Table 'Haworth' 6-max Seat #1 is the button
Seat 1: Vovchik202 ($233.52 in chips)
Seat 3: AA_ILI ($70.89 in chips)
Vovchik202: posts small blind $1
AA_ILI: posts big blind $3
*** HOLE CARDS ***
Vovchik202: raises $3 to $6
AA_ILI: calls $3
*** FLOP *** [Kc 8d Jc]
AA_ILI: checks
Hannibal2211 joins the table at seat #2
Vovchik202: bets $3
AA_ILI: calls $3
*** TURN *** [Kc 8d Jc] [9h]
AA_ILI: checks
Vovchik202: bets $6
AA_ILI: raises $6 to $12
Vovchik202: calls $6
*** RIVER *** [Kc 8d Jc 9h] [Kd]
AA_ILI: bets $6
Vovchik202: calls $6
*** SHOW DOWN ***
AA_ILI: shows [Qs Th] (a straight, Nine to King)
Vovchik202: mucks hand
AA_ILI collected $53.50 from pot
*** SUMMARY ***
Total pot $54 | Rake $0.50
Board [Kc 8d Jc 9h Kd]
Seat 1: Vovchik202 (button) (small blind) mucked
Seat 3: AA_ILI (big blind) showed [Qs Th] and won ($53.50) with a straight, Nine to King


