PokerStars Hand #169544901129:  Hold'em Limit ($3/$6 USD) - 2017/04/25 13:23:51 ET
Table 'Haworth' 6-max Seat #1 is the button
Seat 1: LifeisagameX ($84 in chips)
Seat 3: sienvan ($30 in chips)
TinaTurner72 joins the table at seat #4
LifeisagameX: posts small blind $1
sienvan: posts big blind $3
*** HOLE CARDS ***
LifeisagameX: raises $3 to $6
sienvan: folds
Uncalled bet ($3) returned to LifeisagameX
LifeisagameX collected $6 from pot
LifeisagameX: doesn't show hand
*** SUMMARY ***
Total pot $6 | Rake $0
Seat 1: LifeisagameX (button) (small blind) collected ($6)
Seat 3: sienvan (big blind) folded before Flop


PokerStars Hand #169545460291:  Hold'em Limit ($3/$6 USD) - 2017/04/25 13:35:29 ET
Table 'Haworth' 6-max Seat #4 is the button
Seat 4: TinaTurner72 ($151.12 in chips)
Seat 6: Voldemaras50 ($31.22 in chips)
TinaTurner72: posts small blind $1
B_loJkl: is sitting out
Voldemaras50: posts big blind $3
*** HOLE CARDS ***
TinaTurner72: raises $3 to $6
Voldemaras50: folds
Uncalled bet ($3) returned to TinaTurner72
B_loJkl leaves the table
TinaTurner72 collected $6 from pot
TinaTurner72: doesn't show hand
*** SUMMARY ***
Total pot $6 | Rake $0
Seat 4: TinaTurner72 (button) (small blind) collected ($6)
Seat 6: Voldemaras50 (big blind) folded before Flop


PokerStars Hand #169545483831:  Hold'em Limit ($3/$6 USD) - 2017/04/25 13:35:58 ET
Table 'Haworth' 6-max Seat #4 is the button
Seat 4: TinaTurner72 ($177.62 in chips)
Seat 6: Voldemaras50 ($4.22 in chips)
TinaTurner72: posts small blind $1
Voldemaras50: posts big blind $3
*** HOLE CARDS ***
Jack_Wu1985 leaves the table
TinaTurner72: raises $3 to $6
Voldemaras50: calls $1.22 and is all-in
Uncalled bet ($1.78) returned to TinaTurner72
*** FLOP *** [Qs Ks Ad]
*** TURN *** [Qs Ks Ad] [3c]
*** RIVER *** [Qs Ks Ad 3c] [Ts]
*** SHOW DOWN ***
Voldemaras50: shows [2s 2d] (a pair of Deuces)
TinaTurner72: shows [9s 5c] (high card Ace)
Voldemaras50 collected $8.27 from pot
*** SUMMARY ***
Total pot $8.44 | Rake $0.17
Board [Qs Ks Ad 3c Ts]
Seat 4: TinaTurner72 (button) (small blind) showed [9s 5c] and lost with high card Ace
Seat 6: Voldemaras50 (big blind) showed [2s 2d] and won ($8.27) with a pair of Deuces


PokerStars Hand #169545464667:  Hold'em Limit ($3/$6 USD) - 2017/04/25 13:35:35 ET
Table 'Haworth' 6-max Seat #6 is the button
Seat 4: TinaTurner72 ($154.12 in chips)
Seat 6: Voldemaras50 ($28.22 in chips)
Voldemaras50: posts small blind $1
TinaTurner72: posts big blind $3
*** HOLE CARDS ***
Voldemaras50: raises $3 to $6
TinaTurner72: calls $3
*** FLOP *** [5c 6d Jh]
TinaTurner72: checks
Voldemaras50: bets $3
TinaTurner72: raises $3 to $6
Voldemaras50: calls $3
*** TURN *** [5c 6d Jh] [5h]
TinaTurner72: bets $6
Voldemaras50: calls $6
*** RIVER *** [5c 6d Jh 5h] [Jd]
Jack_Wu1985 joins the table at seat #5
TinaTurner72: bets $6
Voldemaras50: calls $6
*** SHOW DOWN ***
TinaTurner72: shows [5s Ts] (a full house, Fives full of Jacks)
Voldemaras50: mucks hand
TinaTurner72 collected $47.50 from pot
*** SUMMARY ***
Total pot $48 | Rake $0.50
Board [5c 6d Jh 5h Jd]
Seat 4: TinaTurner72 (big blind) showed [5s Ts] and won ($47.50) with a full house, Fives full of Jacks
Seat 6: Voldemaras50 (button) (small blind) mucked


PokerStars Hand #169545500450:  Hold'em Limit ($3/$6 USD) - 2017/04/25 13:36:19 ET
Table 'Haworth' 6-max Seat #6 is the button
Seat 4: TinaTurner72 ($173.40 in chips)
Seat 6: Voldemaras50 ($8.27 in chips)
Voldemaras50: posts small blind $1
TinaTurner72: posts big blind $3
*** HOLE CARDS ***
Voldemaras50: folds
Uncalled bet ($2) returned to TinaTurner72
TinaTurner72 collected $2 from pot
TinaTurner72: doesn't show hand
*** SUMMARY ***
Total pot $2 | Rake $0
Seat 4: TinaTurner72 (big blind) collected ($2)
Seat 6: Voldemaras50 (button) (small blind) folded before Flop


PokerStars Hand #169545504775:  Hold'em Limit ($3/$6 USD) - 2017/04/25 13:36:24 ET
Table 'Haworth' 6-max Seat #4 is the button
Seat 4: TinaTurner72 ($174.40 in chips)
Seat 6: Voldemaras50 ($7.27 in chips)
TinaTurner72: posts small blind $1
Voldemaras50: posts big blind $3
*** HOLE CARDS ***
TinaTurner72: raises $3 to $6
Voldemaras50: calls $3
*** FLOP *** [6d Kc 3c]
Voldemaras50: bets $1.27 and is all-in
TinaTurner72: calls $1.27
*** TURN *** [6d Kc 3c] [Js]
*** RIVER *** [6d Kc 3c Js] [Td]
*** SHOW DOWN ***
Voldemaras50: shows [7c 5c] (high card King)
TinaTurner72: shows [2h Jd] (a pair of Jacks)
TinaTurner72 collected $14.25 from pot
*** SUMMARY ***
Total pot $14.54 | Rake $0.29
Board [6d Kc 3c Js Td]
Seat 4: TinaTurner72 (button) (small blind) showed [2h Jd] and won ($14.25) with a pair of Jacks
Seat 6: Voldemaras50 (big blind) showed [7c 5c] and lost with high card King


