PokerStars Hand #172718469268:  Hold'em Limit ($3/$6 USD) - 2017/07/07 10:21:33 ET
Table 'Haworth II' 6-max Seat #6 is the button
Seat 2: Manipulera ($90.81 in chips)
Seat 6: kiwi/mike ($145.76 in chips)
kiwi/mike: posts small blind $1
Manipulera: posts big blind $3
*** HOLE CARDS ***
kiwi/mike: raises $3 to $6
Manipulera: calls $3
*** FLOP *** [3h Ts 4s]
Manipulera: checks
kiwi/mike: bets $3
Manipulera: folds
Uncalled bet ($3) returned to kiwi/mike
kiwi/mike collected $11.76 from pot
kiwi/mike: doesn't show hand
*** SUMMARY ***
Total pot $12 | Rake $0.24
Board [3h Ts 4s]
Seat 2: Manipulera (big blind) folded on the Flop
Seat 6: kiwi/mike (button) (small blind) collected ($11.76)


PokerStars Hand #172718462359:  Hold'em Limit ($3/$6 USD) - 2017/07/07 10:21:21 ET
Table 'Haworth II' 6-max Seat #2 is the button
Seat 2: Manipulera ($85.05 in chips)
Seat 6: kiwi/mike ($151.76 in chips)
Manipulera: posts small blind $1
kiwi/mike: posts big blind $3
*** HOLE CARDS ***
Manipulera: raises $3 to $6
kiwi/mike: calls $3
*** FLOP *** [Jc Td Jh]
kiwi/mike: checks
Manipulera: bets $3
kiwi/mike: folds
Uncalled bet ($3) returned to Manipulera
Manipulera collected $11.76 from pot
Manipulera: doesn't show hand
*** SUMMARY ***
Total pot $12 | Rake $0.24
Board [Jc Td Jh]
Seat 2: Manipulera (button) (small blind) collected ($11.76)
Seat 6: kiwi/mike (big blind) folded on the Flop


PokerStars Hand #172718450918:  Hold'em Limit ($3/$6 USD) - 2017/07/07 10:21:00 ET
Table 'Haworth II' 6-max Seat #6 is the button
Seat 2: Manipulera ($100.05 in chips)
Seat 6: kiwi/mike ($137.26 in chips)
kiwi/mike: posts small blind $1
Manipulera: posts big blind $3
*** HOLE CARDS ***
TedBacon leaves the table
kiwi/mike: raises $3 to $6
Manipulera: calls $3
*** FLOP *** [7d 5h 2h]
Manipulera: checks
kiwi/mike: bets $3
Manipulera: calls $3
*** TURN *** [7d 5h 2h] [Ts]
Manipulera: checks
kiwi/mike: bets $6
Manipulera: calls $6
*** RIVER *** [7d 5h 2h Ts] [3h]
Manipulera: checks
kiwi/mike: bets $6
Manipulera: folds
Uncalled bet ($6) returned to kiwi/mike
kiwi/mike collected $29.50 from pot
kiwi/mike: doesn't show hand
*** SUMMARY ***
Total pot $30 | Rake $0.50
Board [7d 5h 2h Ts 3h]
Seat 2: Manipulera (big blind) folded on the River
Seat 6: kiwi/mike (button) (small blind) collected ($29.50)


