PokerStars Hand #168997951598:  Hold'em Limit ($3/$6 USD) - 2017/04/13 17:32:49 ET
Table 'Haworth' 10-max Seat #9 is the button
Seat 6: Kristine222 ($119 in chips)
Seat 9: GoliafUa ($121 in chips)
GoliafUa: posts small blind $1
Kristine222: posts big blind $3
*** HOLE CARDS ***
GoliafUa: raises $3 to $6
Kristine222: calls $3
*** FLOP *** [As 2d Qc]
Kristine222: checks
GoliafUa: bets $3
Kristine222: raises $3 to $6
GoliafUa: folds
Uncalled bet ($3) returned to Kristine222
Kristine222 collected $17.64 from pot
Kristine222: doesn't show hand
*** SUMMARY ***
Total pot $18 | Rake $0.36
Board [As 2d Qc]
Seat 6: Kristine222 (big blind) collected ($17.64)
Seat 9: GoliafUa (button) (small blind) folded on the Flop


PokerStars Hand #168997981318:  Hold'em Limit ($3/$6 USD) - 2017/04/13 17:33:26 ET
Table 'Haworth' 10-max Seat #9 is the button
Seat 6: Kristine222 ($106.64 in chips)
Seat 9: GoliafUa ($132.50 in chips)
GoliafUa: posts small blind $1
Kristine222: posts big blind $3
*** HOLE CARDS ***
GoliafUa: raises $3 to $6
Kristine222: calls $3
*** FLOP *** [Qs Kc 7c]
Kristine222: checks
GoliafUa: bets $3
Kristine222: calls $3
*** TURN *** [Qs Kc 7c] [Tc]
Kristine222: checks
GoliafUa: bets $6
Kristine222: calls $6
*** RIVER *** [Qs Kc 7c Tc] [9d]
Kristine222: checks
GoliafUa: checks
*** SHOW DOWN ***
Kristine222: shows [7d 6d] (a pair of Sevens)
GoliafUa: shows [Th Ac] (a pair of Tens)
GoliafUa collected $29.50 from pot
*** SUMMARY ***
Total pot $30 | Rake $0.50
Board [Qs Kc 7c Tc 9d]
Seat 6: Kristine222 (big blind) showed [7d 6d] and lost with a pair of Sevens
Seat 9: GoliafUa (button) (small blind) showed [Th Ac] and won ($29.50) with a pair of Tens


PokerStars Hand #168997968288:  Hold'em Limit ($3/$6 USD) - 2017/04/13 17:33:10 ET
Table 'Haworth' 10-max Seat #6 is the button
Seat 6: Kristine222 ($127.64 in chips)
Seat 9: GoliafUa ($112 in chips)
Kristine222: posts small blind $1
GoliafUa: posts big blind $3
*** HOLE CARDS ***
Kristine222: calls $2
GoliafUa: raises $3 to $6
Kristine222: calls $3
*** FLOP *** [5c 7d 7c]
GoliafUa: bets $3
Kristine222: calls $3
*** TURN *** [5c 7d 7c] [8s]
GoliafUa: bets $6
Kristine222: calls $6
*** RIVER *** [5c 7d 7c 8s] [4d]
GoliafUa: checks
Kristine222: bets $6
GoliafUa: calls $6
*** SHOW DOWN ***
Kristine222: shows [Qc Jc] (a pair of Sevens)
GoliafUa: shows [Ad 4c] (two pair, Sevens and Fours)
GoliafUa collected $41.50 from pot
*** SUMMARY ***
Total pot $42 | Rake $0.50
Board [5c 7d 7c 8s 4d]
Seat 6: Kristine222 (button) (small blind) showed [Qc Jc] and lost with a pair of Sevens
Seat 9: GoliafUa (big blind) showed [Ad 4c] and won ($41.50) with two pair, Sevens and Fours


PokerStars Hand #168997995293:  Hold'em Limit ($3/$6 USD) - 2017/04/13 17:33:43 ET
Table 'Haworth' 10-max Seat #6 is the button
Seat 6: Kristine222 ($91.64 in chips)
Seat 9: GoliafUa ($147 in chips)
Kristine222: posts small blind $1
GoliafUa: posts big blind $3
*** HOLE CARDS ***
Kristine222: calls $2
GoliafUa: checks
*** FLOP *** [Kd Jd Qc]
GoliafUa: bets $3
Kristine222: calls $3
*** TURN *** [Kd Jd Qc] [2h]
GoliafUa: bets $6
Kristine222: calls $6
*** RIVER *** [Kd Jd Qc 2h] [4c]
GoliafUa: checks
Kristine222: bets $6
GoliafUa: folds
Uncalled bet ($6) returned to Kristine222
Kristine222 collected $23.52 from pot
Kristine222: doesn't show hand
*** SUMMARY ***
Total pot $24 | Rake $0.48
Board [Kd Jd Qc 2h 4c]
Seat 6: Kristine222 (button) (small blind) collected ($23.52)
Seat 9: GoliafUa (big blind) folded on the River


PokerStars Hand #168998039508:  Hold'em Limit ($3/$6 USD) - 2017/04/13 17:34:38 ET
Table 'Haworth' 10-max Seat #6 is the button
Seat 6: Kristine222 ($122.42 in chips)
Seat 9: GoliafUa ($115 in chips)
Kristine222: posts small blind $1
GoliafUa: posts big blind $3
*** HOLE CARDS ***
Kristine222: calls $2
GoliafUa: checks
*** FLOP *** [5h Qh 4s]
GoliafUa: bets $3
Kristine222: calls $3
*** TURN *** [5h Qh 4s] [Jd]
GoliafUa: bets $6
Kristine222: calls $6
*** RIVER *** [5h Qh 4s Jd] [4d]
GoliafUa: checks
Kristine222: checks
*** SHOW DOWN ***
GoliafUa: shows [9h 6h] (a pair of Fours)
Kristine222: shows [8s 8d] (two pair, Eights and Fours)
Kristine222 collected $23.52 from pot
*** SUMMARY ***
Total pot $24 | Rake $0.48
Board [5h Qh 4s Jd 4d]
Seat 6: Kristine222 (button) (small blind) showed [8s 8d] and won ($23.52) with two pair, Eights and Fours
Seat 9: GoliafUa (big blind) showed [9h 6h] and lost with a pair of Fours


PokerStars Hand #168998032408:  Hold'em Limit ($3/$6 USD) - 2017/04/13 17:34:29 ET
Table 'Haworth' 10-max Seat #9 is the button
Seat 6: Kristine222 ($116.66 in chips)
Seat 9: GoliafUa ($121 in chips)
GoliafUa: posts small blind $1
Kristine222: posts big blind $3
*** HOLE CARDS ***
GoliafUa: raises $3 to $6
Kristine222: calls $3
*** FLOP *** [4h 9s 7s]
Kristine222: bets $3
GoliafUa: folds
Uncalled bet ($3) returned to Kristine222
Kristine222 collected $11.76 from pot
Kristine222: doesn't show hand
*** SUMMARY ***
Total pot $12 | Rake $0.24
Board [4h 9s 7s]
Seat 6: Kristine222 (big blind) collected ($11.76)
Seat 9: GoliafUa (button) (small blind) folded on the Flop


PokerStars Hand #168998028537:  Hold'em Limit ($3/$6 USD) - 2017/04/13 17:34:24 ET
Table 'Haworth' 10-max Seat #6 is the button
Seat 6: Kristine222 ($117.66 in chips)
Seat 9: GoliafUa ($120 in chips)
Kristine222: posts small blind $1
GoliafUa: posts big blind $3
*** HOLE CARDS ***
Kristine222: folds
Uncalled bet ($2) returned to GoliafUa
GoliafUa collected $2 from pot
GoliafUa: doesn't show hand
*** SUMMARY ***
Total pot $2 | Rake $0
Seat 6: Kristine222 (button) (small blind) folded before Flop
Seat 9: GoliafUa (big blind) collected ($2)


PokerStars Hand #168998014432:  Hold'em Limit ($3/$6 USD) - 2017/04/13 17:34:07 ET
Table 'Haworth' 10-max Seat #9 is the button
Seat 6: Kristine222 ($103.16 in chips)
Seat 9: GoliafUa ($135 in chips)
GoliafUa: posts small blind $1
Kristine222: posts big blind $3
*** HOLE CARDS ***
GoliafUa: raises $3 to $6
Kristine222: calls $3
*** FLOP *** [Jd 9s Ac]
Kristine222: checks
GoliafUa: bets $3
Kristine222: calls $3
*** TURN *** [Jd 9s Ac] [Th]
Kristine222: checks
GoliafUa: bets $6
Kristine222: calls $6
*** RIVER *** [Jd 9s Ac Th] [2h]
Kristine222: checks
GoliafUa: checks
*** SHOW DOWN ***
Kristine222: shows [9c 8d] (a pair of Nines)
GoliafUa: mucks hand
Kristine222 collected $29.50 from pot
*** SUMMARY ***
Total pot $30 | Rake $0.50
Board [Jd 9s Ac Th 2h]
Seat 6: Kristine222 (big blind) showed [9c 8d] and won ($29.50) with a pair of Nines
Seat 9: GoliafUa (button) (small blind) mucked


PokerStars Hand #168998050397:  Hold'em Limit ($3/$6 USD) - 2017/04/13 17:34:51 ET
Table 'Haworth' 10-max Seat #9 is the button
Seat 6: Kristine222 ($133.94 in chips)
Seat 9: GoliafUa ($103 in chips)
GoliafUa: posts small blind $1
Kristine222: posts big blind $3
*** HOLE CARDS ***
GoliafUa: raises $3 to $6
Kristine222: calls $3
*** FLOP *** [6d 4c As]
Kristine222: bets $3
GoliafUa: folds
Uncalled bet ($3) returned to Kristine222
Kristine222 collected $11.76 from pot
Kristine222: doesn't show hand
*** SUMMARY ***
Total pot $12 | Rake $0.24
Board [6d 4c As]
Seat 6: Kristine222 (big blind) collected ($11.76)
Seat 9: GoliafUa (button) (small blind) folded on the Flop


PokerStars Hand #168998059113:  Hold'em Limit ($3/$6 USD) - 2017/04/13 17:35:02 ET
Table 'Haworth' 10-max Seat #6 is the button
Seat 6: Kristine222 ($139.70 in chips)
Seat 9: GoliafUa ($97 in chips)
Kristine222: posts small blind $1
GoliafUa: posts big blind $3
*** HOLE CARDS ***
Kristine222: folds
Uncalled bet ($2) returned to GoliafUa
GoliafUa collected $2 from pot
GoliafUa: doesn't show hand
*** SUMMARY ***
Total pot $2 | Rake $0
Seat 6: Kristine222 (button) (small blind) folded before Flop
Seat 9: GoliafUa (big blind) collected ($2)


