PokerStars Hand #146591275255:  Hold'em Limit ($3/$6 USD) - 2016/01/06 17:20:16 ET
Table 'Haworth II' 2-max Seat #2 is the button
Seat 1: nrJitsu ($195.78 in chips)
Seat 2: HARDGURU ($201.42 in chips)
HARDGURU: posts small blind $1
nrJitsu: posts big blind $3
*** HOLE CARDS ***
HARDGURU: calls $2
nrJitsu: checks
*** FLOP *** [4h 9s 3d]
nrJitsu: checks
HARDGURU: bets $3
nrJitsu: calls $3
*** TURN *** [4h 9s 3d] [Ks]
nrJitsu: checks
HARDGURU: checks
*** RIVER *** [4h 9s 3d Ks] [Ad]
nrJitsu: bets $6
HARDGURU: folds
Uncalled bet ($6) returned to nrJitsu
nrJitsu collected $11.76 from pot
nrJitsu: doesn't show hand
*** SUMMARY ***
Total pot $12 | Rake $0.24
Board [4h 9s 3d Ks Ad]
Seat 1: nrJitsu (big blind) collected ($11.76)
Seat 2: HARDGURU (button) (small blind) folded on the River


PokerStars Hand #146591267450:  Hold'em Limit ($3/$6 USD) - 2016/01/06 17:20:08 ET
Table 'Haworth II' 2-max Seat #1 is the button
Seat 1: nrJitsu ($196.78 in chips)
Seat 2: HARDGURU ($200.42 in chips)
nrJitsu: posts small blind $1
HARDGURU: posts big blind $3
*** HOLE CARDS ***
nrJitsu: folds
Uncalled bet ($2) returned to HARDGURU
HARDGURU collected $2 from pot
HARDGURU: doesn't show hand
*** SUMMARY ***
Total pot $2 | Rake $0
Seat 1: nrJitsu (button) (small blind) folded before Flop
Seat 2: HARDGURU (big blind) collected ($2)


PokerStars Hand #146591254608:  Hold'em Limit ($3/$6 USD) - 2016/01/06 17:19:55 ET
Table 'Haworth II' 2-max Seat #2 is the button
Seat 1: nrJitsu ($191.02 in chips)
Seat 2: HARDGURU ($206.42 in chips)
HARDGURU: posts small blind $1
nrJitsu: posts big blind $3
*** HOLE CARDS ***
HARDGURU: calls $2
nrJitsu: raises $3 to $6
HARDGURU: calls $3
*** FLOP *** [8h Ad Td]
nrJitsu: bets $3
HARDGURU: folds
Uncalled bet ($3) returned to nrJitsu
nrJitsu collected $11.76 from pot
nrJitsu: doesn't show hand
*** SUMMARY ***
Total pot $12 | Rake $0.24
Board [8h Ad Td]
Seat 1: nrJitsu (big blind) collected ($11.76)
Seat 2: HARDGURU (button) (small blind) folded on the Flop


PokerStars Hand #146591247542:  Hold'em Limit ($3/$6 USD) - 2016/01/06 17:19:48 ET
Table 'Haworth II' 2-max Seat #1 is the button
Seat 1: nrJitsu ($188.02 in chips)
Seat 2: HARDGURU ($209.42 in chips)
nrJitsu: posts small blind $1
HARDGURU: posts big blind $3
*** HOLE CARDS ***
nrJitsu: raises $3 to $6
HARDGURU: folds
Uncalled bet ($3) returned to nrJitsu
nrJitsu collected $6 from pot
nrJitsu: doesn't show hand
*** SUMMARY ***
Total pot $6 | Rake $0
Seat 1: nrJitsu (button) (small blind) collected ($6)
Seat 2: HARDGURU (big blind) folded before Flop


PokerStars Hand #146591225549:  Hold'em Limit ($3/$6 USD) - 2016/01/06 17:19:26 ET
Table 'Haworth II' 2-max Seat #2 is the button
Seat 1: nrJitsu ($191.02 in chips)
Seat 2: HARDGURU ($206.54 in chips)
HARDGURU: posts small blind $1
nrJitsu: posts big blind $3
*** HOLE CARDS ***
HARDGURU: calls $2
nrJitsu: checks
*** FLOP *** [Qh 6c 6h]
nrJitsu: checks
HARDGURU: checks
*** TURN *** [Qh 6c 6h] [Ad]
nrJitsu: checks
HARDGURU: bets $6
nrJitsu: folds
Uncalled bet ($6) returned to HARDGURU
HARDGURU collected $5.88 from pot
HARDGURU: doesn't show hand
*** SUMMARY ***
Total pot $6 | Rake $0.12
Board [Qh 6c 6h Ad]
Seat 1: nrJitsu (big blind) folded on the Turn
Seat 2: HARDGURU (button) (small blind) collected ($5.88)


PokerStars Hand #146591334365:  Hold'em Limit ($3/$6 USD) - 2016/01/06 17:21:15 ET
Table 'Haworth II' 2-max Seat #1 is the button
Seat 1: nrJitsu ($227.80 in chips)
Seat 2: HARDGURU ($168.42 in chips)
nrJitsu: posts small blind $1
HARDGURU: posts big blind $3
*** HOLE CARDS ***
nrJitsu: raises $3 to $6
HARDGURU: calls $3
*** FLOP *** [7h Td Kc]
HARDGURU: checks
nrJitsu: checks
*** TURN *** [7h Td Kc] [8c]
HARDGURU: bets $6
nrJitsu: folds
Uncalled bet ($6) returned to HARDGURU
HARDGURU collected $11.76 from pot
HARDGURU: doesn't show hand
*** SUMMARY ***
Total pot $12 | Rake $0.24
Board [7h Td Kc 8c]
Seat 1: nrJitsu (button) (small blind) folded on the Turn
Seat 2: HARDGURU (big blind) collected ($11.76)


PokerStars Hand #146591308340:  Hold'em Limit ($3/$6 USD) - 2016/01/06 17:20:49 ET
Table 'Haworth II' 2-max Seat #2 is the button
Seat 1: nrJitsu ($207.30 in chips)
Seat 2: HARDGURU ($189.42 in chips)
HARDGURU: posts small blind $1
nrJitsu: posts big blind $3
*** HOLE CARDS ***
HARDGURU: calls $2
nrJitsu: raises $3 to $6
HARDGURU: calls $3
*** FLOP *** [Td 2h 4d]
nrJitsu: bets $3
HARDGURU: calls $3
*** TURN *** [Td 2h 4d] [7d]
nrJitsu: bets $6
HARDGURU: calls $6
*** RIVER *** [Td 2h 4d 7d] [Kc]
nrJitsu: bets $6
HARDGURU: calls $6
*** SHOW DOWN ***
nrJitsu: shows [Qh Qd] (a pair of Queens)
HARDGURU: mucks hand
nrJitsu collected $41.50 from pot
*** SUMMARY ***
Total pot $42 | Rake $0.50
Board [Td 2h 4d 7d Kc]
Seat 1: nrJitsu (big blind) showed [Qh Qd] and won ($41.50) with a pair of Queens
Seat 2: HARDGURU (button) (small blind) mucked


PokerStars Hand #146591296068:  Hold'em Limit ($3/$6 USD) - 2016/01/06 17:20:37 ET
Table 'Haworth II' 2-max Seat #1 is the button
Seat 1: nrJitsu ($201.54 in chips)
Seat 2: HARDGURU ($195.42 in chips)
nrJitsu: posts small blind $1
HARDGURU: posts big blind $3
*** HOLE CARDS ***
nrJitsu: raises $3 to $6
HARDGURU: calls $3
*** FLOP *** [Ks Td 5s]
HARDGURU: checks
nrJitsu: bets $3
HARDGURU: folds
Uncalled bet ($3) returned to nrJitsu
nrJitsu collected $11.76 from pot
nrJitsu: doesn't show hand
*** SUMMARY ***
Total pot $12 | Rake $0.24
Board [Ks Td 5s]
Seat 1: nrJitsu (button) (small blind) collected ($11.76)
Seat 2: HARDGURU (big blind) folded on the Flop


PokerStars Hand #146591406511:  Hold'em Limit ($3/$6 USD) - 2016/01/06 17:22:27 ET
Table 'Haworth II' 2-max Seat #1 is the button
Seat 1: nrJitsu ($220.68 in chips)
Seat 2: HARDGURU ($175.06 in chips)
nrJitsu: posts small blind $1
HARDGURU: posts big blind $3
*** HOLE CARDS ***
nrJitsu: folds
Uncalled bet ($2) returned to HARDGURU
HARDGURU collected $2 from pot
HARDGURU: doesn't show hand
*** SUMMARY ***
Total pot $2 | Rake $0
Seat 1: nrJitsu (button) (small blind) folded before Flop
Seat 2: HARDGURU (big blind) collected ($2)


PokerStars Hand #146591385751:  Hold'em Limit ($3/$6 USD) - 2016/01/06 17:22:06 ET
Table 'Haworth II' 2-max Seat #2 is the button
Seat 1: nrJitsu ($217.80 in chips)
Seat 2: HARDGURU ($178.06 in chips)
HARDGURU: posts small blind $1
nrJitsu: posts big blind $3
*** HOLE CARDS ***
HARDGURU: calls $2
nrJitsu: checks
*** FLOP *** [6s Ks 2c]
nrJitsu: checks
HARDGURU: checks
*** TURN *** [6s Ks 2c] [2h]
nrJitsu: bets $6
HARDGURU: folds
Uncalled bet ($6) returned to nrJitsu
nrJitsu collected $5.88 from pot
nrJitsu: doesn't show hand
*** SUMMARY ***
Total pot $6 | Rake $0.12
Board [6s Ks 2c 2h]
Seat 1: nrJitsu (big blind) collected ($5.88)
Seat 2: HARDGURU (button) (small blind) folded on the Turn


PokerStars Hand #146591380990:  Hold'em Limit ($3/$6 USD) - 2016/01/06 17:22:01 ET
Table 'Haworth II' 2-max Seat #1 is the button
Seat 1: nrJitsu ($218.80 in chips)
Seat 2: HARDGURU ($177.06 in chips)
nrJitsu: posts small blind $1
HARDGURU: posts big blind $3
*** HOLE CARDS ***
nrJitsu: folds
Uncalled bet ($2) returned to HARDGURU
HARDGURU collected $2 from pot
HARDGURU: doesn't show hand
*** SUMMARY ***
Total pot $2 | Rake $0
Seat 1: nrJitsu (button) (small blind) folded before Flop
Seat 2: HARDGURU (big blind) collected ($2)


PokerStars Hand #146591348658:  Hold'em Limit ($3/$6 USD) - 2016/01/06 17:21:29 ET
Table 'Haworth II' 2-max Seat #2 is the button
Seat 1: nrJitsu ($221.80 in chips)
Seat 2: HARDGURU ($174.18 in chips)
HARDGURU: posts small blind $1
nrJitsu: posts big blind $3
*** HOLE CARDS ***
HARDGURU: calls $2
nrJitsu: checks
*** FLOP *** [9s 9h 8d]
nrJitsu: checks
HARDGURU: bets $3
nrJitsu: folds
Uncalled bet ($3) returned to HARDGURU
HARDGURU collected $5.88 from pot
HARDGURU: doesn't show hand
*** SUMMARY ***
Total pot $6 | Rake $0.12
Board [9s 9h 8d]
Seat 1: nrJitsu (big blind) folded on the Flop
Seat 2: HARDGURU (button) (small blind) collected ($5.88)


PokerStars Hand #146591462349:  Hold'em Limit ($3/$6 USD) - 2016/01/06 17:23:24 ET
Table 'Haworth II' 2-max Seat #1 is the button
Seat 1: nrJitsu ($227.18 in chips)
Seat 2: HARDGURU ($167.82 in chips)
nrJitsu: posts small blind $1
HARDGURU: posts big blind $3
*** HOLE CARDS ***
nrJitsu: folds
Uncalled bet ($2) returned to HARDGURU
HARDGURU collected $2 from pot
HARDGURU: doesn't show hand
*** SUMMARY ***
Total pot $2 | Rake $0
Seat 1: nrJitsu (button) (small blind) folded before Flop
Seat 2: HARDGURU (big blind) collected ($2)


PokerStars Hand #146591438977:  Hold'em Limit ($3/$6 USD) - 2016/01/06 17:23:00 ET
Table 'Haworth II' 2-max Seat #2 is the button
Seat 1: nrJitsu ($233.18 in chips)
Seat 2: HARDGURU ($162.06 in chips)
HARDGURU: posts small blind $1
nrJitsu: posts big blind $3
*** HOLE CARDS ***
HARDGURU: raises $3 to $6
nrJitsu: calls $3
*** FLOP *** [3h 7d Kh]
nrJitsu: checks
HARDGURU: checks
*** TURN *** [3h 7d Kh] [Jd]
nrJitsu: checks
HARDGURU: bets $6
nrJitsu: folds
Uncalled bet ($6) returned to HARDGURU
HARDGURU collected $11.76 from pot
HARDGURU: doesn't show hand
*** SUMMARY ***
Total pot $12 | Rake $0.24
Board [3h 7d Kh Jd]
Seat 1: nrJitsu (big blind) folded on the Turn
Seat 2: HARDGURU (button) (small blind) collected ($11.76)


PokerStars Hand #146591433936:  Hold'em Limit ($3/$6 USD) - 2016/01/06 17:22:55 ET
Table 'Haworth II' 2-max Seat #1 is the button
Seat 1: nrJitsu ($234.18 in chips)
Seat 2: HARDGURU ($161.06 in chips)
nrJitsu: posts small blind $1
HARDGURU: posts big blind $3
*** HOLE CARDS ***
nrJitsu: folds
Uncalled bet ($2) returned to HARDGURU
HARDGURU collected $2 from pot
HARDGURU: doesn't show hand
*** SUMMARY ***
Total pot $2 | Rake $0
Seat 1: nrJitsu (button) (small blind) folded before Flop
Seat 2: HARDGURU (big blind) collected ($2)


PokerStars Hand #146591412594:  Hold'em Limit ($3/$6 USD) - 2016/01/06 17:22:33 ET
Table 'Haworth II' 2-max Seat #2 is the button
Seat 1: nrJitsu ($219.68 in chips)
Seat 2: HARDGURU ($176.06 in chips)
HARDGURU: posts small blind $1
nrJitsu: posts big blind $3
*** HOLE CARDS ***
HARDGURU: calls $2
nrJitsu: raises $3 to $6
HARDGURU: calls $3
*** FLOP *** [3s Kd 9c]
nrJitsu: bets $3
HARDGURU: calls $3
*** TURN *** [3s Kd 9c] [4d]
nrJitsu: bets $6
HARDGURU: calls $6
*** RIVER *** [3s Kd 9c 4d] [2s]
nrJitsu: bets $6
HARDGURU: folds
Uncalled bet ($6) returned to nrJitsu
nrJitsu collected $29.50 from pot
nrJitsu: doesn't show hand
*** SUMMARY ***
Total pot $30 | Rake $0.50
Board [3s Kd 9c 4d 2s]
Seat 1: nrJitsu (big blind) collected ($29.50)
Seat 2: HARDGURU (button) (small blind) folded on the River


PokerStars Hand #146591499303:  Hold'em Limit ($3/$6 USD) - 2016/01/06 17:24:02 ET
Table 'Haworth II' 2-max Seat #1 is the button
Seat 1: nrJitsu ($214.18 in chips)
Seat 2: HARDGURU ($180.34 in chips)
nrJitsu: posts small blind $1
HARDGURU: posts big blind $3
*** HOLE CARDS ***
nrJitsu: raises $3 to $6
HARDGURU: calls $3
*** FLOP *** [8d Ad 9c]
HARDGURU: checks
nrJitsu: bets $3
HARDGURU: calls $3
*** TURN *** [8d Ad 9c] [4d]
HARDGURU: checks
nrJitsu: bets $6
HARDGURU: calls $6
*** RIVER *** [8d Ad 9c 4d] [3h]
HARDGURU: checks
nrJitsu: bets $6
HARDGURU: folds
Uncalled bet ($6) returned to nrJitsu
nrJitsu collected $29.50 from pot
nrJitsu: doesn't show hand
*** SUMMARY ***
Total pot $30 | Rake $0.50
Board [8d Ad 9c 4d 3h]
Seat 1: nrJitsu (button) (small blind) collected ($29.50)
Seat 2: HARDGURU (big blind) folded on the River


PokerStars Hand #146591471592:  Hold'em Limit ($3/$6 USD) - 2016/01/06 17:23:33 ET
Table 'Haworth II' 2-max Seat #2 is the button
Seat 1: nrJitsu ($226.18 in chips)
Seat 2: HARDGURU ($168.82 in chips)
HARDGURU: posts small blind $1
nrJitsu: posts big blind $3
*** HOLE CARDS ***
HARDGURU: raises $3 to $6
nrJitsu: calls $3
*** FLOP *** [Kd 2d 8s]
nrJitsu: checks
HARDGURU: checks
*** TURN *** [Kd 2d 8s] [Kh]
nrJitsu: checks
HARDGURU: checks
*** RIVER *** [Kd 2d 8s Kh] [4s]
nrJitsu: checks
HARDGURU: bets $6
nrJitsu: calls $6
*** SHOW DOWN ***
HARDGURU: shows [3h Kc] (three of a kind, Kings)
nrJitsu: mucks hand
HARDGURU collected $23.52 from pot
*** SUMMARY ***
Total pot $24 | Rake $0.48
Board [Kd 2d 8s Kh 4s]
Seat 1: nrJitsu (big blind) mucked
Seat 2: HARDGURU (button) (small blind) showed [3h Kc] and won ($23.52) with three of a kind, Kings


PokerStars Hand #146591595060:  Hold'em Limit ($3/$6 USD) - 2016/01/06 17:25:32 ET
Table 'Haworth II' 2-max Seat #1 is the button
Seat 1: nrJitsu ($206.68 in chips)
Seat 2: HARDGURU ($186.50 in chips)
nrJitsu: posts small blind $1
HARDGURU: posts big blind $3
*** HOLE CARDS ***
nrJitsu: raises $3 to $6
HARDGURU: folds
Uncalled bet ($3) returned to nrJitsu
nrJitsu collected $6 from pot
nrJitsu: doesn't show hand
*** SUMMARY ***
Total pot $6 | Rake $0
Seat 1: nrJitsu (button) (small blind) collected ($6)
Seat 2: HARDGURU (big blind) folded before Flop


PokerStars Hand #146591567986:  Hold'em Limit ($3/$6 USD) - 2016/01/06 17:25:08 ET
Table 'Haworth II' 2-max Seat #2 is the button
Seat 1: nrJitsu ($218.68 in chips)
Seat 2: HARDGURU ($174.98 in chips)
HARDGURU: posts small blind $1
nrJitsu: posts big blind $3
*** HOLE CARDS ***
HARDGURU: calls $2
nrJitsu: checks
*** FLOP *** [3c Kc 3s]
nrJitsu: checks
HARDGURU: bets $3
nrJitsu: calls $3
*** TURN *** [3c Kc 3s] [5d]
nrJitsu: checks
HARDGURU: checks
*** RIVER *** [3c Kc 3s 5d] [7h]
nrJitsu: checks
HARDGURU: bets $6
nrJitsu: calls $6
*** SHOW DOWN ***
HARDGURU: shows [Qh 7s] (two pair, Sevens and Threes)
nrJitsu: mucks hand
HARDGURU collected $23.52 from pot
*** SUMMARY ***
Total pot $24 | Rake $0.48
Board [3c Kc 3s 5d 7h]
Seat 1: nrJitsu (big blind) mucked
Seat 2: HARDGURU (button) (small blind) showed [Qh 7s] and won ($23.52) with two pair, Sevens and Threes


PokerStars Hand #146591558417:  Hold'em Limit ($3/$6 USD) - 2016/01/06 17:24:59 ET
Table 'Haworth II' 2-max Seat #1 is the button
Seat 1: nrJitsu ($219.68 in chips)
Seat 2: HARDGURU ($173.98 in chips)
nrJitsu: posts small blind $1
HARDGURU: posts big blind $3
*** HOLE CARDS ***
nrJitsu: folds
Uncalled bet ($2) returned to HARDGURU
HARDGURU collected $2 from pot
HARDGURU: doesn't show hand
*** SUMMARY ***
Total pot $2 | Rake $0
Seat 1: nrJitsu (button) (small blind) folded before Flop
Seat 2: HARDGURU (big blind) collected ($2)


PokerStars Hand #146591535466:  Hold'em Limit ($3/$6 USD) - 2016/01/06 17:24:38 ET
Table 'Haworth II' 2-max Seat #2 is the button
Seat 1: nrJitsu ($228.68 in chips)
Seat 2: HARDGURU ($165.34 in chips)
HARDGURU: posts small blind $1
nrJitsu: posts big blind $3
*** HOLE CARDS ***
HARDGURU: calls $2
nrJitsu: checks
*** FLOP *** [3c Td As]
nrJitsu: checks
HARDGURU: checks
*** TURN *** [3c Td As] [7s]
nrJitsu: bets $6
HARDGURU: calls $6
*** RIVER *** [3c Td As 7s] [Kh]
nrJitsu: checks
HARDGURU: bets $6
nrJitsu: folds
Uncalled bet ($6) returned to HARDGURU
HARDGURU collected $17.64 from pot
HARDGURU: doesn't show hand
*** SUMMARY ***
Total pot $18 | Rake $0.36
Board [3c Td As 7s Kh]
Seat 1: nrJitsu (big blind) folded on the River
Seat 2: HARDGURU (button) (small blind) collected ($17.64)


PokerStars Hand #146591636140:  Hold'em Limit ($3/$6 USD) - 2016/01/06 17:26:07 ET
Table 'Haworth II' 2-max Seat #1 is the button
Seat 1: nrJitsu ($215.44 in chips)
Seat 2: HARDGURU ($177.50 in chips)
nrJitsu: posts small blind $1
HARDGURU: posts big blind $3
*** HOLE CARDS ***
nrJitsu: folds
Uncalled bet ($2) returned to HARDGURU
HARDGURU collected $2 from pot
HARDGURU: doesn't show hand
*** SUMMARY ***
Total pot $2 | Rake $0
Seat 1: nrJitsu (button) (small blind) folded before Flop
Seat 2: HARDGURU (big blind) collected ($2)


PokerStars Hand #146591605395:  Hold'em Limit ($3/$6 USD) - 2016/01/06 17:25:41 ET
Table 'Haworth II' 2-max Seat #2 is the button
Seat 1: nrJitsu ($209.68 in chips)
Seat 2: HARDGURU ($183.50 in chips)
HARDGURU: posts small blind $1
nrJitsu: posts big blind $3
*** HOLE CARDS ***
HARDGURU: calls $2
nrJitsu: checks
*** FLOP *** [Ac 9c 5c]
nrJitsu: checks
HARDGURU: bets $3
nrJitsu: calls $3
*** TURN *** [Ac 9c 5c] [As]
nrJitsu: checks
HARDGURU: checks
*** RIVER *** [Ac 9c 5c As] [Kd]
nrJitsu: checks
HARDGURU: checks
*** SHOW DOWN ***
nrJitsu: shows [5d 8s] (two pair, Aces and Fives)
HARDGURU: mucks hand
nrJitsu collected $11.76 from pot
*** SUMMARY ***
Total pot $12 | Rake $0.24
Board [Ac 9c 5c As Kd]
Seat 1: nrJitsu (big blind) showed [5d 8s] and won ($11.76) with two pair, Aces and Fives
Seat 2: HARDGURU (button) (small blind) mucked


PokerStars Hand #146591712777:  Hold'em Limit ($3/$6 USD) - 2016/01/06 17:27:13 ET
Table 'Haworth II' 2-max Seat #2 is the button
Seat 1: nrJitsu ($193.08 in chips)
Seat 2: HARDGURU ($199 in chips)
HARDGURU: posts small blind $1
nrJitsu: posts big blind $3
*** HOLE CARDS ***
HARDGURU: calls $2
nrJitsu: checks
*** FLOP *** [9s 5c 5s]
nrJitsu: checks
HARDGURU: checks
*** TURN *** [9s 5c 5s] [8d]
nrJitsu: checks
HARDGURU: bets $6
nrJitsu: folds
Uncalled bet ($6) returned to HARDGURU
HARDGURU collected $5.88 from pot
HARDGURU: doesn't show hand
*** SUMMARY ***
Total pot $6 | Rake $0.12
Board [9s 5c 5s 8d]
Seat 1: nrJitsu (big blind) folded on the Turn
Seat 2: HARDGURU (button) (small blind) collected ($5.88)


PokerStars Hand #146591687621:  Hold'em Limit ($3/$6 USD) - 2016/01/06 17:26:51 ET
Table 'Haworth II' 2-max Seat #1 is the button
Seat 1: nrJitsu ($184.44 in chips)
Seat 2: HARDGURU ($208 in chips)
nrJitsu: posts small blind $1
HARDGURU: posts big blind $3
*** HOLE CARDS ***
nrJitsu: raises $3 to $6
HARDGURU: calls $3
*** FLOP *** [6d Qd 2d]
HARDGURU: bets $3
nrJitsu: calls $3
*** TURN *** [6d Qd 2d] [5h]
HARDGURU: checks
nrJitsu: bets $6
HARDGURU: folds
Uncalled bet ($6) returned to nrJitsu
nrJitsu collected $17.64 from pot
nrJitsu: doesn't show hand
*** SUMMARY ***
Total pot $18 | Rake $0.36
Board [6d Qd 2d 5h]
Seat 1: nrJitsu (button) (small blind) collected ($17.64)
Seat 2: HARDGURU (big blind) folded on the Turn


PokerStars Hand #146591643034:  Hold'em Limit ($3/$6 USD) - 2016/01/06 17:26:13 ET
Table 'Haworth II' 2-max Seat #2 is the button
Seat 1: nrJitsu ($214.44 in chips)
Seat 2: HARDGURU ($178.50 in chips)
HARDGURU: posts small blind $1
nrJitsu: posts big blind $3
*** HOLE CARDS ***
HARDGURU: raises $3 to $6
nrJitsu: raises $3 to $9
HARDGURU: calls $3
*** FLOP *** [Kd 8d 8h]
nrJitsu: bets $3
HARDGURU: calls $3
*** TURN *** [Kd 8d 8h] [3s]
nrJitsu: bets $6
HARDGURU: calls $6
*** RIVER *** [Kd 8d 8h 3s] [Kc]
nrJitsu: bets $6
HARDGURU: raises $6 to $12
nrJitsu: calls $6
*** SHOW DOWN ***
HARDGURU: shows [Ks Jd] (a full house, Kings full of Eights)
nrJitsu: mucks hand
HARDGURU collected $59.50 from pot
*** SUMMARY ***
Total pot $60 | Rake $0.50
Board [Kd 8d 8h 3s Kc]
Seat 1: nrJitsu (big blind) mucked
Seat 2: HARDGURU (button) (small blind) showed [Ks Jd] and won ($59.50) with a full house, Kings full of Eights


PokerStars Hand #146591774557:  Hold'em Limit ($3/$6 USD) - 2016/01/06 17:28:06 ET
Table 'Haworth II' 2-max Seat #2 is the button
Seat 1: nrJitsu ($175.08 in chips)
Seat 2: HARDGURU ($216.38 in chips)
HARDGURU: posts small blind $1
nrJitsu: posts big blind $3
*** HOLE CARDS ***
HARDGURU: raises $3 to $6
nrJitsu: raises $3 to $9
HARDGURU: calls $3
*** FLOP *** [Qh 5d 8h]
nrJitsu: bets $3
HARDGURU: calls $3
*** TURN *** [Qh 5d 8h] [4d]
nrJitsu: bets $6
HARDGURU: calls $6
*** RIVER *** [Qh 5d 8h 4d] [8c]
nrJitsu: bets $6
HARDGURU: raises $6 to $12
nrJitsu: folds
Uncalled bet ($6) returned to HARDGURU
HARDGURU collected $47.50 from pot
HARDGURU: doesn't show hand
*** SUMMARY ***
Total pot $48 | Rake $0.50
Board [Qh 5d 8h 4d 8c]
Seat 1: nrJitsu (big blind) folded on the River
Seat 2: HARDGURU (button) (small blind) collected ($47.50)


PokerStars Hand #146591738105:  Hold'em Limit ($3/$6 USD) - 2016/01/06 17:27:35 ET
Table 'Haworth II' 2-max Seat #1 is the button
Seat 1: nrJitsu ($190.08 in chips)
Seat 2: HARDGURU ($201.88 in chips)
nrJitsu: posts small blind $1
HARDGURU: posts big blind $3
*** HOLE CARDS ***
nrJitsu: raises $3 to $6
HARDGURU: calls $3
*** FLOP *** [2s 6h 9s]
HARDGURU: checks
nrJitsu: bets $3
HARDGURU: calls $3
*** TURN *** [2s 6h 9s] [2h]
HARDGURU: checks
nrJitsu: bets $6
HARDGURU: calls $6
*** RIVER *** [2s 6h 9s 2h] [5c]
HARDGURU: checks
nrJitsu: checks
*** SHOW DOWN ***
HARDGURU: shows [6d 8c] (two pair, Sixes and Deuces)
nrJitsu: mucks hand
HARDGURU collected $29.50 from pot
*** SUMMARY ***
Total pot $30 | Rake $0.50
Board [2s 6h 9s 2h 5c]
Seat 1: nrJitsu (button) (small blind) mucked
Seat 2: HARDGURU (big blind) showed [6d 8c] and won ($29.50) with two pair, Sixes and Deuces


PokerStars Hand #146591822781:  Hold'em Limit ($3/$6 USD) - 2016/01/06 17:28:49 ET
Table 'Haworth II' 2-max Seat #2 is the button
Seat 1: nrJitsu ($156.84 in chips)
Seat 2: HARDGURU ($233.88 in chips)
HARDGURU: posts small blind $1
nrJitsu: posts big blind $3
*** HOLE CARDS ***
HARDGURU: calls $2
nrJitsu: checks
*** FLOP *** [Qs Ah 2s]
nrJitsu: checks
HARDGURU: checks
*** TURN *** [Qs Ah 2s] [7h]
nrJitsu: checks
HARDGURU: bets $6
nrJitsu: calls $6
*** RIVER *** [Qs Ah 2s 7h] [Qc]
nrJitsu: checks
HARDGURU: bets $6
nrJitsu: calls $6
*** SHOW DOWN ***
HARDGURU: shows [Kc Kh] (two pair, Kings and Queens)
nrJitsu: mucks hand
HARDGURU collected $29.50 from pot
*** SUMMARY ***
Total pot $30 | Rake $0.50
Board [Qs Ah 2s 7h Qc]
Seat 1: nrJitsu (big blind) mucked
Seat 2: HARDGURU (button) (small blind) showed [Kc Kh] and won ($29.50) with two pair, Kings and Queens


PokerStars Hand #146591808216:  Hold'em Limit ($3/$6 USD) - 2016/01/06 17:28:36 ET
Table 'Haworth II' 2-max Seat #1 is the button
Seat 1: nrJitsu ($151.08 in chips)
Seat 2: HARDGURU ($239.88 in chips)
nrJitsu: posts small blind $1
HARDGURU: posts big blind $3
*** HOLE CARDS ***
nrJitsu: raises $3 to $6
HARDGURU: calls $3
*** FLOP *** [9s 5d Kc]
HARDGURU: checks
nrJitsu: bets $3
HARDGURU: folds
Uncalled bet ($3) returned to nrJitsu
nrJitsu collected $11.76 from pot
nrJitsu: doesn't show hand
*** SUMMARY ***
Total pot $12 | Rake $0.24
Board [9s 5d Kc]
Seat 1: nrJitsu (button) (small blind) collected ($11.76)
Seat 2: HARDGURU (big blind) folded on the Flop


