PokerStars Hand #169259349857:  Hold'em Limit ($3/$6 USD) - 2017/04/19 10:10:27 ET
Table 'Haworth' 10-max Seat #7 is the button
Seat 7: Actionni13 ($150 in chips)
Seat 8: apx0surry9 ($102.77 in chips)
Actionni13: posts small blind $1
apx0surry9: posts big blind $3
*** HOLE CARDS ***
Actionni13: raises $3 to $6
apx0surry9: calls $3
*** FLOP *** [5h 3s 9d]
kolaz03 joins the table at seat #9
apx0surry9: checks
Actionni13: bets $3
apx0surry9: calls $3
*** TURN *** [5h 3s 9d] [Kd]
apx0surry9: checks
Actionni13: checks
*** RIVER *** [5h 3s 9d Kd] [Jh]
apx0surry9: bets $6
Actionni13: calls $6
*** SHOW DOWN ***
apx0surry9: shows [Kc 4c] (a pair of Kings)
Actionni13: mucks hand
apx0surry9 collected $29.50 from pot
*** SUMMARY ***
Total pot $30 | Rake $0.50
Board [5h 3s 9d Kd Jh]
Seat 7: Actionni13 (button) (small blind) mucked
Seat 8: apx0surry9 (big blind) showed [Kc 4c] and won ($29.50) with a pair of Kings


PokerStars Hand #169259423679:  Hold'em Limit ($3/$6 USD) - 2017/04/19 10:12:26 ET
Table 'Haworth' 10-max Seat #7 is the button
Seat 7: Actionni13 ($166.92 in chips)
Seat 9: kolaz03 ($72 in chips)
HAL9QQQ will be allowed to play after the button
Actionni13: posts small blind $1
apx0surry9: is sitting out
kolaz03: posts big blind $3
*** HOLE CARDS ***
Actionni13: raises $3 to $6
kolaz03: raises $3 to $9
Actionni13: calls $3
*** FLOP *** [Jc 8h 6h]
kolaz03: bets $3
Actionni13: calls $3
*** TURN *** [Jc 8h 6h] [4h]
kolaz03: bets $6
Actionni13: raises $6 to $12
kolaz03: calls $6
*** RIVER *** [Jc 8h 6h 4h] [Qs]
kolaz03: checks
Actionni13: bets $6
kolaz03: calls $6
*** SHOW DOWN ***
Actionni13: shows [4s 8s] (two pair, Eights and Fours)
kolaz03: mucks hand
Actionni13 collected $59.50 from pot
*** SUMMARY ***
Total pot $60 | Rake $0.50
Board [Jc 8h 6h 4h Qs]
Seat 7: Actionni13 (button) (small blind) showed [4s 8s] and won ($59.50) with two pair, Eights and Fours
Seat 9: kolaz03 (big blind) mucked


PokerStars Hand #169273340801:  Hold'em Limit ($3/$6 USD) - 2017/04/19 15:24:48 ET
Table 'Haworth' 10-max Seat #5 is the button
Seat 5: simper11 ($184.71 in chips)
Seat 6: hairy1961 ($50 in chips)
simper11: posts small blind $1
hairy1961: posts big blind $3
*** HOLE CARDS ***
simper11: folds
Uncalled bet ($2) returned to hairy1961
hairy1961 collected $2 from pot
*** SUMMARY ***
Total pot $2 | Rake $0
Seat 5: simper11 (button) (small blind) folded before Flop
Seat 6: hairy1961 (big blind) collected ($2)


PokerStars Hand #169273370667:  Hold'em Limit ($3/$6 USD) - 2017/04/19 15:25:25 ET
Table 'Haworth' 10-max Seat #5 is the button
Seat 5: simper11 ($204.21 in chips)
Seat 6: hairy1961 ($30 in chips)
simper11: posts small blind $1
hairy1961: posts big blind $3
*** HOLE CARDS ***
simper11: raises $3 to $6
hairy1961: calls $3
*** FLOP *** [3s 7s 7d]
hairy1961: checks
simper11: bets $3
hairy1961: calls $3
*** TURN *** [3s 7s 7d] [Qd]
hairy1961: checks
simper11: bets $6
hairy1961: raises $6 to $12
simper11: calls $6
*** RIVER *** [3s 7s 7d Qd] [Ah]
hairy1961: bets $6
simper11: folds
Uncalled bet ($6) returned to hairy1961
hairy1961 collected $41.50 from pot
*** SUMMARY ***
Total pot $42 | Rake $0.50
Board [3s 7s 7d Qd Ah]
Seat 5: simper11 (button) (small blind) folded on the River
Seat 6: hairy1961 (big blind) collected ($41.50)


PokerStars Hand #169278364971:  Hold'em Limit ($3/$6 USD) - 2017/04/19 17:10:50 ET
Table 'Haworth' 10-max Seat #7 is the button
Seat 6: HamNEgger100 ($104.27 in chips)
Seat 7: Zubasa07 ($255.20 in chips)
Zubasa07: posts small blind $1
masterblstr8: is sitting out
HamNEgger100: posts big blind $3
*** HOLE CARDS ***
Zubasa07: raises $3 to $6
masterblstr8 leaves the table
HamNEgger100: folds
Uncalled bet ($3) returned to Zubasa07
Zubasa07 collected $6 from pot
Zubasa07: doesn't show hand
*** SUMMARY ***
Total pot $6 | Rake $0
Seat 6: HamNEgger100 (big blind) folded before Flop
Seat 7: Zubasa07 (button) (small blind) collected ($6)


PokerStars Hand #169278371781:  Hold'em Limit ($3/$6 USD) - 2017/04/19 17:10:58 ET
Table 'Haworth' 10-max Seat #6 is the button
Seat 6: HamNEgger100 ($101.27 in chips)
Seat 7: Zubasa07 ($258.20 in chips)
HamNEgger100: posts small blind $1
Zubasa07: posts big blind $3
*** HOLE CARDS ***
HamNEgger100: calls $2
Zubasa07: raises $3 to $6
HamNEgger100: calls $3
*** FLOP *** [8d 9h 6s]
Zubasa07: bets $3
HamNEgger100: calls $3
*** TURN *** [8d 9h 6s] [Ks]
Zubasa07: bets $6
HamNEgger100: calls $6
*** RIVER *** [8d 9h 6s Ks] [Qs]
Zubasa07: bets $6
HamNEgger100: folds
Uncalled bet ($6) returned to Zubasa07
Zubasa07 collected $29.50 from pot
Zubasa07: doesn't show hand
*** SUMMARY ***
Total pot $30 | Rake $0.50
Board [8d 9h 6s Ks Qs]
Seat 6: HamNEgger100 (button) (small blind) folded on the River
Seat 7: Zubasa07 (big blind) collected ($29.50)


PokerStars Hand #169278430983:  Hold'em Limit ($3/$6 USD) - 2017/04/19 17:12:07 ET
Table 'Haworth' 10-max Seat #7 is the button
Seat 6: HamNEgger100 ($86.27 in chips)
Seat 7: Zubasa07 ($272.70 in chips)
Zubasa07: posts small blind $1
HamNEgger100: posts big blind $3
*** HOLE CARDS ***
Zubasa07: raises $3 to $6
HamNEgger100: raises $3 to $9
Zubasa07: calls $3
*** FLOP *** [7s Jc 7d]
HamNEgger100: bets $3
Zubasa07: calls $3
*** TURN *** [7s Jc 7d] [3s]
HamNEgger100: bets $6
Zubasa07: calls $6
*** RIVER *** [7s Jc 7d 3s] [4d]
HamNEgger100: bets $6
Zubasa07: calls $6
*** SHOW DOWN ***
HamNEgger100: shows [9s 9c] (two pair, Nines and Sevens)
Zubasa07: mucks hand
HamNEgger100 collected $47.50 from pot
*** SUMMARY ***
Total pot $48 | Rake $0.50
Board [7s Jc 7d 3s 4d]
Seat 6: HamNEgger100 (big blind) showed [9s 9c] and won ($47.50) with two pair, Nines and Sevens
Seat 7: Zubasa07 (button) (small blind) mucked


PokerStars Hand #169278454250:  Hold'em Limit ($3/$6 USD) - 2017/04/19 17:12:34 ET
Table 'Haworth' 10-max Seat #6 is the button
Seat 6: HamNEgger100 ($109.77 in chips)
Seat 7: Zubasa07 ($248.70 in chips)
HamNEgger100: posts small blind $1
Zubasa07: posts big blind $3
*** HOLE CARDS ***
HamNEgger100: calls $2
Zubasa07: checks
*** FLOP *** [3h Kd Tc]
Zubasa07: checks
HamNEgger100: checks
*** TURN *** [3h Kd Tc] [9c]
Zubasa07: checks
HamNEgger100: bets $6
Zubasa07: folds
Uncalled bet ($6) returned to HamNEgger100
HamNEgger100 collected $5.88 from pot
*** SUMMARY ***
Total pot $6 | Rake $0.12
Board [3h Kd Tc 9c]
Seat 6: HamNEgger100 (button) (small blind) collected ($5.88)
Seat 7: Zubasa07 (big blind) folded on the Turn


PokerStars Hand #169278477216:  Hold'em Limit ($3/$6 USD) - 2017/04/19 17:13:01 ET
Table 'Haworth' 10-max Seat #7 is the button
Seat 6: HamNEgger100 ($112.65 in chips)
Seat 7: Zubasa07 ($245.70 in chips)
Zubasa07: posts small blind $1
HamNEgger100: posts big blind $3
*** HOLE CARDS ***
Zubasa07: raises $3 to $6
HamNEgger100: calls $3
*** FLOP *** [2c Qs 4c]
HamNEgger100: checks
Zubasa07: bets $3
HamNEgger100: calls $3
*** TURN *** [2c Qs 4c] [9d]
HamNEgger100: bets $6
Zubasa07: raises $6 to $12
HamNEgger100: calls $6
*** RIVER *** [2c Qs 4c 9d] [9s]
HamNEgger100: checks
Zubasa07: bets $6
HamNEgger100: calls $6
*** SHOW DOWN ***
Zubasa07: shows [Qd Td] (two pair, Queens and Nines)
HamNEgger100: mucks hand
Zubasa07 collected $53.50 from pot
*** SUMMARY ***
Total pot $54 | Rake $0.50
Board [2c Qs 4c 9d 9s]
Seat 6: HamNEgger100 (big blind) mucked
Seat 7: Zubasa07 (button) (small blind) showed [Qd Td] and won ($53.50) with two pair, Queens and Nines


PokerStars Hand #169278554977:  Hold'em Limit ($3/$6 USD) - 2017/04/19 17:14:32 ET
Table 'Haworth' 10-max Seat #6 is the button
Seat 6: HamNEgger100 ($72.65 in chips)
Seat 7: Zubasa07 ($284.72 in chips)
HamNEgger100: posts small blind $1
Zubasa07: posts big blind $3
*** HOLE CARDS ***
HamNEgger100: calls $2
Zubasa07: checks
*** FLOP *** [Qd 2c 5s]
Zubasa07: checks
HamNEgger100: checks
*** TURN *** [Qd 2c 5s] [Ks]
Zubasa07: checks
HamNEgger100: checks
*** RIVER *** [Qd 2c 5s Ks] [7h]
Zubasa07: checks
HamNEgger100: checks
*** SHOW DOWN ***
Zubasa07: shows [Jh 7s] (a pair of Sevens)
HamNEgger100: mucks hand
Zubasa07 collected $5.88 from pot
*** SUMMARY ***
Total pot $6 | Rake $0.12
Board [Qd 2c 5s Ks 7h]
Seat 6: HamNEgger100 (button) (small blind) mucked
Seat 7: Zubasa07 (big blind) showed [Jh 7s] and won ($5.88) with a pair of Sevens


PokerStars Hand #169278528386:  Hold'em Limit ($3/$6 USD) - 2017/04/19 17:14:01 ET
Table 'Haworth' 10-max Seat #7 is the button
Seat 6: HamNEgger100 ($84.65 in chips)
Seat 7: Zubasa07 ($273.20 in chips)
Zubasa07: posts small blind $1
HamNEgger100: posts big blind $3
*** HOLE CARDS ***
Zubasa07: raises $3 to $6
HamNEgger100: raises $3 to $9
Zubasa07: calls $3
*** FLOP *** [7d 9s Td]
HamNEgger100: bets $3
Zubasa07: calls $3
*** TURN *** [7d 9s Td] [5s]
HamNEgger100: checks
Zubasa07: bets $6
HamNEgger100: folds
Uncalled bet ($6) returned to Zubasa07
Zubasa07 collected $23.52 from pot
Zubasa07: doesn't show hand
*** SUMMARY ***
Total pot $24 | Rake $0.48
Board [7d 9s Td 5s]
Seat 6: HamNEgger100 (big blind) folded on the Turn
Seat 7: Zubasa07 (button) (small blind) collected ($23.52)


PokerStars Hand #169278574565:  Hold'em Limit ($3/$6 USD) - 2017/04/19 17:14:55 ET
Table 'Haworth' 10-max Seat #7 is the button
Seat 6: HamNEgger100 ($69.65 in chips)
Seat 7: Zubasa07 ($287.60 in chips)
Zubasa07: posts small blind $1
HamNEgger100: posts big blind $3
*** HOLE CARDS ***
Zubasa07: raises $3 to $6
HamNEgger100: calls $3
*** FLOP *** [5s Kh Qh]
HamNEgger100: checks
Zubasa07: bets $3
HamNEgger100: calls $3
*** TURN *** [5s Kh Qh] [2h]
HamNEgger100: checks
Zubasa07: checks
*** RIVER *** [5s Kh Qh 2h] [5c]
HamNEgger100: bets $6
Zubasa07: calls $6
*** SHOW DOWN ***
HamNEgger100: shows [8s Kc] (two pair, Kings and Fives)
Zubasa07: mucks hand
HamNEgger100 collected $29.50 from pot
*** SUMMARY ***
Total pot $30 | Rake $0.50
Board [5s Kh Qh 2h 5c]
Seat 6: HamNEgger100 (big blind) showed [8s Kc] and won ($29.50) with two pair, Kings and Fives
Seat 7: Zubasa07 (button) (small blind) mucked


PokerStars Hand #169278630445:  Hold'em Limit ($3/$6 USD) - 2017/04/19 17:16:01 ET
Table 'Haworth' 10-max Seat #7 is the button
Seat 6: HamNEgger100 ($73.15 in chips)
Seat 7: Zubasa07 ($283.24 in chips)
Zubasa07: posts small blind $1
HamNEgger100: posts big blind $3
*** HOLE CARDS ***
Zubasa07: raises $3 to $6
HamNEgger100: folds
Uncalled bet ($3) returned to Zubasa07
Jack_Wu1985 joins the table at seat #2
Zubasa07 collected $6 from pot
Zubasa07: doesn't show hand
*** SUMMARY ***
Total pot $6 | Rake $0
Seat 6: HamNEgger100 (big blind) folded before Flop
Seat 7: Zubasa07 (button) (small blind) collected ($6)


PokerStars Hand #169278626397:  Hold'em Limit ($3/$6 USD) - 2017/04/19 17:15:56 ET
Table 'Haworth' 10-max Seat #6 is the button
Seat 6: HamNEgger100 ($74.15 in chips)
Seat 7: Zubasa07 ($282.24 in chips)
HamNEgger100: posts small blind $1
Zubasa07: posts big blind $3
*** HOLE CARDS ***
HamNEgger100: folds
Uncalled bet ($2) returned to Zubasa07
Zubasa07 collected $2 from pot
Zubasa07: doesn't show hand
*** SUMMARY ***
Total pot $2 | Rake $0
Seat 6: HamNEgger100 (button) (small blind) folded before Flop
Seat 7: Zubasa07 (big blind) collected ($2)


PokerStars Hand #169278637724:  Hold'em Limit ($3/$6 USD) - 2017/04/19 17:16:10 ET
Table 'Haworth' 10-max Seat #6 is the button
Seat 6: HamNEgger100 ($70.15 in chips)
Seat 7: Zubasa07 ($286.24 in chips)
HamNEgger100: posts small blind $1
Zubasa07: posts big blind $3
*** HOLE CARDS ***
HamNEgger100: raises $3 to $6
Zubasa07: calls $3
*** FLOP *** [3h 4s 3s]
Zubasa07: checks
HamNEgger100: checks
*** TURN *** [3h 4s 3s] [5h]
Zubasa07: bets $6
HamNEgger100: calls $6
*** RIVER *** [3h 4s 3s 5h] [3c]
Zubasa07: bets $6
HamNEgger100: calls $6
*** SHOW DOWN ***
Zubasa07: shows [4c 9c] (a full house, Threes full of Fours)
HamNEgger100: mucks hand
Zubasa07 collected $35.50 from pot
*** SUMMARY ***
Total pot $36 | Rake $0.50
Board [3h 4s 3s 5h 3c]
Seat 6: HamNEgger100 (button) (small blind) mucked
Seat 7: Zubasa07 (big blind) showed [4c 9c] and won ($35.50) with a full house, Threes full of Fours


