PokerStars Hand #145569832446:  Hold'em Limit ($3/$6 USD) - 2015/12/19 4:03:29 ET
Table 'Haworth' 2-max Seat #2 is the button
Seat 1: ct-650 ($133.50 in chips)
Seat 2: minigus575 ($96 in chips)
minigus575: posts small blind $1
ct-650: posts big blind $3
*** HOLE CARDS ***
minigus575: raises $3 to $6
ct-650: raises $3 to $9
minigus575: calls $3
*** FLOP *** [Kh 7h Qh]
ct-650: bets $3
minigus575: folds
Uncalled bet ($3) returned to ct-650
ct-650 collected $17.64 from pot
*** SUMMARY ***
Total pot $18 | Rake $0.36
Board [Kh 7h Qh]
Seat 1: ct-650 (big blind) collected ($17.64)
Seat 2: minigus575 (button) (small blind) folded on the Flop


PokerStars Hand #145569841767:  Hold'em Limit ($3/$6 USD) - 2015/12/19 4:03:52 ET
Table 'Haworth' 2-max Seat #2 is the button
Seat 1: ct-650 ($133.14 in chips)
Seat 2: minigus575 ($95.64 in chips)
minigus575: posts small blind $1
ct-650: posts big blind $3
*** HOLE CARDS ***
minigus575: folds
Uncalled bet ($2) returned to ct-650
ct-650 collected $2 from pot
*** SUMMARY ***
Total pot $2 | Rake $0
Seat 1: ct-650 (big blind) collected ($2)
Seat 2: minigus575 (button) (small blind) folded before Flop


PokerStars Hand #145569837987:  Hold'em Limit ($3/$6 USD) - 2015/12/19 4:03:43 ET
Table 'Haworth' 2-max Seat #1 is the button
Seat 1: ct-650 ($142.14 in chips)
Seat 2: minigus575 ($87 in chips)
ct-650: posts small blind $1
minigus575: posts big blind $3
*** HOLE CARDS ***
ct-650: raises $3 to $6
minigus575: raises $3 to $9
ct-650: calls $3
*** FLOP *** [5s Td 2d]
minigus575: bets $3
ct-650: folds
Uncalled bet ($3) returned to minigus575
minigus575 collected $17.64 from pot
minigus575: doesn't show hand
*** SUMMARY ***
Total pot $18 | Rake $0.36
Board [5s Td 2d]
Seat 1: ct-650 (button) (small blind) folded on the Flop
Seat 2: minigus575 (big blind) collected ($17.64)


PokerStars Hand #145569845530:  Hold'em Limit ($3/$6 USD) - 2015/12/19 4:04:01 ET
Table 'Haworth' 2-max Seat #2 is the button
Seat 1: ct-650 ($133.14 in chips)
Seat 2: minigus575 ($95.64 in chips)
minigus575: posts small blind $1
ct-650: posts big blind $3
*** HOLE CARDS ***
minigus575: raises $3 to $6
ct-650: folds
Uncalled bet ($3) returned to minigus575
minigus575 collected $6 from pot
minigus575: doesn't show hand
*** SUMMARY ***
Total pot $6 | Rake $0
Seat 1: ct-650 (big blind) folded before Flop
Seat 2: minigus575 (button) (small blind) collected ($6)


PokerStars Hand #145569843842:  Hold'em Limit ($3/$6 USD) - 2015/12/19 4:03:57 ET
Table 'Haworth' 2-max Seat #1 is the button
Seat 1: ct-650 ($134.14 in chips)
Seat 2: minigus575 ($94.64 in chips)
ct-650: posts small blind $1
minigus575: posts big blind $3
*** HOLE CARDS ***
ct-650: folds
Uncalled bet ($2) returned to minigus575
minigus575 collected $2 from pot
minigus575: doesn't show hand
*** SUMMARY ***
Total pot $2 | Rake $0
Seat 1: ct-650 (button) (small blind) folded before Flop
Seat 2: minigus575 (big blind) collected ($2)


PokerStars Hand #145569850115:  Hold'em Limit ($3/$6 USD) - 2015/12/19 4:04:13 ET
Table 'Haworth' 2-max Seat #2 is the button
Seat 1: ct-650 ($129.14 in chips)
Seat 2: minigus575 ($99.64 in chips)
minigus575: posts small blind $1
ct-650: posts big blind $3
*** HOLE CARDS ***
minigus575: raises $3 to $6
ct-650: folds
Uncalled bet ($3) returned to minigus575
minigus575 collected $6 from pot
minigus575: doesn't show hand
*** SUMMARY ***
Total pot $6 | Rake $0
Seat 1: ct-650 (big blind) folded before Flop
Seat 2: minigus575 (button) (small blind) collected ($6)


PokerStars Hand #145569848194:  Hold'em Limit ($3/$6 USD) - 2015/12/19 4:04:08 ET
Table 'Haworth' 2-max Seat #1 is the button
Seat 1: ct-650 ($130.14 in chips)
Seat 2: minigus575 ($98.64 in chips)
ct-650: posts small blind $1
minigus575: posts big blind $3
*** HOLE CARDS ***
ct-650: folds
Uncalled bet ($2) returned to minigus575
minigus575 collected $2 from pot
minigus575: doesn't show hand
*** SUMMARY ***
Total pot $2 | Rake $0
Seat 1: ct-650 (button) (small blind) folded before Flop
Seat 2: minigus575 (big blind) collected ($2)


PokerStars Hand #145569851951:  Hold'em Limit ($3/$6 USD) - 2015/12/19 4:04:17 ET
Table 'Haworth' 2-max Seat #1 is the button
Seat 1: ct-650 ($126.14 in chips)
Seat 2: minigus575 ($102.64 in chips)
ct-650: posts small blind $1
minigus575: posts big blind $3
*** HOLE CARDS ***
ct-650: raises $3 to $6
minigus575: calls $3
*** FLOP *** [8h 8s Qd]
minigus575: checks
ct-650: bets $3
minigus575: calls $3
*** TURN *** [8h 8s Qd] [5c]
minigus575: checks
ct-650: checks
*** RIVER *** [8h 8s Qd 5c] [7h]
minigus575: checks
ct-650: checks
*** SHOW DOWN ***
minigus575: shows [Kc 2c] (a pair of Eights)
ct-650: mucks hand
minigus575 collected $17.64 from pot
*** SUMMARY ***
Total pot $18 | Rake $0.36
Board [8h 8s Qd 5c 7h]
Seat 1: ct-650 (button) (small blind) mucked
Seat 2: minigus575 (big blind) showed [Kc 2c] and won ($17.64) with a pair of Eights


PokerStars Hand #145569872160:  Hold'em Limit ($3/$6 USD) - 2015/12/19 4:05:06 ET
Table 'Haworth' 2-max Seat #2 is the button
Seat 1: ct-650 ($116.64 in chips)
Seat 2: minigus575 ($110.78 in chips)
minigus575: posts small blind $1
ct-650: posts big blind $3
*** HOLE CARDS ***
minigus575: raises $3 to $6
ct-650: raises $3 to $9
minigus575: calls $3
*** FLOP *** [Ts 3d 5c]
ct-650: bets $3
minigus575: calls $3
*** TURN *** [Ts 3d 5c] [5s]
ct-650: bets $6
minigus575: raises $6 to $12
ct-650: calls $6
*** RIVER *** [Ts 3d 5c 5s] [2h]
ct-650: checks
minigus575: bets $6
ct-650: calls $6
*** SHOW DOWN ***
minigus575: shows [5d Jd] (three of a kind, Fives)
ct-650: mucks hand
minigus575 collected $59.50 from pot
*** SUMMARY ***
Total pot $60 | Rake $0.50
Board [Ts 3d 5c 5s 2h]
Seat 1: ct-650 (big blind) mucked
Seat 2: minigus575 (button) (small blind) showed [5d Jd] and won ($59.50) with three of a kind, Fives


PokerStars Hand #145569887183:  Hold'em Limit ($3/$6 USD) - 2015/12/19 4:05:43 ET
Table 'Haworth' 2-max Seat #2 is the button
Seat 1: ct-650 ($101.14 in chips)
Seat 2: minigus575 ($125.28 in chips)
minigus575: posts small blind $1
ct-650: posts big blind $3
*** HOLE CARDS ***
minigus575: raises $3 to $6
ct-650: folds
Uncalled bet ($3) returned to minigus575
minigus575 collected $6 from pot
minigus575: doesn't show hand
*** SUMMARY ***
Total pot $6 | Rake $0
Seat 1: ct-650 (big blind) folded before Flop
Seat 2: minigus575 (button) (small blind) collected ($6)


PokerStars Hand #145569880385:  Hold'em Limit ($3/$6 USD) - 2015/12/19 4:05:26 ET
Table 'Haworth' 2-max Seat #1 is the button
Seat 1: ct-650 ($86.64 in chips)
Seat 2: minigus575 ($140.28 in chips)
ct-650: posts small blind $1
minigus575: posts big blind $3
*** HOLE CARDS ***
ct-650: raises $3 to $6
minigus575: calls $3
*** FLOP *** [6d 8c Ac]
minigus575: checks
ct-650: bets $3
minigus575: raises $3 to $6
ct-650: raises $3 to $9
minigus575: calls $3
*** TURN *** [6d 8c Ac] [Jc]
minigus575: checks
ct-650: bets $6
minigus575: folds
Uncalled bet ($6) returned to ct-650
ct-650 collected $29.50 from pot
*** SUMMARY ***
Total pot $30 | Rake $0.50
Board [6d 8c Ac Jc]
Seat 1: ct-650 (button) (small blind) collected ($29.50)
Seat 2: minigus575 (big blind) folded on the Turn


PokerStars Hand #145569859877:  Hold'em Limit ($3/$6 USD) - 2015/12/19 4:04:36 ET
Table 'Haworth' 2-max Seat #2 is the button
Seat 1: ct-650 ($117.14 in chips)
Seat 2: minigus575 ($111.28 in chips)
minigus575: posts small blind $1
ct-650: posts big blind $3
*** HOLE CARDS ***
minigus575: raises $3 to $6
ct-650: calls $3
*** FLOP *** [Th 3d 2h]
ct-650: checks
minigus575: bets $3
ct-650: calls $3
*** TURN *** [Th 3d 2h] [9s]
ct-650: checks
minigus575: checks
*** RIVER *** [Th 3d 2h 9s] [Qh]
ct-650: bets $6
minigus575: calls $6
*** SHOW DOWN ***
ct-650: shows [5s 9h] (a pair of Nines)
minigus575: mucks hand
ct-650 collected $29.50 from pot
*** SUMMARY ***
Total pot $30 | Rake $0.50
Board [Th 3d 2h 9s Qh]
Seat 1: ct-650 (big blind) showed [5s 9h] and won ($29.50) with a pair of Nines
Seat 2: minigus575 (button) (small blind) mucked


PokerStars Hand #145569865219:  Hold'em Limit ($3/$6 USD) - 2015/12/19 4:04:49 ET
Table 'Haworth' 2-max Seat #1 is the button
Seat 1: ct-650 ($131.64 in chips)
Seat 2: minigus575 ($96.28 in chips)
ct-650: posts small blind $1
minigus575: posts big blind $3
*** HOLE CARDS ***
ct-650: raises $3 to $6
minigus575: calls $3
*** FLOP *** [9h 2d 3d]
minigus575: checks
ct-650: bets $3
minigus575: calls $3
*** TURN *** [9h 2d 3d] [5c]
minigus575: checks
ct-650: checks
*** RIVER *** [9h 2d 3d 5c] [7s]
minigus575: bets $6
ct-650: calls $6
*** SHOW DOWN ***
minigus575: shows [8h 5h] (a pair of Fives)
ct-650: mucks hand
minigus575 collected $29.50 from pot
*** SUMMARY ***
Total pot $30 | Rake $0.50
Board [9h 2d 3d 5c 7s]
Seat 1: ct-650 (button) (small blind) mucked
Seat 2: minigus575 (big blind) showed [8h 5h] and won ($29.50) with a pair of Fives


PokerStars Hand #145569898210:  Hold'em Limit ($3/$6 USD) - 2015/12/19 4:06:10 ET
Table 'Haworth' 2-max Seat #1 is the button
Seat 1: ct-650 ($87.14 in chips)
Seat 2: minigus575 ($138.80 in chips)
ct-650: posts small blind $1
minigus575: posts big blind $3
*** HOLE CARDS ***
ct-650: raises $3 to $6
minigus575: raises $3 to $9
ct-650: calls $3
*** FLOP *** [2c Td Kh]
minigus575: bets $3
ct-650: calls $3
*** TURN *** [2c Td Kh] [4s]
minigus575: bets $6
ct-650: calls $6
*** RIVER *** [2c Td Kh 4s] [5s]
minigus575: bets $6
ct-650: calls $6
*** SHOW DOWN ***
minigus575: shows [6d 6h] (a pair of Sixes)
ct-650: mucks hand
minigus575 collected $47.50 from pot
*** SUMMARY ***
Total pot $48 | Rake $0.50
Board [2c Td Kh 4s 5s]
Seat 1: ct-650 (button) (small blind) mucked
Seat 2: minigus575 (big blind) showed [6d 6h] and won ($47.50) with a pair of Sixes


PokerStars Hand #145569896240:  Hold'em Limit ($3/$6 USD) - 2015/12/19 4:06:05 ET
Table 'Haworth' 2-max Seat #2 is the button
Seat 1: ct-650 ($86.14 in chips)
Seat 2: minigus575 ($139.80 in chips)
minigus575: posts small blind $1
ct-650: posts big blind $3
*** HOLE CARDS ***
minigus575: folds
Uncalled bet ($2) returned to ct-650
ct-650 collected $2 from pot
*** SUMMARY ***
Total pot $2 | Rake $0
Seat 1: ct-650 (big blind) collected ($2)
Seat 2: minigus575 (button) (small blind) folded before Flop


PokerStars Hand #145569905442:  Hold'em Limit ($3/$6 USD) - 2015/12/19 4:06:27 ET
Table 'Haworth' 2-max Seat #2 is the button
Seat 1: ct-650 ($63.14 in chips)
Seat 2: minigus575 ($162.30 in chips)
minigus575: posts small blind $1
ct-650: posts big blind $3
*** HOLE CARDS ***
minigus575: raises $3 to $6
ct-650: calls $3
*** FLOP *** [Ts 6c 5c]
ct-650: bets $3
minigus575: raises $3 to $6
ct-650: calls $3
*** TURN *** [Ts 6c 5c] [2s]
ct-650: checks
minigus575: bets $6
ct-650: folds
Uncalled bet ($6) returned to minigus575
minigus575 collected $23.52 from pot
minigus575: doesn't show hand
*** SUMMARY ***
Total pot $24 | Rake $0.48
Board [Ts 6c 5c 2s]
Seat 1: ct-650 (big blind) folded on the Turn
Seat 2: minigus575 (button) (small blind) collected ($23.52)


PokerStars Hand #145569889104:  Hold'em Limit ($3/$6 USD) - 2015/12/19 4:05:47 ET
Table 'Haworth' 2-max Seat #1 is the button
Seat 1: ct-650 ($98.14 in chips)
Seat 2: minigus575 ($128.28 in chips)
ct-650: posts small blind $1
minigus575: posts big blind $3
*** HOLE CARDS ***
ct-650: raises $3 to $6
minigus575: calls $3
*** FLOP *** [7h 3s 2d]
minigus575: checks
ct-650: checks
*** TURN *** [7h 3s 2d] [Ks]
minigus575: checks
ct-650: bets $6
minigus575: calls $6
*** RIVER *** [7h 3s 2d Ks] [Ad]
minigus575: checks
ct-650: checks
*** SHOW DOWN ***
minigus575: shows [As 7d] (two pair, Aces and Sevens)
ct-650: mucks hand
minigus575 collected $23.52 from pot
*** SUMMARY ***
Total pot $24 | Rake $0.48
Board [7h 3s 2d Ks Ad]
Seat 1: ct-650 (button) (small blind) mucked
Seat 2: minigus575 (big blind) showed [As 7d] and won ($23.52) with two pair, Aces and Sevens


PokerStars Hand #145569911002:  Hold'em Limit ($3/$6 USD) - 2015/12/19 4:06:41 ET
Table 'Haworth' 2-max Seat #1 is the button
Seat 1: ct-650 ($111.14 in chips)
Seat 2: minigus575 ($173.82 in chips)
ct-650: posts small blind $1
minigus575: posts big blind $3
*** HOLE CARDS ***
ct-650: raises $3 to $6
minigus575: calls $3
*** FLOP *** [Tc 2c 3s]
minigus575: checks
ct-650: bets $3
minigus575: raises $3 to $6
ct-650: calls $3
*** TURN *** [Tc 2c 3s] [4h]
minigus575: bets $6
ct-650: raises $6 to $12
minigus575: calls $6
*** RIVER *** [Tc 2c 3s 4h] [7h]
minigus575: bets $6
ct-650: folds
Uncalled bet ($6) returned to minigus575
minigus575 collected $47.50 from pot
minigus575: doesn't show hand
*** SUMMARY ***
Total pot $48 | Rake $0.50
Board [Tc 2c 3s 4h 7h]
Seat 1: ct-650 (button) (small blind) folded on the River
Seat 2: minigus575 (big blind) collected ($47.50)


PokerStars Hand #145569920427:  Hold'em Limit ($3/$6 USD) - 2015/12/19 4:07:04 ET
Table 'Haworth' 2-max Seat #1 is the button
Seat 1: ct-650 ($84.14 in chips)
Seat 2: minigus575 ($200.32 in chips)
ct-650: posts small blind $1
minigus575: posts big blind $3
*** HOLE CARDS ***
ct-650: raises $3 to $6
minigus575: raises $3 to $9
ct-650: raises $3 to $12
Betting is capped
minigus575: calls $3
*** FLOP *** [Ks 2s 4s]
minigus575: checks
ct-650: bets $3
minigus575: calls $3
*** TURN *** [Ks 2s 4s] [4d]
minigus575: checks
ct-650: checks
*** RIVER *** [Ks 2s 4s 4d] [7c]
minigus575: bets $6
ct-650: calls $6
*** SHOW DOWN ***
minigus575: shows [Ad Kc] (two pair, Kings and Fours)
ct-650: mucks hand
minigus575 collected $41.50 from pot
*** SUMMARY ***
Total pot $42 | Rake $0.50
Board [Ks 2s 4s 4d 7c]
Seat 1: ct-650 (button) (small blind) mucked
Seat 2: minigus575 (big blind) showed [Ad Kc] and won ($41.50) with two pair, Kings and Fours


PokerStars Hand #145569918531:  Hold'em Limit ($3/$6 USD) - 2015/12/19 4:06:59 ET
Table 'Haworth' 2-max Seat #2 is the button
Seat 1: ct-650 ($87.14 in chips)
Seat 2: minigus575 ($197.32 in chips)
minigus575: posts small blind $1
ct-650: posts big blind $3
*** HOLE CARDS ***
minigus575: raises $3 to $6
ct-650: folds
Uncalled bet ($3) returned to minigus575
minigus575 collected $6 from pot
minigus575: doesn't show hand
*** SUMMARY ***
Total pot $6 | Rake $0
Seat 1: ct-650 (big blind) folded before Flop
Seat 2: minigus575 (button) (small blind) collected ($6)


PokerStars Hand #145569927741:  Hold'em Limit ($3/$6 USD) - 2015/12/19 4:07:22 ET
Table 'Haworth' 2-max Seat #2 is the button
Seat 1: ct-650 ($63.14 in chips)
Seat 2: minigus575 ($220.82 in chips)
minigus575: posts small blind $1
ct-650: posts big blind $3
*** HOLE CARDS ***
minigus575: raises $3 to $6
ct-650: folds
Uncalled bet ($3) returned to minigus575
minigus575 collected $6 from pot
minigus575: doesn't show hand
*** SUMMARY ***
Total pot $6 | Rake $0
Seat 1: ct-650 (big blind) folded before Flop
Seat 2: minigus575 (button) (small blind) collected ($6)


PokerStars Hand #145569943337:  Hold'em Limit ($3/$6 USD) - 2015/12/19 4:08:00 ET
Table 'Haworth' 2-max Seat #2 is the button
Seat 1: ct-650 ($80.64 in chips)
Seat 2: minigus575 ($202.82 in chips)
minigus575: posts small blind $1
ct-650: posts big blind $3
*** HOLE CARDS ***
minigus575: raises $3 to $6
ct-650: raises $3 to $9
minigus575: calls $3
*** FLOP *** [9c 3h Qh]
ct-650: bets $3
minigus575: calls $3
*** TURN *** [9c 3h Qh] [7d]
ct-650: checks
minigus575: bets $6
ct-650: folds
Uncalled bet ($6) returned to minigus575
minigus575 collected $23.52 from pot
minigus575: doesn't show hand
*** SUMMARY ***
Total pot $24 | Rake $0.48
Board [9c 3h Qh 7d]
Seat 1: ct-650 (big blind) folded on the Turn
Seat 2: minigus575 (button) (small blind) collected ($23.52)


PokerStars Hand #145569941353:  Hold'em Limit ($3/$6 USD) - 2015/12/19 4:07:55 ET
Table 'Haworth' 2-max Seat #1 is the button
Seat 1: ct-650 ($81.64 in chips)
Seat 2: minigus575 ($201.82 in chips)
ct-650: posts small blind $1
minigus575: posts big blind $3
*** HOLE CARDS ***
ct-650: folds
Uncalled bet ($2) returned to minigus575
minigus575 collected $2 from pot
minigus575: doesn't show hand
*** SUMMARY ***
Total pot $2 | Rake $0
Seat 1: ct-650 (button) (small blind) folded before Flop
Seat 2: minigus575 (big blind) collected ($2)


PokerStars Hand #145569939460:  Hold'em Limit ($3/$6 USD) - 2015/12/19 4:07:50 ET
Table 'Haworth' 2-max Seat #2 is the button
Seat 1: ct-650 ($80.64 in chips)
Seat 2: minigus575 ($202.82 in chips)
minigus575: posts small blind $1
ct-650: posts big blind $3
*** HOLE CARDS ***
minigus575: folds
Uncalled bet ($2) returned to ct-650
ct-650 collected $2 from pot
*** SUMMARY ***
Total pot $2 | Rake $0
Seat 1: ct-650 (big blind) collected ($2)
Seat 2: minigus575 (button) (small blind) folded before Flop


PokerStars Hand #145569932730:  Hold'em Limit ($3/$6 USD) - 2015/12/19 4:07:34 ET
Table 'Haworth' 2-max Seat #1 is the button
Seat 1: ct-650 ($60.14 in chips)
Seat 2: minigus575 ($223.82 in chips)
ct-650: posts small blind $1
minigus575: posts big blind $3
*** HOLE CARDS ***
ct-650: raises $3 to $6
minigus575: calls $3
*** FLOP *** [Ts 7d Th]
minigus575: checks
ct-650: bets $3
minigus575: calls $3
*** TURN *** [Ts 7d Th] [4d]
minigus575: checks
ct-650: bets $6
minigus575: calls $6
*** RIVER *** [Ts 7d Th 4d] [6h]
minigus575: checks
ct-650: bets $6
minigus575: calls $6
*** SHOW DOWN ***
ct-650: shows [7h Qs] (two pair, Tens and Sevens)
minigus575: mucks hand
ct-650 collected $41.50 from pot
*** SUMMARY ***
Total pot $42 | Rake $0.50
Board [Ts 7d Th 4d 6h]
Seat 1: ct-650 (button) (small blind) showed [7h Qs] and won ($41.50) with two pair, Tens and Sevens
Seat 2: minigus575 (big blind) mucked


PokerStars Hand #145570222358:  Hold'em Limit ($3/$6 USD) - 2015/12/19 4:19:04 ET
Table 'Haworth' 2-max Seat #2 is the button
Seat 1: ct-650 ($104.14 in chips)
Seat 2: vitalik1203 ($87.78 in chips)
vitalik1203: posts small blind $1
ct-650: posts big blind $3
*** HOLE CARDS ***
vitalik1203: raises $3 to $6
ct-650: folds
Uncalled bet ($3) returned to vitalik1203
vitalik1203 collected $6 from pot
vitalik1203: doesn't show hand
*** SUMMARY ***
Total pot $6 | Rake $0
Seat 1: ct-650 (big blind) folded before Flop
Seat 2: vitalik1203 (button) (small blind) collected ($6)


PokerStars Hand #145570217481:  Hold'em Limit ($3/$6 USD) - 2015/12/19 4:18:52 ET
Table 'Haworth' 2-max Seat #1 is the button
Seat 1: ct-650 ($53.14 in chips)
Seat 2: vitalik1203 ($79.14 in chips)
ct-650: posts small blind $1
vitalik1203: posts big blind $3
*** HOLE CARDS ***
ct-650: raises $3 to $6
vitalik1203: raises $3 to $9
ct-650: calls $3
*** FLOP *** [8s Kc Qh]
vitalik1203: bets $3
ct-650: folds
Uncalled bet ($3) returned to vitalik1203
vitalik1203 collected $17.64 from pot
vitalik1203: doesn't show hand
*** SUMMARY ***
Total pot $18 | Rake $0.36
Board [8s Kc Qh]
Seat 1: ct-650 (button) (small blind) folded on the Flop
Seat 2: vitalik1203 (big blind) collected ($17.64)


PokerStars Hand #145570211028:  Hold'em Limit ($3/$6 USD) - 2015/12/19 4:18:37 ET
Table 'Haworth' 2-max Seat #2 is the button
Seat 1: ct-650 ($80.14 in chips)
Seat 2: vitalik1203 ($52.64 in chips)
vitalik1203: posts small blind $1
ct-650: posts big blind $3
*** HOLE CARDS ***
vitalik1203: raises $3 to $6
ct-650: raises $3 to $9
vitalik1203: raises $3 to $12
Betting is capped
ct-650: calls $3
*** FLOP *** [Jd 4c 2s]
ct-650: bets $3
vitalik1203: calls $3
*** TURN *** [Jd 4c 2s] [3c]
ct-650: bets $6
vitalik1203: calls $6
*** RIVER *** [Jd 4c 2s 3c] [5s]
ct-650: bets $6
vitalik1203: raises $6 to $12
ct-650: folds
Uncalled bet ($6) returned to vitalik1203
vitalik1203 collected $53.50 from pot
vitalik1203: doesn't show hand
*** SUMMARY ***
Total pot $54 | Rake $0.50
Board [Jd 4c 2s 3c 5s]
Seat 1: ct-650 (big blind) folded on the River
Seat 2: vitalik1203 (button) (small blind) collected ($53.50)


PokerStars Hand #145570207226:  Hold'em Limit ($3/$6 USD) - 2015/12/19 4:18:28 ET
Table 'Haworth' 2-max Seat #1 is the button
Seat 1: ct-650 ($89.14 in chips)
Seat 2: vitalik1203 ($44 in chips)
ct-650: posts small blind $1
vitalik1203: posts big blind $3
*** HOLE CARDS ***
ct-650: raises $3 to $6
vitalik1203: raises $3 to $9
ct-650: calls $3
*** FLOP *** [Ah 3c 4s]
vitalik1203: bets $3
ct-650: folds
Uncalled bet ($3) returned to vitalik1203
vitalik1203 collected $17.64 from pot
vitalik1203: doesn't show hand
*** SUMMARY ***
Total pot $18 | Rake $0.36
Board [Ah 3c 4s]
Seat 1: ct-650 (button) (small blind) folded on the Flop
Seat 2: vitalik1203 (big blind) collected ($17.64)


PokerStars Hand #145570247162:  Hold'em Limit ($3/$6 USD) - 2015/12/19 4:20:03 ET
Table 'Haworth' 2-max Seat #1 is the button
Seat 1: ct-650 ($103.39 in chips)
Seat 2: vitalik1203 ($86.79 in chips)
ct-650: posts small blind $1
vitalik1203: posts big blind $3
*** HOLE CARDS ***
ct-650: folds
Uncalled bet ($2) returned to vitalik1203
vitalik1203 collected $2 from pot
vitalik1203: doesn't show hand
*** SUMMARY ***
Total pot $2 | Rake $0
Seat 1: ct-650 (button) (small blind) folded before Flop
Seat 2: vitalik1203 (big blind) collected ($2)


PokerStars Hand #145570241567:  Hold'em Limit ($3/$6 USD) - 2015/12/19 4:19:49 ET
Table 'Haworth' 2-max Seat #2 is the button
Seat 1: ct-650 ($118.39 in chips)
Seat 2: vitalik1203 ($72.29 in chips)
vitalik1203: posts small blind $1
ct-650: posts big blind $3
*** HOLE CARDS ***
vitalik1203: raises $3 to $6
ct-650: calls $3
*** FLOP *** [7d 7s 6d]
ct-650: checks
vitalik1203: bets $3
ct-650: calls $3
*** TURN *** [7d 7s 6d] [2d]
ct-650: checks
vitalik1203: bets $6
ct-650: calls $6
*** RIVER *** [7d 7s 6d 2d] [9c]
ct-650: checks
vitalik1203: bets $6
ct-650: folds
Uncalled bet ($6) returned to vitalik1203
vitalik1203 collected $29.50 from pot
vitalik1203: doesn't show hand
*** SUMMARY ***
Total pot $30 | Rake $0.50
Board [7d 7s 6d 2d 9c]
Seat 1: ct-650 (big blind) folded on the River
Seat 2: vitalik1203 (button) (small blind) collected ($29.50)


PokerStars Hand #145570235362:  Hold'em Limit ($3/$6 USD) - 2015/12/19 4:19:35 ET
Table 'Haworth' 2-max Seat #1 is the button
Seat 1: ct-650 ($94.89 in chips)
Seat 2: vitalik1203 ($96.29 in chips)
ct-650: posts small blind $1
vitalik1203: posts big blind $3
*** HOLE CARDS ***
ct-650: raises $3 to $6
vitalik1203: raises $3 to $9
ct-650: calls $3
*** FLOP *** [8s 4h Jh]
vitalik1203: bets $3
ct-650: calls $3
*** TURN *** [8s 4h Jh] [7s]
vitalik1203: bets $6
ct-650: raises $6 to $12
vitalik1203: calls $6
*** RIVER *** [8s 4h Jh 7s] [5d]
vitalik1203: checks
ct-650: bets $6
vitalik1203: folds
Uncalled bet ($6) returned to ct-650
ct-650 collected $47.50 from pot
*** SUMMARY ***
Total pot $48 | Rake $0.50
Board [8s 4h Jh 7s 5d]
Seat 1: ct-650 (button) (small blind) collected ($47.50)
Seat 2: vitalik1203 (big blind) folded on the River


PokerStars Hand #145570230586:  Hold'em Limit ($3/$6 USD) - 2015/12/19 4:19:23 ET
Table 'Haworth' 2-max Seat #2 is the button
Seat 1: ct-650 ($100.89 in chips)
Seat 2: vitalik1203 ($90.53 in chips)
vitalik1203: posts small blind $1
ct-650: posts big blind $3
*** HOLE CARDS ***
vitalik1203: raises $3 to $6
ct-650: calls $3
*** FLOP *** [2s 4h Qc]
ct-650: checks
vitalik1203: checks
*** TURN *** [2s 4h Qc] [5s]
ct-650: checks
vitalik1203: checks
*** RIVER *** [2s 4h Qc 5s] [Tc]
ct-650: checks
vitalik1203: checks
*** SHOW DOWN ***
ct-650: shows [8h 6s] (high card Queen)
vitalik1203: shows [Jh 8c] (high card Queen - Jack kicker)
vitalik1203 collected $11.76 from pot
*** SUMMARY ***
Total pot $12 | Rake $0.24
Board [2s 4h Qc 5s Tc]
Seat 1: ct-650 (big blind) showed [8h 6s] and lost with high card Queen
Seat 2: vitalik1203 (button) (small blind) showed [Jh 8c] and won ($11.76) with high card Queen


PokerStars Hand #145570269975:  Hold'em Limit ($3/$6 USD) - 2015/12/19 4:20:57 ET
Table 'Haworth' 2-max Seat #1 is the button
Seat 1: ct-650 ($86.89 in chips)
Seat 2: vitalik1203 ($101.81 in chips)
ct-650: posts small blind $1
vitalik1203: posts big blind $3
*** HOLE CARDS ***
ct-650: raises $3 to $6
vitalik1203: raises $3 to $9
ct-650: calls $3
*** FLOP *** [2s Kd Ad]
vitalik1203: bets $3
ct-650: calls $3
*** TURN *** [2s Kd Ad] [Ks]
vitalik1203: checks
ct-650: bets $6
vitalik1203: folds
Uncalled bet ($6) returned to ct-650
ct-650 collected $23.52 from pot
*** SUMMARY ***
Total pot $24 | Rake $0.48
Board [2s Kd Ad Ks]
Seat 1: ct-650 (button) (small blind) collected ($23.52)
Seat 2: vitalik1203 (big blind) folded on the Turn


PokerStars Hand #145570268229:  Hold'em Limit ($3/$6 USD) - 2015/12/19 4:20:53 ET
Table 'Haworth' 2-max Seat #2 is the button
Seat 1: ct-650 ($89.89 in chips)
Seat 2: vitalik1203 ($98.81 in chips)
vitalik1203: posts small blind $1
ct-650: posts big blind $3
*** HOLE CARDS ***
vitalik1203: raises $3 to $6
ct-650: folds
Uncalled bet ($3) returned to vitalik1203
vitalik1203 collected $6 from pot
vitalik1203: doesn't show hand
*** SUMMARY ***
Total pot $6 | Rake $0
Seat 1: ct-650 (big blind) folded before Flop
Seat 2: vitalik1203 (button) (small blind) collected ($6)


PokerStars Hand #145570262268:  Hold'em Limit ($3/$6 USD) - 2015/12/19 4:20:39 ET
Table 'Haworth' 2-max Seat #1 is the button
Seat 1: ct-650 ($113.89 in chips)
Seat 2: vitalik1203 ($75.31 in chips)
ct-650: posts small blind $1
vitalik1203: posts big blind $3
*** HOLE CARDS ***
ct-650: raises $3 to $6
vitalik1203: raises $3 to $9
ct-650: calls $3
*** FLOP *** [2s 5d Td]
vitalik1203: bets $3
ct-650: calls $3
*** TURN *** [2s 5d Td] [4c]
vitalik1203: bets $6
ct-650: calls $6
*** RIVER *** [2s 5d Td 4c] [9h]
vitalik1203: bets $6
ct-650: calls $6
*** SHOW DOWN ***
vitalik1203: shows [Tc 3h] (a pair of Tens)
ct-650: mucks hand
vitalik1203 collected $47.50 from pot
*** SUMMARY ***
Total pot $48 | Rake $0.50
Board [2s 5d Td 4c 9h]
Seat 1: ct-650 (button) (small blind) mucked
Seat 2: vitalik1203 (big blind) showed [Tc 3h] and won ($47.50) with a pair of Tens


PokerStars Hand #145570256533:  Hold'em Limit ($3/$6 USD) - 2015/12/19 4:20:25 ET
Table 'Haworth' 2-max Seat #2 is the button
Seat 1: ct-650 ($87.39 in chips)
Seat 2: vitalik1203 ($102.31 in chips)
vitalik1203: posts small blind $1
ct-650: posts big blind $3
*** HOLE CARDS ***
vitalik1203: raises $3 to $6
ct-650: calls $3
*** FLOP *** [6h 5c 6s]
ct-650: checks
vitalik1203: bets $3
ct-650: raises $3 to $6
vitalik1203: raises $3 to $9
ct-650: calls $3
*** TURN *** [6h 5c 6s] [8c]
ct-650: checks
vitalik1203: bets $6
ct-650: calls $6
*** RIVER *** [6h 5c 6s 8c] [Qs]
ct-650: checks
vitalik1203: bets $6
ct-650: calls $6
*** SHOW DOWN ***
vitalik1203: shows [4s Kc] (a pair of Sixes)
ct-650: shows [Jh 5h] (two pair, Sixes and Fives)
ct-650 collected $53.50 from pot
*** SUMMARY ***
Total pot $54 | Rake $0.50
Board [6h 5c 6s 8c Qs]
Seat 1: ct-650 (big blind) showed [Jh 5h] and won ($53.50) with two pair, Sixes and Fives
Seat 2: vitalik1203 (button) (small blind) showed [4s Kc] and lost with a pair of Sixes


PokerStars Hand #145570252122:  Hold'em Limit ($3/$6 USD) - 2015/12/19 4:20:14 ET
Table 'Haworth' 2-max Seat #1 is the button
Seat 1: ct-650 ($99.39 in chips)
Seat 2: vitalik1203 ($90.79 in chips)
ct-650: posts small blind $1
vitalik1203: posts big blind $3
*** HOLE CARDS ***
ct-650: raises $3 to $6
vitalik1203: raises $3 to $9
ct-650: calls $3
*** FLOP *** [3s Ks 6d]
vitalik1203: bets $3
ct-650: calls $3
*** TURN *** [3s Ks 6d] [4c]
vitalik1203: bets $6
ct-650: folds
Uncalled bet ($6) returned to vitalik1203
vitalik1203 collected $23.52 from pot
vitalik1203: doesn't show hand
*** SUMMARY ***
Total pot $24 | Rake $0.48
Board [3s Ks 6d 4c]
Seat 1: ct-650 (button) (small blind) folded on the Turn
Seat 2: vitalik1203 (big blind) collected ($23.52)


PokerStars Hand #145570249105:  Hold'em Limit ($3/$6 USD) - 2015/12/19 4:20:07 ET
Table 'Haworth' 2-max Seat #2 is the button
Seat 1: ct-650 ($102.39 in chips)
Seat 2: vitalik1203 ($87.79 in chips)
vitalik1203: posts small blind $1
ct-650: posts big blind $3
*** HOLE CARDS ***
vitalik1203: raises $3 to $6
ct-650: folds
Uncalled bet ($3) returned to vitalik1203
vitalik1203 collected $6 from pot
vitalik1203: doesn't show hand
*** SUMMARY ***
Total pot $6 | Rake $0
Seat 1: ct-650 (big blind) folded before Flop
Seat 2: vitalik1203 (button) (small blind) collected ($6)


PokerStars Hand #145570285949:  Hold'em Limit ($3/$6 USD) - 2015/12/19 4:21:35 ET
Table 'Haworth' 2-max Seat #1 is the button
Seat 1: ct-650 ($112.91 in chips)
Seat 2: vitalik1203 ($74.45 in chips)
ct-650: posts small blind $1
vitalik1203: posts big blind $3
*** HOLE CARDS ***
ct-650: raises $3 to $6
vitalik1203: calls $3
*** FLOP *** [Kh 9d 8c]
vitalik1203: bets $3
ct-650: calls $3
*** TURN *** [Kh 9d 8c] [7c]
vitalik1203: bets $6
ct-650: raises $6 to $12
vitalik1203: raises $6 to $18
ct-650: calls $6
*** RIVER *** [Kh 9d 8c 7c] [4s]
vitalik1203: bets $6
ct-650: calls $6
*** SHOW DOWN ***
vitalik1203: shows [Tc 6s] (a straight, Six to Ten)
ct-650: mucks hand
vitalik1203 collected $65.50 from pot
*** SUMMARY ***
Total pot $66 | Rake $0.50
Board [Kh 9d 8c 7c 4s]
Seat 1: ct-650 (button) (small blind) mucked
Seat 2: vitalik1203 (big blind) showed [Tc 6s] and won ($65.50) with a straight, Six to Ten


PokerStars Hand #145570283367:  Hold'em Limit ($3/$6 USD) - 2015/12/19 4:21:29 ET
Table 'Haworth' 2-max Seat #2 is the button
Seat 1: ct-650 ($115.91 in chips)
Seat 2: vitalik1203 ($71.45 in chips)
vitalik1203: posts small blind $1
ct-650: posts big blind $3
*** HOLE CARDS ***
vitalik1203: raises $3 to $6
ct-650: folds
Uncalled bet ($3) returned to vitalik1203
vitalik1203 collected $6 from pot
vitalik1203: doesn't show hand
*** SUMMARY ***
Total pot $6 | Rake $0
Seat 1: ct-650 (big blind) folded before Flop
Seat 2: vitalik1203 (button) (small blind) collected ($6)


PokerStars Hand #145570278286:  Hold'em Limit ($3/$6 USD) - 2015/12/19 4:21:17 ET
Table 'Haworth' 2-max Seat #1 is the button
Seat 1: ct-650 ($89.41 in chips)
Seat 2: vitalik1203 ($98.45 in chips)
ct-650: posts small blind $1
vitalik1203: posts big blind $3
*** HOLE CARDS ***
ct-650: raises $3 to $6
vitalik1203: raises $3 to $9
ct-650: raises $3 to $12
Betting is capped
vitalik1203: calls $3
*** FLOP *** [Jc 3h 2s]
vitalik1203: bets $3
ct-650: calls $3
*** TURN *** [Jc 3h 2s] [8h]
vitalik1203: bets $6
ct-650: calls $6
*** RIVER *** [Jc 3h 2s 8h] [5c]
vitalik1203: bets $6
ct-650: calls $6
*** SHOW DOWN ***
vitalik1203: shows [Kd Qc] (high card King)
ct-650: shows [6d Ah] (high card Ace)
ct-650 collected $53.50 from pot
*** SUMMARY ***
Total pot $54 | Rake $0.50
Board [Jc 3h 2s 8h 5c]
Seat 1: ct-650 (button) (small blind) showed [6d Ah] and won ($53.50) with high card Ace
Seat 2: vitalik1203 (big blind) showed [Kd Qc] and lost with high card King


PokerStars Hand #145570274262:  Hold'em Limit ($3/$6 USD) - 2015/12/19 4:21:07 ET
Table 'Haworth' 2-max Seat #2 is the button
Seat 1: ct-650 ($98.41 in chips)
Seat 2: vitalik1203 ($89.81 in chips)
vitalik1203: posts small blind $1
ct-650: posts big blind $3
*** HOLE CARDS ***
vitalik1203: raises $3 to $6
ct-650: calls $3
*** FLOP *** [5h Ac 2s]
ct-650: checks
vitalik1203: bets $3
ct-650: calls $3
*** TURN *** [5h Ac 2s] [Js]
ct-650: checks
vitalik1203: bets $6
ct-650: folds
Uncalled bet ($6) returned to vitalik1203
vitalik1203 collected $17.64 from pot
vitalik1203: doesn't show hand
*** SUMMARY ***
Total pot $18 | Rake $0.36
Board [5h Ac 2s Js]
Seat 1: ct-650 (big blind) folded on the Turn
Seat 2: vitalik1203 (button) (small blind) collected ($17.64)


PokerStars Hand #145570321014:  Hold'em Limit ($3/$6 USD) - 2015/12/19 4:22:58 ET
Table 'Haworth' 2-max Seat #2 is the button
Seat 1: ct-650 ($123.55 in chips)
Seat 2: vitalik1203 ($61.95 in chips)
vitalik1203: posts small blind $1
ct-650: posts big blind $3
*** HOLE CARDS ***
vitalik1203: raises $3 to $6
ct-650: folds
Uncalled bet ($3) returned to vitalik1203
vitalik1203 collected $6 from pot
vitalik1203: doesn't show hand
*** SUMMARY ***
Total pot $6 | Rake $0
Seat 1: ct-650 (big blind) folded before Flop
Seat 2: vitalik1203 (button) (small blind) collected ($6)


PokerStars Hand #145570319017:  Hold'em Limit ($3/$6 USD) - 2015/12/19 4:22:53 ET
Table 'Haworth' 2-max Seat #1 is the button
Seat 1: ct-650 ($124.55 in chips)
Seat 2: vitalik1203 ($60.95 in chips)
ct-650: posts small blind $1
vitalik1203: posts big blind $3
*** HOLE CARDS ***
ct-650: folds
Uncalled bet ($2) returned to vitalik1203
vitalik1203 collected $2 from pot
vitalik1203: doesn't show hand
*** SUMMARY ***
Total pot $2 | Rake $0
Seat 1: ct-650 (button) (small blind) folded before Flop
Seat 2: vitalik1203 (big blind) collected ($2)


PokerStars Hand #145570314203:  Hold'em Limit ($3/$6 USD) - 2015/12/19 4:22:42 ET
Table 'Haworth' 2-max Seat #2 is the button
Seat 1: ct-650 ($115.91 in chips)
Seat 2: vitalik1203 ($69.95 in chips)
vitalik1203: posts small blind $1
ct-650: posts big blind $3
*** HOLE CARDS ***
vitalik1203: raises $3 to $6
ct-650: calls $3
*** FLOP *** [7h Qs 9c]
ct-650: checks
vitalik1203: bets $3
ct-650: calls $3
*** TURN *** [7h Qs 9c] [4h]
ct-650: checks
vitalik1203: checks
*** RIVER *** [7h Qs 9c 4h] [9d]
ct-650: bets $6
vitalik1203: folds
Uncalled bet ($6) returned to ct-650
ct-650 collected $17.64 from pot
*** SUMMARY ***
Total pot $18 | Rake $0.36
Board [7h Qs 9c 4h 9d]
Seat 1: ct-650 (big blind) collected ($17.64)
Seat 2: vitalik1203 (button) (small blind) folded on the River


PokerStars Hand #145570312439:  Hold'em Limit ($3/$6 USD) - 2015/12/19 4:22:38 ET
Table 'Haworth' 2-max Seat #1 is the button
Seat 1: ct-650 ($116.91 in chips)
Seat 2: vitalik1203 ($68.95 in chips)
ct-650: posts small blind $1
vitalik1203: posts big blind $3
*** HOLE CARDS ***
ct-650: folds
Uncalled bet ($2) returned to vitalik1203
vitalik1203 collected $2 from pot
vitalik1203: doesn't show hand
*** SUMMARY ***
Total pot $2 | Rake $0
Seat 1: ct-650 (button) (small blind) folded before Flop
Seat 2: vitalik1203 (big blind) collected ($2)


PokerStars Hand #145570306634:  Hold'em Limit ($3/$6 USD) - 2015/12/19 4:22:24 ET
Table 'Haworth' 2-max Seat #2 is the button
Seat 1: ct-650 ($99.41 in chips)
Seat 2: vitalik1203 ($86.95 in chips)
vitalik1203: posts small blind $1
ct-650: posts big blind $3
*** HOLE CARDS ***
vitalik1203: raises $3 to $6
ct-650: calls $3
*** FLOP *** [5c 8s 2s]
ct-650: checks
vitalik1203: bets $3
ct-650: raises $3 to $6
vitalik1203: calls $3
*** TURN *** [5c 8s 2s] [5s]
ct-650: bets $6
vitalik1203: calls $6
*** RIVER *** [5c 8s 2s 5s] [Qc]
ct-650: bets $6
vitalik1203: folds
Uncalled bet ($6) returned to ct-650
ct-650 collected $35.50 from pot
*** SUMMARY ***
Total pot $36 | Rake $0.50
Board [5c 8s 2s 5s Qc]
Seat 1: ct-650 (big blind) collected ($35.50)
Seat 2: vitalik1203 (button) (small blind) folded on the River


PokerStars Hand #145570304817:  Hold'em Limit ($3/$6 USD) - 2015/12/19 4:22:20 ET
Table 'Haworth' 2-max Seat #1 is the button
Seat 1: ct-650 ($100.41 in chips)
Seat 2: vitalik1203 ($85.95 in chips)
ct-650: posts small blind $1
vitalik1203: posts big blind $3
*** HOLE CARDS ***
ct-650: folds
Uncalled bet ($2) returned to vitalik1203
vitalik1203 collected $2 from pot
vitalik1203: doesn't show hand
*** SUMMARY ***
Total pot $2 | Rake $0
Seat 1: ct-650 (button) (small blind) folded before Flop
Seat 2: vitalik1203 (big blind) collected ($2)


PokerStars Hand #145570292711:  Hold'em Limit ($3/$6 USD) - 2015/12/19 4:21:51 ET
Table 'Haworth' 2-max Seat #2 is the button
Seat 1: ct-650 ($79.91 in chips)
Seat 2: vitalik1203 ($106.95 in chips)
vitalik1203: posts small blind $1
ct-650: posts big blind $3
*** HOLE CARDS ***
vitalik1203: calls $2
ct-650: raises $3 to $6
vitalik1203: calls $3
*** FLOP *** [Ts 4d 5c]
ct-650: bets $3
vitalik1203: calls $3
*** TURN *** [Ts 4d 5c] [Kc]
ct-650: bets $6
vitalik1203: calls $6
*** RIVER *** [Ts 4d 5c Kc] [4h]
ct-650: bets $6
vitalik1203: calls $6
*** SHOW DOWN ***
ct-650: shows [Qs Ks] (two pair, Kings and Fours)
vitalik1203: mucks hand
ct-650 collected $41.50 from pot
*** SUMMARY ***
Total pot $42 | Rake $0.50
Board [Ts 4d 5c Kc 4h]
Seat 1: ct-650 (big blind) showed [Qs Ks] and won ($41.50) with two pair, Kings and Fours
Seat 2: vitalik1203 (button) (small blind) mucked


PokerStars Hand #145570337252:  Hold'em Limit ($3/$6 USD) - 2015/12/19 4:23:36 ET
Table 'Haworth' 2-max Seat #2 is the button
Seat 1: ct-650 ($158.55 in chips)
Seat 2: vitalik1203 ($25.95 in chips)
vitalik1203: posts small blind $1
ct-650: posts big blind $3
*** HOLE CARDS ***
vitalik1203: raises $3 to $6
ct-650: calls $3
*** FLOP *** [7h 4d Kc]
ct-650: checks
vitalik1203: bets $3
ct-650: calls $3
*** TURN *** [7h 4d Kc] [Td]
ct-650: checks
vitalik1203: bets $6
ct-650: calls $6
*** RIVER *** [7h 4d Kc Td] [6s]
ct-650: checks
vitalik1203: bets $6
ct-650: calls $6
*** SHOW DOWN ***
vitalik1203: shows [7s Kd] (two pair, Kings and Sevens)
ct-650: mucks hand
vitalik1203 collected $41.50 from pot
*** SUMMARY ***
Total pot $42 | Rake $0.50
Board [7h 4d Kc Td 6s]
Seat 1: ct-650 (big blind) mucked
Seat 2: vitalik1203 (button) (small blind) showed [7s Kd] and won ($41.50) with two pair, Kings and Sevens


PokerStars Hand #145570330293:  Hold'em Limit ($3/$6 USD) - 2015/12/19 4:23:20 ET
Table 'Haworth' 2-max Seat #1 is the button
Seat 1: ct-650 ($141.05 in chips)
Seat 2: vitalik1203 ($43.95 in chips)
ct-650: posts small blind $1
vitalik1203: posts big blind $3
*** HOLE CARDS ***
ct-650: raises $3 to $6
vitalik1203: raises $3 to $9
ct-650: calls $3
*** FLOP *** [Kd 7d 4d]
vitalik1203: bets $3
ct-650: calls $3
*** TURN *** [Kd 7d 4d] [7s]
vitalik1203: checks
ct-650: bets $6
vitalik1203: calls $6
*** RIVER *** [Kd 7d 4d 7s] [As]
vitalik1203: checks
ct-650: checks
*** SHOW DOWN ***
vitalik1203: shows [Qh Jd] (a pair of Sevens)
ct-650: shows [Ks 4h] (two pair, Kings and Sevens)
ct-650 collected $35.50 from pot
*** SUMMARY ***
Total pot $36 | Rake $0.50
Board [Kd 7d 4d 7s As]
Seat 1: ct-650 (button) (small blind) showed [Ks 4h] and won ($35.50) with two pair, Kings and Sevens
Seat 2: vitalik1203 (big blind) showed [Qh Jd] and lost with a pair of Sevens


PokerStars Hand #145570328333:  Hold'em Limit ($3/$6 USD) - 2015/12/19 4:23:15 ET
Table 'Haworth' 2-max Seat #2 is the button
Seat 1: ct-650 ($144.05 in chips)
Seat 2: vitalik1203 ($40.95 in chips)
vitalik1203: posts small blind $1
ct-650: posts big blind $3
*** HOLE CARDS ***
vitalik1203: raises $3 to $6
ct-650: folds
Uncalled bet ($3) returned to vitalik1203
vitalik1203 collected $6 from pot
vitalik1203: doesn't show hand
*** SUMMARY ***
Total pot $6 | Rake $0
Seat 1: ct-650 (big blind) folded before Flop
Seat 2: vitalik1203 (button) (small blind) collected ($6)


PokerStars Hand #145570322854:  Hold'em Limit ($3/$6 USD) - 2015/12/19 4:23:02 ET
Table 'Haworth' 2-max Seat #1 is the button
Seat 1: ct-650 ($120.55 in chips)
Seat 2: vitalik1203 ($64.95 in chips)
ct-650: posts small blind $1
vitalik1203: posts big blind $3
*** HOLE CARDS ***
ct-650: raises $3 to $6
vitalik1203: raises $3 to $9
ct-650: calls $3
*** FLOP *** [Th Ks 6h]
vitalik1203: bets $3
ct-650: calls $3
*** TURN *** [Th Ks 6h] [2c]
vitalik1203: bets $6
ct-650: raises $6 to $12
vitalik1203: calls $6
*** RIVER *** [Th Ks 6h 2c] [Qs]
vitalik1203: checks
ct-650: bets $6
vitalik1203: folds
Uncalled bet ($6) returned to ct-650
ct-650 collected $47.50 from pot
*** SUMMARY ***
Total pot $48 | Rake $0.50
Board [Th Ks 6h 2c Qs]
Seat 1: ct-650 (button) (small blind) collected ($47.50)
Seat 2: vitalik1203 (big blind) folded on the River


PokerStars Hand #145570374130:  Hold'em Limit ($3/$6 USD) - 2015/12/19 4:25:03 ET
Table 'Haworth' 2-max Seat #2 is the button
Seat 1: ct-650 ($142.21 in chips)
Seat 2: vitalik1203 ($39.47 in chips)
vitalik1203: posts small blind $1
ct-650: posts big blind $3
*** HOLE CARDS ***
vitalik1203: folds
Uncalled bet ($2) returned to ct-650
ct-650 collected $2 from pot
*** SUMMARY ***
Total pot $2 | Rake $0
Seat 1: ct-650 (big blind) collected ($2)
Seat 2: vitalik1203 (button) (small blind) folded before Flop


PokerStars Hand #145570368703:  Hold'em Limit ($3/$6 USD) - 2015/12/19 4:24:50 ET
Table 'Haworth' 2-max Seat #1 is the button
Seat 1: ct-650 ($124.71 in chips)
Seat 2: vitalik1203 ($57.47 in chips)
ct-650: posts small blind $1
vitalik1203: posts big blind $3
*** HOLE CARDS ***
ct-650: raises $3 to $6
vitalik1203: calls $3
*** FLOP *** [9h 6s Jc]
vitalik1203: bets $3
ct-650: raises $3 to $6
vitalik1203: calls $3
*** TURN *** [9h 6s Jc] [Ad]
vitalik1203: checks
ct-650: bets $6
vitalik1203: calls $6
*** RIVER *** [9h 6s Jc Ad] [8d]
vitalik1203: checks
ct-650: checks
*** SHOW DOWN ***
vitalik1203: shows [6d Qs] (a pair of Sixes)
ct-650: shows [4s 9s] (a pair of Nines)
ct-650 collected $35.50 from pot
*** SUMMARY ***
Total pot $36 | Rake $0.50
Board [9h 6s Jc Ad 8d]
Seat 1: ct-650 (button) (small blind) showed [4s 9s] and won ($35.50) with a pair of Nines
Seat 2: vitalik1203 (big blind) showed [6d Qs] and lost with a pair of Sixes


PokerStars Hand #145570362021:  Hold'em Limit ($3/$6 USD) - 2015/12/19 4:24:34 ET
Table 'Haworth' 2-max Seat #2 is the button
Seat 1: ct-650 ($113.19 in chips)
Seat 2: vitalik1203 ($69.47 in chips)
vitalik1203: posts small blind $1
ct-650: posts big blind $3
*** HOLE CARDS ***
vitalik1203: calls $2
ct-650: raises $3 to $6
vitalik1203: raises $3 to $9
ct-650: calls $3
*** FLOP *** [6h 4h 2c]
ct-650: checks
vitalik1203: bets $3
ct-650: calls $3
*** TURN *** [6h 4h 2c] [Kd]
ct-650: checks
vitalik1203: checks
*** RIVER *** [6h 4h 2c Kd] [6d]
ct-650: bets $6
vitalik1203: folds
Uncalled bet ($6) returned to ct-650
ct-650 collected $23.52 from pot
*** SUMMARY ***
Total pot $24 | Rake $0.48
Board [6h 4h 2c Kd 6d]
Seat 1: ct-650 (big blind) collected ($23.52)
Seat 2: vitalik1203 (button) (small blind) folded on the River


PokerStars Hand #145570358107:  Hold'em Limit ($3/$6 USD) - 2015/12/19 4:24:25 ET
Table 'Haworth' 2-max Seat #1 is the button
Seat 1: ct-650 ($125.19 in chips)
Seat 2: vitalik1203 ($57.95 in chips)
ct-650: posts small blind $1
vitalik1203: posts big blind $3
*** HOLE CARDS ***
ct-650: raises $3 to $6
vitalik1203: raises $3 to $9
ct-650: calls $3
*** FLOP *** [6c Qd 6s]
vitalik1203: bets $3
ct-650: calls $3
*** TURN *** [6c Qd 6s] [7h]
vitalik1203: bets $6
ct-650: folds
Uncalled bet ($6) returned to vitalik1203
vitalik1203 collected $23.52 from pot
vitalik1203: doesn't show hand
*** SUMMARY ***
Total pot $24 | Rake $0.48
Board [6c Qd 6s 7h]
Seat 1: ct-650 (button) (small blind) folded on the Turn
Seat 2: vitalik1203 (big blind) collected ($23.52)


PokerStars Hand #145570353155:  Hold'em Limit ($3/$6 USD) - 2015/12/19 4:24:13 ET
Table 'Haworth' 2-max Seat #2 is the button
Seat 1: ct-650 ($116.55 in chips)
Seat 2: vitalik1203 ($66.95 in chips)
vitalik1203: posts small blind $1
ct-650: posts big blind $3
*** HOLE CARDS ***
vitalik1203: raises $3 to $6
ct-650: calls $3
*** FLOP *** [Kd Qs 5d]
ct-650: checks
vitalik1203: bets $3
ct-650: calls $3
*** TURN *** [Kd Qs 5d] [Ac]
ct-650: checks
vitalik1203: checks
*** RIVER *** [Kd Qs 5d Ac] [6h]
ct-650: bets $6
vitalik1203: folds
Uncalled bet ($6) returned to ct-650
ct-650 collected $17.64 from pot
*** SUMMARY ***
Total pot $18 | Rake $0.36
Board [Kd Qs 5d Ac 6h]
Seat 1: ct-650 (big blind) collected ($17.64)
Seat 2: vitalik1203 (button) (small blind) folded on the River


PokerStars Hand #145570347110:  Hold'em Limit ($3/$6 USD) - 2015/12/19 4:23:59 ET
Table 'Haworth' 2-max Seat #1 is the button
Seat 1: ct-650 ($137.55 in chips)
Seat 2: vitalik1203 ($46.45 in chips)
ct-650: posts small blind $1
vitalik1203: posts big blind $3
*** HOLE CARDS ***
ct-650: raises $3 to $6
vitalik1203: calls $3
*** FLOP *** [5c Td 7c]
vitalik1203: bets $3
ct-650: calls $3
*** TURN *** [5c Td 7c] [2h]
vitalik1203: bets $6
ct-650: calls $6
*** RIVER *** [5c Td 7c 2h] [Qs]
vitalik1203: bets $6
ct-650: calls $6
*** SHOW DOWN ***
vitalik1203: shows [6s 6c] (a pair of Sixes)
ct-650: mucks hand
vitalik1203 collected $41.50 from pot
*** SUMMARY ***
Total pot $42 | Rake $0.50
Board [5c Td 7c 2h Qs]
Seat 1: ct-650 (button) (small blind) mucked
Seat 2: vitalik1203 (big blind) showed [6s 6c] and won ($41.50) with a pair of Sixes


PokerStars Hand #145570391970:  Hold'em Limit ($3/$6 USD) - 2015/12/19 4:25:43 ET
Table 'Haworth' 2-max Seat #2 is the button
Seat 1: ct-650 ($147.61 in chips)
Seat 2: vitalik1203 ($33.23 in chips)
vitalik1203: posts small blind $1
ct-650: posts big blind $3
*** HOLE CARDS ***
vitalik1203: raises $3 to $6
ct-650: calls $3
*** FLOP *** [Ts 4d Qd]
ct-650: checks
vitalik1203: bets $3
ct-650: raises $3 to $6
vitalik1203: calls $3
*** TURN *** [Ts 4d Qd] [3d]
ct-650: bets $6
vitalik1203: calls $6
*** RIVER *** [Ts 4d Qd 3d] [Ad]
ct-650: checks
vitalik1203: bets $6
ct-650: calls $6
*** SHOW DOWN ***
vitalik1203: shows [Jc 9h] (high card Ace)
ct-650: shows [5h Qc] (a pair of Queens)
ct-650 collected $47.50 from pot
*** SUMMARY ***
Total pot $48 | Rake $0.50
Board [Ts 4d Qd 3d Ad]
Seat 1: ct-650 (big blind) showed [5h Qc] and won ($47.50) with a pair of Queens
Seat 2: vitalik1203 (button) (small blind) showed [Jc 9h] and lost with high card Ace


PokerStars Hand #145570386548:  Hold'em Limit ($3/$6 USD) - 2015/12/19 4:25:31 ET
Table 'Haworth' 2-max Seat #1 is the button
Seat 1: ct-650 ($138.97 in chips)
Seat 2: vitalik1203 ($42.23 in chips)
ct-650: posts small blind $1
vitalik1203: posts big blind $3
*** HOLE CARDS ***
ct-650: raises $3 to $6
vitalik1203: raises $3 to $9
ct-650: calls $3
*** FLOP *** [Ah Qh Qd]
vitalik1203: checks
ct-650: checks
*** TURN *** [Ah Qh Qd] [2c]
vitalik1203: checks
ct-650: checks
*** RIVER *** [Ah Qh Qd 2c] [6s]
vitalik1203: checks
ct-650: checks
*** SHOW DOWN ***
vitalik1203: shows [8d 7c] (a pair of Queens)
ct-650: shows [9s Jd] (a pair of Queens - Ace+Jack kicker)
ct-650 collected $17.64 from pot
*** SUMMARY ***
Total pot $18 | Rake $0.36
Board [Ah Qh Qd 2c 6s]
Seat 1: ct-650 (button) (small blind) showed [9s Jd] and won ($17.64) with a pair of Queens
Seat 2: vitalik1203 (big blind) showed [8d 7c] and lost with a pair of Queens


PokerStars Hand #145570383360:  Hold'em Limit ($3/$6 USD) - 2015/12/19 4:25:24 ET
Table 'Haworth' 2-max Seat #2 is the button
Seat 1: ct-650 ($144.97 in chips)
Seat 2: vitalik1203 ($36.47 in chips)
vitalik1203: posts small blind $1
ct-650: posts big blind $3
*** HOLE CARDS ***
vitalik1203: raises $3 to $6
ct-650: calls $3
*** FLOP *** [Qc 5s Kh]
ct-650: checks
vitalik1203: bets $3
ct-650: folds
Uncalled bet ($3) returned to vitalik1203
vitalik1203 collected $11.76 from pot
vitalik1203: doesn't show hand
*** SUMMARY ***
Total pot $12 | Rake $0.24
Board [Qc 5s Kh]
Seat 1: ct-650 (big blind) folded on the Flop
Seat 2: vitalik1203 (button) (small blind) collected ($11.76)


PokerStars Hand #145570379954:  Hold'em Limit ($3/$6 USD) - 2015/12/19 4:25:16 ET
Table 'Haworth' 2-max Seat #1 is the button
Seat 1: ct-650 ($139.21 in chips)
Seat 2: vitalik1203 ($42.47 in chips)
ct-650: posts small blind $1
vitalik1203: posts big blind $3
*** HOLE CARDS ***
ct-650: raises $3 to $6
vitalik1203: calls $3
*** FLOP *** [Ad 2c 2d]
vitalik1203: checks
ct-650: bets $3
vitalik1203: folds
Uncalled bet ($3) returned to ct-650
ct-650 collected $11.76 from pot
*** SUMMARY ***
Total pot $12 | Rake $0.24
Board [Ad 2c 2d]
Seat 1: ct-650 (button) (small blind) collected ($11.76)
Seat 2: vitalik1203 (big blind) folded on the Flop


PokerStars Hand #145570377777:  Hold'em Limit ($3/$6 USD) - 2015/12/19 4:25:11 ET
Table 'Haworth' 2-max Seat #2 is the button
Seat 1: ct-650 ($142.21 in chips)
Seat 2: vitalik1203 ($39.47 in chips)
vitalik1203: posts small blind $1
ct-650: posts big blind $3
*** HOLE CARDS ***
vitalik1203: raises $3 to $6
ct-650: folds
Uncalled bet ($3) returned to vitalik1203
vitalik1203 collected $6 from pot
vitalik1203: doesn't show hand
*** SUMMARY ***
Total pot $6 | Rake $0
Seat 1: ct-650 (big blind) folded before Flop
Seat 2: vitalik1203 (button) (small blind) collected ($6)


PokerStars Hand #145570375877:  Hold'em Limit ($3/$6 USD) - 2015/12/19 4:25:07 ET
Table 'Haworth' 2-max Seat #1 is the button
Seat 1: ct-650 ($143.21 in chips)
Seat 2: vitalik1203 ($38.47 in chips)
ct-650: posts small blind $1
vitalik1203: posts big blind $3
*** HOLE CARDS ***
ct-650: folds
Uncalled bet ($2) returned to vitalik1203
vitalik1203 collected $2 from pot
vitalik1203: doesn't show hand
*** SUMMARY ***
Total pot $2 | Rake $0
Seat 1: ct-650 (button) (small blind) folded before Flop
Seat 2: vitalik1203 (big blind) collected ($2)


PokerStars Hand #145570422052:  Hold'em Limit ($3/$6 USD) - 2015/12/19 4:26:53 ET
Table 'Haworth' 2-max Seat #2 is the button
Seat 1: ct-650 ($152.43 in chips)
Seat 2: vitalik1203 ($26.46 in chips)
vitalik1203: posts small blind $1
ct-650: posts big blind $3
*** HOLE CARDS ***
vitalik1203: raises $3 to $6
ct-650: calls $3
*** FLOP *** [8d As Ac]
ct-650: checks
vitalik1203: checks
*** TURN *** [8d As Ac] [9c]
ct-650: bets $6
vitalik1203: folds
Uncalled bet ($6) returned to ct-650
ct-650 collected $11.76 from pot
*** SUMMARY ***
Total pot $12 | Rake $0.24
Board [8d As Ac 9c]
Seat 1: ct-650 (big blind) collected ($11.76)
Seat 2: vitalik1203 (button) (small blind) folded on the Turn


PokerStars Hand #145570417205:  Hold'em Limit ($3/$6 USD) - 2015/12/19 4:26:42 ET
Table 'Haworth' 2-max Seat #1 is the button
Seat 1: ct-650 ($158.43 in chips)
Seat 2: vitalik1203 ($20.70 in chips)
ct-650: posts small blind $1
vitalik1203: posts big blind $3
*** HOLE CARDS ***
ct-650: raises $3 to $6
vitalik1203: calls $3
*** FLOP *** [7h Kh Qd]
vitalik1203: bets $3
ct-650: folds
Uncalled bet ($3) returned to vitalik1203
vitalik1203 collected $11.76 from pot
vitalik1203: doesn't show hand
*** SUMMARY ***
Total pot $12 | Rake $0.24
Board [7h Kh Qd]
Seat 1: ct-650 (button) (small blind) folded on the Flop
Seat 2: vitalik1203 (big blind) collected ($11.76)


PokerStars Hand #145570414090:  Hold'em Limit ($3/$6 USD) - 2015/12/19 4:26:35 ET
Table 'Haworth' 2-max Seat #2 is the button
Seat 1: ct-650 ($155.55 in chips)
Seat 2: vitalik1203 ($23.70 in chips)
vitalik1203: posts small blind $1
ct-650: posts big blind $3
*** HOLE CARDS ***
vitalik1203: calls $2
ct-650: checks
*** FLOP *** [8c 8d 6c]
ct-650: bets $3
vitalik1203: folds
Uncalled bet ($3) returned to ct-650
ct-650 collected $5.88 from pot
*** SUMMARY ***
Total pot $6 | Rake $0.12
Board [8c 8d 6c]
Seat 1: ct-650 (big blind) collected ($5.88)
Seat 2: vitalik1203 (button) (small blind) folded on the Flop


PokerStars Hand #145570407790:  Hold'em Limit ($3/$6 USD) - 2015/12/19 4:26:20 ET
Table 'Haworth' 2-max Seat #1 is the button
Seat 1: ct-650 ($167.64 in chips)
Seat 2: vitalik1203 ($12.09 in chips)
ct-650: posts small blind $1
vitalik1203: posts big blind $3
*** HOLE CARDS ***
ct-650: raises $3 to $6
vitalik1203: raises $3 to $9
ct-650: raises $3 to $12
Betting is capped
vitalik1203: calls $3
*** FLOP *** [Kd 5s Jd]
vitalik1203: bets $0.09 and is all-in
ct-650: calls $0.09
*** TURN *** [Kd 5s Jd] [7s]
*** RIVER *** [Kd 5s Jd 7s] [6c]
*** SHOW DOWN ***
vitalik1203: shows [5h 6d] (two pair, Sixes and Fives)
ct-650: shows [Ac 3s] (high card Ace)
vitalik1203 collected $23.70 from pot
*** SUMMARY ***
Total pot $24.18 | Rake $0.48
Board [Kd 5s Jd 7s 6c]
Seat 1: ct-650 (button) (small blind) showed [Ac 3s] and lost with high card Ace
Seat 2: vitalik1203 (big blind) showed [5h 6d] and won ($23.70) with two pair, Sixes and Fives


PokerStars Hand #145570404033:  Hold'em Limit ($3/$6 USD) - 2015/12/19 4:26:11 ET
Table 'Haworth' 2-max Seat #2 is the button
Seat 1: ct-650 ($161.88 in chips)
Seat 2: vitalik1203 ($18.09 in chips)
vitalik1203: posts small blind $1
ct-650: posts big blind $3
*** HOLE CARDS ***
vitalik1203: raises $3 to $6
ct-650: calls $3
*** FLOP *** [Kh Kd 7s]
ct-650: checks
vitalik1203: checks
*** TURN *** [Kh Kd 7s] [9s]
ct-650: bets $6
vitalik1203: folds
Uncalled bet ($6) returned to ct-650
ct-650 collected $11.76 from pot
*** SUMMARY ***
Total pot $12 | Rake $0.24
Board [Kh Kd 7s 9s]
Seat 1: ct-650 (big blind) collected ($11.76)
Seat 2: vitalik1203 (button) (small blind) folded on the Turn


PokerStars Hand #145570397651:  Hold'em Limit ($3/$6 USD) - 2015/12/19 4:25:57 ET
Table 'Haworth' 2-max Seat #1 is the button
Seat 1: ct-650 ($171.11 in chips)
Seat 2: vitalik1203 ($9.23 in chips)
ct-650: posts small blind $1
vitalik1203: posts big blind $3
*** HOLE CARDS ***
ct-650: raises $3 to $6
vitalik1203: raises $3 to $9
ct-650: raises $3 to $12
Betting is capped
vitalik1203: calls $0.23 and is all-in
Uncalled bet ($2.77) returned to ct-650
*** FLOP *** [Qh 5s 4c]
*** TURN *** [Qh 5s 4c] [Ks]
*** RIVER *** [Qh 5s 4c Ks] [6c]
*** SHOW DOWN ***
vitalik1203: shows [5d Qc] (two pair, Queens and Fives)
ct-650: shows [7d 4h] (a pair of Fours)
vitalik1203 collected $18.09 from pot
*** SUMMARY ***
Total pot $18.46 | Rake $0.37
Board [Qh 5s 4c Ks 6c]
Seat 1: ct-650 (button) (small blind) showed [7d 4h] and lost with a pair of Fours
Seat 2: vitalik1203 (big blind) showed [5d Qc] and won ($18.09) with two pair, Queens and Fives


PokerStars Hand #145570449133:  Hold'em Limit ($3/$6 USD) - 2015/12/19 4:27:56 ET
Table 'Haworth' 2-max Seat #2 is the button
Seat 1: ct-650 ($126.95 in chips)
Seat 2: vitalik1203 ($50.12 in chips)
vitalik1203: posts small blind $1
ct-650: posts big blind $3
*** HOLE CARDS ***
vitalik1203: raises $3 to $6
ct-650: calls $3
*** FLOP *** [3c 8s Qc]
ct-650: checks
vitalik1203: checks
*** TURN *** [3c 8s Qc] [6s]
ct-650: bets $6
vitalik1203: folds
Uncalled bet ($6) returned to ct-650
ct-650 collected $11.76 from pot
*** SUMMARY ***
Total pot $12 | Rake $0.24
Board [3c 8s Qc 6s]
Seat 1: ct-650 (big blind) collected ($11.76)
Seat 2: vitalik1203 (button) (small blind) folded on the Turn


PokerStars Hand #145570444120:  Hold'em Limit ($3/$6 USD) - 2015/12/19 4:27:44 ET
Table 'Haworth' 2-max Seat #1 is the button
Seat 1: ct-650 ($141.95 in chips)
Seat 2: vitalik1203 ($35.62 in chips)
ct-650: posts small blind $1
vitalik1203: posts big blind $3
*** HOLE CARDS ***
ct-650: raises $3 to $6
vitalik1203: calls $3
*** FLOP *** [4s 6h 5h]
vitalik1203: bets $3
ct-650: calls $3
*** TURN *** [4s 6h 5h] [Jc]
vitalik1203: bets $6
ct-650: calls $6
*** RIVER *** [4s 6h 5h Jc] [5c]
vitalik1203: bets $6
ct-650: folds
Uncalled bet ($6) returned to vitalik1203
vitalik1203 collected $29.50 from pot
vitalik1203: doesn't show hand
*** SUMMARY ***
Total pot $30 | Rake $0.50
Board [4s 6h 5h Jc 5c]
Seat 1: ct-650 (button) (small blind) folded on the River
Seat 2: vitalik1203 (big blind) collected ($29.50)


PokerStars Hand #145570440126:  Hold'em Limit ($3/$6 USD) - 2015/12/19 4:27:35 ET
Table 'Haworth' 2-max Seat #2 is the button
Seat 1: ct-650 ($136.19 in chips)
Seat 2: vitalik1203 ($41.62 in chips)
vitalik1203: posts small blind $1
ct-650: posts big blind $3
*** HOLE CARDS ***
vitalik1203: calls $2
ct-650: checks
*** FLOP *** [7d 2c 2h]
ct-650: bets $3
vitalik1203: calls $3
*** TURN *** [7d 2c 2h] [9c]
ct-650: bets $6
vitalik1203: folds
Uncalled bet ($6) returned to ct-650
ct-650 collected $11.76 from pot
*** SUMMARY ***
Total pot $12 | Rake $0.24
Board [7d 2c 2h 9c]
Seat 1: ct-650 (big blind) collected ($11.76)
Seat 2: vitalik1203 (button) (small blind) folded on the Turn


PokerStars Hand #145570438305:  Hold'em Limit ($3/$6 USD) - 2015/12/19 4:27:31 ET
Table 'Haworth' 2-max Seat #1 is the button
Seat 1: ct-650 ($137.19 in chips)
Seat 2: vitalik1203 ($40.62 in chips)
ct-650: posts small blind $1
vitalik1203: posts big blind $3
*** HOLE CARDS ***
ct-650: folds
Uncalled bet ($2) returned to vitalik1203
vitalik1203 collected $2 from pot
vitalik1203: doesn't show hand
*** SUMMARY ***
Total pot $2 | Rake $0
Seat 1: ct-650 (button) (small blind) folded before Flop
Seat 2: vitalik1203 (big blind) collected ($2)


PokerStars Hand #145570432807:  Hold'em Limit ($3/$6 USD) - 2015/12/19 4:27:18 ET
Table 'Haworth' 2-max Seat #2 is the button
Seat 1: ct-650 ($149.19 in chips)
Seat 2: vitalik1203 ($29.10 in chips)
vitalik1203: posts small blind $1
ct-650: posts big blind $3
*** HOLE CARDS ***
vitalik1203: raises $3 to $6
ct-650: calls $3
*** FLOP *** [Jc Kh Kd]
ct-650: checks
vitalik1203: checks
*** TURN *** [Jc Kh Kd] [6d]
ct-650: checks
vitalik1203: checks
*** RIVER *** [Jc Kh Kd 6d] [Qd]
ct-650: checks
vitalik1203: bets $6
ct-650: calls $6
*** SHOW DOWN ***
vitalik1203: shows [Qc 7h] (two pair, Kings and Queens)
ct-650: mucks hand
vitalik1203 collected $23.52 from pot
*** SUMMARY ***
Total pot $24 | Rake $0.48
Board [Jc Kh Kd 6d Qd]
Seat 1: ct-650 (big blind) mucked
Seat 2: vitalik1203 (button) (small blind) showed [Qc 7h] and won ($23.52) with two pair, Kings and Queens


PokerStars Hand #145570427730:  Hold'em Limit ($3/$6 USD) - 2015/12/19 4:27:06 ET
Table 'Haworth' 2-max Seat #1 is the button
Seat 1: ct-650 ($158.19 in chips)
Seat 2: vitalik1203 ($20.46 in chips)
ct-650: posts small blind $1
vitalik1203: posts big blind $3
*** HOLE CARDS ***
ct-650: raises $3 to $6
vitalik1203: calls $3
*** FLOP *** [Qc 4s 7c]
vitalik1203: checks
ct-650: bets $3
vitalik1203: calls $3
*** TURN *** [Qc 4s 7c] [Qd]
vitalik1203: checks
ct-650: checks
*** RIVER *** [Qc 4s 7c Qd] [9s]
vitalik1203: bets $6
ct-650: folds
Uncalled bet ($6) returned to vitalik1203
vitalik1203 collected $17.64 from pot
vitalik1203: doesn't show hand
*** SUMMARY ***
Total pot $18 | Rake $0.36
Board [Qc 4s 7c Qd 9s]
Seat 1: ct-650 (button) (small blind) folded on the River
Seat 2: vitalik1203 (big blind) collected ($17.64)


PokerStars Hand #145570473948:  Hold'em Limit ($3/$6 USD) - 2015/12/19 4:28:53 ET
Table 'Haworth' 2-max Seat #1 is the button
Seat 1: ct-650 ($99.59 in chips)
Seat 2: vitalik1203 ($76.26 in chips)
ct-650: posts small blind $1
vitalik1203: posts big blind $3
*** HOLE CARDS ***
ct-650: raises $3 to $6
vitalik1203: raises $3 to $9
ct-650: calls $3
*** FLOP *** [2h Th 4c]
vitalik1203: bets $3
ct-650: calls $3
*** TURN *** [2h Th 4c] [Td]
vitalik1203: bets $6
ct-650: raises $6 to $12
vitalik1203: calls $6
*** RIVER *** [2h Th 4c Td] [7s]
vitalik1203: checks
ct-650: bets $6
vitalik1203: folds
Uncalled bet ($6) returned to ct-650
ct-650 collected $47.50 from pot
*** SUMMARY ***
Total pot $48 | Rake $0.50
Board [2h Th 4c Td 7s]
Seat 1: ct-650 (button) (small blind) collected ($47.50)
Seat 2: vitalik1203 (big blind) folded on the River


PokerStars Hand #145570472042:  Hold'em Limit ($3/$6 USD) - 2015/12/19 4:28:49 ET
Table 'Haworth' 2-max Seat #2 is the button
Seat 1: ct-650 ($102.59 in chips)
Seat 2: vitalik1203 ($73.26 in chips)
vitalik1203: posts small blind $1
ct-650: posts big blind $3
*** HOLE CARDS ***
vitalik1203: raises $3 to $6
ct-650: folds
Uncalled bet ($3) returned to vitalik1203
vitalik1203 collected $6 from pot
vitalik1203: doesn't show hand
*** SUMMARY ***
Total pot $6 | Rake $0
Seat 1: ct-650 (big blind) folded before Flop
Seat 2: vitalik1203 (button) (small blind) collected ($6)


PokerStars Hand #145570466458:  Hold'em Limit ($3/$6 USD) - 2015/12/19 4:28:36 ET
Table 'Haworth' 2-max Seat #1 is the button
Seat 1: ct-650 ($126.59 in chips)
Seat 2: vitalik1203 ($49.76 in chips)
ct-650: posts small blind $1
vitalik1203: posts big blind $3
*** HOLE CARDS ***
ct-650: raises $3 to $6
vitalik1203: raises $3 to $9
ct-650: calls $3
*** FLOP *** [As 8d Qh]
vitalik1203: bets $3
ct-650: calls $3
*** TURN *** [As 8d Qh] [Ah]
vitalik1203: bets $6
ct-650: calls $6
*** RIVER *** [As 8d Qh Ah] [6c]
vitalik1203: bets $6
ct-650: calls $6
*** SHOW DOWN ***
vitalik1203: shows [Ad 4c] (three of a kind, Aces)
ct-650: mucks hand
vitalik1203 collected $47.50 from pot
*** SUMMARY ***
Total pot $48 | Rake $0.50
Board [As 8d Qh Ah 6c]
Seat 1: ct-650 (button) (small blind) mucked
Seat 2: vitalik1203 (big blind) showed [Ad 4c] and won ($47.50) with three of a kind, Aces


PokerStars Hand #145570457331:  Hold'em Limit ($3/$6 USD) - 2015/12/19 4:28:15 ET
Table 'Haworth' 2-max Seat #2 is the button
Seat 1: ct-650 ($123.71 in chips)
Seat 2: vitalik1203 ($52.76 in chips)
vitalik1203: posts small blind $1
ct-650: posts big blind $3
*** HOLE CARDS ***
vitalik1203: calls $2
ct-650: checks
*** FLOP *** [Jh As 5s]
ct-650: bets $3
vitalik1203: folds
Uncalled bet ($3) returned to ct-650
ct-650 collected $5.88 from pot
*** SUMMARY ***
Total pot $6 | Rake $0.12
Board [Jh As 5s]
Seat 1: ct-650 (big blind) collected ($5.88)
Seat 2: vitalik1203 (button) (small blind) folded on the Flop


PokerStars Hand #145570453357:  Hold'em Limit ($3/$6 USD) - 2015/12/19 4:28:06 ET
Table 'Haworth' 2-max Seat #1 is the button
Seat 1: ct-650 ($132.71 in chips)
Seat 2: vitalik1203 ($44.12 in chips)
ct-650: posts small blind $1
vitalik1203: posts big blind $3
*** HOLE CARDS ***
ct-650: raises $3 to $6
vitalik1203: raises $3 to $9
ct-650: calls $3
*** FLOP *** [Ac Th 3s]
vitalik1203: bets $3
ct-650: folds
Uncalled bet ($3) returned to vitalik1203
vitalik1203 collected $17.64 from pot
vitalik1203: doesn't show hand
*** SUMMARY ***
Total pot $18 | Rake $0.36
Board [Ac Th 3s]
Seat 1: ct-650 (button) (small blind) folded on the Flop
Seat 2: vitalik1203 (big blind) collected ($17.64)


PokerStars Hand #145570501901:  Hold'em Limit ($3/$6 USD) - 2015/12/19 4:29:57 ET
Table 'Haworth' 2-max Seat #1 is the button
Seat 1: ct-650 ($140.09 in chips)
Seat 2: vitalik1203 ($33.54 in chips)
ct-650: posts small blind $1
vitalik1203: posts big blind $3
*** HOLE CARDS ***
ct-650: raises $3 to $6
vitalik1203: calls $3
*** FLOP *** [7s 2d 9s]
vitalik1203: checks
ct-650: bets $3
vitalik1203: folds
Uncalled bet ($3) returned to ct-650
ct-650 collected $11.76 from pot
*** SUMMARY ***
Total pot $12 | Rake $0.24
Board [7s 2d 9s]
Seat 1: ct-650 (button) (small blind) collected ($11.76)
Seat 2: vitalik1203 (big blind) folded on the Flop


PokerStars Hand #145570496664:  Hold'em Limit ($3/$6 USD) - 2015/12/19 4:29:46 ET
Table 'Haworth' 2-max Seat #2 is the button
Seat 1: ct-650 ($125.59 in chips)
Seat 2: vitalik1203 ($48.54 in chips)
vitalik1203: posts small blind $1
ct-650: posts big blind $3
*** HOLE CARDS ***
vitalik1203: calls $2
ct-650: raises $3 to $6
vitalik1203: calls $3
*** FLOP *** [4h Ts 9h]
ct-650: bets $3
vitalik1203: calls $3
*** TURN *** [4h Ts 9h] [9d]
ct-650: bets $6
vitalik1203: calls $6
*** RIVER *** [4h Ts 9h 9d] [6c]
ct-650: bets $6
vitalik1203: folds
Uncalled bet ($6) returned to ct-650
ct-650 collected $29.50 from pot
*** SUMMARY ***
Total pot $30 | Rake $0.50
Board [4h Ts 9h 9d 6c]
Seat 1: ct-650 (big blind) collected ($29.50)
Seat 2: vitalik1203 (button) (small blind) folded on the River


PokerStars Hand #145570491975:  Hold'em Limit ($3/$6 USD) - 2015/12/19 4:29:35 ET
Table 'Haworth' 2-max Seat #1 is the button
Seat 1: ct-650 ($137.59 in chips)
Seat 2: vitalik1203 ($37.02 in chips)
ct-650: posts small blind $1
vitalik1203: posts big blind $3
*** HOLE CARDS ***
ct-650: raises $3 to $6
vitalik1203: raises $3 to $9
ct-650: calls $3
*** FLOP *** [5s Td Qs]
vitalik1203: bets $3
ct-650: calls $3
*** TURN *** [5s Td Qs] [6c]
vitalik1203: bets $6
ct-650: folds
Uncalled bet ($6) returned to vitalik1203
vitalik1203 collected $23.52 from pot
vitalik1203: doesn't show hand
*** SUMMARY ***
Total pot $24 | Rake $0.48
Board [5s Td Qs 6c]
Seat 1: ct-650 (button) (small blind) folded on the Turn
Seat 2: vitalik1203 (big blind) collected ($23.52)


PokerStars Hand #145570487272:  Hold'em Limit ($3/$6 USD) - 2015/12/19 4:29:24 ET
Table 'Haworth' 2-max Seat #2 is the button
Seat 1: ct-650 ($114.09 in chips)
Seat 2: vitalik1203 ($61.02 in chips)
vitalik1203: posts small blind $1
ct-650: posts big blind $3
*** HOLE CARDS ***
vitalik1203: raises $3 to $6
ct-650: calls $3
*** FLOP *** [Tc 7s 3s]
ct-650: checks
vitalik1203: bets $3
ct-650: raises $3 to $6
vitalik1203: calls $3
*** TURN *** [Tc 7s 3s] [4d]
ct-650: bets $6
vitalik1203: calls $6
*** RIVER *** [Tc 7s 3s 4d] [Qc]
ct-650: bets $6
vitalik1203: calls $6
*** SHOW DOWN ***
ct-650: shows [6d Td] (a pair of Tens)
vitalik1203: mucks hand
ct-650 collected $47.50 from pot
*** SUMMARY ***
Total pot $48 | Rake $0.50
Board [Tc 7s 3s 4d Qc]
Seat 1: ct-650 (big blind) showed [6d Td] and won ($47.50) with a pair of Tens
Seat 2: vitalik1203 (button) (small blind) mucked


PokerStars Hand #145570483600:  Hold'em Limit ($3/$6 USD) - 2015/12/19 4:29:15 ET
Table 'Haworth' 2-max Seat #1 is the button
Seat 1: ct-650 ($120.09 in chips)
Seat 2: vitalik1203 ($55.26 in chips)
ct-650: posts small blind $1
vitalik1203: posts big blind $3
*** HOLE CARDS ***
ct-650: calls $2
vitalik1203: raises $3 to $6
ct-650: calls $3
*** FLOP *** [Qc Jd Qs]
vitalik1203: bets $3
ct-650: folds
Uncalled bet ($3) returned to vitalik1203
vitalik1203 collected $11.76 from pot
vitalik1203: doesn't show hand
*** SUMMARY ***
Total pot $12 | Rake $0.24
Board [Qc Jd Qs]
Seat 1: ct-650 (button) (small blind) folded on the Flop
Seat 2: vitalik1203 (big blind) collected ($11.76)


PokerStars Hand #145570481709:  Hold'em Limit ($3/$6 USD) - 2015/12/19 4:29:11 ET
Table 'Haworth' 2-max Seat #2 is the button
Seat 1: ct-650 ($123.09 in chips)
Seat 2: vitalik1203 ($52.26 in chips)
vitalik1203: posts small blind $1
ct-650: posts big blind $3
*** HOLE CARDS ***
vitalik1203: raises $3 to $6
ct-650: folds
Uncalled bet ($3) returned to vitalik1203
vitalik1203 collected $6 from pot
vitalik1203: doesn't show hand
*** SUMMARY ***
Total pot $6 | Rake $0
Seat 1: ct-650 (big blind) folded before Flop
Seat 2: vitalik1203 (button) (small blind) collected ($6)


PokerStars Hand #145570531468:  Hold'em Limit ($3/$6 USD) - 2015/12/19 4:31:06 ET
Table 'Haworth' 2-max Seat #2 is the button
Seat 1: ct-650 ($153.87 in chips)
Seat 2: vitalik1203 ($17.58 in chips)
vitalik1203: posts small blind $1
ct-650: posts big blind $3
*** HOLE CARDS ***
vitalik1203: raises $3 to $6
ct-650: folds
Uncalled bet ($3) returned to vitalik1203
vitalik1203 collected $6 from pot
vitalik1203: doesn't show hand
*** SUMMARY ***
Total pot $6 | Rake $0
Seat 1: ct-650 (big blind) folded before Flop
Seat 2: vitalik1203 (button) (small blind) collected ($6)


PokerStars Hand #145570526096:  Hold'em Limit ($3/$6 USD) - 2015/12/19 4:30:54 ET
Table 'Haworth' 2-max Seat #1 is the button
Seat 1: ct-650 ($142.35 in chips)
Seat 2: vitalik1203 ($29.58 in chips)
ct-650: posts small blind $1
vitalik1203: posts big blind $3
*** HOLE CARDS ***
ct-650: raises $3 to $6
vitalik1203: raises $3 to $9
ct-650: calls $3
*** FLOP *** [Ks Ah Ac]
vitalik1203: bets $3
ct-650: calls $3
*** TURN *** [Ks Ah Ac] [Qd]
vitalik1203: checks
ct-650: bets $6
vitalik1203: folds
Uncalled bet ($6) returned to ct-650
ct-650 collected $23.52 from pot
*** SUMMARY ***
Total pot $24 | Rake $0.48
Board [Ks Ah Ac Qd]
Seat 1: ct-650 (button) (small blind) collected ($23.52)
Seat 2: vitalik1203 (big blind) folded on the Turn


PokerStars Hand #145570519467:  Hold'em Limit ($3/$6 USD) - 2015/12/19 4:30:38 ET
Table 'Haworth' 2-max Seat #2 is the button
Seat 1: ct-650 ($115.85 in chips)
Seat 2: vitalik1203 ($56.58 in chips)
vitalik1203: posts small blind $1
ct-650: posts big blind $3
*** HOLE CARDS ***
vitalik1203: raises $3 to $6
ct-650: raises $3 to $9
vitalik1203: raises $3 to $12
Betting is capped
ct-650: calls $3
*** FLOP *** [7h 3s 4h]
ct-650: bets $3
vitalik1203: raises $3 to $6
ct-650: raises $3 to $9
vitalik1203: calls $3
*** TURN *** [7h 3s 4h] [Qs]
ct-650: bets $6
vitalik1203: calls $6
*** RIVER *** [7h 3s 4h Qs] [Tc]
ct-650: bets $6
vitalik1203: folds
Uncalled bet ($6) returned to ct-650
ct-650 collected $53.50 from pot
*** SUMMARY ***
Total pot $54 | Rake $0.50
Board [7h 3s 4h Qs Tc]
Seat 1: ct-650 (big blind) collected ($53.50)
Seat 2: vitalik1203 (button) (small blind) folded on the River


PokerStars Hand #145570515036:  Hold'em Limit ($3/$6 USD) - 2015/12/19 4:30:28 ET
Table 'Haworth' 2-max Seat #1 is the button
Seat 1: ct-650 ($127.85 in chips)
Seat 2: vitalik1203 ($45.06 in chips)
ct-650: posts small blind $1
vitalik1203: posts big blind $3
*** HOLE CARDS ***
ct-650: raises $3 to $6
vitalik1203: raises $3 to $9
ct-650: calls $3
*** FLOP *** [5h 3c Ac]
vitalik1203: bets $3
ct-650: calls $3
*** TURN *** [5h 3c Ac] [Td]
vitalik1203: bets $6
ct-650: folds
Uncalled bet ($6) returned to vitalik1203
vitalik1203 collected $23.52 from pot
vitalik1203: doesn't show hand
*** SUMMARY ***
Total pot $24 | Rake $0.48
Board [5h 3c Ac Td]
Seat 1: ct-650 (button) (small blind) folded on the Turn
Seat 2: vitalik1203 (big blind) collected ($23.52)


PokerStars Hand #145570506434:  Hold'em Limit ($3/$6 USD) - 2015/12/19 4:30:08 ET
Table 'Haworth' 2-max Seat #2 is the button
Seat 1: ct-650 ($145.85 in chips)
Seat 2: vitalik1203 ($27.54 in chips)
vitalik1203: posts small blind $1
ct-650: posts big blind $3
*** HOLE CARDS ***
vitalik1203: raises $3 to $6
ct-650: folds
Uncalled bet ($3) returned to vitalik1203
vitalik1203 collected $6 from pot
vitalik1203: doesn't show hand
*** SUMMARY ***
Total pot $6 | Rake $0
Seat 1: ct-650 (big blind) folded before Flop
Seat 2: vitalik1203 (button) (small blind) collected ($6)


PokerStars Hand #145570513243:  Hold'em Limit ($3/$6 USD) - 2015/12/19 4:30:24 ET
Table 'Haworth' 2-max Seat #2 is the button
Seat 1: ct-650 ($130.85 in chips)
Seat 2: vitalik1203 ($42.06 in chips)
vitalik1203: posts small blind $1
ct-650: posts big blind $3
*** HOLE CARDS ***
vitalik1203: raises $3 to $6
ct-650: folds
Uncalled bet ($3) returned to vitalik1203
vitalik1203 collected $6 from pot
vitalik1203: doesn't show hand
*** SUMMARY ***
Total pot $6 | Rake $0
Seat 1: ct-650 (big blind) folded before Flop
Seat 2: vitalik1203 (button) (small blind) collected ($6)


PokerStars Hand #145570508542:  Hold'em Limit ($3/$6 USD) - 2015/12/19 4:30:13 ET
Table 'Haworth' 2-max Seat #1 is the button
Seat 1: ct-650 ($142.85 in chips)
Seat 2: vitalik1203 ($30.54 in chips)
ct-650: posts small blind $1
vitalik1203: posts big blind $3
*** HOLE CARDS ***
ct-650: raises $3 to $6
vitalik1203: calls $3
*** FLOP *** [4h 9h 2d]
vitalik1203: checks
ct-650: checks
*** TURN *** [4h 9h 2d] [4d]
vitalik1203: bets $6
ct-650: calls $6
*** RIVER *** [4h 9h 2d 4d] [Ts]
vitalik1203: bets $6
ct-650: folds
Uncalled bet ($6) returned to vitalik1203
vitalik1203 collected $23.52 from pot
vitalik1203: doesn't show hand
*** SUMMARY ***
Total pot $24 | Rake $0.48
Board [4h 9h 2d 4d Ts]
Seat 1: ct-650 (button) (small blind) folded on the River
Seat 2: vitalik1203 (big blind) collected ($23.52)


PokerStars Hand #145570533305:  Hold'em Limit ($3/$6 USD) - 2015/12/19 4:31:11 ET
Table 'Haworth' 2-max Seat #1 is the button
Seat 1: ct-650 ($150.87 in chips)
Seat 2: vitalik1203 ($20.58 in chips)
ct-650: posts small blind $1
vitalik1203: posts big blind $3
*** HOLE CARDS ***
ct-650: raises $3 to $6
vitalik1203: raises $3 to $9
ct-650: calls $3
*** FLOP *** [Qs 2s Ac]
vitalik1203: bets $3
ct-650: calls $3
*** TURN *** [Qs 2s Ac] [9c]
vitalik1203: bets $6
ct-650: raises $6 to $12
vitalik1203: calls $2.58 and is all-in
Uncalled bet ($3.42) returned to ct-650
*** RIVER *** [Qs 2s Ac 9c] [9s]
*** SHOW DOWN ***
vitalik1203: shows [5c 8d] (a pair of Nines)
ct-650: shows [Kh 2h] (two pair, Nines and Deuces)
ct-650 collected $40.66 from pot
*** SUMMARY ***
Total pot $41.16 | Rake $0.50
Board [Qs 2s Ac 9c 9s]
Seat 1: ct-650 (button) (small blind) showed [Kh 2h] and won ($40.66) with two pair, Nines and Deuces
Seat 2: vitalik1203 (big blind) showed [5c 8d] and lost with a pair of Nines


