PokerStars Hand #151951338013:  Hold'em Limit ($3/$6 USD) - 2016/04/15 11:38:11 ET
Table 'Hebei' 10-max Seat #1 is the button
Seat 1: frazerchi ($30 in chips)
Seat 5: ct-650 ($150 in chips)
frazerchi: posts small blind $1
ct-650: posts big blind $3
*** HOLE CARDS ***
frazerchi: calls $2
ct-650: raises $3 to $6
frazerchi: calls $3
*** FLOP *** [3h 5h Js]
ct-650: bets $3
frazerchi: calls $3
*** TURN *** [3h 5h Js] [9d]
ct-650: bets $6
frazerchi: raises $6 to $12
ct-650: calls $6
*** RIVER *** [3h 5h Js 9d] [Qs]
ct-650: checks
frazerchi: bets $6
ct-650: calls $6
*** SHOW DOWN ***
frazerchi: shows [3d 9s] (two pair, Nines and Threes)
ct-650: mucks hand
frazerchi collected $53.50 from pot
*** SUMMARY ***
Total pot $54 | Rake $0.50
Board [3h 5h Js 9d Qs]
Seat 1: frazerchi (button) (small blind) showed [3d 9s] and won ($53.50) with two pair, Nines and Threes
Seat 5: ct-650 (big blind) mucked


PokerStars Hand #151951357200:  Hold'em Limit ($3/$6 USD) - 2016/04/15 11:38:38 ET
Table 'Hebei' 10-max Seat #5 is the button
Seat 1: frazerchi ($56.50 in chips)
Seat 5: ct-650 ($123 in chips)
ct-650: posts small blind $1
frazerchi: posts big blind $3
*** HOLE CARDS ***
ct-650: raises $3 to $6
frazerchi: folds
Uncalled bet ($3) returned to ct-650
ct-650 collected $6 from pot
*** SUMMARY ***
Total pot $6 | Rake $0
Seat 1: frazerchi (big blind) folded before Flop
Seat 5: ct-650 (button) (small blind) collected ($6)


PokerStars Hand #151951364008:  Hold'em Limit ($3/$6 USD) - 2016/04/15 11:38:48 ET
Table 'Hebei' 10-max Seat #1 is the button
Seat 1: frazerchi ($53.50 in chips)
Seat 5: ct-650 ($126 in chips)
frazerchi: posts small blind $1
ct-650: posts big blind $3
*** HOLE CARDS ***
frazerchi: calls $2
ct-650: raises $3 to $6
frazerchi: calls $3
*** FLOP *** [Kc 3c Th]
ct-650: bets $3
frazerchi: calls $3
*** TURN *** [Kc 3c Th] [Ks]
ct-650: checks
frazerchi: bets $6
ct-650: folds
Uncalled bet ($6) returned to frazerchi
frazerchi collected $17.64 from pot
frazerchi: doesn't show hand
*** SUMMARY ***
Total pot $18 | Rake $0.36
Board [Kc 3c Th Ks]
Seat 1: frazerchi (button) (small blind) collected ($17.64)
Seat 5: ct-650 (big blind) folded on the Turn


PokerStars Hand #151951378128:  Hold'em Limit ($3/$6 USD) - 2016/04/15 11:39:09 ET
Table 'Hebei' 10-max Seat #1 is the button
Seat 1: frazerchi ($63.14 in chips)
Seat 5: ct-650 ($116 in chips)
frazerchi: posts small blind $1
ct-650: posts big blind $3
*** HOLE CARDS ***
frazerchi: folds
Uncalled bet ($2) returned to ct-650
ct-650 collected $2 from pot
*** SUMMARY ***
Total pot $2 | Rake $0
Seat 1: frazerchi (button) (small blind) folded before Flop
Seat 5: ct-650 (big blind) collected ($2)


PokerStars Hand #151951375021:  Hold'em Limit ($3/$6 USD) - 2016/04/15 11:39:04 ET
Table 'Hebei' 10-max Seat #5 is the button
Seat 1: frazerchi ($62.14 in chips)
Seat 5: ct-650 ($117 in chips)
ct-650: posts small blind $1
frazerchi: posts big blind $3
*** HOLE CARDS ***
ct-650: folds
Uncalled bet ($2) returned to frazerchi
frazerchi collected $2 from pot
frazerchi: doesn't show hand
*** SUMMARY ***
Total pot $2 | Rake $0
Seat 1: frazerchi (big blind) collected ($2)
Seat 5: ct-650 (button) (small blind) folded before Flop


PokerStars Hand #151951381770:  Hold'em Limit ($3/$6 USD) - 2016/04/15 11:39:14 ET
Table 'Hebei' 10-max Seat #5 is the button
Seat 1: frazerchi ($62.14 in chips)
Seat 5: ct-650 ($117 in chips)
ct-650: posts small blind $1
frazerchi: posts big blind $3
*** HOLE CARDS ***
ct-650: raises $3 to $6
frazerchi: calls $3
*** FLOP *** [9c Th 9s]
frazerchi: checks
ct-650: bets $3
frazerchi: calls $3
*** TURN *** [9c Th 9s] [3h]
frazerchi: checks
ct-650: checks
*** RIVER *** [9c Th 9s 3h] [6h]
frazerchi: checks
ct-650: bets $6
frazerchi: calls $6
*** SHOW DOWN ***
ct-650: shows [4c 5c] (a pair of Nines)
frazerchi: shows [As 2c] (a pair of Nines - Ace kicker)
frazerchi collected $29.50 from pot
*** SUMMARY ***
Total pot $30 | Rake $0.50
Board [9c Th 9s 3h 6h]
Seat 1: frazerchi (big blind) showed [As 2c] and won ($29.50) with a pair of Nines
Seat 5: ct-650 (button) (small blind) showed [4c 5c] and lost with a pair of Nines


PokerStars Hand #151951398129:  Hold'em Limit ($3/$6 USD) - 2016/04/15 11:39:37 ET
Table 'Hebei' 10-max Seat #5 is the button
Seat 1: frazerchi ($75.64 in chips)
Seat 5: ct-650 ($103 in chips)
ct-650: posts small blind $1
frazerchi: posts big blind $3
*** HOLE CARDS ***
ct-650: folds
Uncalled bet ($2) returned to frazerchi
frazerchi collected $2 from pot
frazerchi: doesn't show hand
*** SUMMARY ***
Total pot $2 | Rake $0
Seat 1: frazerchi (big blind) collected ($2)
Seat 5: ct-650 (button) (small blind) folded before Flop


PokerStars Hand #151951394534:  Hold'em Limit ($3/$6 USD) - 2016/04/15 11:39:32 ET
Table 'Hebei' 10-max Seat #1 is the button
Seat 1: frazerchi ($76.64 in chips)
Seat 5: ct-650 ($102 in chips)
frazerchi: posts small blind $1
ct-650: posts big blind $3
*** HOLE CARDS ***
Pandakey joins the table at seat #2
frazerchi: folds
Uncalled bet ($2) returned to ct-650
ct-650 collected $2 from pot
*** SUMMARY ***
Total pot $2 | Rake $0
Seat 1: frazerchi (button) (small blind) folded before Flop
Seat 5: ct-650 (big blind) collected ($2)


PokerStars Hand #151951684231:  Hold'em Limit ($3/$6 USD) - 2016/04/15 11:46:18 ET
Table 'Hebei' 10-max Seat #2 is the button
Seat 2: Pandakey ($153.25 in chips)
Seat 5: ct-650 ($111.83 in chips)
Pandakey: posts small blind $1
ct-650: posts big blind $3
*** HOLE CARDS ***
Pandakey: raises $3 to $6
ct-650: calls $3
*** FLOP *** [4c 8s 9d]
ct-650: checks
Pandakey: bets $3
ct-650: raises $3 to $6
frazerchi joins the table at seat #7
Pandakey: calls $3
*** TURN *** [4c 8s 9d] [3d]
ct-650: bets $6
Pandakey: raises $6 to $12
ct-650: calls $6
*** RIVER *** [4c 8s 9d 3d] [Js]
ct-650: checks
Pandakey: bets $6
ct-650: raises $6 to $12
frazerchi leaves the table
Pandakey: folds
Uncalled bet ($6) returned to ct-650
ct-650 collected $59.50 from pot
*** SUMMARY ***
Total pot $60 | Rake $0.50
Board [4c 8s 9d 3d Js]
Seat 2: Pandakey (button) (small blind) folded on the River
Seat 5: ct-650 (big blind) collected ($59.50)


PokerStars Hand #151951870015:  Hold'em Limit ($3/$6 USD) - 2016/04/15 11:50:45 ET
Table 'Hebei' 10-max Seat #2 is the button
Seat 2: Pandakey ($167.52 in chips)
Seat 5: ct-650 ($120.07 in chips)
Pandakey: posts small blind $1
ct-650: posts big blind $3
*** HOLE CARDS ***
Pandakey: raises $3 to $6
ct-650: calls $3
*** FLOP *** [As Kd 2d]
ct-650: checks
Pandakey: checks
*** TURN *** [As Kd 2d] [Jh]
ct-650: bets $6
Pandakey: calls $6
*** RIVER *** [As Kd 2d Jh] [Jc]
ct-650: checks
Pandakey: bets $6
ct-650: calls $6
*** SHOW DOWN ***
Pandakey: shows [9s Kh] (two pair, Kings and Jacks)
ct-650: mucks hand
Pandakey collected $35.50 from pot
*** SUMMARY ***
Total pot $36 | Rake $0.50
Board [As Kd 2d Jh Jc]
Seat 2: Pandakey (button) (small blind) showed [9s Kh] and won ($35.50) with two pair, Kings and Jacks
Seat 5: ct-650 (big blind) mucked


PokerStars Hand #151951904925:  Hold'em Limit ($3/$6 USD) - 2016/04/15 11:51:35 ET
Table 'Hebei' 10-max Seat #8 is the button
Seat 5: ct-650 ($72.07 in chips)
Seat 8: frazerchi ($27 in chips)
frazerchi: posts small blind $1
Pandakey: is sitting out
ct-650: posts big blind $3
*** HOLE CARDS ***
frazerchi: raises $3 to $6
ct-650: calls $3
*** FLOP *** [Tc 3s 3d]
ct-650: checks
frazerchi: checks
*** TURN *** [Tc 3s 3d] [2s]
ct-650: bets $6
frazerchi: folds
Uncalled bet ($6) returned to ct-650
ct-650 collected $11.76 from pot
*** SUMMARY ***
Total pot $12 | Rake $0.24
Board [Tc 3s 3d 2s]
Seat 5: ct-650 (big blind) collected ($11.76)
Seat 8: frazerchi (button) (small blind) folded on the Turn


PokerStars Hand #151951919730:  Hold'em Limit ($3/$6 USD) - 2016/04/15 11:51:56 ET
Table 'Hebei' 10-max Seat #5 is the button
Seat 5: ct-650 ($77.83 in chips)
Seat 8: frazerchi ($21 in chips)
ct-650: posts small blind $1
frazerchi: posts big blind $3
*** HOLE CARDS ***
ct-650: raises $3 to $6
frazerchi: raises $3 to $9
ct-650: calls $3
*** FLOP *** [As 8c Qd]
frazerchi: checks
ct-650: bets $3
frazerchi: calls $3
*** TURN *** [As 8c Qd] [2d]
frazerchi: checks
ct-650: bets $6
frazerchi: raises $3 to $9 and is all-in
ct-650: calls $3
*** RIVER *** [As 8c Qd 2d] [Ac]
*** SHOW DOWN ***
frazerchi: shows [Ad Ah] (four of a kind, Aces)
ct-650: shows [Jh Qh] (two pair, Aces and Queens)
frazerchi collected $41.50 from pot
*** SUMMARY ***
Total pot $42 | Rake $0.50
Board [As 8c Qd 2d Ac]
Seat 5: ct-650 (button) (small blind) showed [Jh Qh] and lost with two pair, Aces and Queens
Seat 8: frazerchi (big blind) showed [Ad Ah] and won ($41.50) with four of a kind, Aces


PokerStars Hand #151951942524:  Hold'em Limit ($3/$6 USD) - 2016/04/15 11:52:28 ET
Table 'Hebei' 10-max Seat #5 is the button
Seat 5: ct-650 ($57.83 in chips)
Seat 8: frazerchi ($40.50 in chips)
ct-650: posts small blind $1
frazerchi: posts big blind $3
*** HOLE CARDS ***
ct-650: raises $3 to $6
frazerchi: folds
Uncalled bet ($3) returned to ct-650
ct-650 collected $6 from pot
*** SUMMARY ***
Total pot $6 | Rake $0
Seat 5: ct-650 (button) (small blind) collected ($6)
Seat 8: frazerchi (big blind) folded before Flop


PokerStars Hand #151951937740:  Hold'em Limit ($3/$6 USD) - 2016/04/15 11:52:22 ET
Table 'Hebei' 10-max Seat #8 is the button
Seat 5: ct-650 ($56.83 in chips)
Seat 8: frazerchi ($41.50 in chips)
frazerchi: posts small blind $1
ct-650: posts big blind $3
*** HOLE CARDS ***
frazerchi: folds
Uncalled bet ($2) returned to ct-650
ct-650 collected $2 from pot
*** SUMMARY ***
Total pot $2 | Rake $0
Seat 5: ct-650 (big blind) collected ($2)
Seat 8: frazerchi (button) (small blind) folded before Flop


PokerStars Hand #151951947632:  Hold'em Limit ($3/$6 USD) - 2016/04/15 11:52:36 ET
Table 'Hebei' 10-max Seat #8 is the button
Seat 5: ct-650 ($60.83 in chips)
Seat 8: frazerchi ($37.50 in chips)
frazerchi: posts small blind $1
ct-650: posts big blind $3
*** HOLE CARDS ***
frazerchi: raises $3 to $6
ct-650: calls $3
*** FLOP *** [2c 6d Js]
ct-650: checks
frazerchi: bets $3
ct-650: calls $3
*** TURN *** [2c 6d Js] [7c]
ct-650: checks
frazerchi: checks
*** RIVER *** [2c 6d Js 7c] [Kc]
ct-650: checks
frazerchi: checks
*** SHOW DOWN ***
ct-650: shows [Qc 4h] (high card King)
frazerchi: shows [Qd 5s] (high card King)
ct-650 collected $8.82 from pot
frazerchi collected $8.82 from pot
*** SUMMARY ***
Total pot $18 | Rake $0.36
Board [2c 6d Js 7c Kc]
Seat 5: ct-650 (big blind) showed [Qc 4h] and won ($8.82) with high card King
Seat 8: frazerchi (button) (small blind) showed [Qd 5s] and won ($8.82) with high card King


PokerStars Hand #151951980935:  Hold'em Limit ($3/$6 USD) - 2016/04/15 11:53:24 ET
Table 'Hebei' 10-max Seat #8 is the button
Seat 5: ct-650 ($116.65 in chips)
Seat 8: frazerchi ($41.08 in chips)
frazerchi: posts small blind $1
ct-650: posts big blind $3
*** HOLE CARDS ***
frazerchi: raises $3 to $6
ct-650: calls $3
*** FLOP *** [6d Kd 6s]
ct-650: checks
frazerchi: checks
*** TURN *** [6d Kd 6s] [5h]
ct-650: bets $6
frazerchi: folds
Uncalled bet ($6) returned to ct-650
ct-650 collected $11.76 from pot
*** SUMMARY ***
Total pot $12 | Rake $0.24
Board [6d Kd 6s 5h]
Seat 5: ct-650 (big blind) collected ($11.76)
Seat 8: frazerchi (button) (small blind) folded on the Turn


PokerStars Hand #151951976729:  Hold'em Limit ($3/$6 USD) - 2016/04/15 11:53:18 ET
Table 'Hebei' 10-max Seat #5 is the button
Seat 5: ct-650 ($113.65 in chips)
Seat 8: frazerchi ($44.08 in chips)
ct-650: posts small blind $1
frazerchi: posts big blind $3
*** HOLE CARDS ***
ct-650: raises $3 to $6
frazerchi: folds
Uncalled bet ($3) returned to ct-650
ct-650 collected $6 from pot
*** SUMMARY ***
Total pot $6 | Rake $0
Seat 5: ct-650 (button) (small blind) collected ($6)
Seat 8: frazerchi (big blind) folded before Flop


PokerStars Hand #151951963710:  Hold'em Limit ($3/$6 USD) - 2016/04/15 11:52:59 ET
Table 'Hebei' 10-max Seat #8 is the button
Seat 5: ct-650 ($59.65 in chips)
Seat 8: frazerchi ($38.32 in chips)
frazerchi: posts small blind $1
ct-650: posts big blind $3
*** HOLE CARDS ***
frazerchi: raises $3 to $6
ct-650: calls $3
*** FLOP *** [Ah Ac 3h]
ct-650: checks
frazerchi: checks
*** TURN *** [Ah Ac 3h] [7d]
ct-650: checks
frazerchi: checks
*** RIVER *** [Ah Ac 3h 7d] [8h]
ct-650: checks
frazerchi: checks
*** SHOW DOWN ***
ct-650: shows [Jc Td] (a pair of Aces)
frazerchi: shows [Qc Ks] (a pair of Aces - King kicker)
frazerchi collected $11.76 from pot
*** SUMMARY ***
Total pot $12 | Rake $0.24
Board [Ah Ac 3h 7d 8h]
Seat 5: ct-650 (big blind) showed [Jc Td] and lost with a pair of Aces
Seat 8: frazerchi (button) (small blind) showed [Qc Ks] and won ($11.76) with a pair of Aces


PokerStars Hand #151951960226:  Hold'em Limit ($3/$6 USD) - 2016/04/15 11:52:54 ET
Table 'Hebei' 10-max Seat #5 is the button
Seat 5: ct-650 ($60.65 in chips)
Seat 8: frazerchi ($37.32 in chips)
ct-650: posts small blind $1
frazerchi: posts big blind $3
*** HOLE CARDS ***
ct-650: folds
Uncalled bet ($2) returned to frazerchi
frazerchi collected $2 from pot
frazerchi: doesn't show hand
*** SUMMARY ***
Total pot $2 | Rake $0
Seat 5: ct-650 (button) (small blind) folded before Flop
Seat 8: frazerchi (big blind) collected ($2)


PokerStars Hand #151952030240:  Hold'em Limit ($3/$6 USD) - 2016/04/15 11:54:35 ET
Table 'Hebei' 10-max Seat #5 is the button
Seat 5: ct-650 ($122.67 in chips)
Seat 8: frazerchi ($33.58 in chips)
ct-650: posts small blind $1
frazerchi: posts big blind $3
*** HOLE CARDS ***
ct-650: raises $3 to $6
frazerchi: folds
Uncalled bet ($3) returned to ct-650
ct-650 collected $6 from pot
*** SUMMARY ***
Total pot $6 | Rake $0
Seat 5: ct-650 (button) (small blind) collected ($6)
Seat 8: frazerchi (big blind) folded before Flop


PokerStars Hand #151952026491:  Hold'em Limit ($3/$6 USD) - 2016/04/15 11:54:29 ET
Table 'Hebei' 10-max Seat #8 is the button
Seat 5: ct-650 ($121.67 in chips)
Seat 8: frazerchi ($34.58 in chips)
frazerchi: posts small blind $1
ct-650: posts big blind $3
*** HOLE CARDS ***
frazerchi: folds
Uncalled bet ($2) returned to ct-650
ct-650 collected $2 from pot
*** SUMMARY ***
Total pot $2 | Rake $0
Seat 5: ct-650 (big blind) collected ($2)
Seat 8: frazerchi (button) (small blind) folded before Flop


PokerStars Hand #151952019027:  Hold'em Limit ($3/$6 USD) - 2016/04/15 11:54:19 ET
Table 'Hebei' 10-max Seat #5 is the button
Seat 5: ct-650 ($115.91 in chips)
Seat 8: frazerchi ($40.58 in chips)
ct-650: posts small blind $1
frazerchi: posts big blind $3
*** HOLE CARDS ***
ct-650: raises $3 to $6
frazerchi: calls $3
*** FLOP *** [Qs 3c 7s]
frazerchi: checks
ct-650: bets $3
frazerchi: folds
Uncalled bet ($3) returned to ct-650
ct-650 collected $11.76 from pot
*** SUMMARY ***
Total pot $12 | Rake $0.24
Board [Qs 3c 7s]
Seat 5: ct-650 (button) (small blind) collected ($11.76)
Seat 8: frazerchi (big blind) folded on the Flop


PokerStars Hand #151952005967:  Hold'em Limit ($3/$6 USD) - 2016/04/15 11:54:00 ET
Table 'Hebei' 10-max Seat #8 is the button
Seat 5: ct-650 ($98.41 in chips)
Seat 8: frazerchi ($58.58 in chips)
frazerchi: posts small blind $1
ct-650: posts big blind $3
*** HOLE CARDS ***
frazerchi: calls $2
ct-650: checks
*** FLOP *** [9c Ks Qd]
ct-650: bets $3
frazerchi: calls $3
*** TURN *** [9c Ks Qd] [4s]
ct-650: bets $6
frazerchi: calls $6
*** RIVER *** [9c Ks Qd 4s] [3s]
ct-650: bets $6
frazerchi: calls $6
*** SHOW DOWN ***
ct-650: shows [4h Kd] (two pair, Kings and Fours)
frazerchi: mucks hand
ct-650 collected $35.50 from pot
*** SUMMARY ***
Total pot $36 | Rake $0.50
Board [9c Ks Qd 4s 3s]
Seat 5: ct-650 (big blind) showed [4h Kd] and won ($35.50) with two pair, Kings and Fours
Seat 8: frazerchi (button) (small blind) mucked


PokerStars Hand #151951988632:  Hold'em Limit ($3/$6 USD) - 2016/04/15 11:53:35 ET
Table 'Hebei' 10-max Seat #5 is the button
Seat 5: ct-650 ($122.41 in chips)
Seat 8: frazerchi ($35.08 in chips)
ct-650: posts small blind $1
frazerchi: posts big blind $3
*** HOLE CARDS ***
ct-650: raises $3 to $6
frazerchi: calls $3
*** FLOP *** [6s 3h 2c]
frazerchi: checks
ct-650: bets $3
frazerchi: raises $3 to $6
ct-650: calls $3
*** TURN *** [6s 3h 2c] [9h]
frazerchi: bets $6
ct-650: calls $6
*** RIVER *** [6s 3h 2c 9h] [3c]
frazerchi: bets $6
ct-650: calls $6
*** SHOW DOWN ***
frazerchi: shows [Kh 6c] (two pair, Sixes and Threes)
ct-650: mucks hand
frazerchi collected $47.50 from pot
*** SUMMARY ***
Total pot $48 | Rake $0.50
Board [6s 3h 2c 9h 3c]
Seat 5: ct-650 (button) (small blind) mucked
Seat 8: frazerchi (big blind) showed [Kh 6c] and won ($47.50) with two pair, Sixes and Threes


PokerStars Hand #151952034199:  Hold'em Limit ($3/$6 USD) - 2016/04/15 11:54:40 ET
Table 'Hebei' 10-max Seat #8 is the button
Seat 5: ct-650 ($125.67 in chips)
Seat 8: frazerchi ($30.58 in chips)
frazerchi: posts small blind $1
ct-650: posts big blind $3
*** HOLE CARDS ***
frazerchi: raises $3 to $6
ct-650: calls $3
*** FLOP *** [Td 7c 2c]
ct-650: checks
frazerchi: checks
*** TURN *** [Td 7c 2c] [Th]
ct-650: checks
frazerchi: checks
*** RIVER *** [Td 7c 2c Th] [5c]
ct-650: checks
frazerchi: bets $6
ct-650: folds
Uncalled bet ($6) returned to frazerchi
frazerchi collected $11.76 from pot
frazerchi: doesn't show hand
*** SUMMARY ***
Total pot $12 | Rake $0.24
Board [Td 7c 2c Th 5c]
Seat 5: ct-650 (big blind) folded on the River
Seat 8: frazerchi (button) (small blind) collected ($11.76)


PokerStars Hand #151952071065:  Hold'em Limit ($3/$6 USD) - 2016/04/15 11:55:40 ET
Table 'Hebei' 10-max Seat #8 is the button
Seat 5: ct-650 ($125.31 in chips)
Seat 8: frazerchi ($30.10 in chips)
frazerchi: posts small blind $1
ct-650: posts big blind $3
*** HOLE CARDS ***
frazerchi: folds
Uncalled bet ($2) returned to ct-650
ct-650 collected $2 from pot
*** SUMMARY ***
Total pot $2 | Rake $0
Seat 5: ct-650 (big blind) collected ($2)
Seat 8: frazerchi (button) (small blind) folded before Flop


PokerStars Hand #151952064227:  Hold'em Limit ($3/$6 USD) - 2016/04/15 11:55:28 ET
Table 'Hebei' 10-max Seat #5 is the button
Seat 5: ct-650 ($131.31 in chips)
Seat 8: frazerchi ($24.34 in chips)
ct-650: posts small blind $1
frazerchi: posts big blind $3
*** HOLE CARDS ***
ct-650: raises $3 to $6
frazerchi: calls $3
*** FLOP *** [9s 8c 2h]
frazerchi: checks
ct-650: checks
*** TURN *** [9s 8c 2h] [Tc]
frazerchi: bets $6
ct-650: folds
Uncalled bet ($6) returned to frazerchi
frazerchi collected $11.76 from pot
frazerchi: doesn't show hand
*** SUMMARY ***
Total pot $12 | Rake $0.24
Board [9s 8c 2h Tc]
Seat 5: ct-650 (button) (small blind) folded on the Turn
Seat 8: frazerchi (big blind) collected ($11.76)


PokerStars Hand #151952060787:  Hold'em Limit ($3/$6 USD) - 2016/04/15 11:55:22 ET
Table 'Hebei' 10-max Seat #8 is the button
Seat 5: ct-650 ($130.31 in chips)
Seat 8: frazerchi ($25.34 in chips)
frazerchi: posts small blind $1
ct-650: posts big blind $3
*** HOLE CARDS ***
frazerchi: folds
Uncalled bet ($2) returned to ct-650
ct-650 collected $2 from pot
*** SUMMARY ***
Total pot $2 | Rake $0
Seat 5: ct-650 (big blind) collected ($2)
Seat 8: frazerchi (button) (small blind) folded before Flop


PokerStars Hand #151952057723:  Hold'em Limit ($3/$6 USD) - 2016/04/15 11:55:17 ET
Table 'Hebei' 10-max Seat #5 is the button
Seat 5: ct-650 ($131.31 in chips)
Seat 8: frazerchi ($24.34 in chips)
ct-650: posts small blind $1
frazerchi: posts big blind $3
*** HOLE CARDS ***
ct-650: folds
Uncalled bet ($2) returned to frazerchi
frazerchi collected $2 from pot
frazerchi: doesn't show hand
*** SUMMARY ***
Total pot $2 | Rake $0
Seat 5: ct-650 (button) (small blind) folded before Flop
Seat 8: frazerchi (big blind) collected ($2)


PokerStars Hand #151952046605:  Hold'em Limit ($3/$6 USD) - 2016/04/15 11:54:58 ET
Table 'Hebei' 10-max Seat #5 is the button
Seat 5: ct-650 ($119.67 in chips)
Seat 8: frazerchi ($36.34 in chips)
ct-650: posts small blind $1
frazerchi: posts big blind $3
*** HOLE CARDS ***
ct-650: raises $3 to $6
frazerchi: folds
Uncalled bet ($3) returned to ct-650
ct-650 collected $6 from pot
*** SUMMARY ***
Total pot $6 | Rake $0
Seat 5: ct-650 (button) (small blind) collected ($6)
Seat 8: frazerchi (big blind) folded before Flop


PokerStars Hand #151952050107:  Hold'em Limit ($3/$6 USD) - 2016/04/15 11:55:04 ET
Table 'Hebei' 10-max Seat #8 is the button
Seat 5: ct-650 ($122.67 in chips)
Seat 8: frazerchi ($33.34 in chips)
frazerchi: posts small blind $1
ct-650: posts big blind $3
*** HOLE CARDS ***
frazerchi: raises $3 to $6
ct-650: calls $3
*** FLOP *** [3c 2s Qc]
ct-650: checks
frazerchi: bets $3
ct-650: raises $3 to $6
frazerchi: folds
Uncalled bet ($3) returned to ct-650
ct-650 collected $17.64 from pot
*** SUMMARY ***
Total pot $18 | Rake $0.36
Board [3c 2s Qc]
Seat 5: ct-650 (big blind) collected ($17.64)
Seat 8: frazerchi (button) (small blind) folded on the Flop


PokerStars Hand #151952099401:  Hold'em Limit ($3/$6 USD) - 2016/04/15 11:56:29 ET
Table 'Hebei' 10-max Seat #8 is the button
Seat 5: ct-650 ($105.31 in chips)
Seat 8: frazerchi ($49.24 in chips)
frazerchi: posts small blind $1
ct-650: posts big blind $3
*** HOLE CARDS ***
frazerchi: folds
Uncalled bet ($2) returned to ct-650
ct-650 collected $2 from pot
*** SUMMARY ***
Total pot $2 | Rake $0
Seat 5: ct-650 (big blind) collected ($2)
Seat 8: frazerchi (button) (small blind) folded before Flop


PokerStars Hand #151952090419:  Hold'em Limit ($3/$6 USD) - 2016/04/15 11:56:13 ET
Table 'Hebei' 10-max Seat #5 is the button
Seat 5: ct-650 ($114.31 in chips)
Seat 8: frazerchi ($40.60 in chips)
ct-650: posts small blind $1
frazerchi: posts big blind $3
*** HOLE CARDS ***
ct-650: raises $3 to $6
frazerchi: calls $3
*** FLOP *** [9s 2c 5d]
frazerchi: bets $3
ct-650: calls $3
*** TURN *** [9s 2c 5d] [3s]
frazerchi: bets $6
ct-650: folds
Uncalled bet ($6) returned to frazerchi
frazerchi collected $17.64 from pot
frazerchi: doesn't show hand
*** SUMMARY ***
Total pot $18 | Rake $0.36
Board [9s 2c 5d 3s]
Seat 5: ct-650 (button) (small blind) folded on the Turn
Seat 8: frazerchi (big blind) collected ($17.64)


PokerStars Hand #151952078426:  Hold'em Limit ($3/$6 USD) - 2016/04/15 11:55:53 ET
Table 'Hebei' 10-max Seat #8 is the button
Seat 5: ct-650 ($129.31 in chips)
Seat 8: frazerchi ($26.10 in chips)
frazerchi: posts small blind $1
ct-650: posts big blind $3
*** HOLE CARDS ***
frazerchi: raises $3 to $6
ct-650: calls $3
*** FLOP *** [Jd 2d 2s]
ct-650: bets $3
frazerchi: calls $3
*** TURN *** [Jd 2d 2s] [5s]
ct-650: checks
frazerchi: bets $6
ct-650: calls $6
*** RIVER *** [Jd 2d 2s 5s] [2h]
ct-650: checks
frazerchi: checks
*** SHOW DOWN ***
ct-650: shows [6d 9d] (three of a kind, Deuces)
frazerchi: shows [Ac 3s] (three of a kind, Deuces - Ace kicker)
frazerchi collected $29.50 from pot
*** SUMMARY ***
Total pot $30 | Rake $0.50
Board [Jd 2d 2s 5s 2h]
Seat 5: ct-650 (big blind) showed [6d 9d] and lost with three of a kind, Deuces
Seat 8: frazerchi (button) (small blind) showed [Ac 3s] and won ($29.50) with three of a kind, Deuces


PokerStars Hand #151952074027:  Hold'em Limit ($3/$6 USD) - 2016/04/15 11:55:45 ET
Table 'Hebei' 10-max Seat #5 is the button
Seat 5: ct-650 ($126.31 in chips)
Seat 8: frazerchi ($29.10 in chips)
ct-650: posts small blind $1
frazerchi: posts big blind $3
*** HOLE CARDS ***
ct-650: raises $3 to $6
frazerchi: folds
Uncalled bet ($3) returned to ct-650
ct-650 collected $6 from pot
*** SUMMARY ***
Total pot $6 | Rake $0
Seat 5: ct-650 (button) (small blind) collected ($6)
Seat 8: frazerchi (big blind) folded before Flop


PokerStars Hand #151952141647:  Hold'em Limit ($3/$6 USD) - 2016/04/15 11:57:41 ET
Table 'Hebei' 10-max Seat #5 is the button
Seat 5: ct-650 ($72.31 in chips)
Seat 8: frazerchi ($81.14 in chips)
ct-650: posts small blind $1
frazerchi: posts big blind $3
*** HOLE CARDS ***
ct-650: folds
Uncalled bet ($2) returned to frazerchi
frazerchi collected $2 from pot
frazerchi: doesn't show hand
*** SUMMARY ***
Total pot $2 | Rake $0
Seat 5: ct-650 (button) (small blind) folded before Flop
Seat 8: frazerchi (big blind) collected ($2)


PokerStars Hand #151952138059:  Hold'em Limit ($3/$6 USD) - 2016/04/15 11:57:34 ET
Table 'Hebei' 10-max Seat #8 is the button
Seat 5: ct-650 ($75.31 in chips)
Seat 8: frazerchi ($78.14 in chips)
frazerchi: posts small blind $1
ct-650: posts big blind $3
*** HOLE CARDS ***
frazerchi: raises $3 to $6
ct-650: folds
Uncalled bet ($3) returned to frazerchi
frazerchi collected $6 from pot
frazerchi: doesn't show hand
*** SUMMARY ***
Total pot $6 | Rake $0
Seat 5: ct-650 (big blind) folded before Flop
Seat 8: frazerchi (button) (small blind) collected ($6)


PokerStars Hand #151952130766:  Hold'em Limit ($3/$6 USD) - 2016/04/15 11:57:22 ET
Table 'Hebei' 10-max Seat #5 is the button
Seat 5: ct-650 ($84.31 in chips)
Seat 8: frazerchi ($69.50 in chips)
ct-650: posts small blind $1
frazerchi: posts big blind $3
*** HOLE CARDS ***
ct-650: raises $3 to $6
frazerchi: calls $3
*** FLOP *** [2d 8s 5h]
frazerchi: bets $3
ct-650: calls $3
*** TURN *** [2d 8s 5h] [2h]
frazerchi: bets $6
ct-650: folds
Uncalled bet ($6) returned to frazerchi
frazerchi collected $17.64 from pot
frazerchi: doesn't show hand
*** SUMMARY ***
Total pot $18 | Rake $0.36
Board [2d 8s 5h 2h]
Seat 5: ct-650 (button) (small blind) folded on the Turn
Seat 8: frazerchi (big blind) collected ($17.64)


PokerStars Hand #151952113926:  Hold'em Limit ($3/$6 USD) - 2016/04/15 11:56:54 ET
Table 'Hebei' 10-max Seat #8 is the button
Seat 5: ct-650 ($100.31 in chips)
Seat 8: frazerchi ($54 in chips)
frazerchi: posts small blind $1
ct-650: posts big blind $3
*** HOLE CARDS ***
frazerchi: folds
Uncalled bet ($2) returned to ct-650
ct-650 collected $2 from pot
*** SUMMARY ***
Total pot $2 | Rake $0
Seat 5: ct-650 (big blind) collected ($2)
Seat 8: frazerchi (button) (small blind) folded before Flop


PokerStars Hand #151952102369:  Hold'em Limit ($3/$6 USD) - 2016/04/15 11:56:34 ET
Table 'Hebei' 10-max Seat #5 is the button
Seat 5: ct-650 ($106.31 in chips)
Seat 8: frazerchi ($48.24 in chips)
ct-650: posts small blind $1
frazerchi: posts big blind $3
*** HOLE CARDS ***
ct-650: raises $3 to $6
frazerchi: calls $3
*** FLOP *** [9s 6s 3h]
frazerchi: bets $3
ct-650: folds
Uncalled bet ($3) returned to frazerchi
frazerchi collected $11.76 from pot
frazerchi: doesn't show hand
*** SUMMARY ***
Total pot $12 | Rake $0.24
Board [9s 6s 3h]
Seat 5: ct-650 (button) (small blind) folded on the Flop
Seat 8: frazerchi (big blind) collected ($11.76)


PokerStars Hand #151952116898:  Hold'em Limit ($3/$6 USD) - 2016/04/15 11:56:59 ET
Table 'Hebei' 10-max Seat #5 is the button
Seat 5: ct-650 ($101.31 in chips)
Seat 8: frazerchi ($53 in chips)
ct-650: posts small blind $1
frazerchi: posts big blind $3
*** HOLE CARDS ***
ct-650: raises $3 to $6
frazerchi: calls $3
*** FLOP *** [8s 5c 7h]
frazerchi: checks
ct-650: bets $3
frazerchi: raises $3 to $6
ct-650: calls $3
*** TURN *** [8s 5c 7h] [2d]
frazerchi: bets $6
ct-650: calls $6
*** RIVER *** [8s 5c 7h 2d] [Ac]
frazerchi: bets $6
ct-650: folds
Uncalled bet ($6) returned to frazerchi
frazerchi collected $35.50 from pot
frazerchi: doesn't show hand
*** SUMMARY ***
Total pot $36 | Rake $0.50
Board [8s 5c 7h 2d Ac]
Seat 5: ct-650 (button) (small blind) folded on the River
Seat 8: frazerchi (big blind) collected ($35.50)


PokerStars Hand #151952144379:  Hold'em Limit ($3/$6 USD) - 2016/04/15 11:57:45 ET
Table 'Hebei' 10-max Seat #8 is the button
Seat 5: ct-650 ($71.31 in chips)
Seat 8: frazerchi ($82.14 in chips)
frazerchi: posts small blind $1
ct-650: posts big blind $3
*** HOLE CARDS ***
frazerchi: raises $3 to $6
ct-650: calls $3
*** FLOP *** [2d Jc Kc]
ct-650: checks
frazerchi: checks
*** TURN *** [2d Jc Kc] [5d]
ct-650: bets $6
frazerchi: folds
Uncalled bet ($6) returned to ct-650
ct-650 collected $11.76 from pot
*** SUMMARY ***
Total pot $12 | Rake $0.24
Board [2d Jc Kc 5d]
Seat 5: ct-650 (big blind) collected ($11.76)
Seat 8: frazerchi (button) (small blind) folded on the Turn


PokerStars Hand #151952163569:  Hold'em Limit ($3/$6 USD) - 2016/04/15 11:58:18 ET
Table 'Hebei' 10-max Seat #5 is the button
Seat 5: ct-650 ($77.07 in chips)
Seat 8: frazerchi ($76.14 in chips)
ct-650: posts small blind $1
frazerchi: posts big blind $3
*** HOLE CARDS ***
ct-650: raises $3 to $6
frazerchi: calls $3
*** FLOP *** [Jh 9c Ac]
frazerchi: checks
ct-650: bets $3
frazerchi: folds
Uncalled bet ($3) returned to ct-650
ct-650 collected $11.76 from pot
*** SUMMARY ***
Total pot $12 | Rake $0.24
Board [Jh 9c Ac]
Seat 5: ct-650 (button) (small blind) collected ($11.76)
Seat 8: frazerchi (big blind) folded on the Flop


PokerStars Hand #151952190668:  Hold'em Limit ($3/$6 USD) - 2016/04/15 11:59:04 ET
Table 'Hebei' 10-max Seat #5 is the button
Seat 5: ct-650 ($76.83 in chips)
Seat 8: frazerchi ($75.90 in chips)
ct-650: posts small blind $1
frazerchi: posts big blind $3
*** HOLE CARDS ***
ct-650: folds
Uncalled bet ($2) returned to frazerchi
frazerchi collected $2 from pot
frazerchi: doesn't show hand
*** SUMMARY ***
Total pot $2 | Rake $0
Seat 5: ct-650 (button) (small blind) folded before Flop
Seat 8: frazerchi (big blind) collected ($2)


PokerStars Hand #151952180903:  Hold'em Limit ($3/$6 USD) - 2016/04/15 11:58:47 ET
Table 'Hebei' 10-max Seat #8 is the button
Seat 5: ct-650 ($82.83 in chips)
Seat 8: frazerchi ($70.14 in chips)
frazerchi: posts small blind $1
ct-650: posts big blind $3
*** HOLE CARDS ***
frazerchi: raises $3 to $6
ct-650: calls $3
*** FLOP *** [9h 6s 7s]
ct-650: checks
frazerchi: checks
*** TURN *** [9h 6s 7s] [6h]
ct-650: checks
frazerchi: checks
*** RIVER *** [9h 6s 7s 6h] [Jh]
ct-650: checks
frazerchi: checks
*** SHOW DOWN ***
ct-650: shows [2h Ad] (a pair of Sixes)
frazerchi: shows [As Tc] (a pair of Sixes - Ace+Jack+Ten kicker)
frazerchi collected $11.76 from pot
*** SUMMARY ***
Total pot $12 | Rake $0.24
Board [9h 6s 7s 6h Jh]
Seat 5: ct-650 (big blind) showed [2h Ad] and lost with a pair of Sixes
Seat 8: frazerchi (button) (small blind) showed [As Tc] and won ($11.76) with a pair of Sixes


PokerStars Hand #151952193658:  Hold'em Limit ($3/$6 USD) - 2016/04/15 11:59:09 ET
Table 'Hebei' 10-max Seat #8 is the button
Seat 5: ct-650 ($75.83 in chips)
Seat 8: frazerchi ($76.90 in chips)
frazerchi: posts small blind $1
ct-650: posts big blind $3
*** HOLE CARDS ***
frazerchi: raises $3 to $6
ct-650: raises $3 to $9
frazerchi: calls $3
*** FLOP *** [2d 4h 4d]
ct-650: bets $3
frazerchi: calls $3
*** TURN *** [2d 4h 4d] [2s]
ct-650: checks
frazerchi: bets $6
ct-650: calls $6
*** RIVER *** [2d 4h 4d 2s] [8d]
ct-650: checks
frazerchi: bets $6
ct-650: calls $6
*** SHOW DOWN ***
frazerchi: shows [Qd 7d] (a flush, Queen high)
ct-650: mucks hand
frazerchi collected $47.50 from pot
*** SUMMARY ***
Total pot $48 | Rake $0.50
Board [2d 4h 4d 2s 8d]
Seat 5: ct-650 (big blind) mucked
Seat 8: frazerchi (button) (small blind) showed [Qd 7d] and won ($47.50) with a flush, Queen high


PokerStars Hand #151952219760:  Hold'em Limit ($3/$6 USD) - 2016/04/15 11:59:54 ET
Table 'Hebei' 10-max Seat #8 is the button
Seat 5: ct-650 ($90.83 in chips)
Seat 8: frazerchi ($120.90 in chips)
frazerchi: posts small blind $1
ct-650: posts big blind $3
*** HOLE CARDS ***
frazerchi: raises $3 to $6
ct-650: calls $3
*** FLOP *** [5c 6h Th]
ct-650: checks
frazerchi: bets $3
ct-650: raises $3 to $6
frazerchi: calls $3
*** TURN *** [5c 6h Th] [9s]
ct-650: bets $6
frazerchi: calls $6
*** RIVER *** [5c 6h Th 9s] [7h]
ct-650: bets $6
frazerchi: calls $6
*** SHOW DOWN ***
ct-650: shows [7s 6c] (two pair, Sevens and Sixes)
frazerchi: mucks hand
ct-650 collected $47.50 from pot
*** SUMMARY ***
Total pot $48 | Rake $0.50
Board [5c 6h Th 9s 7h]
Seat 5: ct-650 (big blind) showed [7s 6c] and won ($47.50) with two pair, Sevens and Sixes
Seat 8: frazerchi (button) (small blind) mucked


PokerStars Hand #151952242849:  Hold'em Limit ($3/$6 USD) - 2016/04/15 12:00:31 ET
Table 'Hebei' 10-max Seat #8 is the button
Seat 5: ct-650 ($120.09 in chips)
Seat 8: frazerchi ($90.90 in chips)
frazerchi: posts small blind $1
ct-650: posts big blind $3
*** HOLE CARDS ***
frazerchi: raises $3 to $6
Norbert-04 joins the table at seat #10
ct-650: folds
Uncalled bet ($3) returned to frazerchi
frazerchi collected $6 from pot
frazerchi: doesn't show hand
*** SUMMARY ***
Total pot $6 | Rake $0
Seat 5: ct-650 (big blind) folded before Flop
Seat 8: frazerchi (button) (small blind) collected ($6)


PokerStars Hand #151952235925:  Hold'em Limit ($3/$6 USD) - 2016/04/15 12:00:20 ET
Table 'Hebei' 10-max Seat #5 is the button
Seat 5: ct-650 ($114.33 in chips)
Seat 8: frazerchi ($96.90 in chips)
ct-650: posts small blind $1
frazerchi: posts big blind $3
*** HOLE CARDS ***
ct-650: raises $3 to $6
frazerchi: calls $3
*** FLOP *** [6s 4c Ad]
frazerchi: checks
ct-650: bets $3
frazerchi: folds
Uncalled bet ($3) returned to ct-650
ct-650 collected $11.76 from pot
*** SUMMARY ***
Total pot $12 | Rake $0.24
Board [6s 4c Ad]
Seat 5: ct-650 (button) (small blind) collected ($11.76)
Seat 8: frazerchi (big blind) folded on the Flop


PokerStars Hand #151952205592:  Hold'em Limit ($3/$6 USD) - 2016/04/15 11:59:29 ET
Table 'Hebei' 10-max Seat #5 is the button
Seat 5: ct-650 ($51.83 in chips)
Seat 8: frazerchi ($100.40 in chips)
ct-650: posts small blind $1
frazerchi: posts big blind $3
*** HOLE CARDS ***
ct-650: raises $3 to $6
frazerchi: calls $3
*** FLOP *** [8c 6h 7h]
frazerchi: checks
ct-650: bets $3
frazerchi: calls $3
*** TURN *** [8c 6h 7h] [4d]
frazerchi: checks
ct-650: bets $6
frazerchi: calls $6
*** RIVER *** [8c 6h 7h 4d] [9h]
frazerchi: bets $6
ct-650: calls $6
*** SHOW DOWN ***
frazerchi: shows [Th Jd] (a straight, Seven to Jack)
ct-650: mucks hand
frazerchi collected $41.50 from pot
*** SUMMARY ***
Total pot $42 | Rake $0.50
Board [8c 6h 7h 4d 9h]
Seat 5: ct-650 (button) (small blind) mucked
Seat 8: frazerchi (big blind) showed [Th Jd] and won ($41.50) with a straight, Seven to Jack


PokerStars Hand #151952247346:  Hold'em Limit ($3/$6 USD) - 2016/04/15 12:00:38 ET
Table 'Hebei' 10-max Seat #5 is the button
Seat 5: ct-650 ($117.09 in chips)
Seat 8: frazerchi ($93.90 in chips)
ct-650: posts small blind $1
frazerchi: posts big blind $3
*** HOLE CARDS ***
ct-650: raises $3 to $6
frazerchi: calls $3
*** FLOP *** [2s 7s Qh]
frazerchi: checks
ct-650: bets $3
frazerchi: calls $3
*** TURN *** [2s 7s Qh] [5c]
frazerchi: checks
ct-650: checks
*** RIVER *** [2s 7s Qh 5c] [7d]
frazerchi: bets $6
ct-650: folds
Uncalled bet ($6) returned to frazerchi
frazerchi collected $17.64 from pot
frazerchi: doesn't show hand
*** SUMMARY ***
Total pot $18 | Rake $0.36
Board [2s 7s Qh 5c 7d]
Seat 5: ct-650 (button) (small blind) folded on the River
Seat 8: frazerchi (big blind) collected ($17.64)


PokerStars Hand #151952305897:  Hold'em Limit ($3/$6 USD) - 2016/04/15 12:02:05 ET
Table 'Hebei' 10-max Seat #1 is the button
Seat 1: HAL9QQQ ($120 in chips)
Seat 10: Norbert-04 ($25 in chips)
HAL9QQQ: posts small blind $1
ct-650: is sitting out
Norbert-04: posts big blind $3
*** HOLE CARDS ***
HAL9QQQ: folds
Uncalled bet ($2) returned to Norbert-04
Norbert-04 collected $2 from pot
*** SUMMARY ***
Total pot $2 | Rake $0
Seat 1: HAL9QQQ (button) (small blind) folded before Flop
Seat 10: Norbert-04 (big blind) collected ($2)


PokerStars Hand #151952323881:  Hold'em Limit ($3/$6 USD) - 2016/04/15 12:02:31 ET
Table 'Hebei' 10-max Seat #5 is the button
Seat 5: ct-650 ($124.98 in chips)
Seat 6: frazerchi ($30 in chips)
ct-650: posts small blind $1
frazerchi: posts big blind $3
*** HOLE CARDS ***
ct-650: raises $3 to $6
frazerchi: raises $3 to $9
ct-650: calls $3
*** FLOP *** [Kh Jd 5c]
frazerchi: bets $3
ct-650: folds
Uncalled bet ($3) returned to frazerchi
frazerchi collected $17.64 from pot
frazerchi: doesn't show hand
*** SUMMARY ***
Total pot $18 | Rake $0.36
Board [Kh Jd 5c]
Seat 5: ct-650 (button) (small blind) folded on the Flop
Seat 6: frazerchi (big blind) collected ($17.64)


PokerStars Hand #151952336068:  Hold'em Limit ($3/$6 USD) - 2016/04/15 12:02:49 ET
Table 'Hebei' 10-max Seat #6 is the button
Seat 5: ct-650 ($115.98 in chips)
Seat 6: frazerchi ($38.64 in chips)
frazerchi: posts small blind $1
ct-650: posts big blind $3
*** HOLE CARDS ***
frazerchi: calls $2
ct-650: raises $3 to $6
frazerchi: calls $3
*** FLOP *** [Tc Ks 7c]
ct-650: bets $3
frazerchi: folds
Uncalled bet ($3) returned to ct-650
ct-650 collected $11.76 from pot
*** SUMMARY ***
Total pot $12 | Rake $0.24
Board [Tc Ks 7c]
Seat 5: ct-650 (big blind) collected ($11.76)
Seat 6: frazerchi (button) (small blind) folded on the Flop


PokerStars Hand #151952345120:  Hold'em Limit ($3/$6 USD) - 2016/04/15 12:03:02 ET
Table 'Hebei' 10-max Seat #5 is the button
Seat 5: ct-650 ($121.74 in chips)
Seat 6: frazerchi ($32.64 in chips)
ct-650: posts small blind $1
frazerchi: posts big blind $3
*** HOLE CARDS ***
ct-650: raises $3 to $6
frazerchi: calls $3
*** FLOP *** [3s 4c Td]
frazerchi: checks
ct-650: bets $3
frazerchi: raises $3 to $6
ct-650: calls $3
*** TURN *** [3s 4c Td] [7h]
frazerchi: bets $6
ct-650: raises $6 to $12
frazerchi: calls $6
*** RIVER *** [3s 4c Td 7h] [6d]
frazerchi: checks
ct-650: bets $6
frazerchi: folds
Uncalled bet ($6) returned to ct-650
ct-650 collected $47.50 from pot
*** SUMMARY ***
Total pot $48 | Rake $0.50
Board [3s 4c Td 7h 6d]
Seat 5: ct-650 (button) (small blind) collected ($47.50)
Seat 6: frazerchi (big blind) folded on the River


PokerStars Hand #151952360119:  Hold'em Limit ($3/$6 USD) - 2016/04/15 12:03:23 ET
Table 'Hebei' 10-max Seat #6 is the button
Seat 5: ct-650 ($145.24 in chips)
Seat 6: frazerchi ($8.64 in chips)
frazerchi: posts small blind $1
ct-650: posts big blind $3
*** HOLE CARDS ***
frazerchi: raises $3 to $6
ct-650: raises $3 to $9
frazerchi: calls $2.64 and is all-in
Uncalled bet ($0.36) returned to ct-650
*** FLOP *** [4c 5c Ah]
*** TURN *** [4c 5c Ah] [Qc]
*** RIVER *** [4c 5c Ah Qc] [7s]
*** SHOW DOWN ***
ct-650: shows [6d Ts] (high card Ace)
frazerchi: shows [2s 8s] (high card Ace - lower kicker)
ct-650 collected $16.93 from pot
*** SUMMARY ***
Total pot $17.28 | Rake $0.35
Board [4c 5c Ah Qc 7s]
Seat 5: ct-650 (big blind) showed [6d Ts] and won ($16.93) with high card Ace
Seat 6: frazerchi (button) (small blind) showed [2s 8s] and lost with high card Ace


PokerStars Hand #151952392312:  Hold'em Limit ($3/$6 USD) - 2016/04/15 12:04:09 ET
Table 'Hebei' 10-max Seat #6 is the button
Seat 5: ct-650 ($144.53 in chips)
Seat 6: frazerchi ($38.64 in chips)
frazerchi: posts small blind $1
ct-650: posts big blind $3
*** HOLE CARDS ***
frazerchi: calls $2
ct-650: checks
*** FLOP *** [9c Jc 7c]
ct-650: checks
frazerchi: checks
*** TURN *** [9c Jc 7c] [Ad]
ct-650: checks
frazerchi: checks
*** RIVER *** [9c Jc 7c Ad] [8d]
ct-650: checks
frazerchi: checks
*** SHOW DOWN ***
ct-650: shows [Qd 2s] (high card Ace)
frazerchi: shows [Kh 6s] (high card Ace - King kicker)
frazerchi collected $5.88 from pot
*** SUMMARY ***
Total pot $6 | Rake $0.12
Board [9c Jc 7c Ad 8d]
Seat 5: ct-650 (big blind) showed [Qd 2s] and lost with high card Ace
Seat 6: frazerchi (button) (small blind) showed [Kh 6s] and won ($5.88) with high card Ace


PokerStars Hand #151952408931:  Hold'em Limit ($3/$6 USD) - 2016/04/15 12:04:33 ET
Table 'Hebei' 10-max Seat #5 is the button
Seat 5: ct-650 ($141.53 in chips)
Seat 6: frazerchi ($41.52 in chips)
ct-650: posts small blind $1
frazerchi: posts big blind $3
*** HOLE CARDS ***
ct-650: raises $3 to $6
frazerchi: calls $3
*** FLOP *** [Jd 4h 8h]
frazerchi: bets $3
ct-650: folds
Uncalled bet ($3) returned to frazerchi
frazerchi collected $11.76 from pot
frazerchi: doesn't show hand
*** SUMMARY ***
Total pot $12 | Rake $0.24
Board [Jd 4h 8h]
Seat 5: ct-650 (button) (small blind) folded on the Flop
Seat 6: frazerchi (big blind) collected ($11.76)


PokerStars Hand #151952380013:  Hold'em Limit ($3/$6 USD) - 2016/04/15 12:03:51 ET
Table 'Hebei' 10-max Seat #5 is the button
Seat 5: ct-650 ($153.53 in chips)
Seat 6: frazerchi ($30 in chips)
ct-650: posts small blind $1
frazerchi: posts big blind $3
*** HOLE CARDS ***
ct-650: raises $3 to $6
frazerchi: raises $3 to $9
ct-650: calls $3
*** FLOP *** [Jh 3s Ah]
frazerchi: bets $3
ct-650: folds
Uncalled bet ($3) returned to frazerchi
frazerchi collected $17.64 from pot
frazerchi: doesn't show hand
*** SUMMARY ***
Total pot $18 | Rake $0.36
Board [Jh 3s Ah]
Seat 5: ct-650 (button) (small blind) folded on the Flop
Seat 6: frazerchi (big blind) collected ($17.64)


PokerStars Hand #151952415268:  Hold'em Limit ($3/$6 USD) - 2016/04/15 12:04:42 ET
Table 'Hebei' 10-max Seat #6 is the button
Seat 5: ct-650 ($135.53 in chips)
Seat 6: frazerchi ($47.28 in chips)
frazerchi: posts small blind $1
ct-650: posts big blind $3
*** HOLE CARDS ***
frazerchi: raises $3 to $6
ct-650: raises $3 to $9
frazerchi: calls $3
*** FLOP *** [4h 3h Jd]
ct-650: bets $3
frazerchi: calls $3
*** TURN *** [4h 3h Jd] [Jh]
ct-650: bets $6
frazerchi: calls $6
*** RIVER *** [4h 3h Jd Jh] [9d]
ct-650: bets $6
frazerchi: calls $6
*** SHOW DOWN ***
ct-650: shows [3s Ad] (two pair, Jacks and Threes)
frazerchi: mucks hand
ct-650 collected $47.50 from pot
*** SUMMARY ***
Total pot $48 | Rake $0.50
Board [4h 3h Jd Jh 9d]
Seat 5: ct-650 (big blind) showed [3s Ad] and won ($47.50) with two pair, Jacks and Threes
Seat 6: frazerchi (button) (small blind) mucked


PokerStars Hand #151952427160:  Hold'em Limit ($3/$6 USD) - 2016/04/15 12:04:58 ET
Table 'Hebei' 10-max Seat #5 is the button
Seat 5: ct-650 ($159.03 in chips)
Seat 6: frazerchi ($23.28 in chips)
ct-650: posts small blind $1
frazerchi: posts big blind $3
*** HOLE CARDS ***
ct-650: raises $3 to $6
frazerchi: calls $3
*** FLOP *** [Js 2h Ad]
frazerchi: checks
ct-650: bets $3
frazerchi: calls $3
*** TURN *** [Js 2h Ad] [4h]
frazerchi: checks
ct-650: checks
*** RIVER *** [Js 2h Ad 4h] [Qd]
frazerchi: bets $6
ct-650: calls $6
*** SHOW DOWN ***
frazerchi: shows [Jc 2c] (two pair, Jacks and Deuces)
ct-650: mucks hand
frazerchi collected $29.50 from pot
*** SUMMARY ***
Total pot $30 | Rake $0.50
Board [Js 2h Ad 4h Qd]
Seat 5: ct-650 (button) (small blind) mucked
Seat 6: frazerchi (big blind) showed [Jc 2c] and won ($29.50) with two pair, Jacks and Deuces


PokerStars Hand #151952458510:  Hold'em Limit ($3/$6 USD) - 2016/04/15 12:05:43 ET
Table 'Hebei' 10-max Seat #5 is the button
Seat 5: ct-650 ($129.03 in chips)
Seat 6: frazerchi ($52.28 in chips)
ct-650: posts small blind $1
frazerchi: posts big blind $3
*** HOLE CARDS ***
ct-650: raises $3 to $6
frazerchi: folds
Uncalled bet ($3) returned to ct-650
ct-650 collected $6 from pot
*** SUMMARY ***
Total pot $6 | Rake $0
Seat 5: ct-650 (button) (small blind) collected ($6)
Seat 6: frazerchi (big blind) folded before Flop


PokerStars Hand #151952440113:  Hold'em Limit ($3/$6 USD) - 2016/04/15 12:05:17 ET
Table 'Hebei' 10-max Seat #6 is the button
Seat 5: ct-650 ($144.03 in chips)
Seat 6: frazerchi ($37.78 in chips)
frazerchi: posts small blind $1
ct-650: posts big blind $3
*** HOLE CARDS ***
frazerchi: calls $2
ct-650: raises $3 to $6
frazerchi: calls $3
*** FLOP *** [4s 9h Jc]
ct-650: bets $3
frazerchi: calls $3
*** TURN *** [4s 9h Jc] [Qh]
ct-650: bets $6
frazerchi: calls $6
*** RIVER *** [4s 9h Jc Qh] [Tc]
ct-650: checks
frazerchi: bets $6
ct-650: folds
Uncalled bet ($6) returned to frazerchi
frazerchi collected $29.50 from pot
frazerchi: doesn't show hand
*** SUMMARY ***
Total pot $30 | Rake $0.50
Board [4s 9h Jc Qh Tc]
Seat 5: ct-650 (big blind) folded on the River
Seat 6: frazerchi (button) (small blind) collected ($29.50)


PokerStars Hand #151952462329:  Hold'em Limit ($3/$6 USD) - 2016/04/15 12:05:48 ET
Table 'Hebei' 10-max Seat #6 is the button
Seat 5: ct-650 ($132.03 in chips)
Seat 6: frazerchi ($49.28 in chips)
frazerchi: posts small blind $1
ct-650: posts big blind $3
*** HOLE CARDS ***
frazerchi: folds
Uncalled bet ($2) returned to ct-650
ct-650 collected $2 from pot
*** SUMMARY ***
Total pot $2 | Rake $0
Seat 5: ct-650 (big blind) collected ($2)
Seat 6: frazerchi (button) (small blind) folded before Flop


PokerStars Hand #151952465971:  Hold'em Limit ($3/$6 USD) - 2016/04/15 12:05:54 ET
Table 'Hebei' 10-max Seat #5 is the button
Seat 5: ct-650 ($133.03 in chips)
Seat 6: frazerchi ($48.28 in chips)
ct-650: posts small blind $1
frazerchi: posts big blind $3
*** HOLE CARDS ***
ct-650: raises $3 to $6
frazerchi: calls $3
*** FLOP *** [4h 2d 5h]
frazerchi: checks
ct-650: bets $3
frazerchi: calls $3
*** TURN *** [4h 2d 5h] [Ks]
frazerchi: checks
ct-650: bets $6
frazerchi: folds
Uncalled bet ($6) returned to ct-650
ct-650 collected $17.64 from pot
*** SUMMARY ***
Total pot $18 | Rake $0.36
Board [4h 2d 5h Ks]
Seat 5: ct-650 (button) (small blind) collected ($17.64)
Seat 6: frazerchi (big blind) folded on the Turn


PokerStars Hand #151952479680:  Hold'em Limit ($3/$6 USD) - 2016/04/15 12:06:13 ET
Table 'Hebei' 10-max Seat #5 is the button
Seat 5: ct-650 ($142.67 in chips)
Seat 6: frazerchi ($38.28 in chips)
ct-650: posts small blind $1
frazerchi: posts big blind $3
*** HOLE CARDS ***
ct-650: folds
Uncalled bet ($2) returned to frazerchi
frazerchi collected $2 from pot
frazerchi: doesn't show hand
*** SUMMARY ***
Total pot $2 | Rake $0
Seat 5: ct-650 (button) (small blind) folded before Flop
Seat 6: frazerchi (big blind) collected ($2)


PokerStars Hand #151952475794:  Hold'em Limit ($3/$6 USD) - 2016/04/15 12:06:07 ET
Table 'Hebei' 10-max Seat #6 is the button
Seat 5: ct-650 ($141.67 in chips)
Seat 6: frazerchi ($39.28 in chips)
frazerchi: posts small blind $1
ct-650: posts big blind $3
*** HOLE CARDS ***
frazerchi: folds
Uncalled bet ($2) returned to ct-650
ct-650 collected $2 from pot
*** SUMMARY ***
Total pot $2 | Rake $0
Seat 5: ct-650 (big blind) collected ($2)
Seat 6: frazerchi (button) (small blind) folded before Flop


PokerStars Hand #151952482857:  Hold'em Limit ($3/$6 USD) - 2016/04/15 12:06:18 ET
Table 'Hebei' 10-max Seat #6 is the button
Seat 5: ct-650 ($141.67 in chips)
Seat 6: frazerchi ($39.28 in chips)
frazerchi: posts small blind $1
ct-650: posts big blind $3
*** HOLE CARDS ***
frazerchi: raises $3 to $6
ct-650: calls $3
*** FLOP *** [6d 7d 5h]
ct-650: checks
frazerchi: checks
*** TURN *** [6d 7d 5h] [4s]
ct-650: bets $6
frazerchi: folds
Uncalled bet ($6) returned to ct-650
ct-650 collected $11.76 from pot
*** SUMMARY ***
Total pot $12 | Rake $0.24
Board [6d 7d 5h 4s]
Seat 5: ct-650 (big blind) collected ($11.76)
Seat 6: frazerchi (button) (small blind) folded on the Turn


PokerStars Hand #151952495311:  Hold'em Limit ($3/$6 USD) - 2016/04/15 12:06:35 ET
Table 'Hebei' 10-max Seat #5 is the button
Seat 5: ct-650 ($147.43 in chips)
Seat 6: frazerchi ($33.28 in chips)
ct-650: posts small blind $1
frazerchi: posts big blind $3
*** HOLE CARDS ***
ct-650: raises $3 to $6
frazerchi: calls $3
*** FLOP *** [2h Qd Qs]
frazerchi: checks
ct-650: bets $3
frazerchi: calls $3
*** TURN *** [2h Qd Qs] [Th]
frazerchi: checks
ct-650: bets $6
frazerchi: folds
Uncalled bet ($6) returned to ct-650
ct-650 collected $17.64 from pot
*** SUMMARY ***
Total pot $18 | Rake $0.36
Board [2h Qd Qs Th]
Seat 5: ct-650 (button) (small blind) collected ($17.64)
Seat 6: frazerchi (big blind) folded on the Turn


PokerStars Hand #151952505752:  Hold'em Limit ($3/$6 USD) - 2016/04/15 12:06:50 ET
Table 'Hebei' 10-max Seat #6 is the button
Seat 5: ct-650 ($156.07 in chips)
Seat 6: frazerchi ($24.28 in chips)
frazerchi: posts small blind $1
ct-650: posts big blind $3
*** HOLE CARDS ***
frazerchi: raises $3 to $6
ct-650: calls $3
*** FLOP *** [6c Kc 3h]
ct-650: checks
frazerchi: bets $3
ct-650: folds
Uncalled bet ($3) returned to frazerchi
frazerchi collected $11.76 from pot
frazerchi: doesn't show hand
*** SUMMARY ***
Total pot $12 | Rake $0.24
Board [6c Kc 3h]
Seat 5: ct-650 (big blind) folded on the Flop
Seat 6: frazerchi (button) (small blind) collected ($11.76)


PokerStars Hand #151952524596:  Hold'em Limit ($3/$6 USD) - 2016/04/15 12:07:17 ET
Table 'Hebei' 10-max Seat #5 is the button
Seat 5: ct-650 ($157.71 in chips)
Seat 6: frazerchi ($22.04 in chips)
ct-650: posts small blind $1
frazerchi: posts big blind $3
*** HOLE CARDS ***
ct-650: raises $3 to $6
frazerchi: calls $3
*** FLOP *** [8h Jd Ah]
frazerchi: checks
ct-650: bets $3
frazerchi: folds
Uncalled bet ($3) returned to ct-650
ct-650 collected $11.76 from pot
*** SUMMARY ***
Total pot $12 | Rake $0.24
Board [8h Jd Ah]
Seat 5: ct-650 (button) (small blind) collected ($11.76)
Seat 6: frazerchi (big blind) folded on the Flop


PokerStars Hand #151952532319:  Hold'em Limit ($3/$6 USD) - 2016/04/15 12:07:28 ET
Table 'Hebei' 10-max Seat #6 is the button
Seat 5: ct-650 ($163.47 in chips)
Seat 6: frazerchi ($16.04 in chips)
frazerchi: posts small blind $1
ct-650: posts big blind $3
*** HOLE CARDS ***
frazerchi: folds
Uncalled bet ($2) returned to ct-650
ct-650 collected $2 from pot
*** SUMMARY ***
Total pot $2 | Rake $0
Seat 5: ct-650 (big blind) collected ($2)
Seat 6: frazerchi (button) (small blind) folded before Flop


PokerStars Hand #151952536117:  Hold'em Limit ($3/$6 USD) - 2016/04/15 12:07:33 ET
Table 'Hebei' 10-max Seat #5 is the button
Seat 5: ct-650 ($164.47 in chips)
Seat 6: frazerchi ($15.04 in chips)
ct-650: posts small blind $1
frazerchi: posts big blind $3
*** HOLE CARDS ***
ct-650: raises $3 to $6
frazerchi: raises $3 to $9
ct-650: calls $3
*** FLOP *** [Qd 9s Qh]
frazerchi: bets $3
ct-650: raises $3 to $6
frazerchi: raises $0.04 to $6.04 and is all-in
ct-650: calls $0.04
*** TURN *** [Qd 9s Qh] [Qs]
*** RIVER *** [Qd 9s Qh Qs] [6d]
*** SHOW DOWN ***
frazerchi: shows [Js Jh] (a full house, Queens full of Jacks)
ct-650: shows [7d Qc] (four of a kind, Queens)
ct-650 collected $29.58 from pot
*** SUMMARY ***
Total pot $30.08 | Rake $0.50
Board [Qd 9s Qh Qs 6d]
Seat 5: ct-650 (button) (small blind) showed [7d Qc] and won ($29.58) with four of a kind, Queens
Seat 6: frazerchi (big blind) showed [Js Jh] and lost with a full house, Queens full of Jacks


PokerStars Hand #151952516272:  Hold'em Limit ($3/$6 USD) - 2016/04/15 12:07:05 ET
Table 'Hebei' 10-max Seat #6 is the button
Seat 5: ct-650 ($149.07 in chips)
Seat 6: frazerchi ($31.04 in chips)
frazerchi: posts small blind $1
ct-650: posts big blind $3
*** HOLE CARDS ***
frazerchi: raises $3 to $6
ct-650: raises $3 to $9
frazerchi: calls $3
*** FLOP *** [Jh 4d 3h]
ct-650: bets $3
frazerchi: folds
Uncalled bet ($3) returned to ct-650
ct-650 collected $17.64 from pot
*** SUMMARY ***
Total pot $18 | Rake $0.36
Board [Jh 4d 3h]
Seat 5: ct-650 (big blind) collected ($17.64)
Seat 6: frazerchi (button) (small blind) folded on the Flop


PokerStars Hand #151952512929:  Hold'em Limit ($3/$6 USD) - 2016/04/15 12:07:00 ET
Table 'Hebei' 10-max Seat #5 is the button
Seat 5: ct-650 ($150.07 in chips)
Seat 6: frazerchi ($30.04 in chips)
ct-650: posts small blind $1
frazerchi: posts big blind $3
*** HOLE CARDS ***
ct-650: folds
Uncalled bet ($2) returned to frazerchi
frazerchi collected $2 from pot
frazerchi: doesn't show hand
*** SUMMARY ***
Total pot $2 | Rake $0
Seat 5: ct-650 (button) (small blind) folded before Flop
Seat 6: frazerchi (big blind) collected ($2)


