PokerStars Hand #167619158008:  Hold'em Limit ($3/$6 USD) - 2017/03/15 11:36:40 ET
Table 'Hebei' 6-max Seat #1 is the button
Seat 1: 7ardis ($116 in chips)
Seat 3: sim5sim5 ($76 in chips)
7ardis: posts small blind $1
sim5sim5: posts big blind $3
*** HOLE CARDS ***
7ardis: raises $3 to $6
sim5sim5: calls $3
*** FLOP *** [5d Qh 4d]
sim5sim5: checks
7ardis: bets $3
sim5sim5: calls $3
*** TURN *** [5d Qh 4d] [9d]
sim5sim5: checks
7ardis: checks
*** RIVER *** [5d Qh 4d 9d] [Js]
sim5sim5: bets $6
7ardis: folds
Uncalled bet ($6) returned to sim5sim5
sim5sim5 collected $17.64 from pot
sim5sim5: doesn't show hand
*** SUMMARY ***
Total pot $18 | Rake $0.36
Board [5d Qh 4d 9d Js]
Seat 1: 7ardis (button) (small blind) folded on the River
Seat 3: sim5sim5 (big blind) collected ($17.64)


PokerStars Hand #167619172410:  Hold'em Limit ($3/$6 USD) - 2017/03/15 11:37:02 ET
Table 'Hebei' 6-max Seat #3 is the button
Seat 1: 7ardis ($107 in chips)
Seat 3: sim5sim5 ($84.64 in chips)
sim5sim5: posts small blind $1
7ardis: posts big blind $3
*** HOLE CARDS ***
sim5sim5: folds
Uncalled bet ($2) returned to 7ardis
7ardis collected $2 from pot
7ardis: doesn't show hand
*** SUMMARY ***
Total pot $2 | Rake $0
Seat 1: 7ardis (big blind) collected ($2)
Seat 3: sim5sim5 (button) (small blind) folded before Flop


PokerStars Hand #167619176265:  Hold'em Limit ($3/$6 USD) - 2017/03/15 11:37:08 ET
Table 'Hebei' 6-max Seat #1 is the button
Seat 1: 7ardis ($108 in chips)
Seat 3: sim5sim5 ($83.64 in chips)
7ardis: posts small blind $1
sim5sim5: posts big blind $3
*** HOLE CARDS ***
7ardis: raises $3 to $6
sim5sim5: calls $3
*** FLOP *** [2h 6h Js]
sim5sim5: checks
7ardis: checks
*** TURN *** [2h 6h Js] [2d]
sim5sim5: checks
7ardis: checks
*** RIVER *** [2h 6h Js 2d] [6c]
sim5sim5: checks
7ardis: bets $6
sim5sim5: folds
Uncalled bet ($6) returned to 7ardis
7ardis collected $11.76 from pot
7ardis: doesn't show hand
*** SUMMARY ***
Total pot $12 | Rake $0.24
Board [2h 6h Js 2d 6c]
Seat 1: 7ardis (button) (small blind) collected ($11.76)
Seat 3: sim5sim5 (big blind) folded on the River


PokerStars Hand #167619191046:  Hold'em Limit ($3/$6 USD) - 2017/03/15 11:37:30 ET
Table 'Hebei' 6-max Seat #3 is the button
Seat 1: 7ardis ($113.76 in chips)
Seat 3: sim5sim5 ($77.64 in chips)
sim5sim5: posts small blind $1
7ardis: posts big blind $3
*** HOLE CARDS ***
sim5sim5: raises $3 to $6
7ardis: folds
Uncalled bet ($3) returned to sim5sim5
sim5sim5 collected $6 from pot
sim5sim5: doesn't show hand
*** SUMMARY ***
Total pot $6 | Rake $0
Seat 1: 7ardis (big blind) folded before Flop
Seat 3: sim5sim5 (button) (small blind) collected ($6)


PokerStars Hand #167619197151:  Hold'em Limit ($3/$6 USD) - 2017/03/15 11:37:40 ET
Table 'Hebei' 6-max Seat #1 is the button
Seat 1: 7ardis ($110.76 in chips)
Seat 3: sim5sim5 ($80.64 in chips)
7ardis: posts small blind $1
sim5sim5: posts big blind $3
*** HOLE CARDS ***
7ardis: raises $3 to $6
sim5sim5: calls $3
*** FLOP *** [Ah 2d 6c]
sim5sim5: checks
7ardis: bets $3
sim5sim5: calls $3
*** TURN *** [Ah 2d 6c] [5c]
sim5sim5: checks
7ardis: checks
*** RIVER *** [Ah 2d 6c 5c] [2s]
sim5sim5: bets $6
7ardis: calls $6
*** SHOW DOWN ***
sim5sim5: shows [Tc As] (two pair, Aces and Deuces)
7ardis: mucks hand
sim5sim5 collected $29.50 from pot
*** SUMMARY ***
Total pot $30 | Rake $0.50
Board [Ah 2d 6c 5c 2s]
Seat 1: 7ardis (button) (small blind) mucked
Seat 3: sim5sim5 (big blind) showed [Tc As] and won ($29.50) with two pair, Aces and Deuces


PokerStars Hand #167619237662:  Hold'em Limit ($3/$6 USD) - 2017/03/15 11:38:42 ET
Table 'Hebei' 6-max Seat #1 is the button
Seat 1: 7ardis ($122.26 in chips)
Seat 3: sim5sim5 ($72 in chips)
7ardis: posts small blind $1
sim5sim5: posts big blind $3
*** HOLE CARDS ***
7ardis: raises $3 to $6
sim5sim5: calls $3
*** FLOP *** [Qh Td 8s]
sim5sim5: checks
7ardis: bets $3
sim5sim5: calls $3
*** TURN *** [Qh Td 8s] [5d]
sim5sim5: checks
7ardis: checks
*** RIVER *** [Qh Td 8s 5d] [9s]
sim5sim5: bets $6
7ardis: calls $6
*** SHOW DOWN ***
sim5sim5: shows [6h 7s] (a straight, Six to Ten)
7ardis: mucks hand
sim5sim5 collected $29.50 from pot
*** SUMMARY ***
Total pot $30 | Rake $0.50
Board [Qh Td 8s 5d 9s]
Seat 1: 7ardis (button) (small blind) mucked
Seat 3: sim5sim5 (big blind) showed [6h 7s] and won ($29.50) with a straight, Six to Ten


PokerStars Hand #167619213219:  Hold'em Limit ($3/$6 USD) - 2017/03/15 11:38:05 ET
Table 'Hebei' 6-max Seat #3 is the button
Seat 1: 7ardis ($95.76 in chips)
Seat 3: sim5sim5 ($95.14 in chips)
sim5sim5: posts small blind $1
7ardis: posts big blind $3
*** HOLE CARDS ***
sim5sim5: raises $3 to $6
7ardis: calls $3
*** FLOP *** [Js Qh 9c]
7ardis: checks
sim5sim5: bets $3
7ardis: calls $3
*** TURN *** [Js Qh 9c] [Jc]
7ardis: checks
sim5sim5: bets $6
7ardis: raises $6 to $12
sim5sim5: calls $6
*** RIVER *** [Js Qh 9c Jc] [8s]
7ardis: bets $6
sim5sim5: calls $6
*** SHOW DOWN ***
7ardis: shows [9h Jd] (a full house, Jacks full of Nines)
sim5sim5: mucks hand
7ardis collected $53.50 from pot
*** SUMMARY ***
Total pot $54 | Rake $0.50
Board [Js Qh 9c Jc 8s]
Seat 1: 7ardis (big blind) showed [9h Jd] and won ($53.50) with a full house, Jacks full of Nines
Seat 3: sim5sim5 (button) (small blind) mucked


PokerStars Hand #167619279392:  Hold'em Limit ($3/$6 USD) - 2017/03/15 11:39:46 ET
Table 'Hebei' 6-max Seat #1 is the button
Seat 1: 7ardis ($101.26 in chips)
Seat 3: sim5sim5 ($92.26 in chips)
7ardis: posts small blind $1
sim5sim5: posts big blind $3
*** HOLE CARDS ***
7ardis: raises $3 to $6
sim5sim5: raises $3 to $9
7ardis: calls $3
*** FLOP *** [7s 8h 6s]
sim5sim5: bets $3
7ardis: calls $3
*** TURN *** [7s 8h 6s] [9h]
sim5sim5: checks
7ardis: bets $6
sim5sim5: folds
Uncalled bet ($6) returned to 7ardis
7ardis collected $23.52 from pot
7ardis: doesn't show hand
*** SUMMARY ***
Total pot $24 | Rake $0.48
Board [7s 8h 6s 9h]
Seat 1: 7ardis (button) (small blind) collected ($23.52)
Seat 3: sim5sim5 (big blind) folded on the Turn


PokerStars Hand #167619266827:  Hold'em Limit ($3/$6 USD) - 2017/03/15 11:39:27 ET
Table 'Hebei' 6-max Seat #3 is the button
Seat 1: 7ardis ($107.26 in chips)
Seat 3: sim5sim5 ($86.50 in chips)
sim5sim5: posts small blind $1
7ardis: posts big blind $3
*** HOLE CARDS ***
sim5sim5: raises $3 to $6
7ardis: calls $3
*** FLOP *** [4d 5h Qs]
7ardis: checks
sim5sim5: bets $3
7ardis: folds
Uncalled bet ($3) returned to sim5sim5
sim5sim5 collected $11.76 from pot
sim5sim5: doesn't show hand
*** SUMMARY ***
Total pot $12 | Rake $0.24
Board [4d 5h Qs]
Seat 1: 7ardis (big blind) folded on the Flop
Seat 3: sim5sim5 (button) (small blind) collected ($11.76)


PokerStars Hand #167619296410:  Hold'em Limit ($3/$6 USD) - 2017/03/15 11:40:13 ET
Table 'Hebei' 6-max Seat #3 is the button
Seat 1: 7ardis ($112.78 in chips)
Seat 3: sim5sim5 ($80.26 in chips)
sim5sim5: posts small blind $1
7ardis: posts big blind $3
*** HOLE CARDS ***
sim5sim5: raises $3 to $6
7ardis: folds
Uncalled bet ($3) returned to sim5sim5
sim5sim5 collected $6 from pot
sim5sim5: doesn't show hand
*** SUMMARY ***
Total pot $6 | Rake $0
Seat 1: 7ardis (big blind) folded before Flop
Seat 3: sim5sim5 (button) (small blind) collected ($6)


PokerStars Hand #167619301218:  Hold'em Limit ($3/$6 USD) - 2017/03/15 11:40:20 ET
Table 'Hebei' 6-max Seat #1 is the button
Seat 1: 7ardis ($109.78 in chips)
Seat 3: sim5sim5 ($83.26 in chips)
7ardis: posts small blind $1
sim5sim5: posts big blind $3
*** HOLE CARDS ***
7ardis: raises $3 to $6
sim5sim5: calls $3
*** FLOP *** [Qd Jh 3h]
sim5sim5: checks
7ardis: bets $3
sim5sim5: raises $3 to $6
7ardis: calls $3
*** TURN *** [Qd Jh 3h] [6c]
sim5sim5: bets $6
7ardis: folds
Uncalled bet ($6) returned to sim5sim5
sim5sim5 collected $23.52 from pot
sim5sim5: doesn't show hand
*** SUMMARY ***
Total pot $24 | Rake $0.48
Board [Qd Jh 3h 6c]
Seat 1: 7ardis (button) (small blind) folded on the Turn
Seat 3: sim5sim5 (big blind) collected ($23.52)


PokerStars Hand #167619320007:  Hold'em Limit ($3/$6 USD) - 2017/03/15 11:40:49 ET
Table 'Hebei' 6-max Seat #1 is the button
Seat 1: 7ardis ($98.78 in chips)
Seat 3: sim5sim5 ($93.78 in chips)
7ardis: posts small blind $1
sim5sim5: posts big blind $3
*** HOLE CARDS ***
7ardis: folds
Uncalled bet ($2) returned to sim5sim5
sim5sim5 collected $2 from pot
sim5sim5: doesn't show hand
*** SUMMARY ***
Total pot $2 | Rake $0
Seat 1: 7ardis (button) (small blind) folded before Flop
Seat 3: sim5sim5 (big blind) collected ($2)


PokerStars Hand #167619316106:  Hold'em Limit ($3/$6 USD) - 2017/03/15 11:40:43 ET
Table 'Hebei' 6-max Seat #3 is the button
Seat 1: 7ardis ($97.78 in chips)
Seat 3: sim5sim5 ($94.78 in chips)
sim5sim5: posts small blind $1
7ardis: posts big blind $3
*** HOLE CARDS ***
sim5sim5: folds
Uncalled bet ($2) returned to 7ardis
7ardis collected $2 from pot
7ardis: doesn't show hand
*** SUMMARY ***
Total pot $2 | Rake $0
Seat 1: 7ardis (big blind) collected ($2)
Seat 3: sim5sim5 (button) (small blind) folded before Flop


PokerStars Hand #167619337624:  Hold'em Limit ($3/$6 USD) - 2017/03/15 11:41:16 ET
Table 'Hebei' 6-max Seat #1 is the button
Seat 1: 7ardis ($109.30 in chips)
Seat 3: sim5sim5 ($82.78 in chips)
7ardis: posts small blind $1
sim5sim5: posts big blind $3
*** HOLE CARDS ***
7ardis: raises $3 to $6
sim5sim5: calls $3
*** FLOP *** [Td Th 3s]
sim5sim5: checks
7ardis: bets $3
sim5sim5: raises $3 to $6
7ardis: raises $3 to $9
sim5sim5: calls $3
*** TURN *** [Td Th 3s] [2c]
sim5sim5: checks
7ardis: bets $6
sim5sim5: raises $6 to $12
7ardis: folds
Uncalled bet ($6) returned to sim5sim5
sim5sim5 collected $41.50 from pot
sim5sim5: doesn't show hand
*** SUMMARY ***
Total pot $42 | Rake $0.50
Board [Td Th 3s 2c]
Seat 1: 7ardis (button) (small blind) folded on the Turn
Seat 3: sim5sim5 (big blind) collected ($41.50)


PokerStars Hand #167619323418:  Hold'em Limit ($3/$6 USD) - 2017/03/15 11:40:54 ET
Table 'Hebei' 6-max Seat #3 is the button
Seat 1: 7ardis ($97.78 in chips)
Seat 3: sim5sim5 ($94.78 in chips)
sim5sim5: posts small blind $1
7ardis: posts big blind $3
*** HOLE CARDS ***
sim5sim5: raises $3 to $6
7ardis: raises $3 to $9
sim5sim5: calls $3
*** FLOP *** [5h Qd 3h]
7ardis: bets $3
sim5sim5: calls $3
*** TURN *** [5h Qd 3h] [Td]
7ardis: bets $6
sim5sim5: folds
Uncalled bet ($6) returned to 7ardis
7ardis collected $23.52 from pot
7ardis: doesn't show hand
*** SUMMARY ***
Total pot $24 | Rake $0.48
Board [5h Qd 3h Td]
Seat 1: 7ardis (big blind) collected ($23.52)
Seat 3: sim5sim5 (button) (small blind) folded on the Turn


PokerStars Hand #167619396936:  Hold'em Limit ($3/$6 USD) - 2017/03/15 11:42:48 ET
Table 'Hebei' 6-max Seat #3 is the button
Seat 1: 7ardis ($99.80 in chips)
Seat 3: sim5sim5 ($91.04 in chips)
sim5sim5: posts small blind $1
7ardis: posts big blind $3
*** HOLE CARDS ***
sim5sim5: raises $3 to $6
7ardis: calls $3
*** FLOP *** [5s 9d 8d]
7ardis: bets $3
sim5sim5: calls $3
*** TURN *** [5s 9d 8d] [Qc]
7ardis: bets $6
sim5sim5: raises $6 to $12
7ardis: calls $6
*** RIVER *** [5s 9d 8d Qc] [4h]
7ardis: checks
sim5sim5: bets $6
7ardis: folds
Uncalled bet ($6) returned to sim5sim5
sim5sim5 collected $41.50 from pot
sim5sim5: doesn't show hand
*** SUMMARY ***
Total pot $42 | Rake $0.50
Board [5s 9d 8d Qc 4h]
Seat 1: 7ardis (big blind) folded on the River
Seat 3: sim5sim5 (button) (small blind) collected ($41.50)


PokerStars Hand #167619386483:  Hold'em Limit ($3/$6 USD) - 2017/03/15 11:42:31 ET
Table 'Hebei' 6-max Seat #1 is the button
Seat 1: 7ardis ($105.80 in chips)
Seat 3: sim5sim5 ($85.28 in chips)
7ardis: posts small blind $1
sim5sim5: posts big blind $3
*** HOLE CARDS ***
7ardis: raises $3 to $6
sim5sim5: calls $3
*** FLOP *** [3h 6c 5h]
sim5sim5: checks
7ardis: checks
*** TURN *** [3h 6c 5h] [Qs]
sim5sim5: bets $6
7ardis: folds
Uncalled bet ($6) returned to sim5sim5
sim5sim5 collected $11.76 from pot
sim5sim5: doesn't show hand
*** SUMMARY ***
Total pot $12 | Rake $0.24
Board [3h 6c 5h Qs]
Seat 1: 7ardis (button) (small blind) folded on the Turn
Seat 3: sim5sim5 (big blind) collected ($11.76)


PokerStars Hand #167619360579:  Hold'em Limit ($3/$6 USD) - 2017/03/15 11:41:52 ET
Table 'Hebei' 6-max Seat #3 is the button
Seat 1: 7ardis ($88.30 in chips)
Seat 3: sim5sim5 ($103.28 in chips)
sim5sim5: posts small blind $1
7ardis: posts big blind $3
*** HOLE CARDS ***
sim5sim5: raises $3 to $6
7ardis: raises $3 to $9
sim5sim5: calls $3
*** FLOP *** [3d 4d Ac]
7ardis: bets $3
sim5sim5: calls $3
*** TURN *** [3d 4d Ac] [Js]
7ardis: bets $6
sim5sim5: calls $6
*** RIVER *** [3d 4d Ac Js] [7c]
7ardis: bets $6
sim5sim5: folds
Uncalled bet ($6) returned to 7ardis
7ardis collected $35.50 from pot
7ardis: doesn't show hand
*** SUMMARY ***
Total pot $36 | Rake $0.50
Board [3d 4d Ac Js 7c]
Seat 1: 7ardis (big blind) collected ($35.50)
Seat 3: sim5sim5 (button) (small blind) folded on the River


PokerStars Hand #167619445639:  Hold'em Limit ($3/$6 USD) - 2017/03/15 11:44:02 ET
Table 'Hebei' 6-max Seat #3 is the button
Seat 1: 7ardis ($65.44 in chips)
Seat 3: sim5sim5 ($124.04 in chips)
sim5sim5: posts small blind $1
7ardis: posts big blind $3
*** HOLE CARDS ***
sim5sim5: raises $3 to $6
7ardis: calls $3
*** FLOP *** [As Kc 3c]
7ardis: checks
sim5sim5: bets $3
7ardis: folds
Uncalled bet ($3) returned to sim5sim5
sim5sim5 collected $11.76 from pot
sim5sim5: doesn't show hand
*** SUMMARY ***
Total pot $12 | Rake $0.24
Board [As Kc 3c]
Seat 1: 7ardis (big blind) folded on the Flop
Seat 3: sim5sim5 (button) (small blind) collected ($11.76)


PokerStars Hand #167619442817:  Hold'em Limit ($3/$6 USD) - 2017/03/15 11:43:58 ET
Table 'Hebei' 6-max Seat #1 is the button
Seat 1: 7ardis ($66.44 in chips)
Seat 3: sim5sim5 ($123.04 in chips)
7ardis: posts small blind $1
sim5sim5: posts big blind $3
*** HOLE CARDS ***
zorantoronto joins the table at seat #2
7ardis: folds
Uncalled bet ($2) returned to sim5sim5
sim5sim5 collected $2 from pot
sim5sim5: doesn't show hand
*** SUMMARY ***
Total pot $2 | Rake $0
Seat 1: 7ardis (button) (small blind) folded before Flop
Seat 3: sim5sim5 (big blind) collected ($2)


PokerStars Hand #167619432617:  Hold'em Limit ($3/$6 USD) - 2017/03/15 11:43:42 ET
Table 'Hebei' 6-max Seat #3 is the button
Seat 1: 7ardis ($57.80 in chips)
Seat 3: sim5sim5 ($132.04 in chips)
sim5sim5: posts small blind $1
7ardis: posts big blind $3
*** HOLE CARDS ***
sim5sim5: raises $3 to $6
7ardis: raises $3 to $9
sim5sim5: calls $3
*** FLOP *** [9s Kd 2h]
7ardis: bets $3
sim5sim5: folds
Uncalled bet ($3) returned to 7ardis
7ardis collected $17.64 from pot
7ardis: doesn't show hand
*** SUMMARY ***
Total pot $18 | Rake $0.36
Board [9s Kd 2h]
Seat 1: 7ardis (big blind) collected ($17.64)
Seat 3: sim5sim5 (button) (small blind) folded on the Flop


PokerStars Hand #167619413630:  Hold'em Limit ($3/$6 USD) - 2017/03/15 11:43:13 ET
Table 'Hebei' 6-max Seat #1 is the button
Seat 1: 7ardis ($78.80 in chips)
Seat 3: sim5sim5 ($111.54 in chips)
7ardis: posts small blind $1
sim5sim5: posts big blind $3
*** HOLE CARDS ***
7ardis: raises $3 to $6
sim5sim5: calls $3
*** FLOP *** [3h 9h Ad]
sim5sim5: checks
7ardis: bets $3
sim5sim5: raises $3 to $6
7ardis: raises $3 to $9
sim5sim5: calls $3
*** TURN *** [3h 9h Ad] [Qs]
sim5sim5: checks
7ardis: bets $6
sim5sim5: raises $6 to $12
7ardis: folds
Uncalled bet ($6) returned to sim5sim5
sim5sim5 collected $41.50 from pot
sim5sim5: doesn't show hand
*** SUMMARY ***
Total pot $42 | Rake $0.50
Board [3h 9h Ad Qs]
Seat 1: 7ardis (button) (small blind) folded on the Turn
Seat 3: sim5sim5 (big blind) collected ($41.50)


PokerStars Hand #167619539429:  Hold'em Limit ($3/$6 USD) - 2017/03/15 11:46:26 ET
Table 'Hebei' 6-max Seat #2 is the button
Seat 1: 7ardis ($66.36 in chips)
Seat 2: zorantoronto ($121.83 in chips)
zorantoronto: posts small blind $1
sim5sim5: is sitting out
7ardis: posts big blind $3
*** HOLE CARDS ***
sim5sim5 leaves the table
zorantoronto: raises $3 to $6
7ardis: folds
Uncalled bet ($3) returned to zorantoronto
zorantoronto collected $6 from pot
zorantoronto: doesn't show hand
*** SUMMARY ***
Total pot $6 | Rake $0
Seat 1: 7ardis (big blind) folded before Flop
Seat 2: zorantoronto (button) (small blind) collected ($6)


PokerStars Hand #167619579051:  Hold'em Limit ($3/$6 USD) - 2017/03/15 11:47:27 ET
Table 'Hebei' 6-max Seat #6 is the button
Seat 1: 7ardis ($72 in chips)
Seat 6: sim5sim5 ($72 in chips)
sim5sim5: posts small blind $1
7ardis: posts big blind $3
*** HOLE CARDS ***
sim5sim5: folds
Uncalled bet ($2) returned to 7ardis
7ardis collected $2 from pot
7ardis: doesn't show hand
*** SUMMARY ***
Total pot $2 | Rake $0
Seat 1: 7ardis (big blind) collected ($2)
Seat 6: sim5sim5 (button) (small blind) folded before Flop


PokerStars Hand #167619561718:  Hold'em Limit ($3/$6 USD) - 2017/03/15 11:47:00 ET
Table 'Hebei' 6-max Seat #1 is the button
Seat 1: 7ardis ($63.36 in chips)
Seat 6: sim5sim5 ($72 in chips)
7ardis: posts small blind $1
sim5sim5: posts big blind $3
*** HOLE CARDS ***
7ardis: raises $3 to $6
sim5sim5: calls $3
*** FLOP *** [As 3h 5d]
sim5sim5: checks
7ardis: bets $3
sim5sim5: calls $3
*** TURN *** [As 3h 5d] [Th]
sim5sim5: checks
7ardis: checks
*** RIVER *** [As 3h 5d Th] [Ad]
zorantoronto joins the table at seat #3
sim5sim5: checks
7ardis: checks
*** SHOW DOWN ***
sim5sim5: shows [7d 8s] (a pair of Aces)
7ardis: shows [Kc 8c] (a pair of Aces - King kicker)
7ardis collected $17.64 from pot
*** SUMMARY ***
Total pot $18 | Rake $0.36
Board [As 3h 5d Th Ad]
Seat 1: 7ardis (button) (small blind) showed [Kc 8c] and won ($17.64) with a pair of Aces
Seat 6: sim5sim5 (big blind) showed [7d 8s] and lost with a pair of Aces


PokerStars Hand #167619599842:  Hold'em Limit ($3/$6 USD) - 2017/03/15 11:47:59 ET
Table 'Hebei' 6-max Seat #3 is the button
Seat 1: 7ardis ($52 in chips)
Seat 3: zorantoronto ($139.74 in chips)
zorantoronto: posts small blind $1
sim5sim5: is sitting out
7ardis: posts big blind $3
*** HOLE CARDS ***
zorantoronto: raises $3 to $6
7ardis: calls $3
*** FLOP *** [2d Qc 4d]
sim5sim5 leaves the table
7ardis: checks
zorantoronto: bets $3
7ardis: calls $3
*** TURN *** [2d Qc 4d] [9h]
7ardis: checks
zorantoronto: bets $6
7ardis: raises $6 to $12
zorantoronto: calls $6
*** RIVER *** [2d Qc 4d 9h] [5c]
7ardis: bets $6
zorantoronto: calls $6
*** SHOW DOWN ***
7ardis: shows [8c Qs] (a pair of Queens)
zorantoronto: mucks hand
7ardis collected $53.50 from pot
*** SUMMARY ***
Total pot $54 | Rake $0.50
Board [2d Qc 4d 9h 5c]
Seat 1: 7ardis (big blind) showed [8c Qs] and won ($53.50) with a pair of Queens
Seat 3: zorantoronto (button) (small blind) mucked


