PokerStars Hand #169505298361:  Hold'em Limit ($3/$6 USD) - 2017/04/24 15:23:11 ET
Table 'Hecuba' 6-max Seat #5 is the button
Seat 2: Fetish73 ($138.42 in chips)
Seat 5: Chessnok ($232.69 in chips)
Chessnok: posts small blind $1
Fetish73: posts big blind $3
*** HOLE CARDS ***
Chessnok: raises $3 to $6
feilinho leaves the table
Fetish73: folds
Uncalled bet ($3) returned to Chessnok
Chessnok collected $6 from pot
Chessnok: doesn't show hand
*** SUMMARY ***
Total pot $6 | Rake $0
Seat 2: Fetish73 (big blind) folded before Flop
Seat 5: Chessnok (button) (small blind) collected ($6)


PokerStars Hand #169505303620:  Hold'em Limit ($3/$6 USD) - 2017/04/24 15:23:17 ET
Table 'Hecuba' 6-max Seat #2 is the button
Seat 2: Fetish73 ($135.42 in chips)
Seat 5: Chessnok ($235.69 in chips)
Fetish73: posts small blind $1
Chessnok: posts big blind $3
*** HOLE CARDS ***
Fetish73: raises $3 to $6
Chessnok: raises $3 to $9
Fetish73: calls $3
*** FLOP *** [8h 5d Kc]
Chessnok: bets $3
Fetish73: calls $3
*** TURN *** [8h 5d Kc] [8s]
Chessnok: checks
Fetish73: bets $6
Chessnok: calls $6
*** RIVER *** [8h 5d Kc 8s] [Th]
Chessnok: checks
Fetish73: bets $6
Chessnok: calls $6
*** SHOW DOWN ***
Fetish73: shows [4d Ks] (two pair, Kings and Eights)
Chessnok: mucks hand
Fetish73 collected $47.50 from pot
*** SUMMARY ***
Total pot $48 | Rake $0.50
Board [8h 5d Kc 8s Th]
Seat 2: Fetish73 (button) (small blind) showed [4d Ks] and won ($47.50) with two pair, Kings and Eights
Seat 5: Chessnok (big blind) mucked


