PokerStars Hand #161948302620:  Hold'em Limit ($3/$6 USD) - 2016/11/25 14:16:40 ET
Table 'Hecuba' 6-max Seat #4 is the button
Seat 2: vestimokrec ($174.67 in chips)
Seat 4: Zubasa07 ($488 in chips)
grabaz will be allowed to play after the button
Zubasa07: posts small blind $1
hamsa222 has timed out while disconnected
hamsa222: is sitting out
vestimokrec: posts big blind $3
*** HOLE CARDS ***
Zubasa07: raises $3 to $6
vestimokrec: calls $3
*** FLOP *** [Jc Kh 2h]
vestimokrec: checks
Zubasa07: bets $3
vestimokrec: raises $3 to $6
Zubasa07: calls $3
*** TURN *** [Jc Kh 2h] [4c]
B_loJkl leaves the table
vestimokrec: bets $6
Zubasa07: folds
Uncalled bet ($6) returned to vestimokrec
vestimokrec collected $23.52 from pot
vestimokrec: doesn't show hand
*** SUMMARY ***
Total pot $24 | Rake $0.48
Board [Jc Kh 2h 4c]
Seat 2: vestimokrec (big blind) collected ($23.52)
Seat 4: Zubasa07 (button) (small blind) folded on the Turn


PokerStars Hand #161948600070:  Hold'em Limit ($3/$6 USD) - 2016/11/25 14:22:24 ET
Table 'Hecuba' 6-max Seat #2 is the button
Seat 1: Gega64 ($160.28 in chips)
Seat 2: Zubasa07 ($500 in chips)
Zubasa07: posts small blind $1
grabaz: is sitting out
Gega64: posts big blind $3
*** HOLE CARDS ***
Zubasa07: folds
Uncalled bet ($2) returned to Gega64
Gega64 collected $2 from pot
*** SUMMARY ***
Total pot $2 | Rake $0
Seat 1: Gega64 (big blind) collected ($2)
Seat 2: Zubasa07 (button) (small blind) folded before Flop


PokerStars Hand #161948606851:  Hold'em Limit ($3/$6 USD) - 2016/11/25 14:22:32 ET
Table 'Hecuba' 6-max Seat #1 is the button
Seat 1: Gega64 ($161.28 in chips)
Seat 2: Zubasa07 ($499 in chips)
Gega64: posts small blind $1
Zubasa07: posts big blind $3
*** HOLE CARDS ***
Gega64: folds
Uncalled bet ($2) returned to Zubasa07
Zubasa07 collected $2 from pot
Zubasa07: doesn't show hand
*** SUMMARY ***
Total pot $2 | Rake $0
Seat 1: Gega64 (button) (small blind) folded before Flop
Seat 2: Zubasa07 (big blind) collected ($2)


PokerStars Hand #161949784965:  Hold'em Limit ($3/$6 USD) - 2016/11/25 14:45:04 ET
Table 'Hecuba' 6-max Seat #4 is the button
Seat 3: grabaz ($333.47 in chips)
Seat 4: Bassie830 ($127.22 in chips)
Bassie830: posts small blind $1
grabaz: posts big blind $3
*** HOLE CARDS ***
Bassie830: folds
Uncalled bet ($2) returned to grabaz
grabaz collected $2 from pot
grabaz: doesn't show hand
*** SUMMARY ***
Total pot $2 | Rake $0
Seat 3: grabaz (big blind) collected ($2)
Seat 4: Bassie830 (button) (small blind) folded before Flop


PokerStars Hand #161949779515:  Hold'em Limit ($3/$6 USD) - 2016/11/25 14:44:58 ET
Table 'Hecuba' 6-max Seat #3 is the button
Seat 3: grabaz ($330.47 in chips)
Seat 4: Bassie830 ($130.22 in chips)
grabaz: posts small blind $1
Bassie830: posts big blind $3
*** HOLE CARDS ***
grabaz: raises $3 to $6
Bassie830: folds
Uncalled bet ($3) returned to grabaz
grabaz collected $6 from pot
grabaz: doesn't show hand
*** SUMMARY ***
Total pot $6 | Rake $0
Seat 3: grabaz (button) (small blind) collected ($6)
Seat 4: Bassie830 (big blind) folded before Flop


PokerStars Hand #161949774555:  Hold'em Limit ($3/$6 USD) - 2016/11/25 14:44:52 ET
Table 'Hecuba' 6-max Seat #4 is the button
Seat 3: grabaz ($329.47 in chips)
Seat 4: Bassie830 ($131.22 in chips)
Bassie830: posts small blind $1
grabaz: posts big blind $3
*** HOLE CARDS ***
Bassie830: folds
Uncalled bet ($2) returned to grabaz
parnishka11 leaves the table
grabaz collected $2 from pot
grabaz: doesn't show hand
*** SUMMARY ***
Total pot $2 | Rake $0
Seat 3: grabaz (big blind) collected ($2)
Seat 4: Bassie830 (button) (small blind) folded before Flop


