PokerStars Hand #167323776400:  Hold'em Limit ($3/$6 USD) - 2017/03/09 1:07:12 ET
Table 'Hecuba' 6-max Seat #1 is the button
Seat 1: LifeisagameX ($84 in chips)
Seat 3: lexishake ($612.40 in chips)
LifeisagameX: posts small blind $1
lexishake: posts big blind $3
*** HOLE CARDS ***
LifeisagameX: raises $3 to $6
lexishake: folds
Uncalled bet ($3) returned to LifeisagameX
MellivoraSto joins the table at seat #4
LifeisagameX collected $6 from pot
LifeisagameX: doesn't show hand
*** SUMMARY ***
Total pot $6 | Rake $0
Seat 1: LifeisagameX (button) (small blind) collected ($6)
Seat 3: lexishake (big blind) folded before Flop


PokerStars Hand #167323817668:  Hold'em Limit ($3/$6 USD) - 2017/03/09 1:09:52 ET
Table 'Hecuba' 6-max Seat #1 is the button
Seat 1: Chessnok ($121 in chips)
Seat 6: SassyShads ($144.56 in chips)
Chessnok: posts small blind $1
MellivoraSto: is sitting out
SassyShads: posts big blind $3
*** HOLE CARDS ***
Chessnok: raises $3 to $6
SassyShads: calls $3
*** FLOP *** [As Jh Qh]
SassyShads: checks
Chessnok: checks
*** TURN *** [As Jh Qh] [Kc]
SassyShads: checks
Chessnok: checks
*** RIVER *** [As Jh Qh Kc] [4c]
SassyShads: checks
Chessnok: checks
*** SHOW DOWN ***
SassyShads: shows [5s 4d] (a pair of Fours)
Chessnok: shows [Jd 9c] (a pair of Jacks)
Chessnok collected $11.76 from pot
*** SUMMARY ***
Total pot $12 | Rake $0.24
Board [As Jh Qh Kc 4c]
Seat 1: Chessnok (button) (small blind) showed [Jd 9c] and won ($11.76) with a pair of Jacks
Seat 6: SassyShads (big blind) showed [5s 4d] and lost with a pair of Fours


PokerStars Hand #167323825961:  Hold'em Limit ($3/$6 USD) - 2017/03/09 1:10:24 ET
Table 'Hecuba' 6-max Seat #1 is the button
Seat 1: Chessnok ($117.76 in chips)
Seat 6: SassyShads ($147.20 in chips)
Chessnok: posts small blind $1
SassyShads: posts big blind $3
*** HOLE CARDS ***
Chessnok: folds
Uncalled bet ($2) returned to SassyShads
SassyShads collected $2 from pot
SassyShads: doesn't show hand
*** SUMMARY ***
Total pot $2 | Rake $0
Seat 1: Chessnok (button) (small blind) folded before Flop
Seat 6: SassyShads (big blind) collected ($2)


PokerStars Hand #167323822692:  Hold'em Limit ($3/$6 USD) - 2017/03/09 1:10:12 ET
Table 'Hecuba' 6-max Seat #6 is the button
Seat 1: Chessnok ($126.76 in chips)
Seat 6: SassyShads ($138.56 in chips)
SassyShads: posts small blind $1
Chessnok: posts big blind $3
*** HOLE CARDS ***
SassyShads: raises $3 to $6
Chessnok: calls $3
*** FLOP *** [3s Ah As]
Chessnok: checks
SassyShads: bets $3
Chessnok: calls $3
*** TURN *** [3s Ah As] [9d]
Chessnok: checks
SassyShads: bets $6
Chessnok: folds
Uncalled bet ($6) returned to SassyShads
SassyShads collected $17.64 from pot
SassyShads: doesn't show hand
*** SUMMARY ***
Total pot $18 | Rake $0.36
Board [3s Ah As 9d]
Seat 1: Chessnok (big blind) folded on the Turn
Seat 6: SassyShads (button) (small blind) collected ($17.64)


PokerStars Hand #167323827041:  Hold'em Limit ($3/$6 USD) - 2017/03/09 1:10:28 ET
Table 'Hecuba' 6-max Seat #6 is the button
Seat 1: Chessnok ($116.76 in chips)
Seat 6: SassyShads ($148.20 in chips)
SassyShads: posts small blind $1
Chessnok: posts big blind $3
*** HOLE CARDS ***
SassyShads: raises $3 to $6
Chessnok: calls $3
*** FLOP *** [5s Kh 4s]
Chessnok: checks
SassyShads: bets $3
Chessnok: calls $3
*** TURN *** [5s Kh 4s] [3c]
Chessnok: checks
SassyShads: bets $6
Chessnok: calls $6
*** RIVER *** [5s Kh 4s 3c] [9c]
Chessnok: checks
SassyShads: bets $6
Chessnok: calls $6
*** SHOW DOWN ***
SassyShads: shows [Ks 8c] (a pair of Kings)
Chessnok: mucks hand
SassyShads collected $41.50 from pot
*** SUMMARY ***
Total pot $42 | Rake $0.50
Board [5s Kh 4s 3c 9c]
Seat 1: Chessnok (big blind) mucked
Seat 6: SassyShads (button) (small blind) showed [Ks 8c] and won ($41.50) with a pair of Kings


PokerStars Hand #167323858104:  Hold'em Limit ($3/$6 USD) - 2017/03/09 1:12:28 ET
Table 'Hecuba' 6-max Seat #6 is the button
Seat 4: MellivoraSto ($102.07 in chips)
Seat 6: SassyShads ($112.70 in chips)
SassyShads: posts small blind $1
Chessnok: is sitting out
MellivoraSto: posts big blind $3
*** HOLE CARDS ***
SassyShads: raises $3 to $6
MellivoraSto: calls $3
*** FLOP *** [6c 5s 8h]
MellivoraSto: checks
SassyShads: bets $3
MellivoraSto: calls $3
*** TURN *** [6c 5s 8h] [3s]
MellivoraSto: checks
SassyShads: bets $6
MellivoraSto: calls $6
*** RIVER *** [6c 5s 8h 3s] [8s]
MellivoraSto: checks
SassyShads: bets $6
MellivoraSto: folds
Uncalled bet ($6) returned to SassyShads
SassyShads collected $29.50 from pot
SassyShads: doesn't show hand
*** SUMMARY ***
Total pot $30 | Rake $0.50
Board [6c 5s 8h 3s 8s]
Seat 4: MellivoraSto (big blind) folded on the River
Seat 6: SassyShads (button) (small blind) collected ($29.50)


PokerStars Hand #167323880275:  Hold'em Limit ($3/$6 USD) - 2017/03/09 1:13:54 ET
Table 'Hecuba' 6-max Seat #6 is the button
Seat 4: MellivoraSto ($137.50 in chips)
Seat 6: SassyShads ($109.20 in chips)
SassyShads: posts small blind $1
MellivoraSto: posts big blind $3
*** HOLE CARDS ***
SassyShads: raises $3 to $6
MellivoraSto: folds
Uncalled bet ($3) returned to SassyShads
SassyShads collected $6 from pot
SassyShads: doesn't show hand
*** SUMMARY ***
Total pot $6 | Rake $0
Seat 4: MellivoraSto (big blind) folded before Flop
Seat 6: SassyShads (button) (small blind) collected ($6)


PokerStars Hand #167323867972:  Hold'em Limit ($3/$6 USD) - 2017/03/09 1:13:06 ET
Table 'Hecuba' 6-max Seat #4 is the button
Seat 4: MellivoraSto ($120 in chips)
Seat 6: SassyShads ($127.20 in chips)
MellivoraSto: posts small blind $1
SassyShads: posts big blind $3
*** HOLE CARDS ***
MellivoraSto: raises $3 to $6
SassyShads: raises $3 to $9
lexishake joins the table at seat #3
MellivoraSto: calls $3
*** FLOP *** [Qh Ah 3h]
SassyShads: bets $3
lexishake leaves the table
Chessnok leaves the table
MellivoraSto: calls $3
*** TURN *** [Qh Ah 3h] [Td]
SassyShads: bets $6
MellivoraSto: raises $6 to $12
SassyShads: folds
Uncalled bet ($6) returned to MellivoraSto
MellivoraSto collected $35.50 from pot
MellivoraSto: doesn't show hand
*** SUMMARY ***
Total pot $36 | Rake $0.50
Board [Qh Ah 3h Td]
Seat 4: MellivoraSto (button) (small blind) collected ($35.50)
Seat 6: SassyShads (big blind) folded on the Turn


PokerStars Hand #167323883995:  Hold'em Limit ($3/$6 USD) - 2017/03/09 1:14:09 ET
Table 'Hecuba' 6-max Seat #4 is the button
Seat 4: MellivoraSto ($134.50 in chips)
Seat 6: SassyShads ($112.20 in chips)
MellivoraSto: posts small blind $1
SassyShads: posts big blind $3
*** HOLE CARDS ***
MellivoraSto: raises $3 to $6
SassyShads: raises $3 to $9
MellivoraSto: calls $3
*** FLOP *** [Qd 8h 7c]
SassyShads: bets $3
MellivoraSto: calls $3
*** TURN *** [Qd 8h 7c] [3s]
SassyShads: bets $6
MellivoraSto: calls $6
*** RIVER *** [Qd 8h 7c 3s] [Kh]
SassyShads: bets $6
MellivoraSto: raises $6 to $12
SassyShads: folds
Uncalled bet ($6) returned to MellivoraSto
MellivoraSto collected $47.50 from pot
MellivoraSto: doesn't show hand
*** SUMMARY ***
Total pot $48 | Rake $0.50
Board [Qd 8h 7c 3s Kh]
Seat 4: MellivoraSto (button) (small blind) collected ($47.50)
Seat 6: SassyShads (big blind) folded on the River


