PokerStars Hand #157509122688:  Hold'em Limit ($3/$6 USD) - 2016/08/20 8:46:19 ET
Table 'Hecuba' 6-max Seat #3 is the button
Seat 3: simper11 ($121 in chips)
Seat 6: humlefar ($56.63 in chips)
simper11: posts small blind $1
humlefar: posts big blind $3
*** HOLE CARDS ***
simper11: folds
Uncalled bet ($2) returned to humlefar
humlefar collected $2 from pot
humlefar: doesn't show hand
*** SUMMARY ***
Total pot $2 | Rake $0
Seat 3: simper11 (button) (small blind) folded before Flop
Seat 6: humlefar (big blind) collected ($2)


PokerStars Hand #157509119490:  Hold'em Limit ($3/$6 USD) - 2016/08/20 8:46:13 ET
Table 'Hecuba' 6-max Seat #6 is the button
Seat 3: simper11 ($120 in chips)
Seat 6: humlefar ($57.63 in chips)
humlefar: posts small blind $1
simper11: posts big blind $3
*** HOLE CARDS ***
humlefar: folds
Uncalled bet ($2) returned to simper11
simper11 collected $2 from pot
simper11: doesn't show hand
*** SUMMARY ***
Total pot $2 | Rake $0
Seat 3: simper11 (big blind) collected ($2)
Seat 6: humlefar (button) (small blind) folded before Flop


PokerStars Hand #157509125028:  Hold'em Limit ($3/$6 USD) - 2016/08/20 8:46:24 ET
Table 'Hecuba' 6-max Seat #6 is the button
Seat 3: simper11 ($120 in chips)
Seat 6: humlefar ($57.63 in chips)
humlefar: posts small blind $1
simper11: posts big blind $3
*** HOLE CARDS ***
humlefar: raises $3 to $6
simper11: calls $3
*** FLOP *** [8s 2d Td]
simper11: checks
humlefar: bets $3
simper11: folds
Uncalled bet ($3) returned to humlefar
humlefar collected $11.76 from pot
humlefar: doesn't show hand
*** SUMMARY ***
Total pot $12 | Rake $0.24
Board [8s 2d Td]
Seat 3: simper11 (big blind) folded on the Flop
Seat 6: humlefar (button) (small blind) collected ($11.76)


PokerStars Hand #157509129501:  Hold'em Limit ($3/$6 USD) - 2016/08/20 8:46:33 ET
Table 'Hecuba' 6-max Seat #3 is the button
Seat 3: simper11 ($120 in chips)
Seat 6: humlefar ($63.39 in chips)
simper11: posts small blind $1
humlefar: posts big blind $3
*** HOLE CARDS ***
simper11: raises $3 to $6
humlefar: raises $3 to $9
simper11: calls $3
*** FLOP *** [Ah 6d 7c]
humlefar: bets $3
simper11: calls $3
*** TURN *** [Ah 6d 7c] [7h]
humlefar: bets $6
simper11: raises $6 to $12
humlefar: calls $6
*** RIVER *** [Ah 6d 7c 7h] [Qd]
$polu4atel*$ joins the table at seat #1
humlefar: checks
simper11: bets $6
humlefar: calls $6
*** SHOW DOWN ***
simper11: shows [Jc 7d] (three of a kind, Sevens)
humlefar: mucks hand
simper11 collected $59.50 from pot
*** SUMMARY ***
Total pot $60 | Rake $0.50
Board [Ah 6d 7c 7h Qd]
Seat 3: simper11 (button) (small blind) showed [Jc 7d] and won ($59.50) with three of a kind, Sevens
Seat 6: humlefar (big blind) mucked


PokerStars Hand #157517341794:  Hold'em Limit ($3/$6 USD) - 2016/08/20 12:47:08 ET
Table 'Hecuba' 6-max Seat #4 is the button
Seat 3: jassomaan ($148.67 in chips)
Seat 4: Chessnok ($71.01 in chips)
Chessnok: posts small blind $1
Necromadx: is sitting out
jassomaan: posts big blind $3
*** HOLE CARDS ***
Chessnok: raises $3 to $6
jassomaan: folds
Uncalled bet ($3) returned to Chessnok
Chessnok collected $6 from pot
Chessnok: doesn't show hand
*** SUMMARY ***
Total pot $6 | Rake $0
Seat 3: jassomaan (big blind) folded before Flop
Seat 4: Chessnok (button) (small blind) collected ($6)


PokerStars Hand #157517369223:  Hold'em Limit ($3/$6 USD) - 2016/08/20 12:47:49 ET
Table 'Hecuba' 6-max Seat #3 is the button
Seat 3: jassomaan ($163.17 in chips)
Seat 4: Chessnok ($60 in chips)
jassomaan: posts small blind $1
Chessnok: posts big blind $3
*** HOLE CARDS ***
jassomaan: folds
Uncalled bet ($2) returned to Chessnok
Chessnok collected $2 from pot
Chessnok: doesn't show hand
*** SUMMARY ***
Total pot $2 | Rake $0
Seat 3: jassomaan (button) (small blind) folded before Flop
Seat 4: Chessnok (big blind) collected ($2)


PokerStars Hand #157517357474:  Hold'em Limit ($3/$6 USD) - 2016/08/20 12:47:32 ET
Table 'Hecuba' 6-max Seat #4 is the button
Seat 3: jassomaan ($142.67 in chips)
Seat 4: Chessnok ($76.89 in chips)
Chessnok: posts small blind $1
jassomaan: posts big blind $3
*** HOLE CARDS ***
Chessnok: raises $3 to $6
jassomaan: calls $3
*** FLOP *** [Jh Ac 5h]
jassomaan: bets $3
Chessnok: calls $3
*** TURN *** [Jh Ac 5h] [3c]
jassomaan: bets $6
Chessnok: calls $6
*** RIVER *** [Jh Ac 5h 3c] [Jc]
jassomaan: bets $6
Chessnok: calls $6
*** SHOW DOWN ***
jassomaan: shows [3h As] (two pair, Aces and Jacks)
Chessnok: mucks hand
jassomaan collected $41.50 from pot
*** SUMMARY ***
Total pot $42 | Rake $0.50
Board [Jh Ac 5h 3c Jc]
Seat 3: jassomaan (big blind) showed [3h As] and won ($41.50) with two pair, Aces and Jacks
Seat 4: Chessnok (button) (small blind) mucked


PokerStars Hand #157517389784:  Hold'em Limit ($3/$6 USD) - 2016/08/20 12:48:20 ET
Table 'Hecuba' 6-max Seat #3 is the button
Seat 3: jassomaan ($138.17 in chips)
Seat 4: Chessnok ($84.50 in chips)
jassomaan: posts small blind $1
Chessnok: posts big blind $3
*** HOLE CARDS ***
jassomaan: raises $3 to $6
Chessnok: folds
Uncalled bet ($3) returned to jassomaan
jassomaan collected $6 from pot
jassomaan: doesn't show hand
*** SUMMARY ***
Total pot $6 | Rake $0
Seat 3: jassomaan (button) (small blind) collected ($6)
Seat 4: Chessnok (big blind) folded before Flop


PokerStars Hand #157517373818:  Hold'em Limit ($3/$6 USD) - 2016/08/20 12:47:56 ET
Table 'Hecuba' 6-max Seat #4 is the button
Seat 3: jassomaan ($162.17 in chips)
Seat 4: Chessnok ($61 in chips)
Chessnok: posts small blind $1
jassomaan: posts big blind $3
*** HOLE CARDS ***
Chessnok: raises $3 to $6
jassomaan: raises $3 to $9
Chessnok: calls $3
*** FLOP *** [4c Td 6d]
jassomaan: bets $3
Chessnok: calls $3
*** TURN *** [4c Td 6d] [7h]
jassomaan: bets $6
Chessnok: calls $6
*** RIVER *** [4c Td 6d 7h] [8d]
jassomaan: bets $6
Chessnok: calls $6
*** SHOW DOWN ***
jassomaan: shows [4h Ah] (a pair of Fours)
Chessnok: shows [7c 8h] (two pair, Eights and Sevens)
Chessnok collected $47.50 from pot
*** SUMMARY ***
Total pot $48 | Rake $0.50
Board [4c Td 6d 7h 8d]
Seat 3: jassomaan (big blind) showed [4h Ah] and lost with a pair of Fours
Seat 4: Chessnok (button) (small blind) showed [7c 8h] and won ($47.50) with two pair, Eights and Sevens


PokerStars Hand #157517349141:  Hold'em Limit ($3/$6 USD) - 2016/08/20 12:47:19 ET
Table 'Hecuba' 6-max Seat #3 is the button
Seat 3: jassomaan ($145.67 in chips)
Seat 4: Chessnok ($74.01 in chips)
jassomaan: posts small blind $1
Chessnok: posts big blind $3
*** HOLE CARDS ***
jassomaan: calls $2
Chessnok: checks
*** FLOP *** [8c 6s Tc]
Chessnok: bets $3
jassomaan: folds
Uncalled bet ($3) returned to Chessnok
Chessnok collected $5.88 from pot
Chessnok: doesn't show hand
*** SUMMARY ***
Total pot $6 | Rake $0.12
Board [8c 6s Tc]
Seat 3: jassomaan (button) (small blind) folded on the Flop
Seat 4: Chessnok (big blind) collected ($5.88)


PokerStars Hand #157517393993:  Hold'em Limit ($3/$6 USD) - 2016/08/20 12:48:26 ET
Table 'Hecuba' 6-max Seat #4 is the button
Seat 3: jassomaan ($141.17 in chips)
Seat 4: Chessnok ($81.50 in chips)
Chessnok: posts small blind $1
jassomaan: posts big blind $3
*** HOLE CARDS ***
Chessnok: raises $3 to $6
jassomaan: calls $3
*** FLOP *** [Jc Ac As]
jassomaan: bets $3
Chessnok: folds
Uncalled bet ($3) returned to jassomaan
jassomaan collected $11.76 from pot
jassomaan: doesn't show hand
*** SUMMARY ***
Total pot $12 | Rake $0.24
Board [Jc Ac As]
Seat 3: jassomaan (big blind) collected ($11.76)
Seat 4: Chessnok (button) (small blind) folded on the Flop


PokerStars Hand #157517406842:  Hold'em Limit ($3/$6 USD) - 2016/08/20 12:48:45 ET
Table 'Hecuba' 6-max Seat #3 is the button
Seat 3: jassomaan ($146.93 in chips)
Seat 4: Chessnok ($75.50 in chips)
jassomaan: posts small blind $1
Chessnok: posts big blind $3
*** HOLE CARDS ***
jassomaan: calls $2
Chessnok: raises $3 to $6
jassomaan: calls $3
*** FLOP *** [4s Jh 9h]
Chessnok: bets $3
jassomaan: calls $3
*** TURN *** [4s Jh 9h] [Js]
Necromadx leaves the table
Chessnok: bets $6
jassomaan: calls $6
*** RIVER *** [4s Jh 9h Js] [2d]
Chessnok: bets $6
jassomaan: calls $6
*** SHOW DOWN ***
Chessnok: shows [Ts Ah] (a pair of Jacks)
jassomaan: shows [3h 4c] (two pair, Jacks and Fours)
jassomaan collected $41.50 from pot
*** SUMMARY ***
Total pot $42 | Rake $0.50
Board [4s Jh 9h Js 2d]
Seat 3: jassomaan (button) (small blind) showed [3h 4c] and won ($41.50) with two pair, Jacks and Fours
Seat 4: Chessnok (big blind) showed [Ts Ah] and lost with a pair of Jacks


PokerStars Hand #157517418628:  Hold'em Limit ($3/$6 USD) - 2016/08/20 12:49:02 ET
Table 'Hecuba' 6-max Seat #4 is the button
Seat 3: jassomaan ($167.43 in chips)
Seat 4: Chessnok ($60 in chips)
Chessnok: posts small blind $1
jassomaan: posts big blind $3
*** HOLE CARDS ***
Chessnok: raises $3 to $6
jassomaan: raises $3 to $9
Chessnok: calls $3
*** FLOP *** [3d 4s Td]
jassomaan: bets $3
Chessnok: calls $3
*** TURN *** [3d 4s Td] [5h]
jassomaan: bets $6
Chessnok: calls $6
*** RIVER *** [3d 4s Td 5h] [Js]
jassomaan: bets $6
Chessnok: folds
Uncalled bet ($6) returned to jassomaan
jassomaan collected $35.50 from pot
jassomaan: doesn't show hand
*** SUMMARY ***
Total pot $36 | Rake $0.50
Board [3d 4s Td 5h Js]
Seat 3: jassomaan (big blind) collected ($35.50)
Seat 4: Chessnok (button) (small blind) folded on the River


PokerStars Hand #157517438809:  Hold'em Limit ($3/$6 USD) - 2016/08/20 12:49:31 ET
Table 'Hecuba' 6-max Seat #3 is the button
Seat 3: jassomaan ($184.93 in chips)
Seat 4: Chessnok ($60 in chips)
jassomaan: posts small blind $1
Chessnok: posts big blind $3
*** HOLE CARDS ***
jassomaan: calls $2
Chessnok: raises $3 to $6
jassomaan: calls $3
*** FLOP *** [9h Jh Ks]
ladnavoda joins the table at seat #2
Chessnok: bets $3
jassomaan: folds
Uncalled bet ($3) returned to Chessnok
Chessnok collected $11.76 from pot
Chessnok: doesn't show hand
*** SUMMARY ***
Total pot $12 | Rake $0.24
Board [9h Jh Ks]
Seat 3: jassomaan (button) (small blind) folded on the Flop
Seat 4: Chessnok (big blind) collected ($11.76)


PokerStars Hand #157517807936:  Hold'em Limit ($3/$6 USD) - 2016/08/20 12:59:40 ET
Table 'Hecuba' 6-max Seat #3 is the button
Seat 3: jassomaan ($173.72 in chips)
Seat 6: ABATAPP ($77 in chips)
jassomaan: posts small blind $1
dsw84: is sitting out
ABATAPP: posts big blind $3
*** HOLE CARDS ***
jassomaan: calls $2
ABATAPP: checks
*** FLOP *** [Qh 4s Ac]
ABATAPP: bets $3
jassomaan: folds
Uncalled bet ($3) returned to ABATAPP
ABATAPP collected $5.88 from pot
ABATAPP: doesn't show hand
*** SUMMARY ***
Total pot $6 | Rake $0.12
Board [Qh 4s Ac]
Seat 3: jassomaan (button) (small blind) folded on the Flop
Seat 6: ABATAPP (big blind) collected ($5.88)


PokerStars Hand #157517816353:  Hold'em Limit ($3/$6 USD) - 2016/08/20 12:59:57 ET
Table 'Hecuba' 6-max Seat #6 is the button
Seat 3: jassomaan ($170.72 in chips)
Seat 6: ABATAPP ($79.88 in chips)
ABATAPP: posts small blind $1
jassomaan: posts big blind $3
*** HOLE CARDS ***
ABATAPP: raises $3 to $6
jassomaan: raises $3 to $9
ABATAPP: calls $3
*** FLOP *** [Kh 7d 8s]
jassomaan: bets $3
ABATAPP: calls $3
*** TURN *** [Kh 7d 8s] [3d]
jassomaan: bets $6
ABATAPP: raises $6 to $12
jassomaan: calls $6
*** RIVER *** [Kh 7d 8s 3d] [4c]
jassomaan: checks
ABATAPP: bets $6
jassomaan: calls $6
*** SHOW DOWN ***
ABATAPP: shows [3s 7s] (two pair, Sevens and Threes)
jassomaan: mucks hand
ABATAPP collected $59.50 from pot
*** SUMMARY ***
Total pot $60 | Rake $0.50
Board [Kh 7d 8s 3d 4c]
Seat 3: jassomaan (big blind) mucked
Seat 6: ABATAPP (button) (small blind) showed [3s 7s] and won ($59.50) with two pair, Sevens and Threes


PokerStars Hand #157517911575:  Hold'em Limit ($3/$6 USD) - 2016/08/20 13:02:44 ET
Table 'Hecuba' 6-max Seat #3 is the button
Seat 3: jassomaan ($160.78 in chips)
Seat 6: ABATAPP ($127.58 in chips)
jassomaan: posts small blind $1
dsw84: is sitting out
ABATAPP: posts big blind $3
*** HOLE CARDS ***
jassomaan: raises $3 to $6
dsw84 leaves the table
ABATAPP: calls $3
*** FLOP *** [4c 7d Ac]
ABATAPP: checks
jassomaan: bets $3
ABATAPP: folds
Uncalled bet ($3) returned to jassomaan
jassomaan collected $11.76 from pot
jassomaan: doesn't show hand
*** SUMMARY ***
Total pot $12 | Rake $0.24
Board [4c 7d Ac]
Seat 3: jassomaan (button) (small blind) collected ($11.76)
Seat 6: ABATAPP (big blind) folded on the Flop


PokerStars Hand #157517973342:  Hold'em Limit ($3/$6 USD) - 2016/08/20 13:04:18 ET
Table 'Hecuba' 6-max Seat #3 is the button
Seat 3: jassomaan ($213.30 in chips)
Seat 6: ABATAPP ($73.58 in chips)
jassomaan: posts small blind $1
ABATAPP: posts big blind $3
*** HOLE CARDS ***
jassomaan: raises $3 to $6
ABATAPP: calls $3
*** FLOP *** [5d Ks 7c]
ABATAPP: checks
jassomaan: bets $3
ABATAPP: folds
Uncalled bet ($3) returned to jassomaan
jassomaan collected $11.76 from pot
jassomaan: doesn't show hand
*** SUMMARY ***
Total pot $12 | Rake $0.24
Board [5d Ks 7c]
Seat 3: jassomaan (button) (small blind) collected ($11.76)
Seat 6: ABATAPP (big blind) folded on the Flop


PokerStars Hand #157517957466:  Hold'em Limit ($3/$6 USD) - 2016/08/20 13:03:54 ET
Table 'Hecuba' 6-max Seat #6 is the button
Seat 3: jassomaan ($189.80 in chips)
Seat 6: ABATAPP ($97.58 in chips)
ABATAPP: posts small blind $1
jassomaan: posts big blind $3
*** HOLE CARDS ***
ABATAPP: raises $3 to $6
jassomaan: raises $3 to $9
ABATAPP: calls $3
*** FLOP *** [Kd 7h 8c]
jassomaan: bets $3
ABATAPP: calls $3
*** TURN *** [Kd 7h 8c] [9c]
jassomaan: bets $6
ABATAPP: calls $6
*** RIVER *** [Kd 7h 8c 9c] [6d]
jassomaan: bets $6
ABATAPP: calls $6
*** SHOW DOWN ***
jassomaan: shows [Td Ks] (a straight, Six to Ten)
ABATAPP: mucks hand
jassomaan collected $47.50 from pot
*** SUMMARY ***
Total pot $48 | Rake $0.50
Board [Kd 7h 8c 9c 6d]
Seat 3: jassomaan (big blind) showed [Td Ks] and won ($47.50) with a straight, Six to Ten
Seat 6: ABATAPP (button) (small blind) mucked


PokerStars Hand #157517946682:  Hold'em Limit ($3/$6 USD) - 2016/08/20 13:03:37 ET
Table 'Hecuba' 6-max Seat #3 is the button
Seat 3: jassomaan ($184.04 in chips)
Seat 6: ABATAPP ($103.58 in chips)
jassomaan: posts small blind $1
ABATAPP: posts big blind $3
*** HOLE CARDS ***
jassomaan: raises $3 to $6
zloy1888 leaves the table
ABATAPP: calls $3
*** FLOP *** [2d 3h Tc]
ABATAPP: checks
jassomaan: bets $3
ABATAPP: folds
Uncalled bet ($3) returned to jassomaan
jassomaan collected $11.76 from pot
jassomaan: doesn't show hand
*** SUMMARY ***
Total pot $12 | Rake $0.24
Board [2d 3h Tc]
Seat 3: jassomaan (button) (small blind) collected ($11.76)
Seat 6: ABATAPP (big blind) folded on the Flop


PokerStars Hand #157517921611:  Hold'em Limit ($3/$6 USD) - 2016/08/20 13:02:59 ET
Table 'Hecuba' 6-max Seat #6 is the button
Seat 3: jassomaan ($166.54 in chips)
Seat 6: ABATAPP ($121.58 in chips)
ABATAPP: posts small blind $1
jassomaan: posts big blind $3
*** HOLE CARDS ***
ABATAPP: raises $3 to $6
jassomaan: calls $3
*** FLOP *** [3s 2c 2s]
zloy1888 joins the table at seat #2
jassomaan: bets $3
ABATAPP: raises $3 to $6
jassomaan: calls $3
*** TURN *** [3s 2c 2s] [3d]
jassomaan: checks
ABATAPP: bets $6
jassomaan: raises $6 to $12
ABATAPP: folds
Uncalled bet ($6) returned to jassomaan
jassomaan collected $35.50 from pot
jassomaan: doesn't show hand
*** SUMMARY ***
Total pot $36 | Rake $0.50
Board [3s 2c 2s 3d]
Seat 3: jassomaan (big blind) collected ($35.50)
Seat 6: ABATAPP (button) (small blind) folded on the Turn


PokerStars Hand #157517997072:  Hold'em Limit ($3/$6 USD) - 2016/08/20 13:04:52 ET
Table 'Hecuba' 6-max Seat #3 is the button
Seat 3: jassomaan ($192.06 in chips)
Seat 6: ABATAPP ($94.08 in chips)
jassomaan: posts small blind $1
ABATAPP: posts big blind $3
*** HOLE CARDS ***
jassomaan: raises $3 to $6
ABATAPP: calls $3
*** FLOP *** [As 9d 4s]
ABATAPP: checks
jassomaan: checks
*** TURN *** [As 9d 4s] [Jc]
ABATAPP: checks
jassomaan: bets $6
ABATAPP: calls $6
*** RIVER *** [As 9d 4s Jc] [8s]
ABATAPP: bets $6
jassomaan: calls $6
*** SHOW DOWN ***
ABATAPP: shows [Js 8h] (two pair, Jacks and Eights)
jassomaan: mucks hand
ABATAPP collected $35.50 from pot
*** SUMMARY ***
Total pot $36 | Rake $0.50
Board [As 9d 4s Jc 8s]
Seat 3: jassomaan (button) (small blind) mucked
Seat 6: ABATAPP (big blind) showed [Js 8h] and won ($35.50) with two pair, Jacks and Eights


PokerStars Hand #157517978921:  Hold'em Limit ($3/$6 USD) - 2016/08/20 13:04:27 ET
Table 'Hecuba' 6-max Seat #6 is the button
Seat 3: jassomaan ($219.06 in chips)
Seat 6: ABATAPP ($67.58 in chips)
ABATAPP: posts small blind $1
jassomaan: posts big blind $3
*** HOLE CARDS ***
ABATAPP: raises $3 to $6
jassomaan: calls $3
*** FLOP *** [4s 7h Kh]
jassomaan: bets $3
ABATAPP: calls $3
*** TURN *** [4s 7h Kh] [7c]
jassomaan: bets $6
ABATAPP: calls $6
*** RIVER *** [4s 7h Kh 7c] [4c]
jassomaan: bets $6
ABATAPP: raises $6 to $12
jassomaan: calls $6
*** SHOW DOWN ***
ABATAPP: shows [6h 7d] (a full house, Sevens full of Fours)
jassomaan: mucks hand
ABATAPP collected $53.50 from pot
*** SUMMARY ***
Total pot $54 | Rake $0.50
Board [4s 7h Kh 7c 4c]
Seat 3: jassomaan (big blind) mucked
Seat 6: ABATAPP (button) (small blind) showed [6h 7d] and won ($53.50) with a full house, Sevens full of Fours


PokerStars Hand #157518020005:  Hold'em Limit ($3/$6 USD) - 2016/08/20 13:05:25 ET
Table 'Hecuba' 6-max Seat #6 is the button
Seat 3: jassomaan ($174.06 in chips)
Seat 6: ABATAPP ($111.58 in chips)
ABATAPP: posts small blind $1
jassomaan: posts big blind $3
*** HOLE CARDS ***
ABATAPP: raises $3 to $6
jassomaan: raises $3 to $9
ABATAPP: calls $3
*** FLOP *** [Ah 9d Ad]
jassomaan: bets $3
ABATAPP: calls $3
*** TURN *** [Ah 9d Ad] [3d]
jassomaan: bets $6
VolkovDmitri joins the table at seat #4
ABATAPP: calls $6
*** RIVER *** [Ah 9d Ad 3d] [7c]
jassomaan: bets $6
ABATAPP: folds
Uncalled bet ($6) returned to jassomaan
jassomaan collected $35.50 from pot
jassomaan: doesn't show hand
*** SUMMARY ***
Total pot $36 | Rake $0.50
Board [Ah 9d Ad 3d 7c]
Seat 3: jassomaan (big blind) collected ($35.50)
Seat 6: ABATAPP (button) (small blind) folded on the River


PokerStars Hand #157520396864:  Hold'em Limit ($3/$6 USD) - 2016/08/20 14:05:40 ET
Table 'Hecuba' 6-max Seat #3 is the button
Seat 2: Chessnok ($125.52 in chips)
Seat 3: Qoon ($153.32 in chips)
Qoon: posts small blind $1
Necromadx: is sitting out
Chessnok: posts big blind $3
*** HOLE CARDS ***
Necromadx leaves the table
Qoon: raises $3 to $6
Chessnok: folds
Uncalled bet ($3) returned to Qoon
Qoon collected $6 from pot
*** SUMMARY ***
Total pot $6 | Rake $0
Seat 2: Chessnok (big blind) folded before Flop
Seat 3: Qoon (button) (small blind) collected ($6)


PokerStars Hand #157528332932:  Hold'em Limit ($3/$6 USD) - 2016/08/20 17:18:49 ET
Table 'Hecuba' 6-max Seat #2 is the button
Seat 2: Chessnok ($235.65 in chips)
Seat 4: jassomaan ($79.05 in chips)
Chessnok: posts small blind $1
jassomaan: posts big blind $3
*** HOLE CARDS ***
Chessnok: folds
Uncalled bet ($2) returned to jassomaan
jassomaan collected $2 from pot
jassomaan: doesn't show hand
*** SUMMARY ***
Total pot $2 | Rake $0
Seat 2: Chessnok (button) (small blind) folded before Flop
Seat 4: jassomaan (big blind) collected ($2)


PokerStars Hand #157528325892:  Hold'em Limit ($3/$6 USD) - 2016/08/20 17:18:38 ET
Table 'Hecuba' 6-max Seat #4 is the button
Seat 2: Chessnok ($241.65 in chips)
Seat 4: jassomaan ($73.29 in chips)
jassomaan: posts small blind $1
Chessnok: posts big blind $3
*** HOLE CARDS ***
jassomaan: raises $3 to $6
Chessnok: calls $3
*** FLOP *** [4d 3h Qc]
Chessnok: checks
jassomaan: bets $3
Chessnok: folds
Uncalled bet ($3) returned to jassomaan
jassomaan collected $11.76 from pot
jassomaan: doesn't show hand
*** SUMMARY ***
Total pot $12 | Rake $0.24
Board [4d 3h Qc]
Seat 2: Chessnok (big blind) folded on the Flop
Seat 4: jassomaan (button) (small blind) collected ($11.76)


PokerStars Hand #157528336121:  Hold'em Limit ($3/$6 USD) - 2016/08/20 17:18:54 ET
Table 'Hecuba' 6-max Seat #4 is the button
Seat 2: Chessnok ($234.65 in chips)
Seat 4: jassomaan ($80.05 in chips)
jassomaan: posts small blind $1
Chessnok: posts big blind $3
*** HOLE CARDS ***
jassomaan: calls $2
Chessnok: raises $3 to $6
jassomaan: calls $3
*** FLOP *** [8d Qs Th]
Chessnok: bets $3
jassomaan: calls $3
*** TURN *** [8d Qs Th] [6h]
Chessnok: bets $6
jassomaan: calls $6
*** RIVER *** [8d Qs Th 6h] [Kc]
Chessnok: bets $6
jassomaan: calls $6
*** SHOW DOWN ***
Chessnok: shows [9c Jd] (a straight, Nine to King)
jassomaan: mucks hand
Chessnok collected $41.50 from pot
*** SUMMARY ***
Total pot $42 | Rake $0.50
Board [8d Qs Th 6h Kc]
Seat 2: Chessnok (big blind) showed [9c Jd] and won ($41.50) with a straight, Nine to King
Seat 4: jassomaan (button) (small blind) mucked


PokerStars Hand #157528301358:  Hold'em Limit ($3/$6 USD) - 2016/08/20 17:18:01 ET
Table 'Hecuba' 6-max Seat #2 is the button
Seat 2: Chessnok ($215.15 in chips)
Seat 4: jassomaan ($100.29 in chips)
Chessnok: posts small blind $1
jassomaan: posts big blind $3
*** HOLE CARDS ***
Chessnok: raises $3 to $6
jassomaan: calls $3
*** FLOP *** [5c 7s Ts]
jassomaan: checks
Chessnok: bets $3
jassomaan: calls $3
*** TURN *** [5c 7s Ts] [8c]
jassomaan: checks
Chessnok: bets $6
jassomaan: raises $6 to $12
Chessnok: raises $6 to $18
jassomaan: calls $6
*** RIVER *** [5c 7s Ts 8c] [Jd]
jassomaan: checks
Chessnok: bets $6
jassomaan: folds
Uncalled bet ($6) returned to Chessnok
Chessnok collected $53.50 from pot
Chessnok: doesn't show hand
*** SUMMARY ***
Total pot $54 | Rake $0.50
Board [5c 7s Ts 8c Jd]
Seat 2: Chessnok (button) (small blind) collected ($53.50)
Seat 4: jassomaan (big blind) folded on the River


PokerStars Hand #157528367083:  Hold'em Limit ($3/$6 USD) - 2016/08/20 17:19:40 ET
Table 'Hecuba' 6-max Seat #4 is the button
Seat 2: Chessnok ($258.15 in chips)
Seat 4: jassomaan ($56.05 in chips)
jassomaan: posts small blind $1
Chessnok: posts big blind $3
*** HOLE CARDS ***
jassomaan: calls $2
Chessnok: checks
*** FLOP *** [Ac 2d 6c]
Chessnok: checks
jassomaan: bets $3
Chessnok: folds
Uncalled bet ($3) returned to jassomaan
jassomaan collected $5.88 from pot
jassomaan: doesn't show hand
*** SUMMARY ***
Total pot $6 | Rake $0.12
Board [Ac 2d 6c]
Seat 2: Chessnok (big blind) folded on the Flop
Seat 4: jassomaan (button) (small blind) collected ($5.88)


PokerStars Hand #157528352288:  Hold'em Limit ($3/$6 USD) - 2016/08/20 17:19:18 ET
Table 'Hecuba' 6-max Seat #2 is the button
Seat 2: Chessnok ($255.15 in chips)
Seat 4: jassomaan ($59.05 in chips)
Chessnok: posts small blind $1
jassomaan: posts big blind $3
*** HOLE CARDS ***
Chessnok: raises $3 to $6
jassomaan: folds
Uncalled bet ($3) returned to Chessnok
Chessnok collected $6 from pot
Chessnok: doesn't show hand
*** SUMMARY ***
Total pot $6 | Rake $0
Seat 2: Chessnok (button) (small blind) collected ($6)
Seat 4: jassomaan (big blind) folded before Flop


PokerStars Hand #157528374686:  Hold'em Limit ($3/$6 USD) - 2016/08/20 17:19:51 ET
Table 'Hecuba' 6-max Seat #2 is the button
Seat 2: Chessnok ($255.15 in chips)
Seat 4: jassomaan ($58.93 in chips)
Chessnok: posts small blind $1
jassomaan: posts big blind $3
*** HOLE CARDS ***
Chessnok: raises $3 to $6
jassomaan: raises $3 to $9
Chessnok: calls $3
*** FLOP *** [Kc 9c Js]
jassomaan: bets $3
BigBone2 joins the table at seat #6
Chessnok: calls $3
*** TURN *** [Kc 9c Js] [5h]
jassomaan: bets $6
Chessnok: calls $6
*** RIVER *** [Kc 9c Js 5h] [Ac]
jassomaan: bets $6
Chessnok: raises $6 to $12
jassomaan: calls $6
*** SHOW DOWN ***
Chessnok: shows [7c Jc] (a flush, Ace high)
jassomaan: mucks hand
Chessnok collected $59.50 from pot
*** SUMMARY ***
Total pot $60 | Rake $0.50
Board [Kc 9c Js 5h Ac]
Seat 2: Chessnok (button) (small blind) showed [7c Jc] and won ($59.50) with a flush, Ace high
Seat 4: jassomaan (big blind) mucked


