PokerStars Hand #159240437107:  Hold'em Limit ($3/$6 USD) - 2016/09/29 8:59:26 ET
Table 'Hedda II' 6-max Seat #4 is the button
Seat 3: IwilldropU ($56 in chips)
Seat 4: TbIP-TbIP 88 ($77.76 in chips)
TbIP-TbIP 88: posts small blind $1
IwilldropU: posts big blind $3
*** HOLE CARDS ***
TbIP-TbIP 88: raises $3 to $6
IwilldropU: raises $3 to $9
TbIP-TbIP 88: calls $3
*** FLOP *** [Jd 3s 3d]
Pete81 joins the table at seat #1
IwilldropU: bets $3
TbIP-TbIP 88: folds
Uncalled bet ($3) returned to IwilldropU
IwilldropU collected $17.64 from pot
IwilldropU: doesn't show hand
*** SUMMARY ***
Total pot $18 | Rake $0.36
Board [Jd 3s 3d]
Seat 3: IwilldropU (big blind) collected ($17.64)
Seat 4: TbIP-TbIP 88 (button) (small blind) folded on the Flop


PokerStars Hand #159240424161:  Hold'em Limit ($3/$6 USD) - 2016/09/29 8:58:58 ET
Table 'Hedda II' 6-max Seat #3 is the button
Seat 3: IwilldropU ($62 in chips)
Seat 4: TbIP-TbIP 88 ($72 in chips)
IwilldropU: posts small blind $1
TbIP-TbIP 88: posts big blind $3
*** HOLE CARDS ***
IwilldropU: calls $2
TbIP-TbIP 88: checks
*** FLOP *** [3c 5h 4s]
TbIP-TbIP 88: bets $3
IwilldropU: calls $3
*** TURN *** [3c 5h 4s] [7d]
TbIP-TbIP 88: checks
IwilldropU: checks
*** RIVER *** [3c 5h 4s 7d] [9c]
TbIP-TbIP 88: bets $6
IwilldropU: folds
Uncalled bet ($6) returned to TbIP-TbIP 88
TbIP-TbIP 88 collected $11.76 from pot
TbIP-TbIP 88: doesn't show hand
*** SUMMARY ***
Total pot $12 | Rake $0.24
Board [3c 5h 4s 7d 9c]
Seat 3: IwilldropU (button) (small blind) folded on the River
Seat 4: TbIP-TbIP 88 (big blind) collected ($11.76)


PokerStars Hand #159240455694:  Hold'em Limit ($3/$6 USD) - 2016/09/29 9:00:04 ET
Table 'Hedda II' 6-max Seat #3 is the button
Seat 3: IwilldropU ($64.64 in chips)
Seat 4: TbIP-TbIP 88 ($72 in chips)
IwilldropU: posts small blind $1
TbIP-TbIP 88: posts big blind $3
*** HOLE CARDS ***
IwilldropU: raises $3 to $6
TbIP-TbIP 88: calls $3
*** FLOP *** [4c 2h 9c]
TbIP-TbIP 88: checks
IwilldropU: bets $3
TbIP-TbIP 88: calls $3
*** TURN *** [4c 2h 9c] [6d]
TbIP-TbIP 88: checks
IwilldropU: bets $6
TbIP-TbIP 88: folds
Uncalled bet ($6) returned to IwilldropU
IwilldropU collected $17.64 from pot
IwilldropU: doesn't show hand
*** SUMMARY ***
Total pot $18 | Rake $0.36
Board [4c 2h 9c 6d]
Seat 3: IwilldropU (button) (small blind) collected ($17.64)
Seat 4: TbIP-TbIP 88 (big blind) folded on the Turn


