PokerStars Hand #155977208459:  Hold'em Limit ($3/$6 USD) - 2016/07/14 18:06:53 ET
Table 'Hedda' 6-max Seat #4 is the button
Seat 4: AzureCaper ($77.76 in chips)
Seat 5: LotsaBalls12 ($46.29 in chips)
AzureCaper: posts small blind $1
LotsaBalls12: posts big blind $3
*** HOLE CARDS ***
AzureCaper: raises $3 to $6
aade1ante joins the table at seat #2
LotsaBalls12: calls $3
*** FLOP *** [8c 4s 3h]
LotsaBalls12: checks
AzureCaper: bets $3
LotsaBalls12: calls $3
*** TURN *** [8c 4s 3h] [Kh]
LotsaBalls12: checks
AzureCaper: bets $6
LotsaBalls12: calls $6
*** RIVER *** [8c 4s 3h Kh] [7s]
LotsaBalls12: checks
AzureCaper: bets $6
LotsaBalls12: calls $6
*** SHOW DOWN ***
AzureCaper: shows [9d Ks] (a pair of Kings)
LotsaBalls12: shows [Qc Kc] (a pair of Kings - Queen kicker)
Jigorek1989 joins the table at seat #3
LotsaBalls12 collected $41.50 from pot
*** SUMMARY ***
Total pot $42 | Rake $0.50
Board [8c 4s 3h Kh 7s]
Seat 4: AzureCaper (button) (small blind) showed [9d Ks] and lost with a pair of Kings
Seat 5: LotsaBalls12 (big blind) showed [Qc Kc] and won ($41.50) with a pair of Kings


PokerStars Hand #155977723951:  Hold'em Limit ($3/$6 USD) - 2016/07/14 18:19:28 ET
Table 'Hedda' 6-max Seat #4 is the button
Seat 3: Jigorek1989 ($379.71 in chips)
Seat 4: AzureCaper ($73 in chips)
AzureCaper: posts small blind $1
Velbor107: is sitting out
ValeryRon: is sitting out
Zubasa07: is sitting out
Jigorek1989: posts big blind $3
*** HOLE CARDS ***
AzureCaper: raises $3 to $6
Velbor107 leaves the table
Zubasa07 leaves the table
Jigorek1989: folds
Uncalled bet ($3) returned to AzureCaper
AzureCaper collected $6 from pot
ValeryRon leaves the table
AzureCaper: doesn't show hand
*** SUMMARY ***
Total pot $6 | Rake $0
Seat 3: Jigorek1989 (big blind) folded before Flop
Seat 4: AzureCaper (button) (small blind) collected ($6)


