PokerStars Hand #145462624497:  Hold'em Limit ($3/$6 USD) - 2015/12/16 20:42:33 ET
Table 'Hedda' 6-max Seat #1 is the button
Seat 1: LWNS ($80 in chips)
Seat 5: Pandakey ($120 in chips)
LWNS: posts small blind $1
Pandakey: posts big blind $3
*** HOLE CARDS ***
LWNS: raises $3 to $6
Pandakey: raises $3 to $9
LWNS: calls $3
*** FLOP *** [7s Qh 5d]
Pandakey: bets $3
LWNS: raises $3 to $6
Pandakey: calls $3
*** TURN *** [7s Qh 5d] [4d]
Pandakey: checks
LWNS: bets $6
Pandakey: folds
Uncalled bet ($6) returned to LWNS
LWNS collected $29.50 from pot
LWNS: doesn't show hand
*** SUMMARY ***
Total pot $30 | Rake $0.50
Board [7s Qh 5d 4d]
Seat 1: LWNS (button) (small blind) collected ($29.50)
Seat 5: Pandakey (big blind) folded on the Turn


PokerStars Hand #145462660354:  Hold'em Limit ($3/$6 USD) - 2015/12/16 20:43:50 ET
Table 'Hedda' 6-max Seat #1 is the button
Seat 1: LWNS ($61.50 in chips)
Seat 5: Pandakey ($137.50 in chips)
LWNS: posts small blind $1
Pandakey: posts big blind $3
*** HOLE CARDS ***
LWNS: raises $3 to $6
Pandakey: calls $3
*** FLOP *** [Tc Qc Kh]
Pandakey: checks
LWNS: bets $3
Pandakey: calls $3
*** TURN *** [Tc Qc Kh] [6d]
Pandakey: checks
LWNS: bets $6
Pandakey: calls $6
*** RIVER *** [Tc Qc Kh 6d] [Qh]
Pandakey: bets $6
LWNS: calls $6
*** SHOW DOWN ***
Pandakey: shows [5h Th] (two pair, Queens and Tens)
LWNS: shows [Ts 3c] (two pair, Queens and Tens)
Pandakey collected $20.75 from pot
LWNS collected $20.75 from pot
*** SUMMARY ***
Total pot $42 | Rake $0.50
Board [Tc Qc Kh 6d Qh]
Seat 1: LWNS (button) (small blind) showed [Ts 3c] and won ($20.75) with two pair, Queens and Tens
Seat 5: Pandakey (big blind) showed [5h Th] and won ($20.75) with two pair, Queens and Tens


PokerStars Hand #145462645101:  Hold'em Limit ($3/$6 USD) - 2015/12/16 20:43:17 ET
Table 'Hedda' 6-max Seat #5 is the button
Seat 1: LWNS ($94.50 in chips)
Seat 5: Pandakey ($105 in chips)
Pandakey: posts small blind $1
LWNS: posts big blind $3
*** HOLE CARDS ***
Pandakey: raises $3 to $6
LWNS: calls $3
*** FLOP *** [Tc 5s 7c]
LWNS: checks
Pandakey: bets $3
LWNS: calls $3
*** TURN *** [Tc 5s 7c] [6h]
LWNS: checks
Pandakey: bets $6
LWNS: raises $6 to $12
Pandakey: calls $6
*** RIVER *** [Tc 5s 7c 6h] [9s]
LWNS: bets $6
Pandakey: raises $6 to $12
LWNS: calls $6
*** SHOW DOWN ***
Pandakey: shows [8c 2c] (a straight, Six to Ten)
LWNS: mucks hand
Pandakey collected $65.50 from pot
*** SUMMARY ***
Total pot $66 | Rake $0.50
Board [Tc 5s 7c 6h 9s]
Seat 1: LWNS (big blind) mucked
Seat 5: Pandakey (button) (small blind) showed [8c 2c] and won ($65.50) with a straight, Six to Ten


PokerStars Hand #145462706960:  Hold'em Limit ($3/$6 USD) - 2015/12/16 20:45:29 ET
Table 'Hedda' 6-max Seat #5 is the button
Seat 1: LWNS ($97.51 in chips)
Seat 5: Pandakey ($100.25 in chips)
Pandakey: posts small blind $1
LWNS: posts big blind $3
*** HOLE CARDS ***
Pandakey: folds
Uncalled bet ($2) returned to LWNS
LWNS collected $2 from pot
LWNS: doesn't show hand
*** SUMMARY ***
Total pot $2 | Rake $0
Seat 1: LWNS (big blind) collected ($2)
Seat 5: Pandakey (button) (small blind) folded before Flop


PokerStars Hand #145462704245:  Hold'em Limit ($3/$6 USD) - 2015/12/16 20:45:23 ET
Table 'Hedda' 6-max Seat #1 is the button
Seat 1: LWNS ($94.51 in chips)
Seat 5: Pandakey ($103.25 in chips)
LWNS: posts small blind $1
Pandakey: posts big blind $3
*** HOLE CARDS ***
LWNS: raises $3 to $6
Pandakey: folds
Uncalled bet ($3) returned to LWNS
LWNS collected $6 from pot
LWNS: doesn't show hand
*** SUMMARY ***
Total pot $6 | Rake $0
Seat 1: LWNS (button) (small blind) collected ($6)
Seat 5: Pandakey (big blind) folded before Flop


PokerStars Hand #145462693252:  Hold'em Limit ($3/$6 USD) - 2015/12/16 20:45:00 ET
Table 'Hedda' 6-max Seat #5 is the button
Seat 1: LWNS ($68.01 in chips)
Seat 5: Pandakey ($130.25 in chips)
Pandakey: posts small blind $1
LWNS: posts big blind $3
*** HOLE CARDS ***
Pandakey: raises $3 to $6
LWNS: calls $3
*** FLOP *** [7s Kh Jd]
LWNS: checks
Pandakey: bets $3
LWNS: calls $3
*** TURN *** [7s Kh Jd] [9h]
LWNS: checks
Pandakey: bets $6
LWNS: raises $6 to $12
Pandakey: calls $6
*** RIVER *** [7s Kh Jd 9h] [6d]
LWNS: bets $6
Pandakey: calls $6
*** SHOW DOWN ***
LWNS: shows [Kd 7d] (two pair, Kings and Sevens)
Pandakey: mucks hand
LWNS collected $53.50 from pot
*** SUMMARY ***
Total pot $54 | Rake $0.50
Board [7s Kh Jd 9h 6d]
Seat 1: LWNS (big blind) showed [Kd 7d] and won ($53.50) with two pair, Kings and Sevens
Seat 5: Pandakey (button) (small blind) mucked


PokerStars Hand #145462685822:  Hold'em Limit ($3/$6 USD) - 2015/12/16 20:44:44 ET
Table 'Hedda' 6-max Seat #1 is the button
Seat 1: LWNS ($62.25 in chips)
Seat 5: Pandakey ($136.25 in chips)
LWNS: posts small blind $1
Pandakey: posts big blind $3
*** HOLE CARDS ***
LWNS: raises $3 to $6
Pandakey: calls $3
*** FLOP *** [Qh 6c 2c]
Pandakey: checks
LWNS: bets $3
Pandakey: folds
Uncalled bet ($3) returned to LWNS
LWNS collected $11.76 from pot
LWNS: doesn't show hand
*** SUMMARY ***
Total pot $12 | Rake $0.24
Board [Qh 6c 2c]
Seat 1: LWNS (button) (small blind) collected ($11.76)
Seat 5: Pandakey (big blind) folded on the Flop


PokerStars Hand #145462681635:  Hold'em Limit ($3/$6 USD) - 2015/12/16 20:44:35 ET
Table 'Hedda' 6-max Seat #5 is the button
Seat 1: LWNS ($61.25 in chips)
Seat 5: Pandakey ($137.25 in chips)
Pandakey: posts small blind $1
LWNS: posts big blind $3
*** HOLE CARDS ***
Pandakey: folds
Uncalled bet ($2) returned to LWNS
LWNS collected $2 from pot
LWNS: doesn't show hand
*** SUMMARY ***
Total pot $2 | Rake $0
Seat 1: LWNS (big blind) collected ($2)
Seat 5: Pandakey (button) (small blind) folded before Flop


PokerStars Hand #145462724430:  Hold'em Limit ($3/$6 USD) - 2015/12/16 20:46:06 ET
Table 'Hedda' 6-max Seat #1 is the button
Seat 1: LWNS ($79.51 in chips)
Seat 5: Pandakey ($117.75 in chips)
LWNS: posts small blind $1
Pandakey: posts big blind $3
*** HOLE CARDS ***
LWNS: folds
Uncalled bet ($2) returned to Pandakey
Pandakey collected $2 from pot
Pandakey: doesn't show hand
*** SUMMARY ***
Total pot $2 | Rake $0
Seat 1: LWNS (button) (small blind) folded before Flop
Seat 5: Pandakey (big blind) collected ($2)


PokerStars Hand #145462714455:  Hold'em Limit ($3/$6 USD) - 2015/12/16 20:45:45 ET
Table 'Hedda' 6-max Seat #5 is the button
Seat 1: LWNS ($97.51 in chips)
Seat 5: Pandakey ($100.25 in chips)
Pandakey: posts small blind $1
LWNS: posts big blind $3
*** HOLE CARDS ***
Pandakey: raises $3 to $6
LWNS: calls $3
*** FLOP *** [4c 9h 5c]
LWNS: checks
Pandakey: checks
*** TURN *** [4c 9h 5c] [7s]
LWNS: bets $6
Pandakey: calls $6
*** RIVER *** [4c 9h 5c 7s] [Qs]
LWNS: bets $6
Pandakey: calls $6
*** SHOW DOWN ***
LWNS: shows [3h 2h] (high card Queen)
Pandakey: shows [4s Ts] (a pair of Fours)
Pandakey collected $35.50 from pot
*** SUMMARY ***
Total pot $36 | Rake $0.50
Board [4c 9h 5c 7s Qs]
Seat 1: LWNS (big blind) showed [3h 2h] and lost with high card Queen
Seat 5: Pandakey (button) (small blind) showed [4s Ts] and won ($35.50) with a pair of Fours


PokerStars Hand #145462712238:  Hold'em Limit ($3/$6 USD) - 2015/12/16 20:45:40 ET
Table 'Hedda' 6-max Seat #1 is the button
Seat 1: LWNS ($98.51 in chips)
Seat 5: Pandakey ($99.25 in chips)
LWNS: posts small blind $1
Pandakey: posts big blind $3
*** HOLE CARDS ***
LWNS: folds
Uncalled bet ($2) returned to Pandakey
Pandakey collected $2 from pot
Pandakey: doesn't show hand
*** SUMMARY ***
Total pot $2 | Rake $0
Seat 1: LWNS (button) (small blind) folded before Flop
Seat 5: Pandakey (big blind) collected ($2)


PokerStars Hand #145462726941:  Hold'em Limit ($3/$6 USD) - 2015/12/16 20:46:12 ET
Table 'Hedda' 6-max Seat #5 is the button
Seat 1: LWNS ($78.51 in chips)
Seat 5: Pandakey ($118.75 in chips)
Pandakey: posts small blind $1
LWNS: posts big blind $3
*** HOLE CARDS ***
Pandakey: raises $3 to $6
LWNS: raises $3 to $9
Pandakey: calls $3
*** FLOP *** [Qh 3c 7d]
LWNS: bets $3
Pandakey: calls $3
*** TURN *** [Qh 3c 7d] [8h]
LWNS: checks
Pandakey: bets $6
LWNS: folds
Uncalled bet ($6) returned to Pandakey
Pandakey collected $23.52 from pot
Pandakey: doesn't show hand
*** SUMMARY ***
Total pot $24 | Rake $0.48
Board [Qh 3c 7d 8h]
Seat 1: LWNS (big blind) folded on the Turn
Seat 5: Pandakey (button) (small blind) collected ($23.52)


PokerStars Hand #145462749699:  Hold'em Limit ($3/$6 USD) - 2015/12/16 20:47:00 ET
Table 'Hedda' 6-max Seat #1 is the button
Seat 1: LWNS ($66.51 in chips)
Seat 5: Pandakey ($130.27 in chips)
LWNS: posts small blind $1
Pandakey: posts big blind $3
*** HOLE CARDS ***
LWNS: raises $3 to $6
Pandakey: raises $3 to $9
LWNS: calls $3
*** FLOP *** [Jc Qh 9h]
Pandakey: bets $3
LWNS: calls $3
*** TURN *** [Jc Qh 9h] [2c]
Pandakey: checks
LWNS: checks
*** RIVER *** [Jc Qh 9h 2c] [Ah]
Pandakey: checks
LWNS: bets $6
Pandakey: calls $6
*** SHOW DOWN ***
LWNS: shows [As 3h] (a pair of Aces)
Pandakey: mucks hand
LWNS collected $35.50 from pot
*** SUMMARY ***
Total pot $36 | Rake $0.50
Board [Jc Qh 9h 2c Ah]
Seat 1: LWNS (button) (small blind) showed [As 3h] and won ($35.50) with a pair of Aces
Seat 5: Pandakey (big blind) mucked


PokerStars Hand #145462785268:  Hold'em Limit ($3/$6 USD) - 2015/12/16 20:48:16 ET
Table 'Hedda' 6-max Seat #1 is the button
Seat 1: LWNS ($57.01 in chips)
Seat 5: Pandakey ($138.77 in chips)
LWNS: posts small blind $1
Pandakey: posts big blind $3
*** HOLE CARDS ***
LWNS: folds
Uncalled bet ($2) returned to Pandakey
Pandakey collected $2 from pot
Pandakey: doesn't show hand
*** SUMMARY ***
Total pot $2 | Rake $0
Seat 1: LWNS (button) (small blind) folded before Flop
Seat 5: Pandakey (big blind) collected ($2)


PokerStars Hand #145462767257:  Hold'em Limit ($3/$6 USD) - 2015/12/16 20:47:38 ET
Table 'Hedda' 6-max Seat #5 is the button
Seat 1: LWNS ($84.01 in chips)
Seat 5: Pandakey ($112.27 in chips)
Pandakey: posts small blind $1
LWNS: posts big blind $3
*** HOLE CARDS ***
Pandakey: raises $3 to $6
LWNS: raises $3 to $9
Pandakey: raises $3 to $12
Betting is capped
LWNS: calls $3
*** FLOP *** [3d Qs 3h]
LWNS: checks
Pandakey: bets $3
LWNS: calls $3
*** TURN *** [3d Qs 3h] [8h]
LWNS: checks
Pandakey: bets $6
LWNS: calls $6
*** RIVER *** [3d Qs 3h 8h] [Kd]
LWNS: checks
Pandakey: bets $6
LWNS: calls $6
*** SHOW DOWN ***
Pandakey: shows [Qd Qc] (a full house, Queens full of Threes)
LWNS: mucks hand
Pandakey collected $53.50 from pot
*** SUMMARY ***
Total pot $54 | Rake $0.50
Board [3d Qs 3h 8h Kd]
Seat 1: LWNS (big blind) mucked
Seat 5: Pandakey (button) (small blind) showed [Qd Qc] and won ($53.50) with a full house, Queens full of Threes


PokerStars Hand #145462800187:  Hold'em Limit ($3/$6 USD) - 2015/12/16 20:48:48 ET
Table 'Hedda' 6-max Seat #1 is the button
Seat 1: LWNS ($41.01 in chips)
Seat 5: Pandakey ($154.27 in chips)
LWNS: posts small blind $1
Pandakey: posts big blind $3
*** HOLE CARDS ***
LWNS: raises $3 to $6
Pandakey: raises $3 to $9
LWNS: raises $3 to $12
Betting is capped
Pandakey: calls $3
*** FLOP *** [Tc Ks Jd]
Pandakey: checks
LWNS: bets $3
Pandakey: raises $3 to $6
LWNS: calls $3
*** TURN *** [Tc Ks Jd] [2c]
Pandakey: bets $6
LWNS: calls $6
*** RIVER *** [Tc Ks Jd 2c] [2h]
Pandakey: bets $6
LWNS: calls $6
*** SHOW DOWN ***
Pandakey: shows [9h Qh] (a straight, Nine to King)
LWNS: mucks hand
Pandakey collected $59.50 from pot
*** SUMMARY ***
Total pot $60 | Rake $0.50
Board [Tc Ks Jd 2c 2h]
Seat 1: LWNS (button) (small blind) mucked
Seat 5: Pandakey (big blind) showed [9h Qh] and won ($59.50) with a straight, Nine to King


PokerStars Hand #145462787977:  Hold'em Limit ($3/$6 USD) - 2015/12/16 20:48:22 ET
Table 'Hedda' 6-max Seat #5 is the button
Seat 1: LWNS ($56.01 in chips)
Seat 5: Pandakey ($139.77 in chips)
Pandakey: posts small blind $1
LWNS: posts big blind $3
*** HOLE CARDS ***
Pandakey: raises $3 to $6
LWNS: raises $3 to $9
Pandakey: raises $3 to $12
Betting is capped
LWNS: calls $3
*** FLOP *** [Ad Kh Kc]
LWNS: checks
Pandakey: bets $3
LWNS: calls $3
*** TURN *** [Ad Kh Kc] [2d]
LWNS: checks
Pandakey: bets $6
LWNS: folds
Uncalled bet ($6) returned to Pandakey
Pandakey collected $29.50 from pot
Pandakey: doesn't show hand
*** SUMMARY ***
Total pot $30 | Rake $0.50
Board [Ad Kh Kc 2d]
Seat 1: LWNS (big blind) folded on the Turn
Seat 5: Pandakey (button) (small blind) collected ($29.50)


PokerStars Hand #145462814988:  Hold'em Limit ($3/$6 USD) - 2015/12/16 20:49:20 ET
Table 'Hedda' 6-max Seat #5 is the button
Seat 1: LWNS ($11.01 in chips)
Seat 5: Pandakey ($183.77 in chips)
Pandakey: posts small blind $1
LWNS: posts big blind $3
*** HOLE CARDS ***
Pandakey: raises $3 to $6
LWNS: raises $3 to $9
Pandakey: calls $3
*** FLOP *** [5d Kh Js]
LWNS: bets $2.01 and is all-in
Pandakey: calls $2.01
*** TURN *** [5d Kh Js] [Qs]
*** RIVER *** [5d Kh Js Qs] [6s]
*** SHOW DOWN ***
LWNS: shows [Ah 2c] (high card Ace)
Pandakey: shows [Kc 2s] (a pair of Kings)
Pandakey collected $21.58 from pot
*** SUMMARY ***
Total pot $22.02 | Rake $0.44
Board [5d Kh Js Qs 6s]
Seat 1: LWNS (big blind) showed [Ah 2c] and lost with high card Ace
Seat 5: Pandakey (button) (small blind) showed [Kc 2s] and won ($21.58) with a pair of Kings


