PokerStars Hand #147497788296:  Hold'em Limit ($3/$6 USD) - 2016/01/22 15:50:04 ET
Table 'Hedera II' 6-max Seat #4 is the button
Seat 1: Fantomet ($235.01 in chips)
Seat 4: AzureCaper ($87.74 in chips)
AzureCaper: posts small blind $1
DePokeraap: is sitting out
Fantomet: posts big blind $3
*** HOLE CARDS ***
AzureCaper: raises $3 to $6
Fantomet: calls $3
*** FLOP *** [6d Ad 2c]
Fantomet: checks
AzureCaper: bets $3
Fantomet: folds
Uncalled bet ($3) returned to AzureCaper
AzureCaper collected $11.76 from pot
AzureCaper: doesn't show hand
*** SUMMARY ***
Total pot $12 | Rake $0.24
Board [6d Ad 2c]
Seat 1: Fantomet (big blind) folded on the Flop
Seat 4: AzureCaper (button) (small blind) collected ($11.76)


PokerStars Hand #147497803402:  Hold'em Limit ($3/$6 USD) - 2016/01/22 15:50:19 ET
Table 'Hedera II' 6-max Seat #1 is the button
Seat 1: Fantomet ($229.01 in chips)
Seat 4: AzureCaper ($93.50 in chips)
Fantomet: posts small blind $1
AzureCaper: posts big blind $3
*** HOLE CARDS ***
Fantomet: calls $2
AzureCaper: checks
*** FLOP *** [Th Qc 2d]
AzureCaper: bets $3
Fantomet: calls $3
*** TURN *** [Th Qc 2d] [Ks]
AzureCaper: bets $6
Fantomet: raises $6 to $12
AzureCaper: folds
Uncalled bet ($6) returned to Fantomet
Fantomet collected $23.52 from pot
*** SUMMARY ***
Total pot $24 | Rake $0.48
Board [Th Qc 2d Ks]
Seat 1: Fantomet (button) (small blind) collected ($23.52)
Seat 4: AzureCaper (big blind) folded on the Turn


PokerStars Hand #147497833564:  Hold'em Limit ($3/$6 USD) - 2016/01/22 15:50:48 ET
Table 'Hedera II' 6-max Seat #4 is the button
Seat 1: Fantomet ($240.53 in chips)
Seat 4: AzureCaper ($81.50 in chips)
AzureCaper: posts small blind $1
Fantomet: posts big blind $3
*** HOLE CARDS ***
AzureCaper: raises $3 to $6
Fantomet: calls $3
*** FLOP *** [Jh 2h Kh]
Fantomet: bets $3
AzureCaper: raises $3 to $6
DePokeraap leaves the table
Fantomet: calls $3
*** TURN *** [Jh 2h Kh] [4c]
Fantomet: bets $6
AzureCaper: raises $6 to $12
Fantomet: calls $6
*** RIVER *** [Jh 2h Kh 4c] [Qd]
Fantomet: checks
AzureCaper: bets $6
Fantomet: calls $6
*** SHOW DOWN ***
AzureCaper: shows [2d 2s] (three of a kind, Deuces)
Fantomet: mucks hand
AzureCaper collected $59.50 from pot
*** SUMMARY ***
Total pot $60 | Rake $0.50
Board [Jh 2h Kh 4c Qd]
Seat 1: Fantomet (big blind) mucked
Seat 4: AzureCaper (button) (small blind) showed [2d 2s] and won ($59.50) with three of a kind, Deuces


PokerStars Hand #147497878207:  Hold'em Limit ($3/$6 USD) - 2016/01/22 15:51:30 ET
Table 'Hedera II' 6-max Seat #4 is the button
Seat 1: Fantomet ($213.53 in chips)
Seat 4: AzureCaper ($108 in chips)
AzureCaper: posts small blind $1
Fantomet: posts big blind $3
*** HOLE CARDS ***
AzureCaper: folds
Uncalled bet ($2) returned to Fantomet
Fantomet collected $2 from pot
*** SUMMARY ***
Total pot $2 | Rake $0
Seat 1: Fantomet (big blind) collected ($2)
Seat 4: AzureCaper (button) (small blind) folded before Flop


PokerStars Hand #147497869024:  Hold'em Limit ($3/$6 USD) - 2016/01/22 15:51:21 ET
Table 'Hedera II' 6-max Seat #1 is the button
Seat 1: Fantomet ($210.53 in chips)
Seat 4: AzureCaper ($111 in chips)
Fantomet: posts small blind $1
AzureCaper: posts big blind $3
*** HOLE CARDS ***
Fantomet: raises $3 to $6
AzureCaper: folds
Uncalled bet ($3) returned to Fantomet
Fantomet collected $6 from pot
*** SUMMARY ***
Total pot $6 | Rake $0
Seat 1: Fantomet (button) (small blind) collected ($6)
Seat 4: AzureCaper (big blind) folded before Flop


PokerStars Hand #147497882823:  Hold'em Limit ($3/$6 USD) - 2016/01/22 15:51:35 ET
Table 'Hedera II' 6-max Seat #1 is the button
Seat 1: Fantomet ($214.53 in chips)
Seat 4: AzureCaper ($107 in chips)
Fantomet: posts small blind $1
AzureCaper: posts big blind $3
*** HOLE CARDS ***
Fantomet: raises $3 to $6
AzureCaper: calls $3
*** FLOP *** [5d 3h 9d]
AzureCaper: checks
Fantomet: bets $3
AzureCaper: calls $3
*** TURN *** [5d 3h 9d] [8s]
AzureCaper: checks
Fantomet: checks
*** RIVER *** [5d 3h 9d 8s] [As]
AzureCaper: checks
Fantomet: checks
*** SHOW DOWN ***
AzureCaper: shows [8h 7s] (a pair of Eights)
Fantomet: mucks hand
AzureCaper collected $17.64 from pot
*** SUMMARY ***
Total pot $18 | Rake $0.36
Board [5d 3h 9d 8s As]
Seat 1: Fantomet (button) (small blind) mucked
Seat 4: AzureCaper (big blind) showed [8h 7s] and won ($17.64) with a pair of Eights


PokerStars Hand #147497928846:  Hold'em Limit ($3/$6 USD) - 2016/01/22 15:52:18 ET
Table 'Hedera II' 6-max Seat #1 is the button
Seat 1: Fantomet ($214.17 in chips)
Seat 4: AzureCaper ($106.64 in chips)
Fantomet: posts small blind $1
AzureCaper: posts big blind $3
*** HOLE CARDS ***
Fantomet: raises $3 to $6
AzureCaper: folds
Uncalled bet ($3) returned to Fantomet
Fantomet collected $6 from pot
*** SUMMARY ***
Total pot $6 | Rake $0
Seat 1: Fantomet (button) (small blind) collected ($6)
Seat 4: AzureCaper (big blind) folded before Flop


PokerStars Hand #147497906756:  Hold'em Limit ($3/$6 USD) - 2016/01/22 15:51:57 ET
Table 'Hedera II' 6-max Seat #4 is the button
Seat 1: Fantomet ($205.53 in chips)
Seat 4: AzureCaper ($115.64 in chips)
AzureCaper: posts small blind $1
Fantomet: posts big blind $3
*** HOLE CARDS ***
AzureCaper: raises $3 to $6
Fantomet: calls $3
*** FLOP *** [8c Qc Qs]
Fantomet: checks
AzureCaper: bets $3
Fantomet: calls $3
*** TURN *** [8c Qc Qs] [5c]
Fantomet: checks
AzureCaper: checks
*** RIVER *** [8c Qc Qs 5c] [6d]
Fantomet: bets $6
AzureCaper: folds
Uncalled bet ($6) returned to Fantomet
Fantomet collected $17.64 from pot
*** SUMMARY ***
Total pot $18 | Rake $0.36
Board [8c Qc Qs 5c 6d]
Seat 1: Fantomet (big blind) collected ($17.64)
Seat 4: AzureCaper (button) (small blind) folded on the River


PokerStars Hand #147497934405:  Hold'em Limit ($3/$6 USD) - 2016/01/22 15:52:23 ET
Table 'Hedera II' 6-max Seat #4 is the button
Seat 1: Fantomet ($217.17 in chips)
Seat 4: AzureCaper ($103.64 in chips)
AzureCaper: posts small blind $1
Fantomet: posts big blind $3
*** HOLE CARDS ***
AzureCaper: raises $3 to $6
Fantomet: raises $3 to $9
AzureCaper: calls $3
*** FLOP *** [3d Qh 8d]
Fantomet: bets $3
AzureCaper: raises $3 to $6
Fantomet: calls $3
*** TURN *** [3d Qh 8d] [9s]
Fantomet: bets $6
AzureCaper: calls $6
*** RIVER *** [3d Qh 8d 9s] [Ts]
Fantomet: bets $6
AzureCaper: folds
Uncalled bet ($6) returned to Fantomet
Fantomet collected $41.50 from pot
*** SUMMARY ***
Total pot $42 | Rake $0.50
Board [3d Qh 8d 9s Ts]
Seat 1: Fantomet (big blind) collected ($41.50)
Seat 4: AzureCaper (button) (small blind) folded on the River


PokerStars Hand #147497962445:  Hold'em Limit ($3/$6 USD) - 2016/01/22 15:52:50 ET
Table 'Hedera II' 6-max Seat #1 is the button
Seat 1: Fantomet ($237.67 in chips)
Seat 4: AzureCaper ($82.64 in chips)
Fantomet: posts small blind $1
AzureCaper: posts big blind $3
*** HOLE CARDS ***
Fantomet: raises $3 to $6
AzureCaper: calls $3
*** FLOP *** [3d Ah Jh]
AzureCaper: checks
Fantomet: checks
*** TURN *** [3d Ah Jh] [Qh]
AzureCaper: checks
Fantomet: bets $6
AzureCaper: folds
Uncalled bet ($6) returned to Fantomet
Fantomet collected $11.76 from pot
*** SUMMARY ***
Total pot $12 | Rake $0.24
Board [3d Ah Jh Qh]
Seat 1: Fantomet (button) (small blind) collected ($11.76)
Seat 4: AzureCaper (big blind) folded on the Turn


PokerStars Hand #147497992994:  Hold'em Limit ($3/$6 USD) - 2016/01/22 15:53:20 ET
Table 'Hedera II' 6-max Seat #1 is the button
Seat 1: Fantomet ($244.43 in chips)
Seat 4: AzureCaper ($75.64 in chips)
Fantomet: posts small blind $1
AzureCaper: posts big blind $3
*** HOLE CARDS ***
Fantomet: folds
Uncalled bet ($2) returned to AzureCaper
AzureCaper collected $2 from pot
AzureCaper: doesn't show hand
*** SUMMARY ***
Total pot $2 | Rake $0
Seat 1: Fantomet (button) (small blind) folded before Flop
Seat 4: AzureCaper (big blind) collected ($2)


PokerStars Hand #147497987487:  Hold'em Limit ($3/$6 USD) - 2016/01/22 15:53:14 ET
Table 'Hedera II' 6-max Seat #4 is the button
Seat 1: Fantomet ($243.43 in chips)
Seat 4: AzureCaper ($76.64 in chips)
AzureCaper: posts small blind $1
Fantomet: posts big blind $3
*** HOLE CARDS ***
AzureCaper: folds
Uncalled bet ($2) returned to Fantomet
Fantomet collected $2 from pot
*** SUMMARY ***
Total pot $2 | Rake $0
Seat 1: Fantomet (big blind) collected ($2)
Seat 4: AzureCaper (button) (small blind) folded before Flop


PokerStars Hand #147498011371:  Hold'em Limit ($3/$6 USD) - 2016/01/22 15:53:38 ET
Table 'Hedera II' 6-max Seat #1 is the button
Seat 1: Fantomet ($240.43 in chips)
Seat 4: AzureCaper ($79.64 in chips)
Fantomet: posts small blind $1
AzureCaper: posts big blind $3
*** HOLE CARDS ***
Fantomet: folds
Uncalled bet ($2) returned to AzureCaper
AzureCaper collected $2 from pot
AzureCaper: doesn't show hand
*** SUMMARY ***
Total pot $2 | Rake $0
Seat 1: Fantomet (button) (small blind) folded before Flop
Seat 4: AzureCaper (big blind) collected ($2)


PokerStars Hand #147497998973:  Hold'em Limit ($3/$6 USD) - 2016/01/22 15:53:25 ET
Table 'Hedera II' 6-max Seat #4 is the button
Seat 1: Fantomet ($243.43 in chips)
Seat 4: AzureCaper ($76.64 in chips)
AzureCaper: posts small blind $1
Fantomet: posts big blind $3
*** HOLE CARDS ***
AzureCaper: raises $3 to $6
Fantomet: folds
Uncalled bet ($3) returned to AzureCaper
AzureCaper collected $6 from pot
AzureCaper: doesn't show hand
*** SUMMARY ***
Total pot $6 | Rake $0
Seat 1: Fantomet (big blind) folded before Flop
Seat 4: AzureCaper (button) (small blind) collected ($6)


PokerStars Hand #147498021142:  Hold'em Limit ($3/$6 USD) - 2016/01/22 15:53:47 ET
Table 'Hedera II' 6-max Seat #4 is the button
Seat 1: Fantomet ($239.43 in chips)
Seat 4: AzureCaper ($80.64 in chips)
AzureCaper: posts small blind $1
Fantomet: posts big blind $3
*** HOLE CARDS ***
AzureCaper: raises $3 to $6
Fantomet: folds
Uncalled bet ($3) returned to AzureCaper
AzureCaper collected $6 from pot
AzureCaper: doesn't show hand
*** SUMMARY ***
Total pot $6 | Rake $0
Seat 1: Fantomet (big blind) folded before Flop
Seat 4: AzureCaper (button) (small blind) collected ($6)


PokerStars Hand #147498028996:  Hold'em Limit ($3/$6 USD) - 2016/01/22 15:53:55 ET
Table 'Hedera II' 6-max Seat #1 is the button
Seat 1: Fantomet ($236.43 in chips)
Seat 4: AzureCaper ($83.64 in chips)
Fantomet: posts small blind $1
AzureCaper: posts big blind $3
*** HOLE CARDS ***
Fantomet: folds
Uncalled bet ($2) returned to AzureCaper
AzureCaper collected $2 from pot
AzureCaper: doesn't show hand
*** SUMMARY ***
Total pot $2 | Rake $0
Seat 1: Fantomet (button) (small blind) folded before Flop
Seat 4: AzureCaper (big blind) collected ($2)


PokerStars Hand #147498036094:  Hold'em Limit ($3/$6 USD) - 2016/01/22 15:54:01 ET
Table 'Hedera II' 6-max Seat #4 is the button
Seat 1: Fantomet ($235.43 in chips)
Seat 4: AzureCaper ($84.64 in chips)
AzureCaper: posts small blind $1
Fantomet: posts big blind $3
*** HOLE CARDS ***
AzureCaper: raises $3 to $6
Fantomet: calls $3
*** FLOP *** [Kc Js 6h]
Fantomet: checks
AzureCaper: bets $3
Fantomet: calls $3
*** TURN *** [Kc Js 6h] [Qs]
Fantomet: checks
AzureCaper: bets $6
Fantomet: calls $6
*** RIVER *** [Kc Js 6h Qs] [Qh]
Fantomet: checks
AzureCaper: checks
*** SHOW DOWN ***
Fantomet: shows [6c Ad] (two pair, Queens and Sixes)
AzureCaper: mucks hand
Fantomet collected $29.50 from pot
*** SUMMARY ***
Total pot $30 | Rake $0.50
Board [Kc Js 6h Qs Qh]
Seat 1: Fantomet (big blind) showed [6c Ad] and won ($29.50) with two pair, Queens and Sixes
Seat 4: AzureCaper (button) (small blind) mucked


PokerStars Hand #147498144378:  Hold'em Limit ($3/$6 USD) - 2016/01/22 15:55:55 ET
Table 'Hedera II' 6-max Seat #4 is the button
Seat 1: Fantomet ($217.93 in chips)
Seat 4: AzureCaper ($103.04 in chips)
AzureCaper: posts small blind $1
Fantomet: posts big blind $3
*** HOLE CARDS ***
AzureCaper: raises $3 to $6
Fantomet: calls $3
*** FLOP *** [Ac Kc 7d]
Fantomet: checks
AzureCaper: bets $3
Fantomet: folds
Uncalled bet ($3) returned to AzureCaper
AzureCaper collected $11.76 from pot
AzureCaper: doesn't show hand
*** SUMMARY ***
Total pot $12 | Rake $0.24
Board [Ac Kc 7d]
Seat 1: Fantomet (big blind) folded on the Flop
Seat 4: AzureCaper (button) (small blind) collected ($11.76)


PokerStars Hand #147498140340:  Hold'em Limit ($3/$6 USD) - 2016/01/22 15:55:51 ET
Table 'Hedera II' 6-max Seat #1 is the button
Seat 1: Fantomet ($218.93 in chips)
Seat 4: AzureCaper ($102.04 in chips)
Fantomet: posts small blind $1
AzureCaper: posts big blind $3
*** HOLE CARDS ***
Fantomet: folds
Uncalled bet ($2) returned to AzureCaper
AzureCaper collected $2 from pot
AzureCaper: doesn't show hand
*** SUMMARY ***
Total pot $2 | Rake $0
Seat 1: Fantomet (button) (small blind) folded before Flop
Seat 4: AzureCaper (big blind) collected ($2)


PokerStars Hand #147498136417:  Hold'em Limit ($3/$6 USD) - 2016/01/22 15:55:46 ET
Table 'Hedera II' 6-max Seat #4 is the button
Seat 1: Fantomet ($221.93 in chips)
Seat 4: AzureCaper ($99.04 in chips)
AzureCaper: posts small blind $1
Fantomet: posts big blind $3
*** HOLE CARDS ***
AzureCaper: raises $3 to $6
Fantomet: folds
Uncalled bet ($3) returned to AzureCaper
AzureCaper collected $6 from pot
AzureCaper: doesn't show hand
*** SUMMARY ***
Total pot $6 | Rake $0
Seat 1: Fantomet (big blind) folded before Flop
Seat 4: AzureCaper (button) (small blind) collected ($6)


PokerStars Hand #147498115033:  Hold'em Limit ($3/$6 USD) - 2016/01/22 15:55:19 ET
Table 'Hedera II' 6-max Seat #1 is the button
Seat 1: Fantomet ($233.93 in chips)
Seat 4: AzureCaper ($87.52 in chips)
Fantomet: posts small blind $1
AzureCaper: posts big blind $3
*** HOLE CARDS ***
Fantomet: raises $3 to $6
AzureCaper: calls $3
*** FLOP *** [5h 7c Ac]
AzureCaper: checks
Fantomet: checks
*** TURN *** [5h 7c Ac] [2c]
AzureCaper: bets $6
Fantomet: calls $6
*** RIVER *** [5h 7c Ac 2c] [5c]
AzureCaper: checks
Fantomet: checks
*** SHOW DOWN ***
AzureCaper: shows [4c 7d] (a flush, Ace high)
Fantomet: mucks hand
AzureCaper collected $23.52 from pot
*** SUMMARY ***
Total pot $24 | Rake $0.48
Board [5h 7c Ac 2c 5c]
Seat 1: Fantomet (button) (small blind) mucked
Seat 4: AzureCaper (big blind) showed [4c 7d] and won ($23.52) with a flush, Ace high


PokerStars Hand #147498177881:  Hold'em Limit ($3/$6 USD) - 2016/01/22 15:56:36 ET
Table 'Hedera II' 6-max Seat #4 is the button
Seat 1: Fantomet ($202.93 in chips)
Seat 4: AzureCaper ($117.44 in chips)
AzureCaper: posts small blind $1
Fantomet: posts big blind $3
*** HOLE CARDS ***
AzureCaper: raises $3 to $6
Fantomet: calls $3
*** FLOP *** [9s Ac Qc]
Fantomet: checks
AzureCaper: bets $3
Fantomet: folds
Uncalled bet ($3) returned to AzureCaper
AzureCaper collected $11.76 from pot
AzureCaper: doesn't show hand
*** SUMMARY ***
Total pot $12 | Rake $0.24
Board [9s Ac Qc]
Seat 1: Fantomet (big blind) folded on the Flop
Seat 4: AzureCaper (button) (small blind) collected ($11.76)


PokerStars Hand #147498161554:  Hold'em Limit ($3/$6 USD) - 2016/01/22 15:56:16 ET
Table 'Hedera II' 6-max Seat #1 is the button
Seat 1: Fantomet ($211.93 in chips)
Seat 4: AzureCaper ($108.80 in chips)
Fantomet: posts small blind $1
AzureCaper: posts big blind $3
*** HOLE CARDS ***
Fantomet: raises $3 to $6
AzureCaper: calls $3
*** FLOP *** [4h 7c 3d]
AzureCaper: bets $3
Fantomet: calls $3
*** TURN *** [4h 7c 3d] [Qh]
AzureCaper: bets $6
Fantomet: folds
Uncalled bet ($6) returned to AzureCaper
AzureCaper collected $17.64 from pot
AzureCaper: doesn't show hand
*** SUMMARY ***
Total pot $18 | Rake $0.36
Board [4h 7c 3d Qh]
Seat 1: Fantomet (button) (small blind) folded on the Turn
Seat 4: AzureCaper (big blind) collected ($17.64)


PokerStars Hand #147498231513:  Hold'em Limit ($3/$6 USD) - 2016/01/22 15:57:40 ET
Table 'Hedera II' 6-max Seat #4 is the button
Seat 1: Fantomet ($178.93 in chips)
Seat 4: AzureCaper ($140.70 in chips)
AzureCaper: posts small blind $1
Fantomet: posts big blind $3
*** HOLE CARDS ***
AzureCaper: raises $3 to $6
Fantomet: raises $3 to $9
AzureCaper: calls $3
*** FLOP *** [Qd 2d 6d]
Fantomet: checks
AzureCaper: bets $3
Fantomet: folds
Uncalled bet ($3) returned to AzureCaper
AzureCaper collected $17.64 from pot
AzureCaper: doesn't show hand
*** SUMMARY ***
Total pot $18 | Rake $0.36
Board [Qd 2d 6d]
Seat 1: Fantomet (big blind) folded on the Flop
Seat 4: AzureCaper (button) (small blind) collected ($17.64)


PokerStars Hand #147498200875:  Hold'em Limit ($3/$6 USD) - 2016/01/22 15:57:03 ET
Table 'Hedera II' 6-max Seat #1 is the button
Seat 1: Fantomet ($196.93 in chips)
Seat 4: AzureCaper ($123.20 in chips)
Fantomet: posts small blind $1
AzureCaper: posts big blind $3
*** HOLE CARDS ***
Fantomet: raises $3 to $6
AzureCaper: calls $3
*** FLOP *** [Qs 4h 6h]
AzureCaper: checks
Fantomet: bets $3
AzureCaper: raises $3 to $6
Fantomet: calls $3
*** TURN *** [Qs 4h 6h] [Td]
AzureCaper: bets $6
snapcaller11 joins the table at seat #3
Fantomet: calls $6
*** RIVER *** [Qs 4h 6h Td] [8c]
AzureCaper: checks
Fantomet: checks
*** SHOW DOWN ***
AzureCaper: shows [6s 7d] (a pair of Sixes)
Fantomet: mucks hand
AzureCaper collected $35.50 from pot
*** SUMMARY ***
Total pot $36 | Rake $0.50
Board [Qs 4h 6h Td 8c]
Seat 1: Fantomet (button) (small blind) mucked
Seat 4: AzureCaper (big blind) showed [6s 7d] and won ($35.50) with a pair of Sixes


PokerStars Hand #147498247370:  Hold'em Limit ($3/$6 USD) - 2016/01/22 15:57:59 ET
Table 'Hedera II' 6-max Seat #1 is the button
Seat 1: Fantomet ($169.93 in chips)
Seat 4: AzureCaper ($149.34 in chips)
Fantomet: posts small blind $1
AzureCaper: posts big blind $3
*** HOLE CARDS ***
Fantomet: raises $3 to $6
AzureCaper: folds
Uncalled bet ($3) returned to Fantomet
Fantomet collected $6 from pot
*** SUMMARY ***
Total pot $6 | Rake $0
Seat 1: Fantomet (button) (small blind) collected ($6)
Seat 4: AzureCaper (big blind) folded before Flop


PokerStars Hand #147498259351:  Hold'em Limit ($3/$6 USD) - 2016/01/22 15:58:09 ET
Table 'Hedera II' 6-max Seat #4 is the button
Seat 1: Fantomet ($172.93 in chips)
Seat 4: AzureCaper ($146.34 in chips)
AzureCaper: posts small blind $1
Fantomet: posts big blind $3
*** HOLE CARDS ***
AzureCaper: folds
Uncalled bet ($2) returned to Fantomet
Fantomet collected $2 from pot
*** SUMMARY ***
Total pot $2 | Rake $0
Seat 1: Fantomet (big blind) collected ($2)
Seat 4: AzureCaper (button) (small blind) folded before Flop


PokerStars Hand #147498270862:  Hold'em Limit ($3/$6 USD) - 2016/01/22 15:58:18 ET
Table 'Hedera II' 6-max Seat #1 is the button
Seat 1: Fantomet ($173.93 in chips)
Seat 4: AzureCaper ($145.34 in chips)
Fantomet: posts small blind $1
AzureCaper: posts big blind $3
*** HOLE CARDS ***
Fantomet: folds
Uncalled bet ($2) returned to AzureCaper
AzureCaper collected $2 from pot
AzureCaper: doesn't show hand
*** SUMMARY ***
Total pot $2 | Rake $0
Seat 1: Fantomet (button) (small blind) folded before Flop
Seat 4: AzureCaper (big blind) collected ($2)


PokerStars Hand #147498307199:  Hold'em Limit ($3/$6 USD) - 2016/01/22 15:58:55 ET
Table 'Hedera II' 6-max Seat #1 is the button
Seat 1: Fantomet ($154.93 in chips)
Seat 4: AzureCaper ($163.84 in chips)
Fantomet: posts small blind $1
AzureCaper: posts big blind $3
*** HOLE CARDS ***
Fantomet: folds
Uncalled bet ($2) returned to AzureCaper
AzureCaper collected $2 from pot
AzureCaper: doesn't show hand
*** SUMMARY ***
Total pot $2 | Rake $0
Seat 1: Fantomet (button) (small blind) folded before Flop
Seat 4: AzureCaper (big blind) collected ($2)


PokerStars Hand #147498283857:  Hold'em Limit ($3/$6 USD) - 2016/01/22 15:58:30 ET
Table 'Hedera II' 6-max Seat #4 is the button
Seat 1: Fantomet ($172.93 in chips)
Seat 4: AzureCaper ($146.34 in chips)
AzureCaper: posts small blind $1
Fantomet: posts big blind $3
*** HOLE CARDS ***
AzureCaper: raises $3 to $6
Fantomet: raises $3 to $9
AzureCaper: calls $3
*** FLOP *** [Kh 7h Ah]
Fantomet: bets $3
AzureCaper: calls $3
*** TURN *** [Kh 7h Ah] [Jd]
Fantomet: checks
AzureCaper: bets $6
Fantomet: calls $6
*** RIVER *** [Kh 7h Ah Jd] [Qs]
Fantomet: checks
AzureCaper: checks
*** SHOW DOWN ***
Fantomet: shows [4h 4s] (a pair of Fours)
AzureCaper: shows [Ks 5s] (a pair of Kings)
AzureCaper collected $35.50 from pot
*** SUMMARY ***
Total pot $36 | Rake $0.50
Board [Kh 7h Ah Jd Qs]
Seat 1: Fantomet (big blind) showed [4h 4s] and lost with a pair of Fours
Seat 4: AzureCaper (button) (small blind) showed [Ks 5s] and won ($35.50) with a pair of Kings


PokerStars Hand #147498318648:  Hold'em Limit ($3/$6 USD) - 2016/01/22 15:59:08 ET
Table 'Hedera II' 6-max Seat #4 is the button
Seat 1: Fantomet ($153.93 in chips)
Seat 4: AzureCaper ($164.84 in chips)
AzureCaper: posts small blind $1
Fantomet: posts big blind $3
*** HOLE CARDS ***
AzureCaper: raises $3 to $6
Fantomet: raises $3 to $9
AzureCaper: calls $3
*** FLOP *** [7d 5h 4d]
Fantomet: bets $3
AzureCaper: calls $3
*** TURN *** [7d 5h 4d] [9d]
Fantomet: bets $6
AzureCaper: folds
Uncalled bet ($6) returned to Fantomet
Fantomet collected $23.52 from pot
*** SUMMARY ***
Total pot $24 | Rake $0.48
Board [7d 5h 4d 9d]
Seat 1: Fantomet (big blind) collected ($23.52)
Seat 4: AzureCaper (button) (small blind) folded on the Turn


PokerStars Hand #147498351907:  Hold'em Limit ($3/$6 USD) - 2016/01/22 15:59:48 ET
Table 'Hedera II' 6-max Seat #4 is the button
Seat 1: Fantomet ($174.09 in chips)
Seat 4: AzureCaper ($143.84 in chips)
AzureCaper: posts small blind $1
Fantomet: posts big blind $3
*** HOLE CARDS ***
AzureCaper: raises $3 to $6
Fantomet: raises $3 to $9
AzureCaper: calls $3
*** FLOP *** [5h 8s Qc]
Fantomet: checks
AzureCaper: bets $3
Fantomet: calls $3
*** TURN *** [5h 8s Qc] [5d]
Fantomet: checks
AzureCaper: bets $6
Fantomet: folds
Uncalled bet ($6) returned to AzureCaper
AzureCaper collected $23.52 from pot
AzureCaper: doesn't show hand
*** SUMMARY ***
Total pot $24 | Rake $0.48
Board [5h 8s Qc 5d]
Seat 1: Fantomet (big blind) folded on the Turn
Seat 4: AzureCaper (button) (small blind) collected ($23.52)


PokerStars Hand #147498394781:  Hold'em Limit ($3/$6 USD) - 2016/01/22 16:00:36 ET
Table 'Hedera II' 6-max Seat #4 is the button
Seat 1: Fantomet ($153.09 in chips)
Seat 4: AzureCaper ($164 in chips)
AzureCaper: posts small blind $1
Fantomet: posts big blind $3
*** HOLE CARDS ***
AzureCaper: folds
Uncalled bet ($2) returned to Fantomet
Fantomet collected $2 from pot
*** SUMMARY ***
Total pot $2 | Rake $0
Seat 1: Fantomet (big blind) collected ($2)
Seat 4: AzureCaper (button) (small blind) folded before Flop


PokerStars Hand #147498376579:  Hold'em Limit ($3/$6 USD) - 2016/01/22 16:00:17 ET
Table 'Hedera II' 6-max Seat #1 is the button
Seat 1: Fantomet ($162.09 in chips)
Seat 4: AzureCaper ($155.36 in chips)
Fantomet: posts small blind $1
AzureCaper: posts big blind $3
*** HOLE CARDS ***
Fantomet: raises $3 to $6
AzureCaper: calls $3
*** FLOP *** [7h 4s 6d]
AzureCaper: checks
Fantomet: bets $3
AzureCaper: calls $3
*** TURN *** [7h 4s 6d] [8s]
AzureCaper: checks
Fantomet: checks
*** RIVER *** [7h 4s 6d 8s] [2h]
AzureCaper: bets $6
Fantomet: folds
Uncalled bet ($6) returned to AzureCaper
AzureCaper collected $17.64 from pot
AzureCaper: doesn't show hand
*** SUMMARY ***
Total pot $18 | Rake $0.36
Board [7h 4s 6d 8s 2h]
Seat 1: Fantomet (button) (small blind) folded on the River
Seat 4: AzureCaper (big blind) collected ($17.64)


PokerStars Hand #147502718376:  Hold'em Limit ($3/$6 USD) - 2016/01/22 17:10:35 ET
Table 'Hedera II' 6-max Seat #1 is the button
Seat 1: VolkovDmitri ($152.91 in chips)
Seat 3: krytalex ($91.83 in chips)
VolkovDmitri: posts small blind $1
krytalex: posts big blind $3
*** HOLE CARDS ***
VolkovDmitri: folds
Uncalled bet ($2) returned to krytalex
krytalex collected $2 from pot
*** SUMMARY ***
Total pot $2 | Rake $0
Seat 1: VolkovDmitri (button) (small blind) folded before Flop
Seat 3: krytalex (big blind) collected ($2)


