PokerStars Hand #160243275728:  Hold'em Limit ($3/$6 USD) - 2016/10/21 14:16:46 ET
Table 'Hedera' 6-max Seat #3 is the button
Seat 1: Andres_98789 ($83.18 in chips)
Seat 3: loretta849 ($100.25 in chips)
loretta849: posts small blind $1
assitoni: is sitting out
Andres_98789: posts big blind $3
*** HOLE CARDS ***
loretta849: folds
Uncalled bet ($2) returned to Andres_98789
Andres_98789 collected $2 from pot
*** SUMMARY ***
Total pot $2 | Rake $0
Seat 1: Andres_98789 (big blind) collected ($2)
Seat 3: loretta849 (button) (small blind) folded before Flop


PokerStars Hand #160243224689:  Hold'em Limit ($3/$6 USD) - 2016/10/21 14:15:40 ET
Table 'Hedera' 6-max Seat #1 is the button
Seat 1: Andres_98789 ($100.54 in chips)
Seat 4: assitoni ($72 in chips)
Andres_98789: posts small blind $1
assitoni: posts big blind $3
*** HOLE CARDS ***
Andres_98789: raises $3 to $6
assitoni: raises $3 to $9
Andres_98789: calls $3
*** FLOP *** [5s 7d 8c]
assitoni: bets $3
Andres_98789: calls $3
*** TURN *** [5s 7d 8c] [Ad]
assitoni: bets $6
Andres_98789: raises $6 to $12
assitoni: raises $6 to $18
Andres_98789: folds
Uncalled bet ($6) returned to assitoni
assitoni collected $47.50 from pot
assitoni: doesn't show hand
*** SUMMARY ***
Total pot $48 | Rake $0.50
Board [5s 7d 8c Ad]
Seat 1: Andres_98789 (button) (small blind) folded on the Turn
Seat 4: assitoni (big blind) collected ($47.50)


PokerStars Hand #160243255556:  Hold'em Limit ($3/$6 USD) - 2016/10/21 14:16:20 ET
Table 'Hedera' 6-max Seat #4 is the button
Seat 1: Andres_98789 ($76.54 in chips)
Seat 4: assitoni ($95.50 in chips)
assitoni: posts small blind $1
Andres_98789: posts big blind $3
*** HOLE CARDS ***
loretta849 joins the table at seat #3
assitoni: folds
Uncalled bet ($2) returned to Andres_98789
Andres_98789 collected $2 from pot
*** SUMMARY ***
Total pot $2 | Rake $0
Seat 1: Andres_98789 (big blind) collected ($2)
Seat 4: assitoni (button) (small blind) folded before Flop


PokerStars Hand #160243316400:  Hold'em Limit ($3/$6 USD) - 2016/10/21 14:17:37 ET
Table 'Hedera' 6-max Seat #5 is the button
Seat 1: Andres_98789 ($83.18 in chips)
Seat 5: Vezunchik_61 ($31 in chips)
Vezunchik_61: posts small blind $1
Andres_98789: posts big blind $3
*** HOLE CARDS ***
Vezunchik_61: raises $3 to $6
Andres_98789: folds
Uncalled bet ($3) returned to Vezunchik_61
Vezunchik_61 collected $6 from pot
Vezunchik_61: doesn't show hand
*** SUMMARY ***
Total pot $6 | Rake $0
Seat 1: Andres_98789 (big blind) folded before Flop
Seat 5: Vezunchik_61 (button) (small blind) collected ($6)


PokerStars Hand #160243310463:  Hold'em Limit ($3/$6 USD) - 2016/10/21 14:17:30 ET
Table 'Hedera' 6-max Seat #1 is the button
Seat 1: Andres_98789 ($84.18 in chips)
Seat 5: Vezunchik_61 ($30 in chips)
Andres_98789: posts small blind $1
Vezunchik_61: posts big blind $3
*** HOLE CARDS ***
Andres_98789: folds
Uncalled bet ($2) returned to Vezunchik_61
Vezunchik_61 collected $2 from pot
Vezunchik_61: doesn't show hand
*** SUMMARY ***
Total pot $2 | Rake $0
Seat 1: Andres_98789 (button) (small blind) folded before Flop
Seat 5: Vezunchik_61 (big blind) collected ($2)


PokerStars Hand #160243322508:  Hold'em Limit ($3/$6 USD) - 2016/10/21 14:17:45 ET
Table 'Hedera' 6-max Seat #1 is the button
Seat 1: Andres_98789 ($80.18 in chips)
Seat 5: Vezunchik_61 ($34 in chips)
Andres_98789: posts small blind $1
Vezunchik_61: posts big blind $3
*** HOLE CARDS ***
Andres_98789: raises $3 to $6
Vezunchik_61: calls $3
*** FLOP *** [3s 4d Ts]
Vezunchik_61: bets $3
Andres_98789: raises $3 to $6
Vezunchik_61: calls $3
*** TURN *** [3s 4d Ts] [5d]
Vezunchik_61: bets $6
Andres_98789: raises $6 to $12
Vezunchik_61: calls $6
*** RIVER *** [3s 4d Ts 5d] [Kh]
Vezunchik_61: checks
Andres_98789: checks
*** SHOW DOWN ***
Vezunchik_61: shows [8h 4s] (a pair of Fours)
Andres_98789: shows [9c 4c] (a pair of Fours - King+Ten+Nine kicker)
Andres_98789 collected $47.50 from pot
*** SUMMARY ***
Total pot $48 | Rake $0.50
Board [3s 4d Ts 5d Kh]
Seat 1: Andres_98789 (button) (small blind) showed [9c 4c] and won ($47.50) with a pair of Fours
Seat 5: Vezunchik_61 (big blind) showed [8h 4s] and lost with a pair of Fours


PokerStars Hand #160243336999:  Hold'em Limit ($3/$6 USD) - 2016/10/21 14:18:03 ET
Table 'Hedera' 6-max Seat #5 is the button
Seat 1: Andres_98789 ($103.68 in chips)
Seat 5: Vezunchik_61 ($10 in chips)
Vezunchik_61: posts small blind $1
Andres_98789: posts big blind $3
*** HOLE CARDS ***
Vezunchik_61: raises $3 to $6
xRauIx joins the table at seat #6
Andres_98789: raises $3 to $9
Vezunchik_61: raises $1 to $10 and is all-in
Betting is capped
Andres_98789: calls $1
*** FLOP *** [6s 4c 9d]
*** TURN *** [6s 4c 9d] [Qs]
*** RIVER *** [6s 4c 9d Qs] [5c]
*** SHOW DOWN ***
Andres_98789: shows [8h 5h] (a pair of Fives)
Vezunchik_61: shows [Jd Ts] (high card Queen)
Andres_98789 collected $19.60 from pot
*** SUMMARY ***
Total pot $20 | Rake $0.40
Board [6s 4c 9d Qs 5c]
Seat 1: Andres_98789 (big blind) showed [8h 5h] and won ($19.60) with a pair of Fives
Seat 5: Vezunchik_61 (button) (small blind) showed [Jd Ts] and lost with high card Queen


