PokerStars Hand #157011205585:  Hold'em Limit ($3/$6 USD) - 2016/08/08 5:31:18 ET
Table 'Hedera' 6-max Seat #3 is the button
Seat 3: Ag3r0n ($92.71 in chips)
Seat 5: TbIP-TbIP 88 ($72 in chips)
Airbag999 will be allowed to play after the button
Ag3r0n: posts small blind $1
TbIP-TbIP 88: posts big blind $3
*** HOLE CARDS ***
Ag3r0n: raises $3 to $6
TbIP-TbIP 88: calls $3
*** FLOP *** [Jc 8s 5s]
TbIP-TbIP 88: checks
Ag3r0n: bets $3
TbIP-TbIP 88: raises $3 to $6
Ag3r0n: calls $3
*** TURN *** [Jc 8s 5s] [9h]
TbIP-TbIP 88: bets $6
Ag3r0n: calls $6
*** RIVER *** [Jc 8s 5s 9h] [Ad]
TbIP-TbIP 88: bets $6
Ag3r0n: raises $6 to $12
TbIP-TbIP 88: calls $6
*** SHOW DOWN ***
Ag3r0n: shows [8c Ac] (two pair, Aces and Eights)
TbIP-TbIP 88: mucks hand
Ag3r0n collected $59.50 from pot
*** SUMMARY ***
Total pot $60 | Rake $0.50
Board [Jc 8s 5s 9h Ad]
Seat 3: Ag3r0n (button) (small blind) showed [8c Ac] and won ($59.50) with two pair, Aces and Eights
Seat 5: TbIP-TbIP 88 (big blind) mucked


