PokerStars Hand #175933375868:  Hold'em Limit ($3/$6 USD) - 2017/09/21 11:44:52 ET
Table 'Hedera' 6-max Seat #1 is the button
Seat 1: andyrr ($58.03 in chips)
Seat 2: OnlyLuck111 ($124 in chips)
andyrr: posts small blind $1
OnlyLuck111: posts big blind $3
*** HOLE CARDS ***
andyrr: raises $3 to $6
OnlyLuck111: calls $3
*** FLOP *** [5c 9h Qd]
OnlyLuck111: checks
andyrr: bets $3
OnlyLuck111: calls $3
*** TURN *** [5c 9h Qd] [Ts]
OnlyLuck111: checks
andyrr: bets $6
OnlyLuck111: folds
Uncalled bet ($6) returned to andyrr
andyrr collected $17.64 from pot
*** SUMMARY ***
Total pot $18 | Rake $0.36
Board [5c 9h Qd Ts]
Seat 1: andyrr (button) (small blind) collected ($17.64)
Seat 2: OnlyLuck111 (big blind) folded on the Turn


PokerStars Hand #175933372161:  Hold'em Limit ($3/$6 USD) - 2017/09/21 11:44:46 ET
Table 'Hedera' 6-max Seat #2 is the button
Seat 1: andyrr ($61.03 in chips)
Seat 2: OnlyLuck111 ($121 in chips)
OnlyLuck111: posts small blind $1
andyrr: posts big blind $3
*** HOLE CARDS ***
OnlyLuck111: raises $3 to $6
andyrr: folds
Uncalled bet ($3) returned to OnlyLuck111
OnlyLuck111 collected $6 from pot
*** SUMMARY ***
Total pot $6 | Rake $0
Seat 1: andyrr (big blind) folded before Flop
Seat 2: OnlyLuck111 (button) (small blind) collected ($6)


PokerStars Hand #175933368622:  Hold'em Limit ($3/$6 USD) - 2017/09/21 11:44:40 ET
Table 'Hedera' 6-max Seat #1 is the button
Seat 1: andyrr ($62.03 in chips)
Seat 2: OnlyLuck111 ($120 in chips)
andyrr: posts small blind $1
OnlyLuck111: posts big blind $3
*** HOLE CARDS ***
andyrr: folds
Uncalled bet ($2) returned to OnlyLuck111
OnlyLuck111 collected $2 from pot
*** SUMMARY ***
Total pot $2 | Rake $0
Seat 1: andyrr (button) (small blind) folded before Flop
Seat 2: OnlyLuck111 (big blind) collected ($2)


PokerStars Hand #175933412655:  Hold'em Limit ($3/$6 USD) - 2017/09/21 11:45:52 ET
Table 'Hedera' 6-max Seat #2 is the button
Seat 1: andyrr ($56.17 in chips)
Seat 2: OnlyLuck111 ($124.26 in chips)
OnlyLuck111: posts small blind $1
andyrr: posts big blind $3
*** HOLE CARDS ***
OnlyLuck111: raises $3 to $6
andyrr: calls $3
*** FLOP *** [2h 2c Td]
andyrr: checks
OnlyLuck111: bets $3
andyrr: calls $3
*** TURN *** [2h 2c Td] [4d]
andyrr: checks
OnlyLuck111: bets $6
andyrr: folds
Uncalled bet ($6) returned to OnlyLuck111
OnlyLuck111 collected $17.64 from pot
*** SUMMARY ***
Total pot $18 | Rake $0.36
Board [2h 2c Td 4d]
Seat 1: andyrr (big blind) folded on the Turn
Seat 2: OnlyLuck111 (button) (small blind) collected ($17.64)


PokerStars Hand #175933402045:  Hold'em Limit ($3/$6 USD) - 2017/09/21 11:45:34 ET
Table 'Hedera' 6-max Seat #1 is the button
Seat 1: andyrr ($41.67 in chips)
Seat 2: OnlyLuck111 ($139.26 in chips)
andyrr: posts small blind $1
OnlyLuck111: posts big blind $3
*** HOLE CARDS ***
andyrr: raises $3 to $6
OnlyLuck111: calls $3
*** FLOP *** [5h Ts Ad]
OnlyLuck111: checks
andyrr: bets $3
OnlyLuck111: calls $3
*** TURN *** [5h Ts Ad] [9s]
OnlyLuck111: checks
andyrr: bets $6
OnlyLuck111: calls $6
*** RIVER *** [5h Ts Ad 9s] [7s]
OnlyLuck111: checks
andyrr: checks
*** SHOW DOWN ***
OnlyLuck111: shows [4h Tc] (a pair of Tens)
andyrr: shows [Qc Th] (a pair of Tens - Ace+Queen kicker)
andyrr collected $29.50 from pot
*** SUMMARY ***
Total pot $30 | Rake $0.50
Board [5h Ts Ad 9s 7s]
Seat 1: andyrr (button) (small blind) showed [Qc Th] and won ($29.50) with a pair of Tens
Seat 2: OnlyLuck111 (big blind) showed [4h Tc] and lost with a pair of Tens


PokerStars Hand #175933393835:  Hold'em Limit ($3/$6 USD) - 2017/09/21 11:45:21 ET
Table 'Hedera' 6-max Seat #2 is the button
Seat 1: andyrr ($59.67 in chips)
Seat 2: OnlyLuck111 ($121.76 in chips)
OnlyLuck111: posts small blind $1
andyrr: posts big blind $3
*** HOLE CARDS ***
OnlyLuck111: raises $3 to $6
andyrr: raises $3 to $9
OnlyLuck111: calls $3
*** FLOP *** [Tc 6d 9s]
andyrr: bets $3
OnlyLuck111: calls $3
*** TURN *** [Tc 6d 9s] [7s]
andyrr: bets $6
OnlyLuck111: raises $6 to $12
andyrr: folds
Uncalled bet ($6) returned to OnlyLuck111
OnlyLuck111 collected $35.50 from pot
*** SUMMARY ***
Total pot $36 | Rake $0.50
Board [Tc 6d 9s 7s]
Seat 1: andyrr (big blind) folded on the Turn
Seat 2: OnlyLuck111 (button) (small blind) collected ($35.50)


PokerStars Hand #175933390923:  Hold'em Limit ($3/$6 USD) - 2017/09/21 11:45:16 ET
Table 'Hedera' 6-max Seat #1 is the button
Seat 1: andyrr ($60.67 in chips)
Seat 2: OnlyLuck111 ($120.76 in chips)
andyrr: posts small blind $1
OnlyLuck111: posts big blind $3
*** HOLE CARDS ***
andyrr: folds
Uncalled bet ($2) returned to OnlyLuck111
OnlyLuck111 collected $2 from pot
*** SUMMARY ***
Total pot $2 | Rake $0
Seat 1: andyrr (button) (small blind) folded before Flop
Seat 2: OnlyLuck111 (big blind) collected ($2)


PokerStars Hand #175933384369:  Hold'em Limit ($3/$6 USD) - 2017/09/21 11:45:05 ET
Table 'Hedera' 6-max Seat #2 is the button
Seat 1: andyrr ($66.67 in chips)
Seat 2: OnlyLuck111 ($115 in chips)
OnlyLuck111: posts small blind $1
andyrr: posts big blind $3
*** HOLE CARDS ***
OnlyLuck111: raises $3 to $6
andyrr: calls $3
*** FLOP *** [Js Jd 9s]
andyrr: checks
OnlyLuck111: bets $3
andyrr: folds
Uncalled bet ($3) returned to OnlyLuck111
OnlyLuck111 collected $11.76 from pot
*** SUMMARY ***
Total pot $12 | Rake $0.24
Board [Js Jd 9s]
Seat 1: andyrr (big blind) folded on the Flop
Seat 2: OnlyLuck111 (button) (small blind) collected ($11.76)


PokerStars Hand #175933495429:  Hold'em Limit ($3/$6 USD) - 2017/09/21 11:47:59 ET
Table 'Hedera' 6-max Seat #3 is the button
Seat 1: andyrr ($32.17 in chips)
Seat 3: vitamin168 ($78.13 in chips)
vitamin168: posts small blind $1
andyrr: posts big blind $3
*** HOLE CARDS ***
vitamin168: raises $3 to $6
andyrr: calls $3
*** FLOP *** [Kd 6s 5s]
andyrr: checks
vitamin168: bets $3
andyrr: folds
Uncalled bet ($3) returned to vitamin168
vitamin168 collected $11.76 from pot
vitamin168: doesn't show hand
*** SUMMARY ***
Total pot $12 | Rake $0.24
Board [Kd 6s 5s]
Seat 1: andyrr (big blind) folded on the Flop
Seat 3: vitamin168 (button) (small blind) collected ($11.76)


PokerStars Hand #175933483039:  Hold'em Limit ($3/$6 USD) - 2017/09/21 11:47:41 ET
Table 'Hedera' 6-max Seat #1 is the button
Seat 1: andyrr ($47.17 in chips)
Seat 3: vitamin168 ($63.63 in chips)
andyrr: posts small blind $1
vitamin168: posts big blind $3
*** HOLE CARDS ***
andyrr: raises $3 to $6
vitamin168: calls $3
*** FLOP *** [9c 6s 9h]
vitamin168: checks
andyrr: bets $3
vitamin168: calls $3
*** TURN *** [9c 6s 9h] [Jc]
vitamin168: checks
andyrr: checks
*** RIVER *** [9c 6s 9h Jc] [Js]
vitamin168: bets $6
andyrr: calls $6
*** SHOW DOWN ***
vitamin168: shows [Ks Jd] (a full house, Jacks full of Nines)
andyrr: mucks hand
vitamin168 collected $29.50 from pot
*** SUMMARY ***
Total pot $30 | Rake $0.50
Board [9c 6s 9h Jc Js]
Seat 1: andyrr (button) (small blind) mucked
Seat 3: vitamin168 (big blind) showed [Ks Jd] and won ($29.50) with a full house, Jacks full of Nines


PokerStars Hand #175933524787:  Hold'em Limit ($3/$6 USD) - 2017/09/21 11:48:45 ET
Table 'Hedera' 6-max Seat #3 is the button
Seat 1: andyrr ($8.17 in chips)
Seat 3: vitamin168 ($101.15 in chips)
vitamin168: posts small blind $1
andyrr: posts big blind $3
*** HOLE CARDS ***
vitamin168: raises $3 to $6
andyrr: raises $2.17 to $8.17 and is all-in
vitamin168: calls $2.17
*** FLOP *** [Kc Qc Qs]
*** TURN *** [Kc Qc Qs] [2c]
*** RIVER *** [Kc Qc Qs 2c] [4h]
*** SHOW DOWN ***
andyrr: shows [Ac 7s] (a pair of Queens)
vitamin168: shows [Ad Kh] (two pair, Kings and Queens)
vitamin168 collected $16.01 from pot
*** SUMMARY ***
Total pot $16.34 | Rake $0.33
Board [Kc Qc Qs 2c 4h]
Seat 1: andyrr (big blind) showed [Ac 7s] and lost with a pair of Queens
Seat 3: vitamin168 (button) (small blind) showed [Ad Kh] and won ($16.01) with two pair, Kings and Queens


PokerStars Hand #175933511976:  Hold'em Limit ($3/$6 USD) - 2017/09/21 11:48:25 ET
Table 'Hedera' 6-max Seat #1 is the button
Seat 1: andyrr ($23.17 in chips)
Seat 3: vitamin168 ($86.65 in chips)
andyrr: posts small blind $1
vitamin168: posts big blind $3
*** HOLE CARDS ***
andyrr: raises $3 to $6
vitamin168: calls $3
*** FLOP *** [Tc 8c Js]
vitamin168: checks
andyrr: bets $3
vitamin168: calls $3
*** TURN *** [Tc 8c Js] [4s]
vitamin168: checks
andyrr: bets $6
vitamin168: raises $6 to $12
andyrr: folds
Uncalled bet ($6) returned to vitamin168
vitamin168 collected $29.50 from pot
vitamin168: doesn't show hand
*** SUMMARY ***
Total pot $30 | Rake $0.50
Board [Tc 8c Js 4s]
Seat 1: andyrr (button) (small blind) folded on the Turn
Seat 3: vitamin168 (big blind) collected ($29.50)


PokerStars Hand #175933505672:  Hold'em Limit ($3/$6 USD) - 2017/09/21 11:48:15 ET
Table 'Hedera' 6-max Seat #3 is the button
Seat 1: andyrr ($29.17 in chips)
Seat 3: vitamin168 ($80.89 in chips)
vitamin168: posts small blind $1
andyrr: posts big blind $3
*** HOLE CARDS ***
vitamin168: raises $3 to $6
andyrr: calls $3
*** FLOP *** [5c Qc 4s]
andyrr: checks
vitamin168: bets $3
andyrr: folds
Uncalled bet ($3) returned to vitamin168
vitamin168 collected $11.76 from pot
vitamin168: doesn't show hand
*** SUMMARY ***
Total pot $12 | Rake $0.24
Board [5c Qc 4s]
Seat 1: andyrr (big blind) folded on the Flop
Seat 3: vitamin168 (button) (small blind) collected ($11.76)


PokerStars Hand #175933501776:  Hold'em Limit ($3/$6 USD) - 2017/09/21 11:48:09 ET
Table 'Hedera' 6-max Seat #1 is the button
Seat 1: andyrr ($26.17 in chips)
Seat 3: vitamin168 ($83.89 in chips)
andyrr: posts small blind $1
vitamin168: posts big blind $3
*** HOLE CARDS ***
andyrr: raises $3 to $6
vitamin168: folds
Uncalled bet ($3) returned to andyrr
andyrr collected $6 from pot
*** SUMMARY ***
Total pot $6 | Rake $0
Seat 1: andyrr (button) (small blind) collected ($6)
Seat 3: vitamin168 (big blind) folded before Flop


PokerStars Hand #175934030257:  Hold'em Limit ($3/$6 USD) - 2017/09/21 12:03:00 ET
Table 'Hedera' 6-max Seat #1 is the button
Seat 1: andyrr ($100 in chips)
Seat 3: chebob ($60 in chips)
andyrr: posts small blind $1
chebob: posts big blind $3
*** HOLE CARDS ***
andyrr: raises $3 to $6
chebob: folds
Uncalled bet ($3) returned to andyrr
andyrr collected $6 from pot
*** SUMMARY ***
Total pot $6 | Rake $0
Seat 1: andyrr (button) (small blind) collected ($6)
Seat 3: chebob (big blind) folded before Flop


PokerStars Hand #175934048390:  Hold'em Limit ($3/$6 USD) - 2017/09/21 12:03:26 ET
Table 'Hedera' 6-max Seat #1 is the button
Seat 1: andyrr ($100 in chips)
Seat 3: chebob ($60 in chips)
andyrr: posts small blind $1
chebob: posts big blind $3
*** HOLE CARDS ***
andyrr: raises $3 to $6
chebob: folds
Uncalled bet ($3) returned to andyrr
andyrr collected $6 from pot
*** SUMMARY ***
Total pot $6 | Rake $0
Seat 1: andyrr (button) (small blind) collected ($6)
Seat 3: chebob (big blind) folded before Flop


PokerStars Hand #175934044182:  Hold'em Limit ($3/$6 USD) - 2017/09/21 12:03:20 ET
Table 'Hedera' 6-max Seat #3 is the button
Seat 1: andyrr ($99 in chips)
Seat 3: chebob ($61 in chips)
chebob: posts small blind $1
andyrr: posts big blind $3
*** HOLE CARDS ***
chebob: folds
Uncalled bet ($2) returned to andyrr
andyrr collected $2 from pot
*** SUMMARY ***
Total pot $2 | Rake $0
Seat 1: andyrr (big blind) collected ($2)
Seat 3: chebob (button) (small blind) folded before Flop


PokerStars Hand #175934040602:  Hold'em Limit ($3/$6 USD) - 2017/09/21 12:03:15 ET
Table 'Hedera' 6-max Seat #1 is the button
Seat 1: andyrr ($100 in chips)
Seat 3: chebob ($60 in chips)
andyrr: posts small blind $1
chebob: posts big blind $3
*** HOLE CARDS ***
andyrr: folds
Uncalled bet ($2) returned to chebob
chebob collected $2 from pot
chebob: doesn't show hand
*** SUMMARY ***
Total pot $2 | Rake $0
Seat 1: andyrr (button) (small blind) folded before Flop
Seat 3: chebob (big blind) collected ($2)


PokerStars Hand #175934035684:  Hold'em Limit ($3/$6 USD) - 2017/09/21 12:03:08 ET
Table 'Hedera' 6-max Seat #3 is the button
Seat 1: andyrr ($103 in chips)
Seat 3: chebob ($57 in chips)
chebob: posts small blind $1
andyrr: posts big blind $3
*** HOLE CARDS ***
chebob: raises $3 to $6
andyrr: folds
Uncalled bet ($3) returned to chebob
chebob collected $6 from pot
chebob: doesn't show hand
*** SUMMARY ***
Total pot $6 | Rake $0
Seat 1: andyrr (big blind) folded before Flop
Seat 3: chebob (button) (small blind) collected ($6)


PokerStars Hand #175934052290:  Hold'em Limit ($3/$6 USD) - 2017/09/21 12:03:31 ET
Table 'Hedera' 6-max Seat #3 is the button
Seat 1: andyrr ($103 in chips)
Seat 3: chebob ($57 in chips)
chebob: posts small blind $1
andyrr: posts big blind $3
*** HOLE CARDS ***
chebob: raises $3 to $6
andyrr: raises $3 to $9
chebob: calls $3
*** FLOP *** [Tc Qh 4h]
andyrr: bets $3
picsel37 joins the table at seat #5
chebob: calls $3
*** TURN *** [Tc Qh 4h] [Kc]
vitamin168 joins the table at seat #2
andyrr: bets $6
chebob: calls $6
*** RIVER *** [Tc Qh 4h Kc] [3c]
andyrr: checks
chebob: bets $6
andyrr: calls $6
*** SHOW DOWN ***
chebob: shows [9d Qs] (a pair of Queens)
picsel37 leaves the table
andyrr: mucks hand
chebob collected $47.50 from pot
*** SUMMARY ***
Total pot $48 | Rake $0.50
Board [Tc Qh 4h Kc 3c]
Seat 1: andyrr (big blind) mucked
Seat 3: chebob (button) (small blind) showed [9d Qs] and won ($47.50) with a pair of Queens


PokerStars Hand #175935473931:  Hold'em Limit ($3/$6 USD) - 2017/09/21 12:37:51 ET
Table 'Hedera' 6-max Seat #6 is the button
Seat 5: knas4 ($181.76 in chips)
Seat 6: picsel37 ($91.86 in chips)
picsel37: posts small blind $1
B_loJkl: is sitting out
knas4: posts big blind $3
*** HOLE CARDS ***
Whatze Phuck joins the table at seat #2
picsel37: raises $3 to $6
knas4: calls $3
*** FLOP *** [2h Qc 8s]
knas4: checks
picsel37: bets $3
knas4: folds
Uncalled bet ($3) returned to picsel37
picsel37 collected $11.76 from pot
*** SUMMARY ***
Total pot $12 | Rake $0.24
Board [2h Qc 8s]
Seat 5: knas4 (big blind) folded on the Flop
Seat 6: picsel37 (button) (small blind) collected ($11.76)


PokerStars Hand #175935493140:  Hold'em Limit ($3/$6 USD) - 2017/09/21 12:38:19 ET
Table 'Hedera' 6-max Seat #5 is the button
Seat 5: knas4 ($175.76 in chips)
Seat 6: picsel37 ($97.62 in chips)
knas4: posts small blind $1
picsel37: posts big blind $3
*** HOLE CARDS ***
knas4: folds
Uncalled bet ($2) returned to picsel37
picsel37 collected $2 from pot
*** SUMMARY ***
Total pot $2 | Rake $0
Seat 5: knas4 (button) (small blind) folded before Flop
Seat 6: picsel37 (big blind) collected ($2)


PokerStars Hand #175935703637:  Hold'em Limit ($3/$6 USD) - 2017/09/21 12:43:27 ET
Table 'Hedera' 6-max Seat #6 is the button
Seat 2: Whatze Phuck ($93.72 in chips)
Seat 6: picsel37 ($84.31 in chips)
picsel37: posts small blind $1
Whatze Phuck: posts big blind $3
*** HOLE CARDS ***
picsel37: folds
Uncalled bet ($2) returned to Whatze Phuck
Whatze Phuck collected $2 from pot
Whatze Phuck: doesn't show hand
*** SUMMARY ***
Total pot $2 | Rake $0
Seat 2: Whatze Phuck (big blind) collected ($2)
Seat 6: picsel37 (button) (small blind) folded before Flop


PokerStars Hand #175935700523:  Hold'em Limit ($3/$6 USD) - 2017/09/21 12:43:23 ET
Table 'Hedera' 6-max Seat #2 is the button
Seat 2: Whatze Phuck ($94.72 in chips)
Seat 6: picsel37 ($83.31 in chips)
Whatze Phuck: posts small blind $1
picsel37: posts big blind $3
*** HOLE CARDS ***
Whatze Phuck: folds
Uncalled bet ($2) returned to picsel37
xcgxcg2005 joins the table at seat #3
picsel37 collected $2 from pot
*** SUMMARY ***
Total pot $2 | Rake $0
Seat 2: Whatze Phuck (button) (small blind) folded before Flop
Seat 6: picsel37 (big blind) collected ($2)


PokerStars Hand #175935697200:  Hold'em Limit ($3/$6 USD) - 2017/09/21 12:43:18 ET
Table 'Hedera' 6-max Seat #6 is the button
Seat 2: Whatze Phuck ($93.72 in chips)
Seat 6: picsel37 ($84.31 in chips)
picsel37: posts small blind $1
Whatze Phuck: posts big blind $3
*** HOLE CARDS ***
picsel37: folds
Uncalled bet ($2) returned to Whatze Phuck
Whatze Phuck collected $2 from pot
Whatze Phuck: doesn't show hand
*** SUMMARY ***
Total pot $2 | Rake $0
Seat 2: Whatze Phuck (big blind) collected ($2)
Seat 6: picsel37 (button) (small blind) folded before Flop


PokerStars Hand #175935679643:  Hold'em Limit ($3/$6 USD) - 2017/09/21 12:42:52 ET
Table 'Hedera' 6-max Seat #2 is the button
Seat 2: Whatze Phuck ($105.72 in chips)
Seat 6: picsel37 ($72.79 in chips)
Whatze Phuck: posts small blind $1
picsel37: posts big blind $3
*** HOLE CARDS ***
Whatze Phuck: raises $3 to $6
vestimokrec leaves the table
picsel37: raises $3 to $9
Whatze Phuck: calls $3
*** FLOP *** [Ks Kc 3d]
picsel37: bets $3
Whatze Phuck: calls $3
*** TURN *** [Ks Kc 3d] [9d]
picsel37: bets $6
Whatze Phuck: folds
Uncalled bet ($6) returned to picsel37
picsel37 collected $23.52 from pot
*** SUMMARY ***
Total pot $24 | Rake $0.48
Board [Ks Kc 3d 9d]
Seat 2: Whatze Phuck (button) (small blind) folded on the Turn
Seat 6: picsel37 (big blind) collected ($23.52)


PokerStars Hand #175936040022:  Hold'em Limit ($3/$6 USD) - 2017/09/21 12:51:33 ET
Table 'Hedera' 6-max Seat #6 is the button
Seat 3: jamie2000 ($86.37 in chips)
Seat 6: picsel37 ($65.52 in chips)
Mahsun77 will be allowed to play after the button
picsel37: posts small blind $1
B_loJkl: is sitting out
Whatze Phuck: is sitting out
jamie2000: posts big blind $3
*** HOLE CARDS ***
picsel37: folds
Uncalled bet ($2) returned to jamie2000
jamie2000 collected $2 from pot
*** SUMMARY ***
Total pot $2 | Rake $0
Seat 3: jamie2000 (big blind) collected ($2)
Seat 6: picsel37 (button) (small blind) folded before Flop


PokerStars Hand #175937003125:  Hold'em Limit ($3/$6 USD) - 2017/09/21 13:15:03 ET
Table 'Hedera' 6-max Seat #2 is the button
Seat 2: Duku0104 ($50.28 in chips)
Seat 5: knas4 ($136.28 in chips)
vestimokrec will be allowed to play after the button
Duku0104: posts small blind $1
knas4: posts big blind $3
*** HOLE CARDS ***
Duku0104: raises $3 to $6
knas4: calls $3
*** FLOP *** [6h 2h Js]
knas4: checks
Duku0104: bets $3
knas4: calls $3
*** TURN *** [6h 2h Js] [6c]
knas4: checks
Duku0104: checks
*** RIVER *** [6h 2h Js 6c] [7c]
knas4: bets $6
Duku0104: calls $6
*** SHOW DOWN ***
knas4: shows [Ah 4d] (a pair of Sixes)
Duku0104: shows [2c As] (two pair, Sixes and Deuces)
Duku0104 collected $29.50 from pot
*** SUMMARY ***
Total pot $30 | Rake $0.50
Board [6h 2h Js 6c 7c]
Seat 2: Duku0104 (button) (small blind) showed [2c As] and won ($29.50) with two pair, Sixes and Deuces
Seat 5: knas4 (big blind) showed [Ah 4d] and lost with a pair of Sixes


PokerStars Hand #175941171903:  Hold'em Limit ($3/$6 USD) - 2017/09/21 14:45:54 ET
Table 'Hedera' 6-max Seat #5 is the button
Seat 3: aleks_4ym ($101.54 in chips)
Seat 5: knas4 ($259.36 in chips)
knas4: posts small blind $1
mkasd: is sitting out
aleks_4ym: posts big blind $3
*** HOLE CARDS ***
knas4: calls $2
aleks_4ym: raises $3 to $6
knas4: calls $3
*** FLOP *** [2d Th 6h]
fugu82 joins the table at seat #2
sebiXXL1980 joins the table at seat #4
aleks_4ym: bets $3
knas4: calls $3
*** TURN *** [2d Th 6h] [Jd]
SEQUOIA2012 is disconnected
aleks_4ym: bets $6
knas4: raises $6 to $12
aleks_4ym: folds
Uncalled bet ($6) returned to knas4
knas4 collected $29.50 from pot
knas4: doesn't show hand
*** SUMMARY ***
Total pot $30 | Rake $0.50
Board [2d Th 6h Jd]
Seat 3: aleks_4ym (big blind) folded on the Turn
Seat 5: knas4 (button) (small blind) collected ($29.50)


PokerStars Hand #175941551068:  Hold'em Limit ($3/$6 USD) - 2017/09/21 14:53:42 ET
Table 'Hedera' 6-max Seat #3 is the button
Seat 2: fugu82 ($156.89 in chips)
Seat 3: aleks_4ym ($140 in chips)
aleks_4ym: posts small blind $1
SEQUOIA2012 was removed from the table for failing to post
fugu82: posts big blind $3
*** HOLE CARDS ***
aleks_4ym: folds
Uncalled bet ($2) returned to fugu82
fugu82 collected $2 from pot
fugu82: doesn't show hand
*** SUMMARY ***
Total pot $2 | Rake $0
Seat 2: fugu82 (big blind) collected ($2)
Seat 3: aleks_4ym (button) (small blind) folded before Flop


PokerStars Hand #175941556667:  Hold'em Limit ($3/$6 USD) - 2017/09/21 14:53:49 ET
Table 'Hedera' 6-max Seat #2 is the button
Seat 2: fugu82 ($157.89 in chips)
Seat 3: aleks_4ym ($139 in chips)
fugu82: posts small blind $1
aleks_4ym: posts big blind $3
*** HOLE CARDS ***
fugu82: raises $3 to $6
aleks_4ym: calls $3
*** FLOP *** [Td 7s 3c]
aleks_4ym: checks
fugu82: bets $3
aleks_4ym: raises $3 to $6
fugu82: calls $3
*** TURN *** [Td 7s 3c] [Ad]
aleks_4ym: bets $6
fugu82: raises $6 to $12
aleks_4ym: calls $6
*** RIVER *** [Td 7s 3c Ad] [2h]
aleks_4ym: checks
fugu82: bets $6
aleks_4ym: calls $6
*** SHOW DOWN ***
fugu82: shows [Ac 2s] (two pair, Aces and Deuces)
aleks_4ym: mucks hand
fugu82 collected $59.50 from pot
*** SUMMARY ***
Total pot $60 | Rake $0.50
Board [Td 7s 3c Ad 2h]
Seat 2: fugu82 (button) (small blind) showed [Ac 2s] and won ($59.50) with two pair, Aces and Deuces
Seat 3: aleks_4ym (big blind) mucked


PokerStars Hand #175941616401:  Hold'em Limit ($3/$6 USD) - 2017/09/21 14:55:06 ET
Table 'Hedera' 6-max Seat #2 is the button
Seat 2: fugu82 ($204.89 in chips)
Seat 3: aleks_4ym ($91 in chips)
fugu82: posts small blind $1
aleks_4ym: posts big blind $3
*** HOLE CARDS ***
fugu82: raises $3 to $6
aleks_4ym: calls $3
*** FLOP *** [Tc 9s Ks]
aleks_4ym: checks
fugu82: bets $3
aleks_4ym: folds
Uncalled bet ($3) returned to fugu82
fugu82 collected $11.76 from pot
fugu82: doesn't show hand
*** SUMMARY ***
Total pot $12 | Rake $0.24
Board [Tc 9s Ks]
Seat 2: fugu82 (button) (small blind) collected ($11.76)
Seat 3: aleks_4ym (big blind) folded on the Flop


PokerStars Hand #175941636626:  Hold'em Limit ($3/$6 USD) - 2017/09/21 14:55:40 ET
Table 'Hedera' 6-max Seat #2 is the button
Seat 2: fugu82 ($207.65 in chips)
Seat 3: aleks_4ym ($88 in chips)
fugu82: posts small blind $1
aleks_4ym: posts big blind $3
*** HOLE CARDS ***
fugu82: folds
Uncalled bet ($2) returned to aleks_4ym
aleks_4ym collected $2 from pot
aleks_4ym: doesn't show hand
*** SUMMARY ***
Total pot $2 | Rake $0
Seat 2: fugu82 (button) (small blind) folded before Flop
Seat 3: aleks_4ym (big blind) collected ($2)


PokerStars Hand #175941592209:  Hold'em Limit ($3/$6 USD) - 2017/09/21 14:54:34 ET
Table 'Hedera' 6-max Seat #3 is the button
Seat 2: fugu82 ($187.39 in chips)
Seat 3: aleks_4ym ($109 in chips)
aleks_4ym: posts small blind $1
fugu82: posts big blind $3
*** HOLE CARDS ***
aleks_4ym: raises $3 to $6
fugu82: calls $3
*** FLOP *** [4c 5s Td]
fugu82: checks
aleks_4ym: bets $3
fugu82: raises $3 to $6
aleks_4ym: calls $3
*** TURN *** [4c 5s Td] [8d]
fugu82: bets $6
aleks_4ym: calls $6
*** RIVER *** [4c 5s Td 8d] [6c]
fugu82: bets $6
aleks_4ym: folds
Uncalled bet ($6) returned to fugu82
fugu82 collected $35.50 from pot
fugu82: doesn't show hand
*** SUMMARY ***
Total pot $36 | Rake $0.50
Board [4c 5s Td 8d 6c]
Seat 2: fugu82 (big blind) collected ($35.50)
Seat 3: aleks_4ym (button) (small blind) folded on the River


PokerStars Hand #175941639788:  Hold'em Limit ($3/$6 USD) - 2017/09/21 14:55:45 ET
Table 'Hedera' 6-max Seat #3 is the button
Seat 2: fugu82 ($206.65 in chips)
Seat 3: aleks_4ym ($89 in chips)
aleks_4ym: posts small blind $1
fugu82: posts big blind $3
*** HOLE CARDS ***
aleks_4ym: raises $3 to $6
picsel37 joins the table at seat #4
fugu82: calls $3
*** FLOP *** [4d Td 3h]
fugu82: checks
aleks_4ym: bets $3
fugu82: raises $3 to $6
aleks_4ym: calls $3
*** TURN *** [4d Td 3h] [Qc]
fugu82: bets $6
vestimokrec joins the table at seat #5
aleks_4ym: raises $6 to $12
fugu82: calls $6
*** RIVER *** [4d Td 3h Qc] [6c]
fugu82: checks
aleks_4ym: checks
*** SHOW DOWN ***
fugu82: shows [Ah 2c] (high card Ace)
aleks_4ym: mucks hand
fugu82 collected $47.50 from pot
*** SUMMARY ***
Total pot $48 | Rake $0.50
Board [4d Td 3h Qc 6c]
Seat 2: fugu82 (big blind) showed [Ah 2c] and won ($47.50) with high card Ace
Seat 3: aleks_4ym (button) (small blind) mucked


PokerStars Hand #175941658144:  Hold'em Limit ($3/$6 USD) - 2017/09/21 14:56:15 ET
Table 'Hedera' 6-max Seat #2 is the button
Seat 2: fugu82 ($230.15 in chips)
Seat 3: aleks_4ym ($150 in chips)
fugu82: posts small blind $1
aleks_4ym: posts big blind $3
*** HOLE CARDS ***
fugu82: raises $3 to $6
aleks_4ym: raises $3 to $9
fugu82: calls $3
*** FLOP *** [9c Ts Kc]
aleks_4ym: bets $3
fugu82: calls $3
*** TURN *** [9c Ts Kc] [2d]
aleks_4ym: checks
fugu82: bets $6
aleks_4ym: calls $6
*** RIVER *** [9c Ts Kc 2d] [Qc]
aleks_4ym: checks
fugu82: checks
*** SHOW DOWN ***
aleks_4ym: shows [Ad 6d] (high card Ace)
fugu82: shows [As 2s] (a pair of Deuces)
fugu82 collected $35.50 from pot
*** SUMMARY ***
Total pot $36 | Rake $0.50
Board [9c Ts Kc 2d Qc]
Seat 2: fugu82 (button) (small blind) showed [As 2s] and won ($35.50) with a pair of Deuces
Seat 3: aleks_4ym (big blind) showed [Ad 6d] and lost with high card Ace


PokerStars Hand #175951713544:  Hold'em Limit ($3/$6 USD) - 2017/09/21 18:33:35 ET
Table 'Hedera' 6-max Seat #4 is the button
Seat 3: favete lin ($351.69 in chips)
Seat 4: riecki ($3.27 in chips)
riecki: posts small blind $1
Widegermany: is sitting out
B_loJkl: is sitting out
favete lin: posts big blind $3
*** HOLE CARDS ***
riecki: raises $0.27 to $3.27 and is all-in
favete lin: calls $0.27
*** FLOP *** [7s Tc 2s]
*** TURN *** [7s Tc 2s] [Jd]
*** RIVER *** [7s Tc 2s Jd] [3h]
*** SHOW DOWN ***
favete lin: shows [9s 8c] (a straight, Seven to Jack)
riecki: shows [Th Qs] (a pair of Tens)
favete lin collected $6.41 from pot
*** SUMMARY ***
Total pot $6.54 | Rake $0.13
Board [7s Tc 2s Jd 3h]
Seat 3: favete lin (big blind) showed [9s 8c] and won ($6.41) with a straight, Seven to Jack
Seat 4: riecki (button) (small blind) showed [Th Qs] and lost with a pair of Tens


