PokerStars Hand #163074748164:  Hold'em Limit ($3/$6 USD) - 2016/12/17 6:22:58 ET
Table 'Hedera' 6-max Seat #1 is the button
Seat 1: MMM 22666 ($72 in chips)
Seat 4: Agrotait ($72 in chips)
MMM 22666: posts small blind $1
Agrotait: posts big blind $3
*** HOLE CARDS ***
MMM 22666: raises $3 to $6
Agrotait: calls $3
*** FLOP *** [Ad Ks Th]
Agrotait: checks
MMM 22666: bets $3
Agrotait: calls $3
*** TURN *** [Ad Ks Th] [Jh]
Agrotait: checks
MMM 22666: bets $6
Agrotait: folds
Uncalled bet ($6) returned to MMM 22666
MMM 22666 collected $17.64 from pot
MMM 22666: doesn't show hand
*** SUMMARY ***
Total pot $18 | Rake $0.36
Board [Ad Ks Th Jh]
Seat 1: MMM 22666 (button) (small blind) collected ($17.64)
Seat 4: Agrotait (big blind) folded on the Turn


PokerStars Hand #163074780809:  Hold'em Limit ($3/$6 USD) - 2016/12/17 6:24:02 ET
Table 'Hedera' 6-max Seat #4 is the button
Seat 1: MMM 22666 ($103.56 in chips)
Seat 4: Agrotait ($72 in chips)
Agrotait: posts small blind $1
MMM 22666: posts big blind $3
*** HOLE CARDS ***
Agrotait: raises $3 to $6
MMM 22666: calls $3
*** FLOP *** [Jh Js 2c]
MMM 22666: checks
Agrotait: bets $3
MMM 22666: folds
Uncalled bet ($3) returned to Agrotait
Agrotait collected $11.76 from pot
Agrotait: doesn't show hand
*** SUMMARY ***
Total pot $12 | Rake $0.24
Board [Jh Js 2c]
Seat 1: MMM 22666 (big blind) folded on the Flop
Seat 4: Agrotait (button) (small blind) collected ($11.76)


PokerStars Hand #163074773985:  Hold'em Limit ($3/$6 USD) - 2016/12/17 6:23:48 ET
Table 'Hedera' 6-max Seat #1 is the button
Seat 1: MMM 22666 ($97.80 in chips)
Seat 4: Agrotait ($62.88 in chips)
MMM 22666: posts small blind $1
Agrotait: posts big blind $3
*** HOLE CARDS ***
MMM 22666: calls $2
Agrotait: checks
*** FLOP *** [Ah 6d 7h]
Agrotait: bets $3
MMM 22666: calls $3
*** TURN *** [Ah 6d 7h] [3h]
Agrotait: checks
MMM 22666: bets $6
Agrotait: folds
Uncalled bet ($6) returned to MMM 22666
Chessnok joins the table at seat #2
MMM 22666 collected $11.76 from pot
*** SUMMARY ***
Total pot $12 | Rake $0.24
Board [Ah 6d 7h 3h]
Seat 1: MMM 22666 (button) (small blind) collected ($11.76)
Seat 4: Agrotait (big blind) folded on the Turn


PokerStars Hand #163074767201:  Hold'em Limit ($3/$6 USD) - 2016/12/17 6:23:35 ET
Table 'Hedera' 6-max Seat #4 is the button
Seat 1: MMM 22666 ($86.28 in chips)
Seat 4: Agrotait ($74.88 in chips)
Agrotait: posts small blind $1
MMM 22666: posts big blind $3
*** HOLE CARDS ***
Agrotait: raises $3 to $6
MMM 22666: calls $3
*** FLOP *** [Kd 5d 4d]
MMM 22666: checks
Agrotait: checks
*** TURN *** [Kd 5d 4d] [9h]
MMM 22666: checks
Agrotait: checks
*** RIVER *** [Kd 5d 4d 9h] [3h]
MMM 22666: bets $6
Agrotait: calls $6
*** SHOW DOWN ***
MMM 22666: shows [Td 6d] (a flush, King high)
Agrotait: mucks hand
MMM 22666 collected $23.52 from pot
*** SUMMARY ***
Total pot $24 | Rake $0.48
Board [Kd 5d 4d 9h 3h]
Seat 1: MMM 22666 (big blind) showed [Td 6d] and won ($23.52) with a flush, King high
Seat 4: Agrotait (button) (small blind) mucked


PokerStars Hand #163074762549:  Hold'em Limit ($3/$6 USD) - 2016/12/17 6:23:26 ET
Table 'Hedera' 6-max Seat #1 is the button
Seat 1: MMM 22666 ($89.28 in chips)
Seat 4: Agrotait ($72 in chips)
MMM 22666: posts small blind $1
Agrotait: posts big blind $3
*** HOLE CARDS ***
MMM 22666: calls $2
Agrotait: checks
*** FLOP *** [Th Kc Jd]
Agrotait: bets $3
MMM 22666: folds
Uncalled bet ($3) returned to Agrotait
Agrotait collected $5.88 from pot
Agrotait: doesn't show hand
*** SUMMARY ***
Total pot $6 | Rake $0.12
Board [Th Kc Jd]
Seat 1: MMM 22666 (button) (small blind) folded on the Flop
Seat 4: Agrotait (big blind) collected ($5.88)


PokerStars Hand #163074758012:  Hold'em Limit ($3/$6 USD) - 2016/12/17 6:23:18 ET
Table 'Hedera' 6-max Seat #4 is the button
Seat 1: MMM 22666 ($80.64 in chips)
Seat 4: Agrotait ($63 in chips)
Agrotait: posts small blind $1
MMM 22666: posts big blind $3
*** HOLE CARDS ***
Agrotait: raises $3 to $6
MMM 22666: raises $3 to $9
Agrotait: calls $3
*** FLOP *** [8s 2d Qc]
MMM 22666: bets $3
Agrotait: folds
Uncalled bet ($3) returned to MMM 22666
MMM 22666 collected $17.64 from pot
MMM 22666: doesn't show hand
*** SUMMARY ***
Total pot $18 | Rake $0.36
Board [8s 2d Qc]
Seat 1: MMM 22666 (big blind) collected ($17.64)
Seat 4: Agrotait (button) (small blind) folded on the Flop


