PokerStars Hand #161356370767:  Hold'em Limit ($3/$6 USD) - 2016/11/13 15:48:32 ET
Table 'Hedera' 6-max Seat #3 is the button
Seat 3: TheMuppet ($194.73 in chips)
Seat 4: TbIP-TbIP 88 ($72 in chips)
TheMuppet: posts small blind $1
Kajind joins the table at seat #5
TbIP-TbIP 88: posts big blind $3
*** HOLE CARDS ***
TheMuppet: raises $3 to $6
TbIP-TbIP 88: raises $3 to $9
TheMuppet: calls $3
*** FLOP *** [Ac Jd 6s]
TbIP-TbIP 88: bets $3
TheMuppet: calls $3
*** TURN *** [Ac Jd 6s] [6d]
TbIP-TbIP 88: checks
TheMuppet: bets $6
TbIP-TbIP 88: calls $6
*** RIVER *** [Ac Jd 6s 6d] [Qc]
TbIP-TbIP 88: checks
TheMuppet: checks
*** SHOW DOWN ***
TbIP-TbIP 88: shows [5d 5c] (two pair, Sixes and Fives)
TheMuppet: mucks hand
TbIP-TbIP 88 collected $35.50 from pot
*** SUMMARY ***
Total pot $36 | Rake $0.50
Board [Ac Jd 6s 6d Qc]
Seat 3: TheMuppet (button) (small blind) mucked
Seat 4: TbIP-TbIP 88 (big blind) showed [5d 5c] and won ($35.50) with two pair, Sixes and Fives


PokerStars Hand #161356530958:  Hold'em Limit ($3/$6 USD) - 2016/11/13 15:51:04 ET
Table 'Hedera' 6-max Seat #3 is the button
Seat 3: TheMuppet ($164.34 in chips)
Seat 5: Kajind ($86 in chips)
TheMuppet: posts small blind $1
TbIP-TbIP 88: is sitting out
Kajind: posts big blind $3
*** HOLE CARDS ***
TheMuppet: raises $3 to $6
Kajind: calls $3
*** FLOP *** [Qd Tc Qc]
Kajind: checks
TheMuppet: bets $3
Kajind: folds
Uncalled bet ($3) returned to TheMuppet
TheMuppet collected $11.76 from pot
TheMuppet: doesn't show hand
*** SUMMARY ***
Total pot $12 | Rake $0.24
Board [Qd Tc Qc]
Seat 3: TheMuppet (button) (small blind) collected ($11.76)
Seat 5: Kajind (big blind) folded on the Flop


PokerStars Hand #161356574963:  Hold'em Limit ($3/$6 USD) - 2016/11/13 15:51:47 ET
Table 'Hedera' 6-max Seat #3 is the button
Seat 3: TheMuppet ($153.10 in chips)
Seat 5: Kajind ($96.28 in chips)
TheMuppet: posts small blind $1
Kajind: posts big blind $3
*** HOLE CARDS ***
TheMuppet: raises $3 to $6
Kajind: calls $3
*** FLOP *** [Qd 5h 9d]
Kajind: checks
TheMuppet: bets $3
Kajind: calls $3
*** TURN *** [Qd 5h 9d] [9s]
Kajind: checks
TheMuppet: bets $6
Kajind: folds
Uncalled bet ($6) returned to TheMuppet
TheMuppet collected $17.64 from pot
TheMuppet: doesn't show hand
*** SUMMARY ***
Total pot $18 | Rake $0.36
Board [Qd 5h 9d 9s]
Seat 3: TheMuppet (button) (small blind) collected ($17.64)
Seat 5: Kajind (big blind) folded on the Turn


PokerStars Hand #161356564069:  Hold'em Limit ($3/$6 USD) - 2016/11/13 15:51:37 ET
Table 'Hedera' 6-max Seat #5 is the button
Seat 3: TheMuppet ($159.10 in chips)
Seat 5: Kajind ($90.52 in chips)
Kajind: posts small blind $1
TheMuppet: posts big blind $3
*** HOLE CARDS ***
Kajind: raises $3 to $6
TheMuppet: calls $3
*** FLOP *** [2h Ad 2s]
TheMuppet: checks
Kajind: bets $3
TheMuppet: folds
Uncalled bet ($3) returned to Kajind
Kajind collected $11.76 from pot
Kajind: doesn't show hand
*** SUMMARY ***
Total pot $12 | Rake $0.24
Board [2h Ad 2s]
Seat 3: TheMuppet (big blind) folded on the Flop
Seat 5: Kajind (button) (small blind) collected ($11.76)


PokerStars Hand #161356546284:  Hold'em Limit ($3/$6 USD) - 2016/11/13 15:51:19 ET
Table 'Hedera' 6-max Seat #3 is the button
Seat 3: TheMuppet ($171.10 in chips)
Seat 5: Kajind ($79 in chips)
TheMuppet: posts small blind $1
Kajind: posts big blind $3
*** HOLE CARDS ***
TheMuppet: raises $3 to $6
Kajind: raises $3 to $9
TheMuppet: calls $3
*** FLOP *** [Td 3d 3s]
Kajind: bets $3
TheMuppet: calls $3
*** TURN *** [Td 3d 3s] [4d]
Kajind: bets $6
TheMuppet: folds
Uncalled bet ($6) returned to Kajind
Kajind collected $23.52 from pot
Kajind: doesn't show hand
*** SUMMARY ***
Total pot $24 | Rake $0.48
Board [Td 3d 3s 4d]
Seat 3: TheMuppet (button) (small blind) folded on the Turn
Seat 5: Kajind (big blind) collected ($23.52)


PokerStars Hand #161356541651:  Hold'em Limit ($3/$6 USD) - 2016/11/13 15:51:14 ET
Table 'Hedera' 6-max Seat #5 is the button
Seat 3: TheMuppet ($170.10 in chips)
Seat 5: Kajind ($80 in chips)
Kajind: posts small blind $1
TheMuppet: posts big blind $3
*** HOLE CARDS ***
Kajind: folds
Uncalled bet ($2) returned to TheMuppet
TbIP-TbIP 88 leaves the table
TheMuppet collected $2 from pot
TheMuppet: doesn't show hand
*** SUMMARY ***
Total pot $2 | Rake $0
Seat 3: TheMuppet (big blind) collected ($2)
Seat 5: Kajind (button) (small blind) folded before Flop


PokerStars Hand #161356681208:  Hold'em Limit ($3/$6 USD) - 2016/11/13 15:53:29 ET
Table 'Hedera' 6-max Seat #5 is the button
Seat 3: TheMuppet ($228.56 in chips)
Seat 5: Kajind ($72 in chips)
Kajind: posts small blind $1
TheMuppet: posts big blind $3
*** HOLE CARDS ***
Kajind: raises $3 to $6
TheMuppet: folds
Uncalled bet ($3) returned to Kajind
Kajind collected $6 from pot
Kajind: doesn't show hand
*** SUMMARY ***
Total pot $6 | Rake $0
Seat 3: TheMuppet (big blind) folded before Flop
Seat 5: Kajind (button) (small blind) collected ($6)


PokerStars Hand #161356660360:  Hold'em Limit ($3/$6 USD) - 2016/11/13 15:53:09 ET
Table 'Hedera' 6-max Seat #3 is the button
Seat 3: TheMuppet ($193.06 in chips)
Seat 5: Kajind ($72 in chips)
TheMuppet: posts small blind $1
Kajind: posts big blind $3
*** HOLE CARDS ***
TheMuppet: raises $3 to $6
Kajind: raises $3 to $9
TheMuppet: calls $3
*** FLOP *** [5h Qh 6h]
Kajind: bets $3
TheMuppet: calls $3
*** TURN *** [5h Qh 6h] [2d]
Kajind: bets $6
TheMuppet: raises $6 to $12
Kajind: raises $6 to $18
TheMuppet: calls $6
*** RIVER *** [5h Qh 6h 2d] [4c]
Kajind: bets $6
TheMuppet: calls $6
*** SHOW DOWN ***
Kajind: shows [Qc Ah] (a pair of Queens)
TheMuppet: shows [4s Qs] (two pair, Queens and Fours)
TheMuppet collected $71.50 from pot
*** SUMMARY ***
Total pot $72 | Rake $0.50
Board [5h Qh 6h 2d 4c]
Seat 3: TheMuppet (button) (small blind) showed [4s Qs] and won ($71.50) with two pair, Queens and Fours
Seat 5: Kajind (big blind) showed [Qc Ah] and lost with a pair of Queens


PokerStars Hand #161356644334:  Hold'em Limit ($3/$6 USD) - 2016/11/13 15:52:53 ET
Table 'Hedera' 6-max Seat #5 is the button
Seat 3: TheMuppet ($181.54 in chips)
Seat 5: Kajind ($80.64 in chips)
Kajind: posts small blind $1
TheMuppet: posts big blind $3
*** HOLE CARDS ***
Kajind: raises $3 to $6
TheMuppet: calls $3
*** FLOP *** [9c 6d 5s]
TheMuppet: checks
Kajind: checks
*** TURN *** [9c 6d 5s] [2d]
TheMuppet: bets $6
Kajind: calls $6
*** RIVER *** [9c 6d 5s 2d] [4d]
TheMuppet: bets $6
Kajind: folds
Uncalled bet ($6) returned to TheMuppet
TheMuppet collected $23.52 from pot
TheMuppet: doesn't show hand
*** SUMMARY ***
Total pot $24 | Rake $0.48
Board [9c 6d 5s 2d 4d]
Seat 3: TheMuppet (big blind) collected ($23.52)
Seat 5: Kajind (button) (small blind) folded on the River


PokerStars Hand #161356635239:  Hold'em Limit ($3/$6 USD) - 2016/11/13 15:52:45 ET
Table 'Hedera' 6-max Seat #3 is the button
Seat 3: TheMuppet ($190.54 in chips)
Seat 5: Kajind ($72 in chips)
TheMuppet: posts small blind $1
Kajind: posts big blind $3
*** HOLE CARDS ***
TheMuppet: raises $3 to $6
Kajind: raises $3 to $9
TheMuppet: calls $3
*** FLOP *** [Tc 2c 5c]
Kajind: bets $3
TheMuppet: folds
Uncalled bet ($3) returned to Kajind
Kajind collected $17.64 from pot
Kajind: doesn't show hand
*** SUMMARY ***
Total pot $18 | Rake $0.36
Board [Tc 2c 5c]
Seat 3: TheMuppet (button) (small blind) folded on the Flop
Seat 5: Kajind (big blind) collected ($17.64)


PokerStars Hand #161356620638:  Hold'em Limit ($3/$6 USD) - 2016/11/13 15:52:31 ET
Table 'Hedera' 6-max Seat #5 is the button
Seat 3: TheMuppet ($179.02 in chips)
Seat 5: Kajind ($72 in chips)
Kajind: posts small blind $1
TheMuppet: posts big blind $3
*** HOLE CARDS ***
Kajind: raises $3 to $6
TheMuppet: calls $3
*** FLOP *** [9d Qh 2h]
TheMuppet: checks
Kajind: bets $3
TheMuppet: raises $3 to $6
Kajind: calls $3
*** TURN *** [9d Qh 2h] [5c]
TheMuppet: bets $6
Kajind: folds
Uncalled bet ($6) returned to TheMuppet
TheMuppet collected $23.52 from pot
TheMuppet: doesn't show hand
*** SUMMARY ***
Total pot $24 | Rake $0.48
Board [9d Qh 2h 5c]
Seat 3: TheMuppet (big blind) collected ($23.52)
Seat 5: Kajind (button) (small blind) folded on the Turn


PokerStars Hand #161356686558:  Hold'em Limit ($3/$6 USD) - 2016/11/13 15:53:34 ET
Table 'Hedera' 6-max Seat #3 is the button
Seat 3: TheMuppet ($225.56 in chips)
Seat 5: Kajind ($75 in chips)
TheMuppet: posts small blind $1
Kajind: posts big blind $3
*** HOLE CARDS ***
TheMuppet: raises $3 to $6
Kajind: calls $3
*** FLOP *** [Ad 4h Tc]
Kajind: checks
TheMuppet: bets $3
Kajind: calls $3
*** TURN *** [Ad 4h Tc] [Qc]
Kajind: checks
TheMuppet: checks
*** RIVER *** [Ad 4h Tc Qc] [Qh]
Kajind: bets $6
TheMuppet: folds
Uncalled bet ($6) returned to Kajind
Kajind collected $17.64 from pot
Kajind: doesn't show hand
*** SUMMARY ***
Total pot $18 | Rake $0.36
Board [Ad 4h Tc Qc Qh]
Seat 3: TheMuppet (button) (small blind) folded on the River
Seat 5: Kajind (big blind) collected ($17.64)


PokerStars Hand #161356593505:  Hold'em Limit ($3/$6 USD) - 2016/11/13 15:52:05 ET
Table 'Hedera' 6-max Seat #5 is the button
Seat 3: TheMuppet ($161.74 in chips)
Seat 5: Kajind ($87.28 in chips)
Kajind: posts small blind $1
TheMuppet: posts big blind $3
*** HOLE CARDS ***
Kajind: raises $3 to $6
TheMuppet: raises $3 to $9
Kajind: calls $3
*** FLOP *** [6s 5h 7d]
TheMuppet: bets $3
Kajind: calls $3
*** TURN *** [6s 5h 7d] [2h]
TheMuppet: checks
Kajind: checks
*** RIVER *** [6s 5h 7d 2h] [3s]
TheMuppet: bets $6
Kajind: folds
Uncalled bet ($6) returned to TheMuppet
TheMuppet collected $23.52 from pot
TheMuppet: doesn't show hand
*** SUMMARY ***
Total pot $24 | Rake $0.48
Board [6s 5h 7d 2h 3s]
Seat 3: TheMuppet (big blind) collected ($23.52)
Seat 5: Kajind (button) (small blind) folded on the River


