PokerStars Hand #148716040061:  Hold'em Limit ($3/$6 USD) - 2016/02/13 4:15:35 ET
Table 'Hedwig' 6-max Seat #1 is the button
Seat 1: VolkovDmitri ($120 in chips)
Seat 2: hairy1961 ($60 in chips)
VolkovDmitri: posts small blind $1
hairy1961: posts big blind $3
*** HOLE CARDS ***
VolkovDmitri: raises $3 to $6
hairy1961: calls $3
*** FLOP *** [Jc 6d 4s]
hairy1961: checks
VolkovDmitri: bets $3
hairy1961: calls $3
*** TURN *** [Jc 6d 4s] [Js]
hairy1961: checks
VolkovDmitri: checks
*** RIVER *** [Jc 6d 4s Js] [Ac]
hairy1961: checks
VolkovDmitri: checks
*** SHOW DOWN ***
hairy1961: shows [8d Ah] (two pair, Aces and Jacks)
VolkovDmitri: mucks hand
hairy1961 collected $17.64 from pot
*** SUMMARY ***
Total pot $18 | Rake $0.36
Board [Jc 6d 4s Js Ac]
Seat 1: VolkovDmitri (button) (small blind) mucked
Seat 2: hairy1961 (big blind) showed [8d Ah] and won ($17.64) with two pair, Aces and Jacks


PokerStars Hand #148716070344:  Hold'em Limit ($3/$6 USD) - 2016/02/13 4:16:45 ET
Table 'Hedwig' 6-max Seat #2 is the button
Seat 1: VolkovDmitri ($124 in chips)
Seat 2: hairy1961 ($64.64 in chips)
hairy1961: posts small blind $1
VolkovDmitri: posts big blind $3
*** HOLE CARDS ***
hairy1961: raises $3 to $6
VolkovDmitri: calls $3
*** FLOP *** [5h Qc 6s]
VolkovDmitri: checks
hairy1961: bets $3
VolkovDmitri: raises $3 to $6
hairy1961: calls $3
*** TURN *** [5h Qc 6s] [8d]
VolkovDmitri: bets $6
hairy1961: calls $6
*** RIVER *** [5h Qc 6s 8d] [Ac]
VolkovDmitri: checks
hairy1961: bets $6
VolkovDmitri: calls $6
*** SHOW DOWN ***
hairy1961: shows [7h 6c] (a pair of Sixes)
VolkovDmitri: shows [Tc 6d] (a pair of Sixes - Ace+Queen+Ten kicker)
VolkovDmitri collected $47.50 from pot
*** SUMMARY ***
Total pot $48 | Rake $0.50
Board [5h Qc 6s 8d Ac]
Seat 1: VolkovDmitri (big blind) showed [Tc 6d] and won ($47.50) with a pair of Sixes
Seat 2: hairy1961 (button) (small blind) showed [7h 6c] and lost with a pair of Sixes


PokerStars Hand #148716063154:  Hold'em Limit ($3/$6 USD) - 2016/02/13 4:16:28 ET
Table 'Hedwig' 6-max Seat #1 is the button
Seat 1: VolkovDmitri ($121 in chips)
Seat 2: hairy1961 ($67.64 in chips)
VolkovDmitri: posts small blind $1
hairy1961: posts big blind $3
*** HOLE CARDS ***
VolkovDmitri: raises $3 to $6
hairy1961: folds
Uncalled bet ($3) returned to VolkovDmitri
VolkovDmitri collected $6 from pot
VolkovDmitri: doesn't show hand
*** SUMMARY ***
Total pot $6 | Rake $0
Seat 1: VolkovDmitri (button) (small blind) collected ($6)
Seat 2: hairy1961 (big blind) folded before Flop


PokerStars Hand #148716055473:  Hold'em Limit ($3/$6 USD) - 2016/02/13 4:16:11 ET
Table 'Hedwig' 6-max Seat #2 is the button
Seat 1: VolkovDmitri ($120 in chips)
Seat 2: hairy1961 ($68.64 in chips)
hairy1961: posts small blind $1
VolkovDmitri: posts big blind $3
*** HOLE CARDS ***
hairy1961: folds
Uncalled bet ($2) returned to VolkovDmitri
VolkovDmitri collected $2 from pot
VolkovDmitri: doesn't show hand
*** SUMMARY ***
Total pot $2 | Rake $0
Seat 1: VolkovDmitri (big blind) collected ($2)
Seat 2: hairy1961 (button) (small blind) folded before Flop


PokerStars Hand #148716091976:  Hold'em Limit ($3/$6 USD) - 2016/02/13 4:17:35 ET
Table 'Hedwig' 6-max Seat #1 is the button
Seat 1: VolkovDmitri ($147.50 in chips)
Seat 2: hairy1961 ($40.64 in chips)
VolkovDmitri: posts small blind $1
hairy1961: posts big blind $3
*** HOLE CARDS ***
VolkovDmitri: raises $3 to $6
hairy1961: calls $3
*** FLOP *** [9h As 7s]
bandita747 joins the table at seat #6
hairy1961: checks
VolkovDmitri: bets $3
hairy1961: folds
Uncalled bet ($3) returned to VolkovDmitri
VolkovDmitri collected $11.76 from pot
VolkovDmitri: doesn't show hand
*** SUMMARY ***
Total pot $12 | Rake $0.24
Board [9h As 7s]
Seat 1: VolkovDmitri (button) (small blind) collected ($11.76)
Seat 2: hairy1961 (big blind) folded on the Flop


PokerStars Hand #148716089112:  Hold'em Limit ($3/$6 USD) - 2016/02/13 4:17:28 ET
Table 'Hedwig' 6-max Seat #2 is the button
Seat 1: VolkovDmitri ($146.50 in chips)
Seat 2: hairy1961 ($41.64 in chips)
hairy1961: posts small blind $1
VolkovDmitri: posts big blind $3
*** HOLE CARDS ***
hairy1961: folds
Uncalled bet ($2) returned to VolkovDmitri
VolkovDmitri collected $2 from pot
VolkovDmitri: doesn't show hand
*** SUMMARY ***
Total pot $2 | Rake $0
Seat 1: VolkovDmitri (big blind) collected ($2)
Seat 2: hairy1961 (button) (small blind) folded before Flop


PokerStars Hand #148716086280:  Hold'em Limit ($3/$6 USD) - 2016/02/13 4:17:22 ET
Table 'Hedwig' 6-max Seat #1 is the button
Seat 1: VolkovDmitri ($147.50 in chips)
Seat 2: hairy1961 ($40.64 in chips)
VolkovDmitri: posts small blind $1
hairy1961: posts big blind $3
*** HOLE CARDS ***
VolkovDmitri: folds
Uncalled bet ($2) returned to hairy1961
hairy1961 collected $2 from pot
*** SUMMARY ***
Total pot $2 | Rake $0
Seat 1: VolkovDmitri (button) (small blind) folded before Flop
Seat 2: hairy1961 (big blind) collected ($2)


PokerStars Hand #148716693689:  Hold'em Limit ($3/$6 USD) - 2016/02/13 4:40:09 ET
Table 'Hedwig' 6-max Seat #2 is the button
Seat 1: VolkovDmitri ($194.42 in chips)
Seat 2: HeinzelZwerg ($132.25 in chips)
HeinzelZwerg: posts small blind $1
TbIP-TbIP 88: is sitting out
krossguard: is sitting out
VolkovDmitri: posts big blind $3
*** HOLE CARDS ***
HeinzelZwerg: raises $3 to $6
VolkovDmitri: calls $3
*** FLOP *** [As 3c 9d]
krossguard leaves the table
VolkovDmitri: checks
HeinzelZwerg: bets $3
VolkovDmitri: calls $3
*** TURN *** [As 3c 9d] [2h]
VolkovDmitri: checks
HeinzelZwerg: bets $6
degal76 joins the table at seat #6
VolkovDmitri: calls $6
*** RIVER *** [As 3c 9d 2h] [7c]
VolkovDmitri: checks
HeinzelZwerg: checks
*** SHOW DOWN ***
VolkovDmitri: shows [Kd 9c] (a pair of Nines)
HeinzelZwerg: mucks hand
VolkovDmitri collected $29.50 from pot
*** SUMMARY ***
Total pot $30 | Rake $0.50
Board [As 3c 9d 2h 7c]
Seat 1: VolkovDmitri (big blind) showed [Kd 9c] and won ($29.50) with a pair of Nines
Seat 2: HeinzelZwerg (button) (small blind) mucked


PokerStars Hand #148716717575:  Hold'em Limit ($3/$6 USD) - 2016/02/13 4:41:02 ET
Table 'Hedwig' 6-max Seat #6 is the button
Seat 1: VolkovDmitri ($211.92 in chips)
Seat 6: degal76 ($117 in chips)
degal76: posts small blind $1
VolkovDmitri: posts big blind $3
*** HOLE CARDS ***
degal76: folds
Uncalled bet ($2) returned to VolkovDmitri
VolkovDmitri collected $2 from pot
VolkovDmitri: doesn't show hand
*** SUMMARY ***
Total pot $2 | Rake $0
Seat 1: VolkovDmitri (big blind) collected ($2)
Seat 6: degal76 (button) (small blind) folded before Flop


PokerStars Hand #148716713781:  Hold'em Limit ($3/$6 USD) - 2016/02/13 4:40:53 ET
Table 'Hedwig' 6-max Seat #1 is the button
Seat 1: VolkovDmitri ($208.92 in chips)
Seat 6: degal76 ($120 in chips)
VolkovDmitri: posts small blind $1
degal76: posts big blind $3
*** HOLE CARDS ***
VolkovDmitri: raises $3 to $6
HeinzelZwerg leaves the table
degal76: folds
Uncalled bet ($3) returned to VolkovDmitri
VolkovDmitri collected $6 from pot
VolkovDmitri: doesn't show hand
*** SUMMARY ***
Total pot $6 | Rake $0
Seat 1: VolkovDmitri (button) (small blind) collected ($6)
Seat 6: degal76 (big blind) folded before Flop


PokerStars Hand #148716720151:  Hold'em Limit ($3/$6 USD) - 2016/02/13 4:41:07 ET
Table 'Hedwig' 6-max Seat #1 is the button
Seat 1: VolkovDmitri ($212.92 in chips)
Seat 6: degal76 ($116 in chips)
VolkovDmitri: posts small blind $1
degal76: posts big blind $3
*** HOLE CARDS ***
VolkovDmitri: raises $3 to $6
degal76: folds
Uncalled bet ($3) returned to VolkovDmitri
VolkovDmitri collected $6 from pot
VolkovDmitri: doesn't show hand
degal76 leaves the table
*** SUMMARY ***
Total pot $6 | Rake $0
Seat 1: VolkovDmitri (button) (small blind) collected ($6)
Seat 6: degal76 (big blind) folded before Flop


