PokerStars Hand #148834468955:  Hold'em Limit ($3/$6 USD) - 2016/02/15 5:55:07 ET
Table 'Hedwig' 6-max Seat #1 is the button
Seat 1: VolkovDmitri ($137.50 in chips)
Seat 2: Andredias950 ($102 in chips)
VolkovDmitri: posts small blind $1
Andredias950: posts big blind $3
*** HOLE CARDS ***
VolkovDmitri: raises $3 to $6
Andredias950: folds
Uncalled bet ($3) returned to VolkovDmitri
VolkovDmitri collected $6 from pot
VolkovDmitri: doesn't show hand
*** SUMMARY ***
Total pot $6 | Rake $0
Seat 1: VolkovDmitri (button) (small blind) collected ($6)
Seat 2: Andredias950 (big blind) folded before Flop


PokerStars Hand #148834459001:  Hold'em Limit ($3/$6 USD) - 2016/02/15 5:54:47 ET
Table 'Hedwig' 6-max Seat #2 is the button
Seat 1: VolkovDmitri ($123 in chips)
Seat 2: Andredias950 ($117 in chips)
Andredias950: posts small blind $1
VolkovDmitri: posts big blind $3
*** HOLE CARDS ***
Andredias950: calls $2
VolkovDmitri: raises $3 to $6
Andredias950: calls $3
*** FLOP *** [8d 9s 6s]
VolkovDmitri: bets $3
Andredias950: calls $3
*** TURN *** [8d 9s 6s] [8s]
VolkovDmitri: bets $6
Andredias950: calls $6
*** RIVER *** [8d 9s 6s 8s] [As]
VolkovDmitri: checks
Andredias950: checks
*** SHOW DOWN ***
VolkovDmitri: shows [9c Qc] (two pair, Nines and Eights)
chipmover360 joins the table at seat #3
Andredias950: mucks hand
VolkovDmitri collected $29.50 from pot
*** SUMMARY ***
Total pot $30 | Rake $0.50
Board [8d 9s 6s 8s As]
Seat 1: VolkovDmitri (big blind) showed [9c Qc] and won ($29.50) with two pair, Nines and Eights
Seat 2: Andredias950 (button) (small blind) mucked


