PokerStars Hand #144534924952:  Hold'em Limit ($3/$6 USD) - 2015/11/28 19:21:55 ET
Table 'Hedwig' 6-max Seat #3 is the button
Seat 3: Philly0813 ($114.65 in chips)
Seat 4: tritratru ($150 in chips)
Philly0813: posts small blind $1
tritratru: posts big blind $3
*** HOLE CARDS ***
iskambil joins the table at seat #2
Philly0813: folds
Uncalled bet ($2) returned to tritratru
tritratru collected $2 from pot
*** SUMMARY ***
Total pot $2 | Rake $0
Seat 3: Philly0813 (button) (small blind) folded before Flop
Seat 4: tritratru (big blind) collected ($2)


PokerStars Hand #144535867486:  Hold'em Limit ($3/$6 USD) - 2015/11/28 19:47:12 ET
Table 'Hedwig' 6-max Seat #3 is the button
Seat 1: korrnel ($295.44 in chips)
Seat 3: Philly0813 ($113.88 in chips)
Philly0813: posts small blind $1
korrnel: posts big blind $3
*** HOLE CARDS ***
Philly0813: folds
Uncalled bet ($2) returned to korrnel
korrnel collected $2 from pot
korrnel: doesn't show hand
*** SUMMARY ***
Total pot $2 | Rake $0
Seat 1: korrnel (big blind) collected ($2)
Seat 3: Philly0813 (button) (small blind) folded before Flop


PokerStars Hand #144535870912:  Hold'em Limit ($3/$6 USD) - 2015/11/28 19:47:18 ET
Table 'Hedwig' 6-max Seat #1 is the button
Seat 1: korrnel ($296.44 in chips)
Seat 3: Philly0813 ($112.88 in chips)
korrnel: posts small blind $1
Philly0813: posts big blind $3
*** HOLE CARDS ***
korrnel: raises $3 to $6
Philly0813: calls $3
*** FLOP *** [5d Qd Kc]
Philly0813: checks
korrnel: bets $3
Philly0813: raises $3 to $6
korrnel: calls $3
*** TURN *** [5d Qd Kc] [9s]
Philly0813: bets $6
korrnel: raises $6 to $12
Philly0813: calls $6
*** RIVER *** [5d Qd Kc 9s] [Jc]
Philly0813: checks
korrnel: checks
*** SHOW DOWN ***
Philly0813: shows [Kh 9d] (two pair, Kings and Nines)
korrnel: mucks hand
Philly0813 collected $47.50 from pot
*** SUMMARY ***
Total pot $48 | Rake $0.50
Board [5d Qd Kc 9s Jc]
Seat 1: korrnel (button) (small blind) mucked
Seat 3: Philly0813 (big blind) showed [Kh 9d] and won ($47.50) with two pair, Kings and Nines


PokerStars Hand #144536857421:  Hold'em Limit ($3/$6 USD) - 2015/11/28 20:17:18 ET
Table 'Hedwig' 6-max Seat #6 is the button
Seat 1: Velbor107 ($305.50 in chips)
Seat 6: vakten10 ($113.64 in chips)
vakten10: posts small blind $1
Velbor107: posts big blind $3
*** HOLE CARDS ***
vakten10: raises $3 to $6
Velbor107: raises $3 to $9
vakten10: calls $3
*** FLOP *** [3c As Ks]
Velbor107: bets $3
vakten10: folds
Uncalled bet ($3) returned to Velbor107
Velbor107 collected $17.64 from pot
*** SUMMARY ***
Total pot $18 | Rake $0.36
Board [3c As Ks]
Seat 1: Velbor107 (big blind) collected ($17.64)
Seat 6: vakten10 (button) (small blind) folded on the Flop


PokerStars Hand #144536818946:  Hold'em Limit ($3/$6 USD) - 2015/11/28 20:16:08 ET
Table 'Hedwig' 6-max Seat #6 is the button
Seat 1: Velbor107 ($300 in chips)
Seat 6: vakten10 ($120 in chips)
vakten10: posts small blind $1
Velbor107: posts big blind $3
*** HOLE CARDS ***
vakten10: raises $3 to $6
Velbor107: calls $3
*** FLOP *** [Tc Jd Jc]
Velbor107: checks
vakten10: bets $3
Velbor107: raises $3 to $6
vakten10: raises $3 to $9
Velbor107: raises $3 to $12
Betting is capped
vakten10: folds
Uncalled bet ($3) returned to Velbor107
Velbor107 collected $29.50 from pot
*** SUMMARY ***
Total pot $30 | Rake $0.50
Board [Tc Jd Jc]
Seat 1: Velbor107 (big blind) collected ($29.50)
Seat 6: vakten10 (button) (small blind) folded on the Flop


PokerStars Hand #144536846319:  Hold'em Limit ($3/$6 USD) - 2015/11/28 20:16:58 ET
Table 'Hedwig' 6-max Seat #1 is the button
Seat 1: Velbor107 ($314.50 in chips)
Seat 6: vakten10 ($105 in chips)
Velbor107: posts small blind $1
vakten10: posts big blind $3
*** HOLE CARDS ***
Velbor107: raises $3 to $6
vakten10: calls $3
*** FLOP *** [9s 6s Kh]
vakten10: checks
Velbor107: bets $3
vakten10: raises $3 to $6
Velbor107: folds
Uncalled bet ($3) returned to vakten10
vakten10 collected $17.64 from pot
vakten10: doesn't show hand
*** SUMMARY ***
Total pot $18 | Rake $0.36
Board [9s 6s Kh]
Seat 1: Velbor107 (button) (small blind) folded on the Flop
Seat 6: vakten10 (big blind) collected ($17.64)


PokerStars Hand #144538360347:  Hold'em Limit ($3/$6 USD) - 2015/11/28 21:07:38 ET
Table 'Hedwig' 6-max Seat #1 is the button
Seat 1: pool junkie ($272.72 in chips)
Seat 2: scorpio04 ($75 in chips)
pool junkie: posts small blind $1
scorpio04: posts big blind $3
*** HOLE CARDS ***
pool junkie: folds
Uncalled bet ($2) returned to scorpio04
scorpio04 collected $2 from pot
scorpio04: doesn't show hand
*** SUMMARY ***
Total pot $2 | Rake $0
Seat 1: pool junkie (button) (small blind) folded before Flop
Seat 2: scorpio04 (big blind) collected ($2)


PokerStars Hand #144538355864:  Hold'em Limit ($3/$6 USD) - 2015/11/28 21:07:28 ET
Table 'Hedwig' 6-max Seat #2 is the button
Seat 1: pool junkie ($275.72 in chips)
Seat 2: scorpio04 ($72 in chips)
scorpio04: posts small blind $1
SlickDickey: is sitting out
pool junkie: posts big blind $3
*** HOLE CARDS ***
scorpio04: raises $3 to $6
pool junkie: folds
Uncalled bet ($3) returned to scorpio04
scorpio04 collected $6 from pot
scorpio04: doesn't show hand
*** SUMMARY ***
Total pot $6 | Rake $0
Seat 1: pool junkie (big blind) folded before Flop
Seat 2: scorpio04 (button) (small blind) collected ($6)


