PokerStars Hand #170870366749:  Hold'em Limit ($3/$6 USD) - 2017/05/24 17:26:26 ET
Table 'Hedwig' 6-max Seat #5 is the button
Seat 5: Bonkman05 ($108.35 in chips)
Seat 6: Chessnok ($255.10 in chips)
Bonkman05: posts small blind $1
Chessnok: posts big blind $3
*** HOLE CARDS ***
Bonkman05: folds
Uncalled bet ($2) returned to Chessnok
Chessnok collected $2 from pot
Bonkman05 leaves the table
Chessnok: doesn't show hand
Moodymud leaves the table
*** SUMMARY ***
Total pot $2 | Rake $0
Seat 5: Bonkman05 (button) (small blind) folded before Flop
Seat 6: Chessnok (big blind) collected ($2)


PokerStars Hand #170870362840:  Hold'em Limit ($3/$6 USD) - 2017/05/24 17:26:21 ET
Table 'Hedwig' 6-max Seat #6 is the button
Seat 5: Bonkman05 ($107.35 in chips)
Seat 6: Chessnok ($256.10 in chips)
Chessnok: posts small blind $1
Jack_Wu1985: is sitting out
Bonkman05: posts big blind $3
*** HOLE CARDS ***
Chessnok: folds
Uncalled bet ($2) returned to Bonkman05
Bonkman05 collected $2 from pot
Bonkman05: doesn't show hand
*** SUMMARY ***
Total pot $2 | Rake $0
Seat 5: Bonkman05 (big blind) collected ($2)
Seat 6: Chessnok (button) (small blind) folded before Flop


