PokerStars Hand #169617049072:  Hold'em Limit ($3/$6 USD) - 2017/04/27 4:28:22 ET
Table 'Heidelberga' 6-max Seat #5 is the button
Seat 1: threeeyejack ($165.42 in chips)
Seat 5: conanboy ($18.37 in chips)
conanboy: posts small blind $1
threeeyejack: posts big blind $3
*** HOLE CARDS ***
conanboy: folds
Uncalled bet ($2) returned to threeeyejack
threeeyejack collected $2 from pot
threeeyejack: doesn't show hand
*** SUMMARY ***
Total pot $2 | Rake $0
Seat 1: threeeyejack (big blind) collected ($2)
Seat 5: conanboy (button) (small blind) folded before Flop


PokerStars Hand #169617039569:  Hold'em Limit ($3/$6 USD) - 2017/04/27 4:27:52 ET
Table 'Heidelberga' 6-max Seat #1 is the button
Seat 1: threeeyejack ($150.92 in chips)
Seat 5: conanboy ($33.37 in chips)
threeeyejack: posts small blind $1
Ale4o: is sitting out
conanboy: posts big blind $3
*** HOLE CARDS ***
Ale4o leaves the table
threeeyejack: raises $3 to $6
conanboy: calls $3
*** FLOP *** [2s Th 2d]
conanboy: checks
threeeyejack: bets $3
conanboy: calls $3
*** TURN *** [2s Th 2d] [Ts]
conanboy: bets $6
Scheubi88 joins the table at seat #2
threeeyejack: calls $6
*** RIVER *** [2s Th 2d Ts] [5c]
conanboy: checks
threeeyejack: bets $6
conanboy: folds
Uncalled bet ($6) returned to threeeyejack
threeeyejack collected $29.50 from pot
threeeyejack: doesn't show hand
*** SUMMARY ***
Total pot $30 | Rake $0.50
Board [2s Th 2d Ts 5c]
Seat 1: threeeyejack (button) (small blind) collected ($29.50)
Seat 5: conanboy (big blind) folded on the River


