PokerStars Hand #147425892221:  Hold'em Limit ($3/$6 USD) - 2016/01/21 11:31:09 ET
Table 'Heidelberga III' 6-max Seat #1 is the button
Seat 1: ME HAPPYBEE ($166.36 in chips)
Seat 3: Johnliu ($181.64 in chips)
ME HAPPYBEE: posts small blind $1
Johnliu: posts big blind $3
*** HOLE CARDS ***
ME HAPPYBEE: raises $3 to $6
Johnliu: folds
Uncalled bet ($3) returned to ME HAPPYBEE
ME HAPPYBEE collected $6 from pot
ME HAPPYBEE: doesn't show hand
*** SUMMARY ***
Total pot $6 | Rake $0
Seat 1: ME HAPPYBEE (button) (small blind) collected ($6)
Seat 3: Johnliu (big blind) folded before Flop


PokerStars Hand #147425873455:  Hold'em Limit ($3/$6 USD) - 2016/01/21 11:30:47 ET
Table 'Heidelberga III' 6-max Seat #3 is the button
Seat 1: ME HAPPYBEE ($172.36 in chips)
Seat 3: Johnliu ($175.88 in chips)
Johnliu: posts small blind $1
ME HAPPYBEE: posts big blind $3
*** HOLE CARDS ***
Johnliu: raises $3 to $6
ME HAPPYBEE: calls $3
*** FLOP *** [6c 6h Th]
yayaya joins the table at seat #4
ME HAPPYBEE: checks
Johnliu: bets $3
ME HAPPYBEE: folds
Uncalled bet ($3) returned to Johnliu
Johnliu collected $11.76 from pot
Johnliu: doesn't show hand
*** SUMMARY ***
Total pot $12 | Rake $0.24
Board [6c 6h Th]
Seat 1: ME HAPPYBEE (big blind) folded on the Flop
Seat 3: Johnliu (button) (small blind) collected ($11.76)


PokerStars Hand #147425865732:  Hold'em Limit ($3/$6 USD) - 2016/01/21 11:30:39 ET
Table 'Heidelberga III' 6-max Seat #1 is the button
Seat 1: ME HAPPYBEE ($173.36 in chips)
Seat 3: Johnliu ($174.88 in chips)
ME HAPPYBEE: posts small blind $1
aless284: is sitting out
Johnliu: posts big blind $3
*** HOLE CARDS ***
aless284 leaves the table
ME HAPPYBEE: folds
Uncalled bet ($2) returned to Johnliu
Johnliu collected $2 from pot
Johnliu: doesn't show hand
*** SUMMARY ***
Total pot $2 | Rake $0
Seat 1: ME HAPPYBEE (button) (small blind) folded before Flop
Seat 3: Johnliu (big blind) collected ($2)


PokerStars Hand #147429157278:  Hold'em Limit ($3/$6 USD) - 2016/01/21 12:31:10 ET
Table 'Heidelberga III' 6-max Seat #2 is the button
Seat 1: vladal 888 ($121.71 in chips)
Seat 2: TinaTurner72 ($83.84 in chips)
TinaTurner72: posts small blind $1
Pokali: is sitting out
vladal 888: posts big blind $3
*** HOLE CARDS ***
Pokali leaves the table
TinaTurner72: folds
Uncalled bet ($2) returned to vladal 888
vladal 888 collected $2 from pot
*** SUMMARY ***
Total pot $2 | Rake $0
Seat 1: vladal 888 (big blind) collected ($2)
Seat 2: TinaTurner72 (button) (small blind) folded before Flop


PokerStars Hand #147429166813:  Hold'em Limit ($3/$6 USD) - 2016/01/21 12:31:20 ET
Table 'Heidelberga III' 6-max Seat #1 is the button
Seat 1: vladal 888 ($122.71 in chips)
Seat 2: TinaTurner72 ($82.84 in chips)
vladal 888: posts small blind $1
TinaTurner72: posts big blind $3
*** HOLE CARDS ***
vladal 888: raises $3 to $6
TinaTurner72: raises $3 to $9
vladal 888: calls $3
*** FLOP *** [3d 9d 9h]
TinaTurner72: bets $3
vladal 888: calls $3
*** TURN *** [3d 9d 9h] [6c]
viviangle leaves the table
TinaTurner72: bets $6
vladal 888: folds
Uncalled bet ($6) returned to TinaTurner72
TinaTurner72 collected $23.52 from pot
TinaTurner72: doesn't show hand
*** SUMMARY ***
Total pot $24 | Rake $0.48
Board [3d 9d 9h 6c]
Seat 1: vladal 888 (button) (small blind) folded on the Turn
Seat 2: TinaTurner72 (big blind) collected ($23.52)


