PokerStars Hand #145819855559:  Hold'em Limit ($3/$6 USD) - 2015/12/23 18:28:56 ET
Table 'Heidelberga' 6-max Seat #3 is the button
Seat 3: musto111 ($29 in chips)
Seat 4: Velbor107 ($350 in chips)
musto111: posts small blind $1
Velbor107: posts big blind $3
*** HOLE CARDS ***
musto111: raises $3 to $6
Velbor107: folds
Uncalled bet ($3) returned to musto111
musto111 collected $6 from pot
*** SUMMARY ***
Total pot $6 | Rake $0
Seat 3: musto111 (button) (small blind) collected ($6)
Seat 4: Velbor107 (big blind) folded before Flop


PokerStars Hand #145819828966:  Hold'em Limit ($3/$6 USD) - 2015/12/23 18:28:25 ET
Table 'Heidelberga' 6-max Seat #4 is the button
Seat 3: musto111 ($56 in chips)
Seat 4: Velbor107 ($323.50 in chips)
Velbor107: posts small blind $1
musto111: posts big blind $3
*** HOLE CARDS ***
Velbor107: raises $3 to $6
musto111: raises $3 to $9
Velbor107: calls $3
*** FLOP *** [5d Qh 7s]
musto111: bets $3
Velbor107: raises $3 to $6
musto111: calls $3
*** TURN *** [5d Qh 7s] [6s]
musto111: checks
vestimokrec joins the table at seat #5
Velbor107: bets $6
musto111: calls $6
*** RIVER *** [5d Qh 7s 6s] [7c]
musto111: checks
Velbor107: bets $6
musto111: calls $6
*** SHOW DOWN ***
Velbor107: shows [Ks Kd] (two pair, Kings and Sevens)
musto111: mucks hand
Velbor107 collected $53.50 from pot
*** SUMMARY ***
Total pot $54 | Rake $0.50
Board [5d Qh 7s 6s 7c]
Seat 3: musto111 (big blind) mucked
Seat 4: Velbor107 (button) (small blind) showed [Ks Kd] and won ($53.50) with two pair, Kings and Sevens


PokerStars Hand #145819868665:  Hold'em Limit ($3/$6 USD) - 2015/12/23 18:29:12 ET
Table 'Heidelberga' 6-max Seat #4 is the button
Seat 3: musto111 ($32 in chips)
Seat 4: Velbor107 ($347 in chips)
Velbor107: posts small blind $1
musto111: posts big blind $3
*** HOLE CARDS ***
Velbor107: raises $3 to $6
musto111: calls $3
*** FLOP *** [5d 5c Kc]
musto111: checks
Velbor107: bets $3
musto111: raises $3 to $6
ChrisTuff joins the table at seat #6
Velbor107: calls $3
*** TURN *** [5d 5c Kc] [Js]
musto111: bets $6
Velbor107: calls $6
*** RIVER *** [5d 5c Kc Js] [5s]
musto111: bets $6
Velbor107: calls $6
*** SHOW DOWN ***
musto111: shows [Kd 6d] (a full house, Fives full of Kings)
Velbor107: mucks hand
musto111 collected $47.50 from pot
*** SUMMARY ***
Total pot $48 | Rake $0.50
Board [5d 5c Kc Js 5s]
Seat 3: musto111 (big blind) showed [Kd 6d] and won ($47.50) with a full house, Fives full of Kings
Seat 4: Velbor107 (button) (small blind) mucked


PokerStars Hand #145819940270:  Hold'em Limit ($3/$6 USD) - 2015/12/23 18:30:34 ET
Table 'Heidelberga' 6-max Seat #3 is the button
Seat 3: musto111 ($55.50 in chips)
Seat 4: Velbor107 ($323 in chips)
musto111: posts small blind $1
Velbor107: posts big blind $3
*** HOLE CARDS ***
musto111: raises $3 to $6
Velbor107: calls $3
*** FLOP *** [Kd 3s 8d]
musto111 said, "zzzz"
Velbor107: checks
musto111: bets $3
Velbor107: raises $3 to $6
musto111: calls $3
*** TURN *** [Kd 3s 8d] [As]
Velbor107: checks
musto111: bets $6
Velbor107: folds
Uncalled bet ($6) returned to musto111
musto111 collected $23.52 from pot
*** SUMMARY ***
Total pot $24 | Rake $0.48
Board [Kd 3s 8d As]
Seat 3: musto111 (button) (small blind) collected ($23.52)
Seat 4: Velbor107 (big blind) folded on the Turn


PokerStars Hand #145820302940:  Hold'em Limit ($3/$6 USD) - 2015/12/23 18:37:40 ET
Table 'Heidelberga' 6-max Seat #6 is the button
Seat 3: musto111 ($119.50 in chips)
Seat 6: ChrisTuff ($121 in chips)
ChrisTuff: posts small blind $1
musto111: posts big blind $3
*** HOLE CARDS ***
ChrisTuff: raises $3 to $6
musto111: raises $3 to $9
ChrisTuff: calls $3
*** FLOP *** [Qc Qs 7s]
musto111: bets $3
ChrisTuff: calls $3
*** TURN *** [Qc Qs 7s] [As]
musto111: bets $6
B_loJkl joins the table at seat #4
ChrisTuff: folds
Uncalled bet ($6) returned to musto111
musto111 collected $23.52 from pot
*** SUMMARY ***
Total pot $24 | Rake $0.48
Board [Qc Qs 7s As]
Seat 3: musto111 (big blind) collected ($23.52)
Seat 6: ChrisTuff (button) (small blind) folded on the Turn


PokerStars Hand #145820299178:  Hold'em Limit ($3/$6 USD) - 2015/12/23 18:37:36 ET
Table 'Heidelberga' 6-max Seat #3 is the button
Seat 3: musto111 ($120.50 in chips)
Seat 6: ChrisTuff ($120 in chips)
musto111: posts small blind $1
ChrisTuff: posts big blind $3
*** HOLE CARDS ***
musto111: folds
Uncalled bet ($2) returned to ChrisTuff
ChrisTuff collected $2 from pot
ChrisTuff: doesn't show hand
*** SUMMARY ***
Total pot $2 | Rake $0
Seat 3: musto111 (button) (small blind) folded before Flop
Seat 6: ChrisTuff (big blind) collected ($2)


PokerStars Hand #145820282688:  Hold'em Limit ($3/$6 USD) - 2015/12/23 18:37:16 ET
Table 'Heidelberga' 6-max Seat #6 is the button
Seat 3: musto111 ($88 in chips)
Seat 6: ChrisTuff ($134.10 in chips)
ChrisTuff: posts small blind $1
musto111: posts big blind $3
*** HOLE CARDS ***
ChrisTuff: raises $3 to $6
musto111: raises $3 to $9
ChrisTuff: raises $3 to $12
Betting is capped
musto111: calls $3
*** FLOP *** [Th 8s 5c]
musto111: checks
ChrisTuff: bets $3
musto111: calls $3
*** TURN *** [Th 8s 5c] [Td]
musto111: checks
ChrisTuff: bets $6
musto111: raises $6 to $12
ChrisTuff: calls $6
*** RIVER *** [Th 8s 5c Td] [4d]
musto111: bets $6
ChrisTuff: calls $6
*** SHOW DOWN ***
musto111: shows [Ks Kc] (two pair, Kings and Tens)
ChrisTuff: mucks hand
musto111 collected $65.50 from pot
*** SUMMARY ***
Total pot $66 | Rake $0.50
Board [Th 8s 5c Td 4d]
Seat 3: musto111 (big blind) showed [Ks Kc] and won ($65.50) with two pair, Kings and Tens
Seat 6: ChrisTuff (button) (small blind) mucked


