PokerStars Hand #174834258503:  Hold'em Limit ($3/$6 USD) - 2017/08/26 18:08:22 ET
Table 'Heike' 6-max Seat #3 is the button
Seat 2: Great_Kang ($204.12 in chips)
Seat 3: SLK500 ($27.74 in chips)
SLK500: posts small blind $1
Great_Kang: posts big blind $3
*** HOLE CARDS ***
SLK500: raises $3 to $6
Great_Kang: raises $3 to $9
SLK500: calls $3
*** FLOP *** [2c Kc 5d]
Great_Kang: bets $3
SLK500: calls $3
*** TURN *** [2c Kc 5d] [Kh]
Great_Kang: bets $6
SLK500: folds
Uncalled bet ($6) returned to Great_Kang
Great_Kang collected $23.52 from pot
Great_Kang: doesn't show hand
*** SUMMARY ***
Total pot $24 | Rake $0.48
Board [2c Kc 5d Kh]
Seat 2: Great_Kang (big blind) collected ($23.52)
Seat 3: SLK500 (button) (small blind) folded on the Turn


PokerStars Hand #174834274764:  Hold'em Limit ($3/$6 USD) - 2017/08/26 18:08:48 ET
Table 'Heike' 6-max Seat #2 is the button
Seat 2: Great_Kang ($215.64 in chips)
Seat 3: SLK500 ($15.74 in chips)
Great_Kang: posts small blind $1
SLK500: posts big blind $3
*** HOLE CARDS ***
Great_Kang: raises $3 to $6
SLK500: calls $3
*** FLOP *** [Ts Kc 5d]
SLK500: checks
Great_Kang: bets $3
SLK500: raises $3 to $6
Great_Kang: folds
Uncalled bet ($3) returned to SLK500
SLK500 collected $17.64 from pot
SLK500: doesn't show hand
*** SUMMARY ***
Total pot $18 | Rake $0.36
Board [Ts Kc 5d]
Seat 2: Great_Kang (button) (small blind) folded on the Flop
Seat 3: SLK500 (big blind) collected ($17.64)


PokerStars Hand #174835699184:  Hold'em Limit ($3/$6 USD) - 2017/08/26 18:47:16 ET
Table 'Heike' 6-max Seat #2 is the button
Seat 1: nedo1414 ($125.81 in chips)
Seat 2: Great_Kang ($200.62 in chips)
Great_Kang: posts small blind $1
Chessnok: is sitting out
nedo1414: posts big blind $3
*** HOLE CARDS ***
Great_Kang: raises $3 to $6
nedo1414: raises $3 to $9
Great_Kang: calls $3
*** FLOP *** [4s Jh Td]
nedo1414: bets $3
Great_Kang: calls $3
*** TURN *** [4s Jh Td] [7s]
nedo1414: bets $6
Great_Kang: raises $6 to $12
nedo1414: raises $6 to $18
Great_Kang: calls $6
*** RIVER *** [4s Jh Td 7s] [Kc]
nedo1414: bets $6
Great_Kang: calls $6
*** SHOW DOWN ***
nedo1414: shows [Tc Ts] (three of a kind, Tens)
Great_Kang: mucks hand
nedo1414 collected $71.50 from pot
*** SUMMARY ***
Total pot $72 | Rake $0.50
Board [4s Jh Td 7s Kc]
Seat 1: nedo1414 (big blind) showed [Tc Ts] and won ($71.50) with three of a kind, Tens
Seat 2: Great_Kang (button) (small blind) mucked


PokerStars Hand #174835757691:  Hold'em Limit ($3/$6 USD) - 2017/08/26 18:48:56 ET
Table 'Heike' 6-max Seat #1 is the button
Seat 1: nedo1414 ($161.31 in chips)
Seat 2: Great_Kang ($164.62 in chips)
nedo1414: posts small blind $1
Great_Kang: posts big blind $3
*** HOLE CARDS ***
nedo1414: folds
Uncalled bet ($2) returned to Great_Kang
Great_Kang collected $2 from pot
Great_Kang: doesn't show hand
*** SUMMARY ***
Total pot $2 | Rake $0
Seat 1: nedo1414 (button) (small blind) folded before Flop
Seat 2: Great_Kang (big blind) collected ($2)


PokerStars Hand #174835792420:  Hold'em Limit ($3/$6 USD) - 2017/08/26 18:49:56 ET
Table 'Heike' 6-max Seat #1 is the button
Seat 1: nedo1414 ($147.81 in chips)
Seat 2: Great_Kang ($176.88 in chips)
nedo1414: posts small blind $1
Great_Kang: posts big blind $3
*** HOLE CARDS ***
nedo1414: raises $3 to $6
Great_Kang: calls $3
*** FLOP *** [7c 8h 9h]
Great_Kang: checks
nedo1414: bets $3
Great_Kang: folds
Uncalled bet ($3) returned to nedo1414
nedo1414 collected $11.76 from pot
nedo1414: doesn't show hand
*** SUMMARY ***
Total pot $12 | Rake $0.24
Board [7c 8h 9h]
Seat 1: nedo1414 (button) (small blind) collected ($11.76)
Seat 2: Great_Kang (big blind) folded on the Flop


PokerStars Hand #174835765107:  Hold'em Limit ($3/$6 USD) - 2017/08/26 18:49:09 ET
Table 'Heike' 6-max Seat #2 is the button
Seat 1: nedo1414 ($160.31 in chips)
Seat 2: Great_Kang ($165.62 in chips)
Great_Kang: posts small blind $1
nedo1414: posts big blind $3
*** HOLE CARDS ***
Great_Kang: raises $3 to $6
nedo1414: calls $3
*** FLOP *** [7d 5h 2d]
nedo1414: checks
Great_Kang: bets $3
nedo1414: folds
Uncalled bet ($3) returned to Great_Kang
Great_Kang collected $11.76 from pot
Great_Kang: doesn't show hand
*** SUMMARY ***
Total pot $12 | Rake $0.24
Board [7d 5h 2d]
Seat 1: nedo1414 (big blind) folded on the Flop
Seat 2: Great_Kang (button) (small blind) collected ($11.76)


PokerStars Hand #174835772634:  Hold'em Limit ($3/$6 USD) - 2017/08/26 18:49:22 ET
Table 'Heike' 6-max Seat #1 is the button
Seat 1: nedo1414 ($154.31 in chips)
Seat 2: Great_Kang ($171.38 in chips)
nedo1414: posts small blind $1
Great_Kang: posts big blind $3
*** HOLE CARDS ***
nedo1414: raises $3 to $6
Great_Kang: raises $3 to $9
nedo1414: calls $3
*** FLOP *** [4c Ks Qd]
Great_Kang: bets $3
nedo1414: calls $3
*** TURN *** [4c Ks Qd] [7s]
Great_Kang: bets $6
nedo1414: calls $6
*** RIVER *** [4c Ks Qd 7s] [Jd]
Great_Kang: bets $6
nedo1414: calls $6
*** SHOW DOWN ***
Great_Kang: shows [Kh 9h] (a pair of Kings)
nedo1414: mucks hand
Great_Kang collected $47.50 from pot
*** SUMMARY ***
Total pot $48 | Rake $0.50
Board [4c Ks Qd 7s Jd]
Seat 1: nedo1414 (button) (small blind) mucked
Seat 2: Great_Kang (big blind) showed [Kh 9h] and won ($47.50) with a pair of Kings


PokerStars Hand #174835784826:  Hold'em Limit ($3/$6 USD) - 2017/08/26 18:49:43 ET
Table 'Heike' 6-max Seat #2 is the button
Seat 1: nedo1414 ($130.31 in chips)
Seat 2: Great_Kang ($194.88 in chips)
Great_Kang: posts small blind $1
nedo1414: posts big blind $3
*** HOLE CARDS ***
Great_Kang: raises $3 to $6
nedo1414: calls $3
*** FLOP *** [2h Qs 6h]
nedo1414: checks
Great_Kang: checks
*** TURN *** [2h Qs 6h] [Jh]
nedo1414: bets $6
Great_Kang: calls $6
*** RIVER *** [2h Qs 6h Jh] [8s]
nedo1414: bets $6
Great_Kang: calls $6
*** SHOW DOWN ***
nedo1414: shows [Th 3h] (a flush, Jack high)
Great_Kang: mucks hand
nedo1414 collected $35.50 from pot
*** SUMMARY ***
Total pot $36 | Rake $0.50
Board [2h Qs 6h Jh 8s]
Seat 1: nedo1414 (big blind) showed [Th 3h] and won ($35.50) with a flush, Jack high
Seat 2: Great_Kang (button) (small blind) mucked


PokerStars Hand #174835798875:  Hold'em Limit ($3/$6 USD) - 2017/08/26 18:50:08 ET
Table 'Heike' 6-max Seat #2 is the button
Seat 1: nedo1414 ($153.57 in chips)
Seat 2: Great_Kang ($170.88 in chips)
Great_Kang: posts small blind $1
nedo1414: posts big blind $3
*** HOLE CARDS ***
Great_Kang: raises $3 to $6
nedo1414: calls $3
*** FLOP *** [3c Ks Ts]
nedo1414: checks
Great_Kang: bets $3
nedo1414: folds
Uncalled bet ($3) returned to Great_Kang
Great_Kang collected $11.76 from pot
Great_Kang: doesn't show hand
*** SUMMARY ***
Total pot $12 | Rake $0.24
Board [3c Ks Ts]
Seat 1: nedo1414 (big blind) folded on the Flop
Seat 2: Great_Kang (button) (small blind) collected ($11.76)


PokerStars Hand #174835810602:  Hold'em Limit ($3/$6 USD) - 2017/08/26 18:50:28 ET
Table 'Heike' 6-max Seat #1 is the button
Seat 1: nedo1414 ($147.57 in chips)
Seat 2: Great_Kang ($176.64 in chips)
nedo1414: posts small blind $1
Great_Kang: posts big blind $3
*** HOLE CARDS ***
nedo1414: raises $3 to $6
Great_Kang: raises $3 to $9
nedo1414: calls $3
*** FLOP *** [3h Kh 2d]
Great_Kang: bets $3
nedo1414: calls $3
*** TURN *** [3h Kh 2d] [Ts]
Great_Kang: bets $6
nedo1414: calls $6
*** RIVER *** [3h Kh 2d Ts] [Ks]
Great_Kang: checks
nedo1414: bets $6
Great_Kang: raises $6 to $12
nedo1414: folds
Uncalled bet ($6) returned to Great_Kang
Great_Kang collected $47.50 from pot
Great_Kang: doesn't show hand
*** SUMMARY ***
Total pot $48 | Rake $0.50
Board [3h Kh 2d Ts Ks]
Seat 1: nedo1414 (button) (small blind) folded on the River
Seat 2: Great_Kang (big blind) collected ($47.50)


