PokerStars Hand #151904198506:  Hold'em Limit ($3/$6 USD) - 2016/04/14 11:19:54 ET
Table 'Hekatostos II' 6-max Seat #5 is the button
Seat 5: Yell0wBack ($393.99 in chips)
Seat 6: hooverr ($61.57 in chips)
Yell0wBack: posts small blind $1
hooverr: posts big blind $3
*** HOLE CARDS ***
Yell0wBack: raises $3 to $6
hooverr: folds
Uncalled bet ($3) returned to Yell0wBack
Yell0wBack collected $6 from pot
Yell0wBack: doesn't show hand
*** SUMMARY ***
Total pot $6 | Rake $0
Seat 5: Yell0wBack (button) (small blind) collected ($6)
Seat 6: hooverr (big blind) folded before Flop


PokerStars Hand #151904180690:  Hold'em Limit ($3/$6 USD) - 2016/04/14 11:19:27 ET
Table 'Hekatostos II' 6-max Seat #6 is the button
Seat 5: Yell0wBack ($411.99 in chips)
Seat 6: hooverr ($44.07 in chips)
hooverr: posts small blind $1
Yell0wBack: posts big blind $3
*** HOLE CARDS ***
hooverr: raises $3 to $6
Yell0wBack: calls $3
*** FLOP *** [4d 3d Td]
Yell0wBack: checks
Emin koc leaves the table
hooverr: bets $3
Yell0wBack: raises $3 to $6
hooverr: calls $3
*** TURN *** [4d 3d Td] [Kd]
Yell0wBack: bets $6
hooverr: calls $6
*** RIVER *** [4d 3d Td Kd] [2s]
Yell0wBack: checks
hooverr: bets $6
Yell0wBack: folds
Uncalled bet ($6) returned to hooverr
hooverr collected $35.50 from pot
hooverr: doesn't show hand
*** SUMMARY ***
Total pot $36 | Rake $0.50
Board [4d 3d Td Kd 2s]
Seat 5: Yell0wBack (big blind) folded on the River
Seat 6: hooverr (button) (small blind) collected ($35.50)


PokerStars Hand #151904220690:  Hold'em Limit ($3/$6 USD) - 2016/04/14 11:20:27 ET
Table 'Hekatostos II' 6-max Seat #5 is the button
Seat 5: Yell0wBack ($372.99 in chips)
Seat 6: hooverr ($82.07 in chips)
Yell0wBack: posts small blind $1
hooverr: posts big blind $3
*** HOLE CARDS ***
Yell0wBack: folds
Uncalled bet ($2) returned to hooverr
hooverr collected $2 from pot
hooverr: doesn't show hand
*** SUMMARY ***
Total pot $2 | Rake $0
Seat 5: Yell0wBack (button) (small blind) folded before Flop
Seat 6: hooverr (big blind) collected ($2)


PokerStars Hand #151904204431:  Hold'em Limit ($3/$6 USD) - 2016/04/14 11:20:03 ET
Table 'Hekatostos II' 6-max Seat #6 is the button
Seat 5: Yell0wBack ($396.99 in chips)
Seat 6: hooverr ($58.57 in chips)
hooverr: posts small blind $1
Yell0wBack: posts big blind $3
*** HOLE CARDS ***
hooverr: raises $3 to $6
Yell0wBack: raises $3 to $9
liolilove joins the table at seat #1
hooverr: calls $3
*** FLOP *** [2c 8c Th]
Yell0wBack: bets $3
hooverr: calls $3
*** TURN *** [2c 8c Th] [9d]
Yell0wBack: bets $6
hooverr: calls $6
*** RIVER *** [2c 8c Th 9d] [5h]
Yell0wBack: bets $6
hooverr: calls $6
*** SHOW DOWN ***
Yell0wBack: shows [6s As] (high card Ace)
hooverr: shows [8s 7d] (a pair of Eights)
hooverr collected $47.50 from pot
*** SUMMARY ***
Total pot $48 | Rake $0.50
Board [2c 8c Th 9d 5h]
Seat 5: Yell0wBack (big blind) showed [6s As] and lost with high card Ace
Seat 6: hooverr (button) (small blind) showed [8s 7d] and won ($47.50) with a pair of Eights


PokerStars Hand #151904280005:  Hold'em Limit ($3/$6 USD) - 2016/04/14 11:21:57 ET
Table 'Hekatostos II' 6-max Seat #6 is the button
Seat 5: Yell0wBack ($367.99 in chips)
Seat 6: hooverr ($59.07 in chips)
hooverr: posts small blind $1
Yell0wBack: posts big blind $3
*** HOLE CARDS ***
hooverr: folds
Uncalled bet ($2) returned to Yell0wBack
Yell0wBack collected $2 from pot
Yell0wBack: doesn't show hand
*** SUMMARY ***
Total pot $2 | Rake $0
Seat 5: Yell0wBack (big blind) collected ($2)
Seat 6: hooverr (button) (small blind) folded before Flop


PokerStars Hand #151904275275:  Hold'em Limit ($3/$6 USD) - 2016/04/14 11:21:50 ET
Table 'Hekatostos II' 6-max Seat #5 is the button
Seat 5: Yell0wBack ($368.99 in chips)
Seat 6: hooverr ($58.07 in chips)
Yell0wBack: posts small blind $1
hooverr: posts big blind $3
*** HOLE CARDS ***
Yell0wBack: folds
Uncalled bet ($2) returned to hooverr
hooverr collected $2 from pot
hooverr: doesn't show hand
*** SUMMARY ***
Total pot $2 | Rake $0
Seat 5: Yell0wBack (button) (small blind) folded before Flop
Seat 6: hooverr (big blind) collected ($2)


PokerStars Hand #151904271795:  Hold'em Limit ($3/$6 USD) - 2016/04/14 11:21:44 ET
Table 'Hekatostos II' 6-max Seat #6 is the button
Seat 5: Yell0wBack ($367.99 in chips)
Seat 6: hooverr ($59.07 in chips)
hooverr: posts small blind $1
Yell0wBack: posts big blind $3
*** HOLE CARDS ***
hooverr: folds
Uncalled bet ($2) returned to Yell0wBack
Yell0wBack collected $2 from pot
Yell0wBack: doesn't show hand
*** SUMMARY ***
Total pot $2 | Rake $0
Seat 5: Yell0wBack (big blind) collected ($2)
Seat 6: hooverr (button) (small blind) folded before Flop


PokerStars Hand #151904268676:  Hold'em Limit ($3/$6 USD) - 2016/04/14 11:21:40 ET
Table 'Hekatostos II' 6-max Seat #5 is the button
Seat 5: Yell0wBack ($368.99 in chips)
Seat 6: hooverr ($58.07 in chips)
Yell0wBack: posts small blind $1
hooverr: posts big blind $3
*** HOLE CARDS ***
Yell0wBack: folds
Uncalled bet ($2) returned to hooverr
hooverr collected $2 from pot
hooverr: doesn't show hand
*** SUMMARY ***
Total pot $2 | Rake $0
Seat 5: Yell0wBack (button) (small blind) folded before Flop
Seat 6: hooverr (big blind) collected ($2)


PokerStars Hand #151904264741:  Hold'em Limit ($3/$6 USD) - 2016/04/14 11:21:34 ET
Table 'Hekatostos II' 6-max Seat #6 is the button
Seat 5: Yell0wBack ($367.99 in chips)
Seat 6: hooverr ($59.07 in chips)
hooverr: posts small blind $1
liolilove: is sitting out
Yell0wBack: posts big blind $3
*** HOLE CARDS ***
hooverr: folds
Uncalled bet ($2) returned to Yell0wBack
Yell0wBack collected $2 from pot
Yell0wBack: doesn't show hand
*** SUMMARY ***
Total pot $2 | Rake $0
Seat 5: Yell0wBack (big blind) collected ($2)
Seat 6: hooverr (button) (small blind) folded before Flop


PokerStars Hand #151904315063:  Hold'em Limit ($3/$6 USD) - 2016/04/14 11:22:49 ET
Table 'Hekatostos II' 6-max Seat #5 is the button
Seat 5: Yell0wBack ($386.49 in chips)
Seat 6: hooverr ($40.07 in chips)
Yell0wBack: posts small blind $1
hooverr: posts big blind $3
*** HOLE CARDS ***
Yell0wBack: raises $3 to $6
hooverr: calls $3
*** FLOP *** [3d 5c Kh]
hooverr: checks
Yell0wBack: bets $3
hooverr: folds
Uncalled bet ($3) returned to Yell0wBack
Yell0wBack collected $11.76 from pot
Yell0wBack: doesn't show hand
*** SUMMARY ***
Total pot $12 | Rake $0.24
Board [3d 5c Kh]
Seat 5: Yell0wBack (button) (small blind) collected ($11.76)
Seat 6: hooverr (big blind) folded on the Flop


PokerStars Hand #151904300352:  Hold'em Limit ($3/$6 USD) - 2016/04/14 11:22:27 ET
Table 'Hekatostos II' 6-max Seat #6 is the button
Seat 5: Yell0wBack ($371.99 in chips)
Seat 6: hooverr ($55.07 in chips)
hooverr: posts small blind $1
Yell0wBack: posts big blind $3
*** HOLE CARDS ***
hooverr: raises $3 to $6
Yell0wBack: calls $3
*** FLOP *** [Jd 9s 2h]
Yell0wBack: checks
hooverr: bets $3
Yell0wBack: calls $3
*** TURN *** [Jd 9s 2h] [9h]
Yell0wBack: checks
hooverr: checks
*** RIVER *** [Jd 9s 2h 9h] [6s]
Yell0wBack: bets $6
hooverr: calls $6
*** SHOW DOWN ***
Yell0wBack: shows [Qd 2d] (two pair, Nines and Deuces)
hooverr: mucks hand
Yell0wBack collected $29.50 from pot
*** SUMMARY ***
Total pot $30 | Rake $0.50
Board [Jd 9s 2h 9h 6s]
Seat 5: Yell0wBack (big blind) showed [Qd 2d] and won ($29.50) with two pair, Nines and Deuces
Seat 6: hooverr (button) (small blind) mucked


PokerStars Hand #151904294547:  Hold'em Limit ($3/$6 USD) - 2016/04/14 11:22:19 ET
Table 'Hekatostos II' 6-max Seat #5 is the button
Seat 5: Yell0wBack ($368.99 in chips)
Seat 6: hooverr ($58.07 in chips)
Yell0wBack: posts small blind $1
hooverr: posts big blind $3
*** HOLE CARDS ***
Yell0wBack: raises $3 to $6
hooverr: folds
Uncalled bet ($3) returned to Yell0wBack
Yell0wBack collected $6 from pot
*** SUMMARY ***
Total pot $6 | Rake $0
Seat 5: Yell0wBack (button) (small blind) collected ($6)
Seat 6: hooverr (big blind) folded before Flop


PokerStars Hand #151904288637:  Hold'em Limit ($3/$6 USD) - 2016/04/14 11:22:10 ET
Table 'Hekatostos II' 6-max Seat #6 is the button
Seat 5: Yell0wBack ($367.99 in chips)
Seat 6: hooverr ($59.07 in chips)
hooverr: posts small blind $1
Yell0wBack: posts big blind $3
*** HOLE CARDS ***
hooverr: folds
Uncalled bet ($2) returned to Yell0wBack
Yell0wBack collected $2 from pot
*** SUMMARY ***
Total pot $2 | Rake $0
Seat 5: Yell0wBack (big blind) collected ($2)
Seat 6: hooverr (button) (small blind) folded before Flop


PokerStars Hand #151904284827:  Hold'em Limit ($3/$6 USD) - 2016/04/14 11:22:04 ET
Table 'Hekatostos II' 6-max Seat #5 is the button
Seat 5: Yell0wBack ($368.99 in chips)
Seat 6: hooverr ($58.07 in chips)
Yell0wBack: posts small blind $1
hooverr: posts big blind $3
*** HOLE CARDS ***
Yell0wBack: folds
Uncalled bet ($2) returned to hooverr
hooverr collected $2 from pot
hooverr: doesn't show hand
*** SUMMARY ***
Total pot $2 | Rake $0
Seat 5: Yell0wBack (button) (small blind) folded before Flop
Seat 6: hooverr (big blind) collected ($2)


PokerStars Hand #151904351117:  Hold'em Limit ($3/$6 USD) - 2016/04/14 11:23:43 ET
Table 'Hekatostos II' 6-max Seat #6 is the button
Seat 5: Yell0wBack ($392.25 in chips)
Seat 6: hooverr ($34.07 in chips)
hooverr: posts small blind $1
Yell0wBack: posts big blind $3
*** HOLE CARDS ***
hooverr: raises $3 to $6
Yell0wBack: folds
Uncalled bet ($3) returned to hooverr
hooverr collected $6 from pot
hooverr: doesn't show hand
*** SUMMARY ***
Total pot $6 | Rake $0
Seat 5: Yell0wBack (big blind) folded before Flop
Seat 6: hooverr (button) (small blind) collected ($6)


PokerStars Hand #151904346767:  Hold'em Limit ($3/$6 USD) - 2016/04/14 11:23:37 ET
Table 'Hekatostos II' 6-max Seat #5 is the button
Seat 5: Yell0wBack ($393.25 in chips)
Seat 6: hooverr ($33.07 in chips)
Yell0wBack: posts small blind $1
hooverr: posts big blind $3
*** HOLE CARDS ***
Yell0wBack: folds
Uncalled bet ($2) returned to hooverr
hooverr collected $2 from pot
hooverr: doesn't show hand
*** SUMMARY ***
Total pot $2 | Rake $0
Seat 5: Yell0wBack (button) (small blind) folded before Flop
Seat 6: hooverr (big blind) collected ($2)


PokerStars Hand #151904342048:  Hold'em Limit ($3/$6 USD) - 2016/04/14 11:23:30 ET
Table 'Hekatostos II' 6-max Seat #6 is the button
Seat 5: Yell0wBack ($392.25 in chips)
Seat 6: hooverr ($34.07 in chips)
hooverr: posts small blind $1
Yell0wBack: posts big blind $3
*** HOLE CARDS ***
hooverr: folds
Uncalled bet ($2) returned to Yell0wBack
Yell0wBack collected $2 from pot
Yell0wBack: doesn't show hand
*** SUMMARY ***
Total pot $2 | Rake $0
Seat 5: Yell0wBack (big blind) collected ($2)
Seat 6: hooverr (button) (small blind) folded before Flop


PokerStars Hand #151904338646:  Hold'em Limit ($3/$6 USD) - 2016/04/14 11:23:24 ET
Table 'Hekatostos II' 6-max Seat #5 is the button
Seat 5: Yell0wBack ($393.25 in chips)
Seat 6: hooverr ($33.07 in chips)
Yell0wBack: posts small blind $1
hooverr: posts big blind $3
*** HOLE CARDS ***
Yell0wBack: folds
Uncalled bet ($2) returned to hooverr
hooverr collected $2 from pot
hooverr: doesn't show hand
*** SUMMARY ***
Total pot $2 | Rake $0
Seat 5: Yell0wBack (button) (small blind) folded before Flop
Seat 6: hooverr (big blind) collected ($2)


PokerStars Hand #151904334179:  Hold'em Limit ($3/$6 USD) - 2016/04/14 11:23:18 ET
Table 'Hekatostos II' 6-max Seat #6 is the button
Seat 5: Yell0wBack ($392.25 in chips)
Seat 6: hooverr ($34.07 in chips)
hooverr: posts small blind $1
Yell0wBack: posts big blind $3
*** HOLE CARDS ***
hooverr: folds
Uncalled bet ($2) returned to Yell0wBack
Yell0wBack collected $2 from pot
Yell0wBack: doesn't show hand
*** SUMMARY ***
Total pot $2 | Rake $0
Seat 5: Yell0wBack (big blind) collected ($2)
Seat 6: hooverr (button) (small blind) folded before Flop


PokerStars Hand #151904329941:  Hold'em Limit ($3/$6 USD) - 2016/04/14 11:23:11 ET
Table 'Hekatostos II' 6-max Seat #5 is the button
Seat 5: Yell0wBack ($393.25 in chips)
Seat 6: hooverr ($33.07 in chips)
Yell0wBack: posts small blind $1
hooverr: posts big blind $3
*** HOLE CARDS ***
Yell0wBack: folds
Uncalled bet ($2) returned to hooverr
hooverr collected $2 from pot
hooverr: doesn't show hand
*** SUMMARY ***
Total pot $2 | Rake $0
Seat 5: Yell0wBack (button) (small blind) folded before Flop
Seat 6: hooverr (big blind) collected ($2)


PokerStars Hand #151904325926:  Hold'em Limit ($3/$6 USD) - 2016/04/14 11:23:05 ET
Table 'Hekatostos II' 6-max Seat #6 is the button
Seat 5: Yell0wBack ($392.25 in chips)
Seat 6: hooverr ($34.07 in chips)
hooverr: posts small blind $1
Yell0wBack: posts big blind $3
*** HOLE CARDS ***
hooverr: folds
Uncalled bet ($2) returned to Yell0wBack
Yell0wBack collected $2 from pot
Yell0wBack: doesn't show hand
*** SUMMARY ***
Total pot $2 | Rake $0
Seat 5: Yell0wBack (big blind) collected ($2)
Seat 6: hooverr (button) (small blind) folded before Flop


PokerStars Hand #151904377988:  Hold'em Limit ($3/$6 USD) - 2016/04/14 11:24:23 ET
Table 'Hekatostos II' 6-max Seat #5 is the button
Seat 5: Yell0wBack ($393.25 in chips)
Seat 6: hooverr ($33.07 in chips)
Yell0wBack: posts small blind $1
hooverr: posts big blind $3
*** HOLE CARDS ***
Yell0wBack: raises $3 to $6
hooverr: calls $3
*** FLOP *** [Js Th Kc]
hooverr: checks
Yell0wBack: bets $3
hooverr: calls $3
*** TURN *** [Js Th Kc] [2h]
hooverr: checks
Yell0wBack: bets $6
hooverr: calls $6
*** RIVER *** [Js Th Kc 2h] [8c]
hooverr: checks
Yell0wBack: bets $6
hooverr: folds
Uncalled bet ($6) returned to Yell0wBack
Yell0wBack collected $29.50 from pot
Yell0wBack: doesn't show hand
*** SUMMARY ***
Total pot $30 | Rake $0.50
Board [Js Th Kc 2h 8c]
Seat 5: Yell0wBack (button) (small blind) collected ($29.50)
Seat 6: hooverr (big blind) folded on the River


PokerStars Hand #151904374454:  Hold'em Limit ($3/$6 USD) - 2016/04/14 11:24:18 ET
Table 'Hekatostos II' 6-max Seat #6 is the button
Seat 5: Yell0wBack ($392.25 in chips)
Seat 6: hooverr ($34.07 in chips)
hooverr: posts small blind $1
Yell0wBack: posts big blind $3
*** HOLE CARDS ***
hooverr: folds
Uncalled bet ($2) returned to Yell0wBack
Yell0wBack collected $2 from pot
Yell0wBack: doesn't show hand
*** SUMMARY ***
Total pot $2 | Rake $0
Seat 5: Yell0wBack (big blind) collected ($2)
Seat 6: hooverr (button) (small blind) folded before Flop


PokerStars Hand #151904360131:  Hold'em Limit ($3/$6 USD) - 2016/04/14 11:23:57 ET
Table 'Hekatostos II' 6-max Seat #5 is the button
Seat 5: Yell0wBack ($389.25 in chips)
Seat 6: hooverr ($37.07 in chips)
Yell0wBack: posts small blind $1
hooverr: posts big blind $3
*** HOLE CARDS ***
Yell0wBack: raises $3 to $6
hooverr: folds
Uncalled bet ($3) returned to Yell0wBack
Yell0wBack collected $6 from pot
Yell0wBack: doesn't show hand
*** SUMMARY ***
Total pot $6 | Rake $0
Seat 5: Yell0wBack (button) (small blind) collected ($6)
Seat 6: hooverr (big blind) folded before Flop


PokerStars Hand #151904371181:  Hold'em Limit ($3/$6 USD) - 2016/04/14 11:24:13 ET
Table 'Hekatostos II' 6-max Seat #5 is the button
Seat 5: Yell0wBack ($393.25 in chips)
Seat 6: hooverr ($33.07 in chips)
Yell0wBack: posts small blind $1
hooverr: posts big blind $3
*** HOLE CARDS ***
Yell0wBack: folds
Uncalled bet ($2) returned to hooverr
hooverr collected $2 from pot
hooverr: doesn't show hand
*** SUMMARY ***
Total pot $2 | Rake $0
Seat 5: Yell0wBack (button) (small blind) folded before Flop
Seat 6: hooverr (big blind) collected ($2)


PokerStars Hand #151904365361:  Hold'em Limit ($3/$6 USD) - 2016/04/14 11:24:04 ET
Table 'Hekatostos II' 6-max Seat #6 is the button
Seat 5: Yell0wBack ($392.25 in chips)
Seat 6: hooverr ($34.07 in chips)
hooverr: posts small blind $1
Yell0wBack: posts big blind $3
*** HOLE CARDS ***
hooverr: folds
Uncalled bet ($2) returned to Yell0wBack
Yell0wBack collected $2 from pot
Yell0wBack: doesn't show hand
*** SUMMARY ***
Total pot $2 | Rake $0
Seat 5: Yell0wBack (big blind) collected ($2)
Seat 6: hooverr (button) (small blind) folded before Flop


PokerStars Hand #151904398930:  Hold'em Limit ($3/$6 USD) - 2016/04/14 11:24:54 ET
Table 'Hekatostos II' 6-max Seat #6 is the button
Seat 5: Yell0wBack ($407.75 in chips)
Seat 6: hooverr ($18.07 in chips)
hooverr: posts small blind $1
Yell0wBack: posts big blind $3
*** HOLE CARDS ***
hooverr: raises $3 to $6
Yell0wBack: folds
Uncalled bet ($3) returned to hooverr
hooverr collected $6 from pot
hooverr: doesn't show hand
*** SUMMARY ***
Total pot $6 | Rake $0
Seat 5: Yell0wBack (big blind) folded before Flop
Seat 6: hooverr (button) (small blind) collected ($6)


PokerStars Hand #151904419616:  Hold'em Limit ($3/$6 USD) - 2016/04/14 11:25:24 ET
Table 'Hekatostos II' 6-max Seat #6 is the button
Seat 5: Yell0wBack ($383.68 in chips)
Seat 6: hooverr ($41.64 in chips)
hooverr: posts small blind $1
Yell0wBack: posts big blind $3
*** HOLE CARDS ***
hooverr: folds
Uncalled bet ($2) returned to Yell0wBack
Yell0wBack collected $2 from pot
Yell0wBack: doesn't show hand
*** SUMMARY ***
Total pot $2 | Rake $0
Seat 5: Yell0wBack (big blind) collected ($2)
Seat 6: hooverr (button) (small blind) folded before Flop


PokerStars Hand #151904404342:  Hold'em Limit ($3/$6 USD) - 2016/04/14 11:25:02 ET
Table 'Hekatostos II' 6-max Seat #5 is the button
Seat 5: Yell0wBack ($404.75 in chips)
Seat 6: hooverr ($21.07 in chips)
Yell0wBack: posts small blind $1
hooverr: posts big blind $3
*** HOLE CARDS ***
Yell0wBack: raises $3 to $6
hooverr: calls $3
*** FLOP *** [Jh 4d 6h]
hooverr: checks
Yell0wBack: bets $3
hooverr: raises $3 to $6
Yell0wBack: raises $3 to $9
hooverr: raises $3 to $12
Betting is capped
Yell0wBack: calls $3
*** TURN *** [Jh 4d 6h] [4h]
hooverr: bets $3.07 and is all-in
Yell0wBack: calls $3.07
*** RIVER *** [Jh 4d 6h 4h] [9c]
*** SHOW DOWN ***
hooverr: shows [7d 7s] (two pair, Sevens and Fours)
Yell0wBack: mucks hand
hooverr collected $41.64 from pot
*** SUMMARY ***
Total pot $42.14 | Rake $0.50
Board [Jh 4d 6h 4h 9c]
Seat 5: Yell0wBack (button) (small blind) mucked
Seat 6: hooverr (big blind) showed [7d 7s] and won ($41.64) with two pair, Sevens and Fours


PokerStars Hand #151904423128:  Hold'em Limit ($3/$6 USD) - 2016/04/14 11:25:29 ET
Table 'Hekatostos II' 6-max Seat #5 is the button
Seat 5: Yell0wBack ($384.68 in chips)
Seat 6: hooverr ($40.64 in chips)
Yell0wBack: posts small blind $1
hooverr: posts big blind $3
*** HOLE CARDS ***
Yell0wBack: raises $3 to $6
hooverr: folds
Uncalled bet ($3) returned to Yell0wBack
Yell0wBack collected $6 from pot
Yell0wBack: doesn't show hand
*** SUMMARY ***
Total pot $6 | Rake $0
Seat 5: Yell0wBack (button) (small blind) collected ($6)
Seat 6: hooverr (big blind) folded before Flop


PokerStars Hand #151904427860:  Hold'em Limit ($3/$6 USD) - 2016/04/14 11:25:36 ET
Table 'Hekatostos II' 6-max Seat #6 is the button
Seat 5: Yell0wBack ($387.68 in chips)
Seat 6: hooverr ($37.64 in chips)
hooverr: posts small blind $1
Yell0wBack: posts big blind $3
*** HOLE CARDS ***
hooverr: raises $3 to $6
Yell0wBack: folds
Uncalled bet ($3) returned to hooverr
hooverr collected $6 from pot
hooverr: doesn't show hand
*** SUMMARY ***
Total pot $6 | Rake $0
Seat 5: Yell0wBack (big blind) folded before Flop
Seat 6: hooverr (button) (small blind) collected ($6)


PokerStars Hand #151904487825:  Hold'em Limit ($3/$6 USD) - 2016/04/14 11:26:53 ET
Table 'Hekatostos II' 6-max Seat #5 is the button
Seat 5: Yell0wBack ($376.32 in chips)
Seat 6: hooverr ($48.14 in chips)
Yell0wBack: posts small blind $1
hooverr: posts big blind $3
*** HOLE CARDS ***
Yell0wBack: raises $3 to $6
hooverr: folds
Uncalled bet ($3) returned to Yell0wBack
Yell0wBack collected $6 from pot
Yell0wBack: doesn't show hand
*** SUMMARY ***
Total pot $6 | Rake $0
Seat 5: Yell0wBack (button) (small blind) collected ($6)
Seat 6: hooverr (big blind) folded before Flop


PokerStars Hand #151904483802:  Hold'em Limit ($3/$6 USD) - 2016/04/14 11:26:47 ET
Table 'Hekatostos II' 6-max Seat #6 is the button
Seat 5: Yell0wBack ($375.32 in chips)
Seat 6: hooverr ($49.14 in chips)
hooverr: posts small blind $1
Yell0wBack: posts big blind $3
*** HOLE CARDS ***
hooverr: folds
Uncalled bet ($2) returned to Yell0wBack
Yell0wBack collected $2 from pot
Yell0wBack: doesn't show hand
*** SUMMARY ***
Total pot $2 | Rake $0
Seat 5: Yell0wBack (big blind) collected ($2)
Seat 6: hooverr (button) (small blind) folded before Flop


PokerStars Hand #151904433209:  Hold'em Limit ($3/$6 USD) - 2016/04/14 11:25:44 ET
Table 'Hekatostos II' 6-max Seat #5 is the button
Seat 5: Yell0wBack ($384.68 in chips)
Seat 6: hooverr ($40.64 in chips)
Yell0wBack: posts small blind $1
hooverr: posts big blind $3
*** HOLE CARDS ***
Yell0wBack: raises $3 to $6
hooverr: calls $3
*** FLOP *** [8s 9d 4s]
hooverr: checks
Yell0wBack: bets $3
hooverr: calls $3
*** TURN *** [8s 9d 4s] [Th]
hooverr: checks
Yell0wBack: bets $6
hooverr: calls $6
*** RIVER *** [8s 9d 4s Th] [2c]
hooverr: checks
Yell0wBack: bets $6
hooverr: calls $6
*** SHOW DOWN ***
Yell0wBack: shows [8c Jh] (a pair of Eights)
hooverr: shows [9c Kh] (a pair of Nines)
hooverr collected $41.50 from pot
*** SUMMARY ***
Total pot $42 | Rake $0.50
Board [8s 9d 4s Th 2c]
Seat 5: Yell0wBack (button) (small blind) showed [8c Jh] and lost with a pair of Eights
Seat 6: hooverr (big blind) showed [9c Kh] and won ($41.50) with a pair of Nines


PokerStars Hand #151904451560:  Hold'em Limit ($3/$6 USD) - 2016/04/14 11:26:11 ET
Table 'Hekatostos II' 6-max Seat #6 is the button
Seat 5: Yell0wBack ($363.68 in chips)
Seat 6: hooverr ($61.14 in chips)
hooverr: posts small blind $1
Yell0wBack: posts big blind $3
*** HOLE CARDS ***
hooverr: raises $3 to $6
Yell0wBack: raises $3 to $9
hooverr: calls $3
*** FLOP *** [5s 6d Ks]
Yell0wBack: bets $3
hooverr: folds
Uncalled bet ($3) returned to Yell0wBack
Yell0wBack collected $17.64 from pot
*** SUMMARY ***
Total pot $18 | Rake $0.36
Board [5s 6d Ks]
Seat 5: Yell0wBack (big blind) collected ($17.64)
Seat 6: hooverr (button) (small blind) folded on the Flop


PokerStars Hand #151904475259:  Hold'em Limit ($3/$6 USD) - 2016/04/14 11:26:34 ET
Table 'Hekatostos II' 6-max Seat #6 is the button
Seat 5: Yell0wBack ($371.32 in chips)
Seat 6: hooverr ($53.14 in chips)
hooverr: posts small blind $1
Yell0wBack: posts big blind $3
*** HOLE CARDS ***
hooverr: folds
Uncalled bet ($2) returned to Yell0wBack
Yell0wBack collected $2 from pot
*** SUMMARY ***
Total pot $2 | Rake $0
Seat 5: Yell0wBack (big blind) collected ($2)
Seat 6: hooverr (button) (small blind) folded before Flop


PokerStars Hand #151904470222:  Hold'em Limit ($3/$6 USD) - 2016/04/14 11:26:26 ET
Table 'Hekatostos II' 6-max Seat #5 is the button
Seat 5: Yell0wBack ($372.32 in chips)
Seat 6: hooverr ($52.14 in chips)
Yell0wBack: posts small blind $1
hooverr: posts big blind $3
*** HOLE CARDS ***
Yell0wBack: folds
Uncalled bet ($2) returned to hooverr
hooverr collected $2 from pot
hooverr: doesn't show hand
*** SUMMARY ***
Total pot $2 | Rake $0
Seat 5: Yell0wBack (button) (small blind) folded before Flop
Seat 6: hooverr (big blind) collected ($2)


PokerStars Hand #151904478523:  Hold'em Limit ($3/$6 USD) - 2016/04/14 11:26:39 ET
Table 'Hekatostos II' 6-max Seat #5 is the button
Seat 5: Yell0wBack ($372.32 in chips)
Seat 6: hooverr ($52.14 in chips)
Yell0wBack: posts small blind $1
hooverr: posts big blind $3
*** HOLE CARDS ***
Yell0wBack: raises $3 to $6
hooverr: folds
Uncalled bet ($3) returned to Yell0wBack
Yell0wBack collected $6 from pot
Yell0wBack: doesn't show hand
*** SUMMARY ***
Total pot $6 | Rake $0
Seat 5: Yell0wBack (button) (small blind) collected ($6)
Seat 6: hooverr (big blind) folded before Flop


PokerStars Hand #151904493155:  Hold'em Limit ($3/$6 USD) - 2016/04/14 11:27:01 ET
Table 'Hekatostos II' 6-max Seat #6 is the button
Seat 5: Yell0wBack ($379.32 in chips)
Seat 6: hooverr ($45.14 in chips)
hooverr: posts small blind $1
Yell0wBack: posts big blind $3
*** HOLE CARDS ***
hooverr: raises $3 to $6
Yell0wBack: calls $3
*** FLOP *** [Ad 2c Ks]
Yell0wBack: checks
hooverr: bets $3
Yell0wBack: folds
Uncalled bet ($3) returned to hooverr
hooverr collected $11.76 from pot
hooverr: doesn't show hand
*** SUMMARY ***
Total pot $12 | Rake $0.24
Board [Ad 2c Ks]
Seat 5: Yell0wBack (big blind) folded on the Flop
Seat 6: hooverr (button) (small blind) collected ($11.76)


PokerStars Hand #151904504680:  Hold'em Limit ($3/$6 USD) - 2016/04/14 11:27:18 ET
Table 'Hekatostos II' 6-max Seat #5 is the button
Seat 5: Yell0wBack ($373.32 in chips)
Seat 6: hooverr ($50.90 in chips)
Yell0wBack: posts small blind $1
hooverr: posts big blind $3
*** HOLE CARDS ***
Yell0wBack: raises $3 to $6
hooverr: calls $3
*** FLOP *** [3d 5d Kh]
hooverr: checks
Yell0wBack: bets $3
hooverr: calls $3
*** TURN *** [3d 5d Kh] [Jd]
hooverr: checks
Yell0wBack: bets $6
hooverr: folds
Uncalled bet ($6) returned to Yell0wBack
Yell0wBack collected $17.64 from pot
Yell0wBack: doesn't show hand
*** SUMMARY ***
Total pot $18 | Rake $0.36
Board [3d 5d Kh Jd]
Seat 5: Yell0wBack (button) (small blind) collected ($17.64)
Seat 6: hooverr (big blind) folded on the Turn


PokerStars Hand #151904530601:  Hold'em Limit ($3/$6 USD) - 2016/04/14 11:27:56 ET
Table 'Hekatostos II' 6-max Seat #5 is the button
Seat 5: Yell0wBack ($387.72 in chips)
Seat 6: hooverr ($35.90 in chips)
Yell0wBack: posts small blind $1
hooverr: posts big blind $3
*** HOLE CARDS ***
Yell0wBack: folds
Uncalled bet ($2) returned to hooverr
hooverr collected $2 from pot
hooverr: doesn't show hand
*** SUMMARY ***
Total pot $2 | Rake $0
Seat 5: Yell0wBack (button) (small blind) folded before Flop
Seat 6: hooverr (big blind) collected ($2)


PokerStars Hand #151904520716:  Hold'em Limit ($3/$6 USD) - 2016/04/14 11:27:41 ET
Table 'Hekatostos II' 6-max Seat #6 is the button
Seat 5: Yell0wBack ($381.96 in chips)
Seat 6: hooverr ($41.90 in chips)
hooverr: posts small blind $1
Yell0wBack: posts big blind $3
*** HOLE CARDS ***
hooverr: raises $3 to $6
Yell0wBack: calls $3
*** FLOP *** [Js Ah Ts]
Yell0wBack: checks
hooverr: checks
*** TURN *** [Js Ah Ts] [Kh]
Yell0wBack: bets $6
hooverr: folds
Uncalled bet ($6) returned to Yell0wBack
Yell0wBack collected $11.76 from pot
Yell0wBack: doesn't show hand
*** SUMMARY ***
Total pot $12 | Rake $0.24
Board [Js Ah Ts Kh]
Seat 5: Yell0wBack (big blind) collected ($11.76)
Seat 6: hooverr (button) (small blind) folded on the Turn


PokerStars Hand #151904533833:  Hold'em Limit ($3/$6 USD) - 2016/04/14 11:28:01 ET
Table 'Hekatostos II' 6-max Seat #6 is the button
Seat 5: Yell0wBack ($386.72 in chips)
Seat 6: hooverr ($36.90 in chips)
hooverr: posts small blind $1
Yell0wBack: posts big blind $3
*** HOLE CARDS ***
hooverr: raises $3 to $6
Yell0wBack: raises $3 to $9
hooverr: raises $3 to $12
Betting is capped
Yell0wBack: calls $3
*** FLOP *** [4c 3s Qh]
Yell0wBack: bets $3
hooverr: raises $3 to $6
Yell0wBack: calls $3
*** TURN *** [4c 3s Qh] [4h]
Yell0wBack: checks
hooverr: checks
*** RIVER *** [4c 3s Qh 4h] [Jc]
Yell0wBack: bets $6
hooverr: calls $6
*** SHOW DOWN ***
Yell0wBack: shows [Jh Ks] (two pair, Jacks and Fours)
hooverr: mucks hand
Yell0wBack collected $47.50 from pot
*** SUMMARY ***
Total pot $48 | Rake $0.50
Board [4c 3s Qh 4h Jc]
Seat 5: Yell0wBack (big blind) showed [Jh Ks] and won ($47.50) with two pair, Jacks and Fours
Seat 6: hooverr (button) (small blind) mucked


PokerStars Hand #151904552112:  Hold'em Limit ($3/$6 USD) - 2016/04/14 11:28:28 ET
Table 'Hekatostos II' 6-max Seat #5 is the button
Seat 5: Yell0wBack ($410.22 in chips)
Seat 6: hooverr ($12.90 in chips)
Yell0wBack: posts small blind $1
hooverr: posts big blind $3
*** HOLE CARDS ***
Yell0wBack: raises $3 to $6
hooverr: calls $3
*** FLOP *** [Kd 3d 4c]
hooverr: checks
Yell0wBack: bets $3
hooverr: raises $3 to $6
Yell0wBack: raises $3 to $9
hooverr: calls $0.90 and is all-in
Uncalled bet ($2.10) returned to Yell0wBack
*** TURN *** [Kd 3d 4c] [Ts]
*** RIVER *** [Kd 3d 4c Ts] [3c]
*** SHOW DOWN ***
hooverr: shows [Th 2h] (two pair, Tens and Threes)
Yell0wBack: mucks hand
hooverr collected $25.30 from pot
*** SUMMARY ***
Total pot $25.80 | Rake $0.50
Board [Kd 3d 4c Ts 3c]
Seat 5: Yell0wBack (button) (small blind) mucked
Seat 6: hooverr (big blind) showed [Th 2h] and won ($25.30) with two pair, Tens and Threes


PokerStars Hand #151904570456:  Hold'em Limit ($3/$6 USD) - 2016/04/14 11:28:55 ET
Table 'Hekatostos II' 6-max Seat #5 is the button
Seat 5: Yell0wBack ($398.32 in chips)
Seat 6: hooverr ($24.30 in chips)
Yell0wBack: posts small blind $1
hooverr: posts big blind $3
*** HOLE CARDS ***
Yell0wBack: raises $3 to $6
hooverr: folds
Uncalled bet ($3) returned to Yell0wBack
Yell0wBack collected $6 from pot
Yell0wBack: doesn't show hand
*** SUMMARY ***
Total pot $6 | Rake $0
Seat 5: Yell0wBack (button) (small blind) collected ($6)
Seat 6: hooverr (big blind) folded before Flop


PokerStars Hand #151904565773:  Hold'em Limit ($3/$6 USD) - 2016/04/14 11:28:48 ET
Table 'Hekatostos II' 6-max Seat #6 is the button
Seat 5: Yell0wBack ($397.32 in chips)
Seat 6: hooverr ($25.30 in chips)
hooverr: posts small blind $1
Yell0wBack: posts big blind $3
*** HOLE CARDS ***
hooverr: folds
Uncalled bet ($2) returned to Yell0wBack
Yell0wBack collected $2 from pot
Yell0wBack: doesn't show hand
*** SUMMARY ***
Total pot $2 | Rake $0
Seat 5: Yell0wBack (big blind) collected ($2)
Seat 6: hooverr (button) (small blind) folded before Flop


PokerStars Hand #151904573965:  Hold'em Limit ($3/$6 USD) - 2016/04/14 11:29:00 ET
Table 'Hekatostos II' 6-max Seat #6 is the button
Seat 5: Yell0wBack ($401.32 in chips)
Seat 6: hooverr ($21.30 in chips)
hooverr: posts small blind $1
Yell0wBack: posts big blind $3
*** HOLE CARDS ***
hooverr: folds
Uncalled bet ($2) returned to Yell0wBack
Yell0wBack collected $2 from pot
Yell0wBack: doesn't show hand
*** SUMMARY ***
Total pot $2 | Rake $0
Seat 5: Yell0wBack (big blind) collected ($2)
Seat 6: hooverr (button) (small blind) folded before Flop


PokerStars Hand #151904578494:  Hold'em Limit ($3/$6 USD) - 2016/04/14 11:29:07 ET
Table 'Hekatostos II' 6-max Seat #5 is the button
Seat 5: Yell0wBack ($402.32 in chips)
Seat 6: hooverr ($20.30 in chips)
Yell0wBack: posts small blind $1
hooverr: posts big blind $3
*** HOLE CARDS ***
Yell0wBack: raises $3 to $6
hooverr: raises $3 to $9
Yell0wBack: raises $3 to $12
Betting is capped
hooverr: calls $3
*** FLOP *** [Qh Qs 5c]
hooverr: checks
Yell0wBack: bets $3
hooverr: raises $3 to $6
Yell0wBack: raises $3 to $9
hooverr: calls $2.30 and is all-in
Uncalled bet ($0.70) returned to Yell0wBack
*** TURN *** [Qh Qs 5c] [5d]
*** RIVER *** [Qh Qs 5c 5d] [6c]
*** SHOW DOWN ***
hooverr: shows [Qd Td] (a full house, Queens full of Fives)
Yell0wBack: mucks hand
hooverr collected $40.10 from pot
*** SUMMARY ***
Total pot $40.60 | Rake $0.50
Board [Qh Qs 5c 5d 6c]
Seat 5: Yell0wBack (button) (small blind) mucked
Seat 6: hooverr (big blind) showed [Qd Td] and won ($40.10) with a full house, Queens full of Fives


PokerStars Hand #151904604085:  Hold'em Limit ($3/$6 USD) - 2016/04/14 11:29:45 ET
Table 'Hekatostos II' 6-max Seat #5 is the button
Seat 5: Yell0wBack ($383.02 in chips)
Seat 6: hooverr ($39.10 in chips)
Yell0wBack: posts small blind $1
hooverr: posts big blind $3
*** HOLE CARDS ***
Yell0wBack: folds
Uncalled bet ($2) returned to hooverr
hooverr collected $2 from pot
hooverr: doesn't show hand
*** SUMMARY ***
Total pot $2 | Rake $0
Seat 5: Yell0wBack (button) (small blind) folded before Flop
Seat 6: hooverr (big blind) collected ($2)


PokerStars Hand #151904599694:  Hold'em Limit ($3/$6 USD) - 2016/04/14 11:29:38 ET
Table 'Hekatostos II' 6-max Seat #6 is the button
Seat 5: Yell0wBack ($382.02 in chips)
Seat 6: hooverr ($40.10 in chips)
hooverr: posts small blind $1
Yell0wBack: posts big blind $3
*** HOLE CARDS ***
hooverr: folds
Uncalled bet ($2) returned to Yell0wBack
Yell0wBack collected $2 from pot
Yell0wBack: doesn't show hand
*** SUMMARY ***
Total pot $2 | Rake $0
Seat 5: Yell0wBack (big blind) collected ($2)
Seat 6: hooverr (button) (small blind) folded before Flop


PokerStars Hand #151904607574:  Hold'em Limit ($3/$6 USD) - 2016/04/14 11:29:50 ET
Table 'Hekatostos II' 6-max Seat #6 is the button
Seat 5: Yell0wBack ($382.02 in chips)
Seat 6: hooverr ($40.10 in chips)
hooverr: posts small blind $1
Yell0wBack: posts big blind $3
*** HOLE CARDS ***
hooverr: raises $3 to $6
Yell0wBack: raises $3 to $9
hooverr: calls $3
*** FLOP *** [Js 4h 2h]
Yell0wBack: bets $3
hooverr: calls $3
*** TURN *** [Js 4h 2h] [5s]
Yell0wBack: bets $6
hooverr: calls $6
*** RIVER *** [Js 4h 2h 5s] [9s]
Yell0wBack: bets $6
hooverr: calls $6
*** SHOW DOWN ***
Yell0wBack: shows [As Tc] (high card Ace)
hooverr: shows [5h Th] (a pair of Fives)
hooverr collected $47.50 from pot
*** SUMMARY ***
Total pot $48 | Rake $0.50
Board [Js 4h 2h 5s 9s]
Seat 5: Yell0wBack (big blind) showed [As Tc] and lost with high card Ace
Seat 6: hooverr (button) (small blind) showed [5h Th] and won ($47.50) with a pair of Fives


PokerStars Hand #151904622765:  Hold'em Limit ($3/$6 USD) - 2016/04/14 11:30:11 ET
Table 'Hekatostos II' 6-max Seat #5 is the button
Seat 5: Yell0wBack ($358.02 in chips)
Seat 6: hooverr ($63.60 in chips)
Yell0wBack: posts small blind $1
hooverr: posts big blind $3
*** HOLE CARDS ***
Yell0wBack: folds
Uncalled bet ($2) returned to hooverr
hooverr collected $2 from pot
hooverr: doesn't show hand
*** SUMMARY ***
Total pot $2 | Rake $0
Seat 5: Yell0wBack (button) (small blind) folded before Flop
Seat 6: hooverr (big blind) collected ($2)


PokerStars Hand #151904625963:  Hold'em Limit ($3/$6 USD) - 2016/04/14 11:30:16 ET
Table 'Hekatostos II' 6-max Seat #6 is the button
Seat 5: Yell0wBack ($357.02 in chips)
Seat 6: hooverr ($64.60 in chips)
hooverr: posts small blind $1
Yell0wBack: posts big blind $3
*** HOLE CARDS ***
hooverr: raises $3 to $6
Yell0wBack: calls $3
*** FLOP *** [4c 4d Th]
Yell0wBack: checks
hooverr: checks
*** TURN *** [4c 4d Th] [9d]
Yell0wBack: bets $6
hooverr: calls $6
*** RIVER *** [4c 4d Th 9d] [2h]
Yell0wBack: bets $6
hooverr: calls $6
*** SHOW DOWN ***
Yell0wBack: shows [9s 8d] (two pair, Nines and Fours)
hooverr: mucks hand
Yell0wBack collected $35.50 from pot
*** SUMMARY ***
Total pot $36 | Rake $0.50
Board [4c 4d Th 9d 2h]
Seat 5: Yell0wBack (big blind) showed [9s 8d] and won ($35.50) with two pair, Nines and Fours
Seat 6: hooverr (button) (small blind) mucked


PokerStars Hand #151904640061:  Hold'em Limit ($3/$6 USD) - 2016/04/14 11:30:37 ET
Table 'Hekatostos II' 6-max Seat #5 is the button
Seat 5: Yell0wBack ($374.52 in chips)
Seat 6: hooverr ($46.60 in chips)
Yell0wBack: posts small blind $1
hooverr: posts big blind $3
*** HOLE CARDS ***
Yell0wBack: raises $3 to $6
hooverr: raises $3 to $9
Yell0wBack: calls $3
*** FLOP *** [4c Jh 9d]
hooverr: bets $3
Yell0wBack: calls $3
*** TURN *** [4c Jh 9d] [8s]
hooverr: bets $6
Yell0wBack: calls $6
*** RIVER *** [4c Jh 9d 8s] [Ad]
hooverr: bets $6
Yell0wBack: folds
Uncalled bet ($6) returned to hooverr
hooverr collected $35.50 from pot
hooverr: doesn't show hand
*** SUMMARY ***
Total pot $36 | Rake $0.50
Board [4c Jh 9d 8s Ad]
Seat 5: Yell0wBack (button) (small blind) folded on the River
Seat 6: hooverr (big blind) collected ($35.50)


PokerStars Hand #151904666590:  Hold'em Limit ($3/$6 USD) - 2016/04/14 11:31:16 ET
Table 'Hekatostos II' 6-max Seat #5 is the button
Seat 5: Yell0wBack ($357.52 in chips)
Seat 6: hooverr ($63.10 in chips)
Yell0wBack: posts small blind $1
hooverr: posts big blind $3
*** HOLE CARDS ***
Yell0wBack: raises $3 to $6
hooverr: folds
Uncalled bet ($3) returned to Yell0wBack
Yell0wBack collected $6 from pot
Yell0wBack: doesn't show hand
*** SUMMARY ***
Total pot $6 | Rake $0
Seat 5: Yell0wBack (button) (small blind) collected ($6)
Seat 6: hooverr (big blind) folded before Flop


PokerStars Hand #151904662868:  Hold'em Limit ($3/$6 USD) - 2016/04/14 11:31:10 ET
Table 'Hekatostos II' 6-max Seat #6 is the button
Seat 5: Yell0wBack ($356.52 in chips)
Seat 6: hooverr ($64.10 in chips)
hooverr: posts small blind $1
Yell0wBack: posts big blind $3
*** HOLE CARDS ***
hooverr: folds
Uncalled bet ($2) returned to Yell0wBack
Yell0wBack collected $2 from pot
Yell0wBack: doesn't show hand
*** SUMMARY ***
Total pot $2 | Rake $0
Seat 5: Yell0wBack (big blind) collected ($2)
Seat 6: hooverr (button) (small blind) folded before Flop


PokerStars Hand #151904671148:  Hold'em Limit ($3/$6 USD) - 2016/04/14 11:31:22 ET
Table 'Hekatostos II' 6-max Seat #6 is the button
Seat 5: Yell0wBack ($360.52 in chips)
Seat 6: hooverr ($60.10 in chips)
hooverr: posts small blind $1
Yell0wBack: posts big blind $3
*** HOLE CARDS ***
hooverr: raises $3 to $6
Yell0wBack: calls $3
*** FLOP *** [Jc Ac 8s]
Yell0wBack: checks
hooverr: checks
*** TURN *** [Jc Ac 8s] [7d]
Yell0wBack: checks
hooverr: bets $6
Yell0wBack: folds
Uncalled bet ($6) returned to hooverr
hooverr collected $11.76 from pot
hooverr: doesn't show hand
*** SUMMARY ***
Total pot $12 | Rake $0.24
Board [Jc Ac 8s 7d]
Seat 5: Yell0wBack (big blind) folded on the Turn
Seat 6: hooverr (button) (small blind) collected ($11.76)


PokerStars Hand #151904687801:  Hold'em Limit ($3/$6 USD) - 2016/04/14 11:31:46 ET
Table 'Hekatostos II' 6-max Seat #6 is the button
Seat 5: Yell0wBack ($357.52 in chips)
Seat 6: hooverr ($62.86 in chips)
hooverr: posts small blind $1
Yell0wBack: posts big blind $3
*** HOLE CARDS ***
hooverr: folds
Uncalled bet ($2) returned to Yell0wBack
Yell0wBack collected $2 from pot
Yell0wBack: doesn't show hand
*** SUMMARY ***
Total pot $2 | Rake $0
Seat 5: Yell0wBack (big blind) collected ($2)
Seat 6: hooverr (button) (small blind) folded before Flop


PokerStars Hand #151904682378:  Hold'em Limit ($3/$6 USD) - 2016/04/14 11:31:39 ET
Table 'Hekatostos II' 6-max Seat #5 is the button
Seat 5: Yell0wBack ($354.52 in chips)
Seat 6: hooverr ($65.86 in chips)
Yell0wBack: posts small blind $1
hooverr: posts big blind $3
*** HOLE CARDS ***
Yell0wBack: raises $3 to $6
hooverr: folds
Uncalled bet ($3) returned to Yell0wBack
Yell0wBack collected $6 from pot
Yell0wBack: doesn't show hand
*** SUMMARY ***
Total pot $6 | Rake $0
Seat 5: Yell0wBack (button) (small blind) collected ($6)
Seat 6: hooverr (big blind) folded before Flop


PokerStars Hand #151904691433:  Hold'em Limit ($3/$6 USD) - 2016/04/14 11:31:52 ET
Table 'Hekatostos II' 6-max Seat #5 is the button
Seat 5: Yell0wBack ($358.52 in chips)
Seat 6: hooverr ($61.86 in chips)
Yell0wBack: posts small blind $1
hooverr: posts big blind $3
*** HOLE CARDS ***
Yell0wBack: folds
Uncalled bet ($2) returned to hooverr
hooverr collected $2 from pot
hooverr: doesn't show hand
*** SUMMARY ***
Total pot $2 | Rake $0
Seat 5: Yell0wBack (button) (small blind) folded before Flop
Seat 6: hooverr (big blind) collected ($2)


PokerStars Hand #151904695559:  Hold'em Limit ($3/$6 USD) - 2016/04/14 11:31:58 ET
Table 'Hekatostos II' 6-max Seat #6 is the button
Seat 5: Yell0wBack ($357.52 in chips)
Seat 6: hooverr ($62.86 in chips)
hooverr: posts small blind $1
Yell0wBack: posts big blind $3
*** HOLE CARDS ***
hooverr: raises $3 to $6
Yell0wBack: raises $3 to $9
hooverr: calls $3
*** FLOP *** [8h Kd 9d]
Yell0wBack: bets $3
hooverr: calls $3
*** TURN *** [8h Kd 9d] [Ts]
Yell0wBack: bets $6
hooverr: calls $6
*** RIVER *** [8h Kd 9d Ts] [Th]
Yell0wBack: checks
hooverr: bets $6
Yell0wBack: calls $6
*** SHOW DOWN ***
hooverr: shows [Qc Qh] (two pair, Queens and Tens)
Yell0wBack: mucks hand
hooverr collected $47.50 from pot
*** SUMMARY ***
Total pot $48 | Rake $0.50
Board [8h Kd 9d Ts Th]
Seat 5: Yell0wBack (big blind) mucked
Seat 6: hooverr (button) (small blind) showed [Qc Qh] and won ($47.50) with two pair, Queens and Tens


PokerStars Hand #151904719986:  Hold'em Limit ($3/$6 USD) - 2016/04/14 11:32:33 ET
Table 'Hekatostos II' 6-max Seat #6 is the button
Seat 5: Yell0wBack ($332.52 in chips)
Seat 6: hooverr ($87.36 in chips)
hooverr: posts small blind $1
Yell0wBack: posts big blind $3
*** HOLE CARDS ***
hooverr: folds
Uncalled bet ($2) returned to Yell0wBack
indyrgent93 joins the table at seat #4
Yell0wBack collected $2 from pot
Yell0wBack: doesn't show hand
*** SUMMARY ***
Total pot $2 | Rake $0
Seat 5: Yell0wBack (big blind) collected ($2)
Seat 6: hooverr (button) (small blind) folded before Flop


PokerStars Hand #151904716621:  Hold'em Limit ($3/$6 USD) - 2016/04/14 11:32:28 ET
Table 'Hekatostos II' 6-max Seat #5 is the button
Seat 5: Yell0wBack ($333.52 in chips)
Seat 6: hooverr ($86.36 in chips)
Yell0wBack: posts small blind $1
hooverr: posts big blind $3
*** HOLE CARDS ***
Yell0wBack: folds
Uncalled bet ($2) returned to hooverr
hooverr collected $2 from pot
hooverr: doesn't show hand
*** SUMMARY ***
Total pot $2 | Rake $0
Seat 5: Yell0wBack (button) (small blind) folded before Flop
Seat 6: hooverr (big blind) collected ($2)


PokerStars Hand #151904723316:  Hold'em Limit ($3/$6 USD) - 2016/04/14 11:32:38 ET
Table 'Hekatostos II' 6-max Seat #5 is the button
Seat 5: Yell0wBack ($333.52 in chips)
Seat 6: hooverr ($86.36 in chips)
Yell0wBack: posts small blind $1
hooverr: posts big blind $3
*** HOLE CARDS ***
Yell0wBack: raises $3 to $6
hooverr: calls $3
*** FLOP *** [9d 2d 9c]
hooverr: checks
Yell0wBack: bets $3
hooverr: folds
Uncalled bet ($3) returned to Yell0wBack
Yell0wBack collected $11.76 from pot
Yell0wBack: doesn't show hand
*** SUMMARY ***
Total pot $12 | Rake $0.24
Board [9d 2d 9c]
Seat 5: Yell0wBack (button) (small blind) collected ($11.76)
Seat 6: hooverr (big blind) folded on the Flop


PokerStars Hand #151905525956:  Hold'em Limit ($3/$6 USD) - 2016/04/14 11:51:49 ET
Table 'Hekatostos II' 6-max Seat #5 is the button
Seat 4: indyrgent93 ($111.62 in chips)
Seat 5: Yell0wBack ($292.40 in chips)
Yell0wBack: posts small blind $1
indyrgent93: posts big blind $3
*** HOLE CARDS ***
Yell0wBack: raises $3 to $6
indyrgent93: calls $3
*** FLOP *** [Kd 8s 8d]
indyrgent93: checks
Yell0wBack: bets $3
indyrgent93: folds
Uncalled bet ($3) returned to Yell0wBack
Yell0wBack collected $11.76 from pot
Yell0wBack: doesn't show hand
*** SUMMARY ***
Total pot $12 | Rake $0.24
Board [Kd 8s 8d]
Seat 4: indyrgent93 (big blind) folded on the Flop
Seat 5: Yell0wBack (button) (small blind) collected ($11.76)


PokerStars Hand #151905504640:  Hold'em Limit ($3/$6 USD) - 2016/04/14 11:51:19 ET
Table 'Hekatostos II' 6-max Seat #4 is the button
Seat 4: indyrgent93 ($79.12 in chips)
Seat 5: Yell0wBack ($325.40 in chips)
indyrgent93: posts small blind $1
Yell0wBack: posts big blind $3
*** HOLE CARDS ***
indyrgent93: calls $2
Yell0wBack: checks
*** FLOP *** [Ks 4h 5s]
Yell0wBack: checks
indyrgent93: checks
*** TURN *** [Ks 4h 5s] [6h]
Yell0wBack: bets $6
indyrgent93: raises $6 to $12
Yell0wBack: raises $6 to $18
indyrgent93: raises $6 to $24
Betting is capped
Yell0wBack: calls $6
*** RIVER *** [Ks 4h 5s 6h] [5c]
Yell0wBack: checks
indyrgent93: bets $6
Yell0wBack: calls $6
*** SHOW DOWN ***
indyrgent93: shows [8d 7c] (a straight, Four to Eight)
Yell0wBack: mucks hand
indyrgent93 collected $65.50 from pot
*** SUMMARY ***
Total pot $66 | Rake $0.50
Board [Ks 4h 5s 6h 5c]
Seat 4: indyrgent93 (button) (small blind) showed [8d 7c] and won ($65.50) with a straight, Four to Eight
Seat 5: Yell0wBack (big blind) mucked


PokerStars Hand #151905483445:  Hold'em Limit ($3/$6 USD) - 2016/04/14 11:50:49 ET
Table 'Hekatostos II' 6-max Seat #5 is the button
Seat 4: indyrgent93 ($70.48 in chips)
Seat 5: Yell0wBack ($334.40 in chips)
Yell0wBack: posts small blind $1
indyrgent93: posts big blind $3
*** HOLE CARDS ***
Yell0wBack: raises $3 to $6
indyrgent93: calls $3
*** FLOP *** [3h Ad 2s]
indyrgent93: checks
Yell0wBack: bets $3
indyrgent93: calls $3
*** TURN *** [3h Ad 2s] [7s]
indyrgent93: checks
Yell0wBack: checks
*** RIVER *** [3h Ad 2s 7s] [5d]
indyrgent93: bets $6
Yell0wBack: folds
Uncalled bet ($6) returned to indyrgent93
indyrgent93 collected $17.64 from pot
*** SUMMARY ***
Total pot $18 | Rake $0.36
Board [3h Ad 2s 7s 5d]
Seat 4: indyrgent93 (big blind) collected ($17.64)
Seat 5: Yell0wBack (button) (small blind) folded on the River


PokerStars Hand #151905572956:  Hold'em Limit ($3/$6 USD) - 2016/04/14 11:52:55 ET
Table 'Hekatostos II' 6-max Seat #4 is the button
Seat 4: indyrgent93 ($131.12 in chips)
Seat 5: Yell0wBack ($272.16 in chips)
indyrgent93: posts small blind $1
Yell0wBack: posts big blind $3
*** HOLE CARDS ***
indyrgent93: folds
Uncalled bet ($2) returned to Yell0wBack
Yell0wBack collected $2 from pot
Yell0wBack: doesn't show hand
*** SUMMARY ***
Total pot $2 | Rake $0
Seat 4: indyrgent93 (button) (small blind) folded before Flop
Seat 5: Yell0wBack (big blind) collected ($2)


PokerStars Hand #151905542985:  Hold'em Limit ($3/$6 USD) - 2016/04/14 11:52:13 ET
Table 'Hekatostos II' 6-max Seat #5 is the button
Seat 4: indyrgent93 ($104.62 in chips)
Seat 5: Yell0wBack ($299.16 in chips)
Yell0wBack: posts small blind $1
indyrgent93: posts big blind $3
*** HOLE CARDS ***
Yell0wBack: raises $3 to $6
indyrgent93: calls $3
*** FLOP *** [7d Kd Qc]
indyrgent93: checks
Yell0wBack: bets $3
indyrgent93: calls $3
*** TURN *** [7d Kd Qc] [Ah]
indyrgent93: checks
Yell0wBack: bets $6
indyrgent93: raises $6 to $12
Yell0wBack: calls $6
*** RIVER *** [7d Kd Qc Ah] [6s]
indyrgent93: bets $6
Yell0wBack: calls $6
*** SHOW DOWN ***
indyrgent93: shows [8c Ad] (a pair of Aces)
Yell0wBack: mucks hand
indyrgent93 collected $53.50 from pot
*** SUMMARY ***
Total pot $54 | Rake $0.50
Board [7d Kd Qc Ah 6s]
Seat 4: indyrgent93 (big blind) showed [8c Ad] and won ($53.50) with a pair of Aces
Seat 5: Yell0wBack (button) (small blind) mucked


PokerStars Hand #151905537474:  Hold'em Limit ($3/$6 USD) - 2016/04/14 11:52:05 ET
Table 'Hekatostos II' 6-max Seat #4 is the button
Seat 4: indyrgent93 ($105.62 in chips)
Seat 5: Yell0wBack ($298.16 in chips)
indyrgent93: posts small blind $1
Yell0wBack: posts big blind $3
*** HOLE CARDS ***
indyrgent93: folds
Uncalled bet ($2) returned to Yell0wBack
Yell0wBack collected $2 from pot
Yell0wBack: doesn't show hand
*** SUMMARY ***
Total pot $2 | Rake $0
Seat 4: indyrgent93 (button) (small blind) folded before Flop
Seat 5: Yell0wBack (big blind) collected ($2)


PokerStars Hand #151905595898:  Hold'em Limit ($3/$6 USD) - 2016/04/14 11:53:27 ET
Table 'Hekatostos II' 6-max Seat #4 is the button
Seat 4: indyrgent93 ($168.62 in chips)
Seat 5: Yell0wBack ($234.16 in chips)
indyrgent93: posts small blind $1
Yell0wBack: posts big blind $3
*** HOLE CARDS ***
indyrgent93: calls $2
Yell0wBack: checks
*** FLOP *** [2h 8h Qc]
Yell0wBack: checks
indyrgent93: checks
*** TURN *** [2h 8h Qc] [5h]
Yell0wBack: checks
indyrgent93: bets $6
Yell0wBack: raises $6 to $12
indyrgent93: calls $6
*** RIVER *** [2h 8h Qc 5h] [Kh]
Yell0wBack: bets $6
indyrgent93: raises $6 to $12
Yell0wBack: calls $6
*** SHOW DOWN ***
indyrgent93: shows [8s Qh] (a flush, King high)
Yell0wBack: mucks hand
indyrgent93 collected $53.50 from pot
*** SUMMARY ***
Total pot $54 | Rake $0.50
Board [2h 8h Qc 5h Kh]
Seat 4: indyrgent93 (button) (small blind) showed [8s Qh] and won ($53.50) with a flush, King high
Seat 5: Yell0wBack (big blind) mucked


PokerStars Hand #151905576727:  Hold'em Limit ($3/$6 USD) - 2016/04/14 11:53:00 ET
Table 'Hekatostos II' 6-max Seat #5 is the button
Seat 4: indyrgent93 ($130.12 in chips)
Seat 5: Yell0wBack ($273.16 in chips)
Yell0wBack: posts small blind $1
indyrgent93: posts big blind $3
*** HOLE CARDS ***
Yell0wBack: raises $3 to $6
indyrgent93: calls $3
*** FLOP *** [3s 3h 6d]
indyrgent93: checks
Yell0wBack: bets $3
indyrgent93: calls $3
*** TURN *** [3s 3h 6d] [Td]
indyrgent93: checks
Yell0wBack: bets $6
indyrgent93: raises $6 to $12
Yell0wBack: raises $6 to $18
indyrgent93: raises $6 to $24
Betting is capped
Yell0wBack: calls $6
*** RIVER *** [3s 3h 6d Td] [2d]
indyrgent93: bets $6
Yell0wBack: calls $6
*** SHOW DOWN ***
indyrgent93: shows [3c 4s] (three of a kind, Threes)
Yell0wBack: mucks hand
indyrgent93 collected $77.50 from pot
*** SUMMARY ***
Total pot $78 | Rake $0.50
Board [3s 3h 6d Td 2d]
Seat 4: indyrgent93 (big blind) showed [3c 4s] and won ($77.50) with three of a kind, Threes
Seat 5: Yell0wBack (button) (small blind) mucked


PokerStars Hand #151905643490:  Hold'em Limit ($3/$6 USD) - 2016/04/14 11:54:35 ET
Table 'Hekatostos II' 6-max Seat #5 is the button
Seat 4: indyrgent93 ($212.62 in chips)
Seat 5: Yell0wBack ($189.16 in chips)
Yell0wBack: posts small blind $1
indyrgent93: posts big blind $3
*** HOLE CARDS ***
Yell0wBack: raises $3 to $6
indyrgent93: calls $3
*** FLOP *** [Ah 2s Qs]
indyrgent93: checks
Yell0wBack: bets $3
indyrgent93: folds
Uncalled bet ($3) returned to Yell0wBack
Yell0wBack collected $11.76 from pot
Yell0wBack: doesn't show hand
*** SUMMARY ***
Total pot $12 | Rake $0.24
Board [Ah 2s Qs]
Seat 4: indyrgent93 (big blind) folded on the Flop
Seat 5: Yell0wBack (button) (small blind) collected ($11.76)


PokerStars Hand #151905635957:  Hold'em Limit ($3/$6 USD) - 2016/04/14 11:54:24 ET
Table 'Hekatostos II' 6-max Seat #4 is the button
Seat 4: indyrgent93 ($209.62 in chips)
Seat 5: Yell0wBack ($192.16 in chips)
indyrgent93: posts small blind $1
Yell0wBack: posts big blind $3
*** HOLE CARDS ***
indyrgent93: raises $3 to $6
Yell0wBack: folds
Uncalled bet ($3) returned to indyrgent93
indyrgent93 collected $6 from pot
*** SUMMARY ***
Total pot $6 | Rake $0
Seat 4: indyrgent93 (button) (small blind) collected ($6)
Seat 5: Yell0wBack (big blind) folded before Flop


PokerStars Hand #151905617059:  Hold'em Limit ($3/$6 USD) - 2016/04/14 11:53:57 ET
Table 'Hekatostos II' 6-max Seat #5 is the button
Seat 4: indyrgent93 ($195.12 in chips)
Seat 5: Yell0wBack ($207.16 in chips)
Yell0wBack: posts small blind $1
indyrgent93: posts big blind $3
*** HOLE CARDS ***
Yell0wBack: raises $3 to $6
indyrgent93: calls $3
*** FLOP *** [6h Jd 2s]
indyrgent93: checks
Yell0wBack: bets $3
indyrgent93: calls $3
*** TURN *** [6h Jd 2s] [9d]
indyrgent93: checks
Yell0wBack: checks
*** RIVER *** [6h Jd 2s 9d] [8h]
indyrgent93: bets $6
Yell0wBack: calls $6
*** SHOW DOWN ***
indyrgent93: shows [Tc 2c] (a pair of Deuces)
Yell0wBack: mucks hand
indyrgent93 collected $29.50 from pot
*** SUMMARY ***
Total pot $30 | Rake $0.50
Board [6h Jd 2s 9d 8h]
Seat 4: indyrgent93 (big blind) showed [Tc 2c] and won ($29.50) with a pair of Deuces
Seat 5: Yell0wBack (button) (small blind) mucked


PokerStars Hand #151905652798:  Hold'em Limit ($3/$6 USD) - 2016/04/14 11:54:48 ET
Table 'Hekatostos II' 6-max Seat #4 is the button
Seat 4: indyrgent93 ($206.62 in chips)
Seat 5: Yell0wBack ($194.92 in chips)
indyrgent93: posts small blind $1
Yell0wBack: posts big blind $3
*** HOLE CARDS ***
indyrgent93: calls $2
Yell0wBack: raises $3 to $6
indyrgent93: calls $3
*** FLOP *** [Td 5s Ad]
Yell0wBack: bets $3
indyrgent93: calls $3
*** TURN *** [Td 5s Ad] [7s]
Yell0wBack: bets $6
indyrgent93: raises $6 to $12
Yell0wBack: calls $6
*** RIVER *** [Td 5s Ad 7s] [8c]
Yell0wBack: checks
indyrgent93: bets $6
Yell0wBack: calls $6
*** SHOW DOWN ***
indyrgent93: shows [Ts 7d] (two pair, Tens and Sevens)
Yell0wBack: mucks hand
indyrgent93 collected $53.50 from pot
*** SUMMARY ***
Total pot $54 | Rake $0.50
Board [Td 5s Ad 7s 8c]
Seat 4: indyrgent93 (button) (small blind) showed [Ts 7d] and won ($53.50) with two pair, Tens and Sevens
Seat 5: Yell0wBack (big blind) mucked


PokerStars Hand #151905669790:  Hold'em Limit ($3/$6 USD) - 2016/04/14 11:55:14 ET
Table 'Hekatostos II' 6-max Seat #5 is the button
Seat 4: indyrgent93 ($233.12 in chips)
Seat 5: Yell0wBack ($167.92 in chips)
Yell0wBack: posts small blind $1
indyrgent93: posts big blind $3
*** HOLE CARDS ***
Yell0wBack: raises $3 to $6
indyrgent93: folds
Uncalled bet ($3) returned to Yell0wBack
Yell0wBack collected $6 from pot
Yell0wBack: doesn't show hand
*** SUMMARY ***
Total pot $6 | Rake $0
Seat 4: indyrgent93 (big blind) folded before Flop
Seat 5: Yell0wBack (button) (small blind) collected ($6)


PokerStars Hand #151905673542:  Hold'em Limit ($3/$6 USD) - 2016/04/14 11:55:21 ET
Table 'Hekatostos II' 6-max Seat #4 is the button
Seat 4: indyrgent93 ($230.12 in chips)
Seat 5: Yell0wBack ($170.92 in chips)
indyrgent93: posts small blind $1
Yell0wBack: posts big blind $3
*** HOLE CARDS ***
indyrgent93: calls $2
Yell0wBack: raises $3 to $6
indyrgent93: calls $3
*** FLOP *** [Tc 9h Ts]
Yell0wBack: bets $3
indyrgent93: folds
Uncalled bet ($3) returned to Yell0wBack
Yell0wBack collected $11.76 from pot
*** SUMMARY ***
Total pot $12 | Rake $0.24
Board [Tc 9h Ts]
Seat 4: indyrgent93 (button) (small blind) folded on the Flop
Seat 5: Yell0wBack (big blind) collected ($11.76)


PokerStars Hand #151905681154:  Hold'em Limit ($3/$6 USD) - 2016/04/14 11:55:34 ET
Table 'Hekatostos II' 6-max Seat #5 is the button
Seat 4: indyrgent93 ($224.12 in chips)
Seat 5: Yell0wBack ($431.68 in chips)
Yell0wBack: posts small blind $1
indyrgent93: posts big blind $3
*** HOLE CARDS ***
Yell0wBack: raises $3 to $6
indyrgent93: calls $3
*** FLOP *** [8d 4c 4d]
indyrgent93: bets $3
Yell0wBack: calls $3
*** TURN *** [8d 4c 4d] [Kh]
indyrgent93: checks
Yell0wBack: bets $6
indyrgent93: folds
Uncalled bet ($6) returned to Yell0wBack
Yell0wBack collected $17.64 from pot
Yell0wBack: doesn't show hand
*** SUMMARY ***
Total pot $18 | Rake $0.36
Board [8d 4c 4d Kh]
Seat 4: indyrgent93 (big blind) folded on the Turn
Seat 5: Yell0wBack (button) (small blind) collected ($17.64)


PokerStars Hand #151905697716:  Hold'em Limit ($3/$6 USD) - 2016/04/14 11:56:02 ET
Table 'Hekatostos II' 6-max Seat #4 is the button
Seat 4: indyrgent93 ($215.12 in chips)
Seat 5: Yell0wBack ($440.32 in chips)
indyrgent93: posts small blind $1
Yell0wBack: posts big blind $3
*** HOLE CARDS ***
indyrgent93: calls $2
Yell0wBack: checks
*** FLOP *** [6h 4d Kd]
Yell0wBack: bets $3
indyrgent93: folds
Uncalled bet ($3) returned to Yell0wBack
Yell0wBack collected $5.88 from pot
Yell0wBack: doesn't show hand
*** SUMMARY ***
Total pot $6 | Rake $0.12
Board [6h 4d Kd]
Seat 4: indyrgent93 (button) (small blind) folded on the Flop
Seat 5: Yell0wBack (big blind) collected ($5.88)


PokerStars Hand #151905704438:  Hold'em Limit ($3/$6 USD) - 2016/04/14 11:56:13 ET
Table 'Hekatostos II' 6-max Seat #5 is the button
Seat 4: indyrgent93 ($212.12 in chips)
Seat 5: Yell0wBack ($443.20 in chips)
Yell0wBack: posts small blind $1
indyrgent93: posts big blind $3
*** HOLE CARDS ***
Yell0wBack: raises $3 to $6
indyrgent93: calls $3
*** FLOP *** [Js 5c 6h]
indyrgent93: checks
Yell0wBack: bets $3
indyrgent93: calls $3
*** TURN *** [Js 5c 6h] [3s]
indyrgent93: checks
Yell0wBack: checks
*** RIVER *** [Js 5c 6h 3s] [4s]
indyrgent93: bets $6
Yell0wBack: folds
Uncalled bet ($6) returned to indyrgent93
indyrgent93 collected $17.64 from pot
*** SUMMARY ***
Total pot $18 | Rake $0.36
Board [Js 5c 6h 3s 4s]
Seat 4: indyrgent93 (big blind) collected ($17.64)
Seat 5: Yell0wBack (button) (small blind) folded on the River


PokerStars Hand #151905717141:  Hold'em Limit ($3/$6 USD) - 2016/04/14 11:56:35 ET
Table 'Hekatostos II' 6-max Seat #4 is the button
Seat 4: indyrgent93 ($220.76 in chips)
Seat 5: Yell0wBack ($434.20 in chips)
indyrgent93: posts small blind $1
Yell0wBack: posts big blind $3
*** HOLE CARDS ***
indyrgent93: calls $2
Yell0wBack: checks
*** FLOP *** [3h Qs 5s]
Yell0wBack: checks
indyrgent93: checks
*** TURN *** [3h Qs 5s] [Ah]
Yell0wBack: checks
indyrgent93: bets $6
Yell0wBack: folds
Uncalled bet ($6) returned to indyrgent93
indyrgent93 collected $5.88 from pot
*** SUMMARY ***
Total pot $6 | Rake $0.12
Board [3h Qs 5s Ah]
Seat 4: indyrgent93 (button) (small blind) collected ($5.88)
Seat 5: Yell0wBack (big blind) folded on the Turn


PokerStars Hand #151905732642:  Hold'em Limit ($3/$6 USD) - 2016/04/14 11:57:01 ET
Table 'Hekatostos II' 6-max Seat #5 is the button
Seat 4: indyrgent93 ($223.64 in chips)
Seat 5: Yell0wBack ($431.20 in chips)
Yell0wBack: posts small blind $1
indyrgent93: posts big blind $3
*** HOLE CARDS ***
Yell0wBack: raises $3 to $6
indyrgent93: calls $3
*** FLOP *** [Qd 5s 5h]
indyrgent93: checks
Yell0wBack: checks
*** TURN *** [Qd 5s 5h] [8c]
indyrgent93: checks
Yell0wBack: bets $6
indyrgent93: raises $6 to $12
Yell0wBack: folds
Uncalled bet ($6) returned to indyrgent93
indyrgent93 collected $23.52 from pot
*** SUMMARY ***
Total pot $24 | Rake $0.48
Board [Qd 5s 5h 8c]
Seat 4: indyrgent93 (big blind) collected ($23.52)
Seat 5: Yell0wBack (button) (small blind) folded on the Turn


PokerStars Hand #151905743938:  Hold'em Limit ($3/$6 USD) - 2016/04/14 11:57:20 ET
Table 'Hekatostos II' 6-max Seat #4 is the button
Seat 4: indyrgent93 ($235.16 in chips)
Seat 5: Yell0wBack ($419.20 in chips)
indyrgent93: posts small blind $1
Yell0wBack: posts big blind $3
*** HOLE CARDS ***
indyrgent93: calls $2
Yell0wBack: checks
*** FLOP *** [9d As 4s]
Yell0wBack: checks
indyrgent93: checks
*** TURN *** [9d As 4s] [Ts]
Yell0wBack: checks
indyrgent93: checks
*** RIVER *** [9d As 4s Ts] [3c]
Yell0wBack: checks
indyrgent93: checks
*** SHOW DOWN ***
Yell0wBack: shows [9c 7s] (a pair of Nines)
indyrgent93: mucks hand
Yell0wBack collected $5.88 from pot
*** SUMMARY ***
Total pot $6 | Rake $0.12
Board [9d As 4s Ts 3c]
Seat 4: indyrgent93 (button) (small blind) mucked
Seat 5: Yell0wBack (big blind) showed [9c 7s] and won ($5.88) with a pair of Nines


PokerStars Hand #151905756074:  Hold'em Limit ($3/$6 USD) - 2016/04/14 11:57:41 ET
Table 'Hekatostos II' 6-max Seat #5 is the button
Seat 4: indyrgent93 ($232.16 in chips)
Seat 5: Yell0wBack ($422.08 in chips)
Yell0wBack: posts small blind $1
indyrgent93: posts big blind $3
*** HOLE CARDS ***
Yell0wBack: folds
Uncalled bet ($2) returned to indyrgent93
indyrgent93 collected $2 from pot
*** SUMMARY ***
Total pot $2 | Rake $0
Seat 4: indyrgent93 (big blind) collected ($2)
Seat 5: Yell0wBack (button) (small blind) folded before Flop


PokerStars Hand #151905759845:  Hold'em Limit ($3/$6 USD) - 2016/04/14 11:57:47 ET
Table 'Hekatostos II' 6-max Seat #4 is the button
Seat 4: indyrgent93 ($233.16 in chips)
Seat 5: Yell0wBack ($421.08 in chips)
indyrgent93: posts small blind $1
Yell0wBack: posts big blind $3
*** HOLE CARDS ***
indyrgent93: calls $2
Yell0wBack: checks
*** FLOP *** [Qs Kh Qh]
Yell0wBack: bets $3
indyrgent93: calls $3
*** TURN *** [Qs Kh Qh] [Jh]
Yell0wBack: bets $6
indyrgent93: calls $6
*** RIVER *** [Qs Kh Qh Jh] [3c]
Yell0wBack: checks
indyrgent93: checks
*** SHOW DOWN ***
Yell0wBack: shows [Ks 2d] (two pair, Kings and Queens)
indyrgent93: mucks hand
Yell0wBack collected $23.52 from pot
*** SUMMARY ***
Total pot $24 | Rake $0.48
Board [Qs Kh Qh Jh 3c]
Seat 4: indyrgent93 (button) (small blind) mucked
Seat 5: Yell0wBack (big blind) showed [Ks 2d] and won ($23.52) with two pair, Kings and Queens


PokerStars Hand #151905773646:  Hold'em Limit ($3/$6 USD) - 2016/04/14 11:58:10 ET
Table 'Hekatostos II' 6-max Seat #5 is the button
Seat 4: indyrgent93 ($221.16 in chips)
Seat 5: Yell0wBack ($432.60 in chips)
Yell0wBack: posts small blind $1
indyrgent93: posts big blind $3
*** HOLE CARDS ***
Yell0wBack: folds
Uncalled bet ($2) returned to indyrgent93
indyrgent93 collected $2 from pot
*** SUMMARY ***
Total pot $2 | Rake $0
Seat 4: indyrgent93 (big blind) collected ($2)
Seat 5: Yell0wBack (button) (small blind) folded before Flop


PokerStars Hand #151905776848:  Hold'em Limit ($3/$6 USD) - 2016/04/14 11:58:15 ET
Table 'Hekatostos II' 6-max Seat #4 is the button
Seat 4: indyrgent93 ($222.16 in chips)
Seat 5: Yell0wBack ($431.60 in chips)
indyrgent93: posts small blind $1
Yell0wBack: posts big blind $3
*** HOLE CARDS ***
indyrgent93: folds
Uncalled bet ($2) returned to Yell0wBack
Yell0wBack collected $2 from pot
Yell0wBack: doesn't show hand
*** SUMMARY ***
Total pot $2 | Rake $0
Seat 4: indyrgent93 (button) (small blind) folded before Flop
Seat 5: Yell0wBack (big blind) collected ($2)


PokerStars Hand #151905799657:  Hold'em Limit ($3/$6 USD) - 2016/04/14 11:58:54 ET
Table 'Hekatostos II' 6-max Seat #4 is the button
Seat 4: indyrgent93 ($235.66 in chips)
Seat 5: Yell0wBack ($417.60 in chips)
indyrgent93: posts small blind $1
Yell0wBack: posts big blind $3
*** HOLE CARDS ***
indyrgent93: folds
Uncalled bet ($2) returned to Yell0wBack
Yell0wBack collected $2 from pot
Yell0wBack: doesn't show hand
*** SUMMARY ***
Total pot $2 | Rake $0
Seat 4: indyrgent93 (button) (small blind) folded before Flop
Seat 5: Yell0wBack (big blind) collected ($2)


PokerStars Hand #151905780111:  Hold'em Limit ($3/$6 USD) - 2016/04/14 11:58:21 ET
Table 'Hekatostos II' 6-max Seat #5 is the button
Seat 4: indyrgent93 ($221.16 in chips)
Seat 5: Yell0wBack ($432.60 in chips)
Yell0wBack: posts small blind $1
indyrgent93: posts big blind $3
*** HOLE CARDS ***
Yell0wBack: raises $3 to $6
indyrgent93: calls $3
*** FLOP *** [6d 9d Js]
indyrgent93: checks
Yell0wBack: bets $3
indyrgent93: calls $3
*** TURN *** [6d 9d Js] [3h]
indyrgent93: checks
Yell0wBack: checks
*** RIVER *** [6d 9d Js 3h] [Td]
indyrgent93: bets $6
Yell0wBack: calls $6
*** SHOW DOWN ***
indyrgent93: shows [Ad 3d] (a flush, Ace high)
Yell0wBack: mucks hand
indyrgent93 collected $29.50 from pot
*** SUMMARY ***
Total pot $30 | Rake $0.50
Board [6d 9d Js 3h Td]
Seat 4: indyrgent93 (big blind) showed [Ad 3d] and won ($29.50) with a flush, Ace high
Seat 5: Yell0wBack (button) (small blind) mucked


PokerStars Hand #151905802823:  Hold'em Limit ($3/$6 USD) - 2016/04/14 11:58:59 ET
Table 'Hekatostos II' 6-max Seat #5 is the button
Seat 4: indyrgent93 ($234.66 in chips)
Seat 5: Yell0wBack ($418.60 in chips)
Yell0wBack: posts small blind $1
indyrgent93: posts big blind $3
*** HOLE CARDS ***
Yell0wBack: raises $3 to $6
indyrgent93: calls $3
*** FLOP *** [3c Ad Qc]
indyrgent93: checks
M1LE8 joins the table at seat #6
Yell0wBack: bets $3
indyrgent93: calls $3
*** TURN *** [3c Ad Qc] [Ac]
indyrgent93: checks
Yell0wBack: checks
*** RIVER *** [3c Ad Qc Ac] [5c]
indyrgent93: bets $6
Yell0wBack: calls $6
*** SHOW DOWN ***
indyrgent93: shows [6h Kc] (a flush, Ace high)
Yell0wBack: mucks hand
indyrgent93 collected $29.50 from pot
*** SUMMARY ***
Total pot $30 | Rake $0.50
Board [3c Ad Qc Ac 5c]
Seat 4: indyrgent93 (big blind) showed [6h Kc] and won ($29.50) with a flush, Ace high
Seat 5: Yell0wBack (button) (small blind) mucked


PokerStars Hand #151905815502:  Hold'em Limit ($3/$6 USD) - 2016/04/14 11:59:21 ET
Table 'Hekatostos II' 6-max Seat #4 is the button
Seat 4: indyrgent93 ($249.16 in chips)
Seat 5: Yell0wBack ($403.60 in chips)
indyrgent93: posts small blind $1
Yell0wBack: posts big blind $3
*** HOLE CARDS ***
indyrgent93: calls $2
Yell0wBack: checks
*** FLOP *** [6c Th Js]
Yell0wBack: checks
indyrgent93: checks
*** TURN *** [6c Th Js] [8s]
Yell0wBack: checks
indyrgent93: bets $6
Yell0wBack: calls $6
*** RIVER *** [6c Th Js 8s] [2h]
Yell0wBack: checks
indyrgent93: bets $6
Yell0wBack: calls $6
*** SHOW DOWN ***
indyrgent93: shows [Qh 3d] (high card Queen)
Yell0wBack: shows [Td 4h] (a pair of Tens)
Yell0wBack collected $29.50 from pot
*** SUMMARY ***
Total pot $30 | Rake $0.50
Board [6c Th Js 8s 2h]
Seat 4: indyrgent93 (button) (small blind) showed [Qh 3d] and lost with high card Queen
Seat 5: Yell0wBack (big blind) showed [Td 4h] and won ($29.50) with a pair of Tens


PokerStars Hand #151920321109:  Hold'em Limit ($3/$6 USD) - 2016/04/14 16:48:36 ET
Table 'Hekatostos II' 6-max Seat #2 is the button
Seat 2: BADEXTASY ($171.42 in chips)
Seat 5: Yell0wBack ($823.04 in chips)
BADEXTASY: posts small blind $1
Great_Kang: is sitting out
Yell0wBack: posts big blind $3
*** HOLE CARDS ***
BADEXTASY: raises $3 to $6
Yell0wBack: calls $3
*** FLOP *** [3h 4h Ah]
Yell0wBack: checks
BADEXTASY: bets $3
Yell0wBack: raises $3 to $6
BADEXTASY: folds
Uncalled bet ($3) returned to Yell0wBack
Yell0wBack collected $17.64 from pot
Yell0wBack: doesn't show hand
*** SUMMARY ***
Total pot $18 | Rake $0.36
Board [3h 4h Ah]
Seat 2: BADEXTASY (button) (small blind) folded on the Flop
Seat 5: Yell0wBack (big blind) collected ($17.64)


PokerStars Hand #151920367858:  Hold'em Limit ($3/$6 USD) - 2016/04/14 16:49:31 ET
Table 'Hekatostos II' 6-max Seat #2 is the button
Seat 2: BADEXTASY ($190.44 in chips)
Seat 5: Yell0wBack ($802.68 in chips)
BADEXTASY: posts small blind $1
Yell0wBack: posts big blind $3
*** HOLE CARDS ***
BADEXTASY: raises $3 to $6
Yell0wBack: folds
Uncalled bet ($3) returned to BADEXTASY
BADEXTASY collected $6 from pot
BADEXTASY: doesn't show hand
*** SUMMARY ***
Total pot $6 | Rake $0
Seat 2: BADEXTASY (button) (small blind) collected ($6)
Seat 5: Yell0wBack (big blind) folded before Flop


PokerStars Hand #151920351657:  Hold'em Limit ($3/$6 USD) - 2016/04/14 16:49:12 ET
Table 'Hekatostos II' 6-max Seat #5 is the button
Seat 2: BADEXTASY ($178.92 in chips)
Seat 5: Yell0wBack ($814.68 in chips)
Yell0wBack: posts small blind $1
BADEXTASY: posts big blind $3
*** HOLE CARDS ***
Yell0wBack: raises $3 to $6
BADEXTASY: raises $3 to $9
Yell0wBack: calls $3
*** FLOP *** [Kc Jc 4d]
BADEXTASY: bets $3
Yell0wBack: calls $3
*** TURN *** [Kc Jc 4d] [Jd]
BADEXTASY: checks
Yell0wBack: checks
*** RIVER *** [Kc Jc 4d Jd] [7d]
BADEXTASY: bets $6
Yell0wBack: folds
Uncalled bet ($6) returned to BADEXTASY
BADEXTASY collected $23.52 from pot
BADEXTASY: doesn't show hand
*** SUMMARY ***
Total pot $24 | Rake $0.48
Board [Kc Jc 4d Jd 7d]
Seat 2: BADEXTASY (big blind) collected ($23.52)
Seat 5: Yell0wBack (button) (small blind) folded on the River


PokerStars Hand #151920347824:  Hold'em Limit ($3/$6 USD) - 2016/04/14 16:49:07 ET
Table 'Hekatostos II' 6-max Seat #2 is the button
Seat 2: BADEXTASY ($179.92 in chips)
Seat 5: Yell0wBack ($813.68 in chips)
BADEXTASY: posts small blind $1
Yell0wBack: posts big blind $3
*** HOLE CARDS ***
BADEXTASY: folds
Uncalled bet ($2) returned to Yell0wBack
Yell0wBack collected $2 from pot
Yell0wBack: doesn't show hand
*** SUMMARY ***
Total pot $2 | Rake $0
Seat 2: BADEXTASY (button) (small blind) folded before Flop
Seat 5: Yell0wBack (big blind) collected ($2)


PokerStars Hand #151920330428:  Hold'em Limit ($3/$6 USD) - 2016/04/14 16:48:47 ET
Table 'Hekatostos II' 6-max Seat #5 is the button
Seat 2: BADEXTASY ($162.42 in chips)
Seat 5: Yell0wBack ($831.68 in chips)
Yell0wBack: posts small blind $1
BADEXTASY: posts big blind $3
*** HOLE CARDS ***
Yell0wBack: raises $3 to $6
BADEXTASY: raises $3 to $9
Yell0wBack: calls $3
*** FLOP *** [6c Tc 2c]
Great_Kang leaves the table
BADEXTASY: bets $3
Yell0wBack: calls $3
*** TURN *** [6c Tc 2c] [Kd]
BADEXTASY: checks
Yell0wBack: checks
*** RIVER *** [6c Tc 2c Kd] [Ah]
BADEXTASY: checks
Yell0wBack: bets $6
BADEXTASY: calls $6
*** SHOW DOWN ***
Yell0wBack: shows [9h Jc] (high card Ace)
BADEXTASY: shows [3h 3s] (a pair of Threes)
BADEXTASY collected $35.50 from pot
*** SUMMARY ***
Total pot $36 | Rake $0.50
Board [6c Tc 2c Kd Ah]
Seat 2: BADEXTASY (big blind) showed [3h 3s] and won ($35.50) with a pair of Threes
Seat 5: Yell0wBack (button) (small blind) showed [9h Jc] and lost with high card Ace


PokerStars Hand #151920412752:  Hold'em Limit ($3/$6 USD) - 2016/04/14 16:50:23 ET
Table 'Hekatostos II' 6-max Seat #5 is the button
Seat 2: BADEXTASY ($234.44 in chips)
Seat 5: Yell0wBack ($757.68 in chips)
Yell0wBack: posts small blind $1
BADEXTASY: posts big blind $3
*** HOLE CARDS ***
Yell0wBack: calls $2
BADEXTASY: checks
*** FLOP *** [Jc Kh 2s]
BADEXTASY: bets $3
Yell0wBack: folds
Uncalled bet ($3) returned to BADEXTASY
BADEXTASY collected $5.88 from pot
BADEXTASY: doesn't show hand
*** SUMMARY ***
Total pot $6 | Rake $0.12
Board [Jc Kh 2s]
Seat 2: BADEXTASY (big blind) collected ($5.88)
Seat 5: Yell0wBack (button) (small blind) folded on the Flop


PokerStars Hand #151920391315:  Hold'em Limit ($3/$6 USD) - 2016/04/14 16:49:58 ET
Table 'Hekatostos II' 6-max Seat #2 is the button
Seat 2: BADEXTASY ($207.94 in chips)
Seat 5: Yell0wBack ($784.68 in chips)
BADEXTASY: posts small blind $1
Yell0wBack: posts big blind $3
*** HOLE CARDS ***
BADEXTASY: raises $3 to $6
Yell0wBack: raises $3 to $9
BADEXTASY: calls $3
*** FLOP *** [4s Jd 5c]
Yell0wBack: bets $3
BADEXTASY: raises $3 to $6
Yell0wBack: calls $3
*** TURN *** [4s Jd 5c] [7s]
Yell0wBack: checks
BADEXTASY: bets $6
Yell0wBack: calls $6
*** RIVER *** [4s Jd 5c 7s] [Jh]
Yell0wBack: checks
BADEXTASY: bets $6
Yell0wBack: calls $6
*** SHOW DOWN ***
BADEXTASY: shows [6d 6h] (two pair, Jacks and Sixes)
Yell0wBack: mucks hand
BADEXTASY collected $53.50 from pot
*** SUMMARY ***
Total pot $54 | Rake $0.50
Board [4s Jd 5c 7s Jh]
Seat 2: BADEXTASY (button) (small blind) showed [6d 6h] and won ($53.50) with two pair, Jacks and Sixes
Seat 5: Yell0wBack (big blind) mucked


PokerStars Hand #151920372634:  Hold'em Limit ($3/$6 USD) - 2016/04/14 16:49:36 ET
Table 'Hekatostos II' 6-max Seat #5 is the button
Seat 2: BADEXTASY ($193.44 in chips)
Seat 5: Yell0wBack ($799.68 in chips)
Yell0wBack: posts small blind $1
BADEXTASY: posts big blind $3
*** HOLE CARDS ***
Yell0wBack: raises $3 to $6
BADEXTASY: calls $3
*** FLOP *** [Qc 2s 9c]
BADEXTASY: checks
Yell0wBack: bets $3
BADEXTASY: calls $3
*** TURN *** [Qc 2s 9c] [4h]
BADEXTASY: checks
Yell0wBack: checks
*** RIVER *** [Qc 2s 9c 4h] [8h]
BADEXTASY: bets $6
Yell0wBack: calls $6
*** SHOW DOWN ***
BADEXTASY: shows [Qh 9h] (two pair, Queens and Nines)
Yell0wBack: mucks hand
BADEXTASY collected $29.50 from pot
*** SUMMARY ***
Total pot $30 | Rake $0.50
Board [Qc 2s 9c 4h 8h]
Seat 2: BADEXTASY (big blind) showed [Qh 9h] and won ($29.50) with two pair, Queens and Nines
Seat 5: Yell0wBack (button) (small blind) mucked


