PokerStars Hand #148582237998:  Hold'em Limit ($3/$6 USD) - 2016/02/10 16:31:29 ET
Table 'Heka' 10-max Seat #7 is the button
Seat 3: Zubasa07 ($526.50 in chips)
Seat 7: hossi399 ($93 in chips)
hossi399: posts small blind $1
Zubasa07: posts big blind $3
*** HOLE CARDS ***
hossi399: raises $3 to $6
Zubasa07: raises $3 to $9
hossi399: calls $3
*** FLOP *** [6s 3s 5s]
Zubasa07: bets $3
hossi399: calls $3
*** TURN *** [6s 3s 5s] [Th]
Zubasa07: bets $6
hossi399: calls $6
*** RIVER *** [6s 3s 5s Th] [Ks]
Zubasa07: bets $6
hossi399: folds
Uncalled bet ($6) returned to Zubasa07
Zubasa07 collected $35.50 from pot
Zubasa07: doesn't show hand
*** SUMMARY ***
Total pot $36 | Rake $0.50
Board [6s 3s 5s Th Ks]
Seat 3: Zubasa07 (big blind) collected ($35.50)
Seat 7: hossi399 (button) (small blind) folded on the River


PokerStars Hand #148582232928:  Hold'em Limit ($3/$6 USD) - 2016/02/10 16:31:24 ET
Table 'Heka' 10-max Seat #3 is the button
Seat 3: Zubasa07 ($527.50 in chips)
Seat 7: hossi399 ($92 in chips)
Zubasa07: posts small blind $1
hossi399: posts big blind $3
*** HOLE CARDS ***
Zubasa07: folds
Uncalled bet ($2) returned to hossi399
hossi399 collected $2 from pot
hossi399: doesn't show hand
*** SUMMARY ***
Total pot $2 | Rake $0
Seat 3: Zubasa07 (button) (small blind) folded before Flop
Seat 7: hossi399 (big blind) collected ($2)


PokerStars Hand #148582226565:  Hold'em Limit ($3/$6 USD) - 2016/02/10 16:31:18 ET
Table 'Heka' 10-max Seat #7 is the button
Seat 3: Zubasa07 ($526.50 in chips)
Seat 7: hossi399 ($93 in chips)
hossi399: posts small blind $1
Zubasa07: posts big blind $3
*** HOLE CARDS ***
hossi399: folds
Uncalled bet ($2) returned to Zubasa07
Zubasa07 collected $2 from pot
Zubasa07: doesn't show hand
*** SUMMARY ***
Total pot $2 | Rake $0
Seat 3: Zubasa07 (big blind) collected ($2)
Seat 7: hossi399 (button) (small blind) folded before Flop


PokerStars Hand #148582194584:  Hold'em Limit ($3/$6 USD) - 2016/02/10 16:30:49 ET
Table 'Heka' 10-max Seat #3 is the button
Seat 3: Zubasa07 ($500 in chips)
Seat 7: hossi399 ($120 in chips)
Zubasa07: posts small blind $1
hossi399: posts big blind $3
*** HOLE CARDS ***
Zubasa07: calls $2
hossi399: raises $3 to $6
Zubasa07: calls $3
*** FLOP *** [2s 6c Js]
hossi399: bets $3
Zubasa07: calls $3
*** TURN *** [2s 6c Js] [7d]
hossi399: bets $6
Zubasa07: calls $6
*** RIVER *** [2s 6c Js 7d] [Ac]
hossi399: bets $6
Zubasa07: raises $6 to $12
hossi399: calls $6
*** SHOW DOWN ***
Zubasa07: shows [Ad Qs] (a pair of Aces)
hossi399: mucks hand
Zubasa07 collected $53.50 from pot
*** SUMMARY ***
Total pot $54 | Rake $0.50
Board [2s 6c Js 7d Ac]
Seat 3: Zubasa07 (button) (small blind) showed [Ad Qs] and won ($53.50) with a pair of Aces
Seat 7: hossi399 (big blind) mucked


PokerStars Hand #148582317024:  Hold'em Limit ($3/$6 USD) - 2016/02/10 16:32:42 ET
Table 'Heka' 10-max Seat #3 is the button
Seat 3: Zubasa07 ($523 in chips)
Seat 7: hossi399 ($116.11 in chips)
Zubasa07: posts small blind $1
hossi399: posts big blind $3
*** HOLE CARDS ***
Zubasa07: folds
Uncalled bet ($2) returned to hossi399
hossi399 collected $2 from pot
hossi399: doesn't show hand
*** SUMMARY ***
Total pot $2 | Rake $0
Seat 3: Zubasa07 (button) (small blind) folded before Flop
Seat 7: hossi399 (big blind) collected ($2)


PokerStars Hand #148582270918:  Hold'em Limit ($3/$6 USD) - 2016/02/10 16:31:59 ET
Table 'Heka' 10-max Seat #3 is the button
Seat 3: Zubasa07 ($544 in chips)
Seat 7: hossi399 ($75 in chips)
Zubasa07: posts small blind $1
hossi399: posts big blind $3
*** HOLE CARDS ***
Zubasa07: raises $3 to $6
hossi399: calls $3
*** FLOP *** [Kh 9d 5d]
hossi399: checks
Zubasa07: bets $3
hossi399: raises $3 to $6
Zubasa07: calls $3
*** TURN *** [Kh 9d 5d] [Td]
hossi399: bets $6
Zubasa07: calls $6
*** RIVER *** [Kh 9d 5d Td] [Jd]
hossi399: checks
Zubasa07: checks
*** SHOW DOWN ***
hossi399: shows [Kc 2h] (a pair of Kings)
Zubasa07: mucks hand
hossi399 collected $35.50 from pot
*** SUMMARY ***
Total pot $36 | Rake $0.50
Board [Kh 9d 5d Td Jd]
Seat 3: Zubasa07 (button) (small blind) mucked
Seat 7: hossi399 (big blind) showed [Kc 2h] and won ($35.50) with a pair of Kings


PokerStars Hand #148582408575:  Hold'em Limit ($3/$6 USD) - 2016/02/10 16:34:07 ET
Table 'Heka' 10-max Seat #3 is the button
Seat 3: Zubasa07 ($563.50 in chips)
Seat 7: hossi399 ($75.11 in chips)
Zubasa07: posts small blind $1
hossi399: posts big blind $3
*** HOLE CARDS ***
Zubasa07: raises $3 to $6
hossi399: raises $3 to $9
Zubasa07: calls $3
*** FLOP *** [4s Th 3d]
hossi399: bets $3
Zubasa07: calls $3
*** TURN *** [4s Th 3d] [Kh]
hossi399: bets $6
Zubasa07: folds
Uncalled bet ($6) returned to hossi399
hossi399 collected $23.52 from pot
hossi399: doesn't show hand
*** SUMMARY ***
Total pot $24 | Rake $0.48
Board [4s Th 3d Kh]
Seat 3: Zubasa07 (button) (small blind) folded on the Turn
Seat 7: hossi399 (big blind) collected ($23.52)


PokerStars Hand #148582321812:  Hold'em Limit ($3/$6 USD) - 2016/02/10 16:32:47 ET
Table 'Heka' 10-max Seat #7 is the button
Seat 3: Zubasa07 ($522 in chips)
Seat 7: hossi399 ($117.11 in chips)
hossi399: posts small blind $1
Zubasa07: posts big blind $3
*** HOLE CARDS ***
hossi399: raises $3 to $6
Zubasa07: raises $3 to $9
hossi399: calls $3
*** FLOP *** [Tc Jh 5s]
Zubasa07: bets $3
hossi399: raises $3 to $6
Zubasa07: raises $3 to $9
hossi399: calls $3
*** TURN *** [Tc Jh 5s] [Kc]
Zubasa07: bets $6
hossi399: calls $6
*** RIVER *** [Tc Jh 5s Kc] [2h]
Zubasa07: bets $6
hossi399: raises $6 to $12
Pandakey joins the table at seat #8
Zubasa07: raises $6 to $18
hossi399: calls $6
*** SHOW DOWN ***
Zubasa07: shows [5h 5c] (three of a kind, Fives)
hossi399: mucks hand
Zubasa07 collected $83.50 from pot
*** SUMMARY ***
Total pot $84 | Rake $0.50
Board [Tc Jh 5s Kc 2h]
Seat 3: Zubasa07 (big blind) showed [5h 5c] and won ($83.50) with three of a kind, Fives
Seat 7: hossi399 (button) (small blind) mucked


PokerStars Hand #148583896461:  Hold'em Limit ($3/$6 USD) - 2016/02/10 16:56:43 ET
Table 'Heka' 10-max Seat #3 is the button
Seat 2: 0102651 ($61.68 in chips)
Seat 3: BelSv ($98.28 in chips)
BelSv: posts small blind $1
Chessnok: is sitting out
0102651: posts big blind $3
*** HOLE CARDS ***
BelSv: folds
Uncalled bet ($2) returned to 0102651
0102651 collected $2 from pot
*** SUMMARY ***
Total pot $2 | Rake $0
Seat 2: 0102651 (big blind) collected ($2)
Seat 3: BelSv (button) (small blind) folded before Flop


PokerStars Hand #148583958137:  Hold'em Limit ($3/$6 USD) - 2016/02/10 16:57:56 ET
Table 'Heka' 10-max Seat #2 is the button
Seat 2: 0102651 ($83.18 in chips)
Seat 3: BelSv ($81 in chips)
0102651: posts small blind $1
BelSv: posts big blind $3
*** HOLE CARDS ***
0102651: folds
Uncalled bet ($2) returned to BelSv
BelSv collected $2 from pot
BelSv: doesn't show hand
*** SUMMARY ***
Total pot $2 | Rake $0
Seat 2: 0102651 (button) (small blind) folded before Flop
Seat 3: BelSv (big blind) collected ($2)


PokerStars Hand #148583948657:  Hold'em Limit ($3/$6 USD) - 2016/02/10 16:57:45 ET
Table 'Heka' 10-max Seat #3 is the button
Seat 2: 0102651 ($86.18 in chips)
Seat 3: BelSv ($78 in chips)
BelSv: posts small blind $1
0102651: posts big blind $3
*** HOLE CARDS ***
BelSv: raises $3 to $6
0102651: folds
Uncalled bet ($3) returned to BelSv
BelSv collected $6 from pot
BelSv: doesn't show hand
*** SUMMARY ***
Total pot $6 | Rake $0
Seat 2: 0102651 (big blind) folded before Flop
Seat 3: BelSv (button) (small blind) collected ($6)


PokerStars Hand #148583904814:  Hold'em Limit ($3/$6 USD) - 2016/02/10 16:56:53 ET
Table 'Heka' 10-max Seat #2 is the button
Seat 2: 0102651 ($62.68 in chips)
Seat 3: BelSv ($97.28 in chips)
0102651: posts small blind $1
BelSv: posts big blind $3
*** HOLE CARDS ***
0102651: raises $3 to $6
BelSv: calls $3
*** FLOP *** [2d Ts 5h]
BelSv: checks
0102651: bets $3
BelSv: raises $3 to $6
0102651: calls $3
*** TURN *** [2d Ts 5h] [9d]
BelSv: bets $6
0102651: calls $6
*** RIVER *** [2d Ts 5h 9d] [2s]
BelSv: bets $6
0102651: calls $6
*** SHOW DOWN ***
BelSv: shows [4h 6d] (a pair of Deuces)
0102651: shows [Ks Td] (two pair, Tens and Deuces)
0102651 collected $47.50 from pot
*** SUMMARY ***
Total pot $48 | Rake $0.50
Board [2d Ts 5h 9d 2s]
Seat 2: 0102651 (button) (small blind) showed [Ks Td] and won ($47.50) with two pair, Tens and Deuces
Seat 3: BelSv (big blind) showed [4h 6d] and lost with a pair of Deuces


PokerStars Hand #148583998992:  Hold'em Limit ($3/$6 USD) - 2016/02/10 16:58:33 ET
Table 'Heka' 10-max Seat #2 is the button
Seat 2: 0102651 ($87.94 in chips)
Seat 3: BelSv ($76 in chips)
0102651: posts small blind $1
BelSv: posts big blind $3
*** HOLE CARDS ***
0102651: folds
Uncalled bet ($2) returned to BelSv
0102651 leaves the table
BelSv collected $2 from pot
BelSv: doesn't show hand
*** SUMMARY ***
Total pot $2 | Rake $0
Seat 2: 0102651 (button) (small blind) folded before Flop
Seat 3: BelSv (big blind) collected ($2)


PokerStars Hand #148583963271:  Hold'em Limit ($3/$6 USD) - 2016/02/10 16:58:02 ET
Table 'Heka' 10-max Seat #3 is the button
Seat 2: 0102651 ($82.18 in chips)
Seat 3: BelSv ($82 in chips)
BelSv: posts small blind $1
0102651: posts big blind $3
*** HOLE CARDS ***
BelSv: raises $3 to $6
0102651: calls $3
*** FLOP *** [Js 5c 3c]
0102651: checks
BelSv: checks
*** TURN *** [Js 5c 3c] [6h]
0102651: bets $6
BelSv: folds
Uncalled bet ($6) returned to 0102651
0102651 collected $11.76 from pot
*** SUMMARY ***
Total pot $12 | Rake $0.24
Board [Js 5c 3c 6h]
Seat 2: 0102651 (big blind) collected ($11.76)
Seat 3: BelSv (button) (small blind) folded on the Turn


