PokerStars Hand #148460850060:  Hold'em Limit ($3/$6 USD) - 2016/02/08 14:11:19 ET
Table 'Heka II' 10-max Seat #5 is the button
Seat 5: 5PRUT5 ($60.61 in chips)
Seat 6: Pokali ($84.52 in chips)
5PRUT5: posts small blind $1
Pokali: posts big blind $3
*** HOLE CARDS ***
5PRUT5: folds
Uncalled bet ($2) returned to Pokali
Pokali collected $2 from pot
Pokali: doesn't show hand
*** SUMMARY ***
Total pot $2 | Rake $0
Seat 5: 5PRUT5 (button) (small blind) folded before Flop
Seat 6: Pokali (big blind) collected ($2)


PokerStars Hand #148460831856:  Hold'em Limit ($3/$6 USD) - 2016/02/08 14:11:02 ET
Table 'Heka II' 10-max Seat #6 is the button
Seat 5: 5PRUT5 ($69.61 in chips)
Seat 6: Pokali ($75.88 in chips)
Pokali: posts small blind $1
5PRUT5: posts big blind $3
*** HOLE CARDS ***
Pokali: raises $3 to $6
5PRUT5: calls $3
*** FLOP *** [Ah 9h Jh]
5PRUT5: checks
Pokali: bets $3
5PRUT5: calls $3
*** TURN *** [Ah 9h Jh] [Qd]
5PRUT5: checks
Pokali: bets $6
5PRUT5: folds
Uncalled bet ($6) returned to Pokali
Pokali collected $17.64 from pot
Pokali: doesn't show hand
*** SUMMARY ***
Total pot $18 | Rake $0.36
Board [Ah 9h Jh Qd]
Seat 5: 5PRUT5 (big blind) folded on the Turn
Seat 6: Pokali (button) (small blind) collected ($17.64)


PokerStars Hand #148460946146:  Hold'em Limit ($3/$6 USD) - 2016/02/08 14:12:49 ET
Table 'Heka II' 10-max Seat #6 is the button
Seat 5: 5PRUT5 ($51.65 in chips)
Seat 6: Pokali ($91.78 in chips)
Pokali: posts small blind $1
5PRUT5: posts big blind $3
*** HOLE CARDS ***
Pokali: raises $3 to $6
5PRUT5: folds
Uncalled bet ($3) returned to Pokali
Pokali collected $6 from pot
Pokali: doesn't show hand
*** SUMMARY ***
Total pot $6 | Rake $0
Seat 5: 5PRUT5 (big blind) folded before Flop
Seat 6: Pokali (button) (small blind) collected ($6)


PokerStars Hand #148460940644:  Hold'em Limit ($3/$6 USD) - 2016/02/08 14:12:44 ET
Table 'Heka II' 10-max Seat #5 is the button
Seat 5: 5PRUT5 ($52.65 in chips)
Seat 6: Pokali ($90.78 in chips)
5PRUT5: posts small blind $1
Pokali: posts big blind $3
*** HOLE CARDS ***
5PRUT5: folds
Uncalled bet ($2) returned to Pokali
Pokali collected $2 from pot
Pokali: doesn't show hand
*** SUMMARY ***
Total pot $2 | Rake $0
Seat 5: 5PRUT5 (button) (small blind) folded before Flop
Seat 6: Pokali (big blind) collected ($2)


PokerStars Hand #148460930991:  Hold'em Limit ($3/$6 USD) - 2016/02/08 14:12:35 ET
Table 'Heka II' 10-max Seat #6 is the button
Seat 5: 5PRUT5 ($44.01 in chips)
Seat 6: Pokali ($99.78 in chips)
Pokali: posts small blind $1
5PRUT5: posts big blind $3
*** HOLE CARDS ***
Pokali: raises $3 to $6
5PRUT5: raises $3 to $9
Pokali: calls $3
*** FLOP *** [6h 5h Kh]
5PRUT5: bets $3
Pokali: folds
Uncalled bet ($3) returned to 5PRUT5
5PRUT5 collected $17.64 from pot
5PRUT5: doesn't show hand
*** SUMMARY ***
Total pot $18 | Rake $0.36
Board [6h 5h Kh]
Seat 5: 5PRUT5 (big blind) collected ($17.64)
Seat 6: Pokali (button) (small blind) folded on the Flop


PokerStars Hand #148460912367:  Hold'em Limit ($3/$6 USD) - 2016/02/08 14:12:18 ET
Table 'Heka II' 10-max Seat #5 is the button
Seat 5: 5PRUT5 ($35.37 in chips)
Seat 6: Pokali ($108.78 in chips)
5PRUT5: posts small blind $1
Pokali: posts big blind $3
*** HOLE CARDS ***
5PRUT5: raises $3 to $6
Pokali: calls $3
*** FLOP *** [4s Qh 3c]
Pokali: checks
5PRUT5: bets $3
Pokali: calls $3
*** TURN *** [4s Qh 3c] [4d]
Pokali: checks
5PRUT5: checks
*** RIVER *** [4s Qh 3c 4d] [Th]
Pokali: checks
5PRUT5: bets $6
Pokali: folds
Uncalled bet ($6) returned to 5PRUT5
5PRUT5 collected $17.64 from pot
5PRUT5: doesn't show hand
*** SUMMARY ***
Total pot $18 | Rake $0.36
Board [4s Qh 3c 4d Th]
Seat 5: 5PRUT5 (button) (small blind) collected ($17.64)
Seat 6: Pokali (big blind) folded on the River


PokerStars Hand #148460899715:  Hold'em Limit ($3/$6 USD) - 2016/02/08 14:12:06 ET
Table 'Heka II' 10-max Seat #6 is the button
Seat 5: 5PRUT5 ($41.37 in chips)
Seat 6: Pokali ($103.02 in chips)
Pokali: posts small blind $1
5PRUT5: posts big blind $3
*** HOLE CARDS ***
Pokali: raises $3 to $6
5PRUT5: calls $3
*** FLOP *** [Ah 7h 4h]
5PRUT5: checks
Pokali: bets $3
5PRUT5: folds
Uncalled bet ($3) returned to Pokali
Pokali collected $11.76 from pot
Pokali: doesn't show hand
*** SUMMARY ***
Total pot $12 | Rake $0.24
Board [Ah 7h 4h]
Seat 5: 5PRUT5 (big blind) folded on the Flop
Seat 6: Pokali (button) (small blind) collected ($11.76)


PokerStars Hand #148460890509:  Hold'em Limit ($3/$6 USD) - 2016/02/08 14:11:57 ET
Table 'Heka II' 10-max Seat #5 is the button
Seat 5: 5PRUT5 ($35.61 in chips)
Seat 6: Pokali ($109.02 in chips)
5PRUT5: posts small blind $1
Pokali: posts big blind $3
*** HOLE CARDS ***
5PRUT5: raises $3 to $6
Pokali: calls $3
*** FLOP *** [Td 7s 2h]
Pokali: checks
5PRUT5: bets $3
Pokali: folds
Uncalled bet ($3) returned to 5PRUT5
5PRUT5 collected $11.76 from pot
5PRUT5: doesn't show hand
*** SUMMARY ***
Total pot $12 | Rake $0.24
Board [Td 7s 2h]
Seat 5: 5PRUT5 (button) (small blind) collected ($11.76)
Seat 6: Pokali (big blind) folded on the Flop


PokerStars Hand #148460856377:  Hold'em Limit ($3/$6 USD) - 2016/02/08 14:11:25 ET
Table 'Heka II' 10-max Seat #6 is the button
Seat 5: 5PRUT5 ($59.61 in chips)
Seat 6: Pokali ($85.52 in chips)
Pokali: posts small blind $1
5PRUT5: posts big blind $3
*** HOLE CARDS ***
Pokali: raises $3 to $6
5PRUT5: raises $3 to $9
Pokali: calls $3
*** FLOP *** [Qd 3d 4d]
5PRUT5: bets $3
Pokali: calls $3
*** TURN *** [Qd 3d 4d] [7h]
5PRUT5: bets $6
Pokali: calls $6
*** RIVER *** [Qd 3d 4d 7h] [3c]
5PRUT5: bets $6
Pokali: calls $6
*** SHOW DOWN ***
5PRUT5: shows [6s As] (a pair of Threes)
Pokali: shows [Qh 5h] (two pair, Queens and Threes)
Pokali collected $47.50 from pot
*** SUMMARY ***
Total pot $48 | Rake $0.50
Board [Qd 3d 4d 7h 3c]
Seat 5: 5PRUT5 (big blind) showed [6s As] and lost with a pair of Threes
Seat 6: Pokali (button) (small blind) showed [Qh 5h] and won ($47.50) with two pair, Queens and Threes


PokerStars Hand #148460983094:  Hold'em Limit ($3/$6 USD) - 2016/02/08 14:13:24 ET
Table 'Heka II' 10-max Seat #6 is the button
Seat 5: 5PRUT5 ($53.29 in chips)
Seat 6: Pokali ($89.66 in chips)
Pokali: posts small blind $1
5PRUT5: posts big blind $3
*** HOLE CARDS ***
Pokali: raises $3 to $6
5PRUT5: raises $3 to $9
Pokali: calls $3
*** FLOP *** [4h Jc 2h]
5PRUT5: bets $3
Pokali: raises $3 to $6
5PRUT5: calls $3
*** TURN *** [4h Jc 2h] [As]
5PRUT5: checks
Pokali: checks
*** RIVER *** [4h Jc 2h As] [3c]
5PRUT5: bets $6
Pokali: calls $6
*** SHOW DOWN ***
5PRUT5: shows [Kh Ac] (a pair of Aces)
Pokali: mucks hand
5PRUT5 collected $41.50 from pot
*** SUMMARY ***
Total pot $42 | Rake $0.50
Board [4h Jc 2h As 3c]
Seat 5: 5PRUT5 (big blind) showed [Kh Ac] and won ($41.50) with a pair of Aces
Seat 6: Pokali (button) (small blind) mucked


PokerStars Hand #148460977654:  Hold'em Limit ($3/$6 USD) - 2016/02/08 14:13:19 ET
Table 'Heka II' 10-max Seat #5 is the button
Seat 5: 5PRUT5 ($54.29 in chips)
Seat 6: Pokali ($88.66 in chips)
5PRUT5: posts small blind $1
Pokali: posts big blind $3
*** HOLE CARDS ***
5PRUT5: folds
Uncalled bet ($2) returned to Pokali
Pokali collected $2 from pot
Pokali: doesn't show hand
*** SUMMARY ***
Total pot $2 | Rake $0
Seat 5: 5PRUT5 (button) (small blind) folded before Flop
Seat 6: Pokali (big blind) collected ($2)


PokerStars Hand #148460965951:  Hold'em Limit ($3/$6 USD) - 2016/02/08 14:13:07 ET
Table 'Heka II' 10-max Seat #6 is the button
Seat 5: 5PRUT5 ($57.29 in chips)
Seat 6: Pokali ($85.78 in chips)
Pokali: posts small blind $1
5PRUT5: posts big blind $3
*** HOLE CARDS ***
Pokali: calls $2
5PRUT5: checks
*** FLOP *** [2d Ah Th]
5PRUT5: checks
Pokali: bets $3
5PRUT5: folds
Uncalled bet ($3) returned to Pokali
Pokali collected $5.88 from pot
Pokali: doesn't show hand
*** SUMMARY ***
Total pot $6 | Rake $0.12
Board [2d Ah Th]
Seat 5: 5PRUT5 (big blind) folded on the Flop
Seat 6: Pokali (button) (small blind) collected ($5.88)


PokerStars Hand #148460951929:  Hold'em Limit ($3/$6 USD) - 2016/02/08 14:12:54 ET
Table 'Heka II' 10-max Seat #5 is the button
Seat 5: 5PRUT5 ($48.65 in chips)
Seat 6: Pokali ($94.78 in chips)
5PRUT5: posts small blind $1
Pokali: posts big blind $3
*** HOLE CARDS ***
5PRUT5: raises $3 to $6
Pokali: calls $3
*** FLOP *** [5s Jc 6h]
Pokali: checks
5PRUT5: bets $3
VolkovDmitri leaves the table
Pokali: calls $3
*** TURN *** [5s Jc 6h] [Qd]
Pokali: checks
5PRUT5: bets $6
Pokali: folds
Uncalled bet ($6) returned to 5PRUT5
5PRUT5 collected $17.64 from pot
5PRUT5: doesn't show hand
*** SUMMARY ***
Total pot $18 | Rake $0.36
Board [5s Jc 6h Qd]
Seat 5: 5PRUT5 (button) (small blind) collected ($17.64)
Seat 6: Pokali (big blind) folded on the Turn


PokerStars Hand #148461072457:  Hold'em Limit ($3/$6 USD) - 2016/02/08 14:14:47 ET
Table 'Heka II' 10-max Seat #6 is the button
Seat 5: 5PRUT5 ($115.69 in chips)
Seat 6: Pokali ($73 in chips)
Pokali: posts small blind $1
5PRUT5: posts big blind $3
*** HOLE CARDS ***
Pokali: folds
Uncalled bet ($2) returned to 5PRUT5
5PRUT5 collected $2 from pot
5PRUT5: doesn't show hand
*** SUMMARY ***
Total pot $2 | Rake $0
Seat 5: 5PRUT5 (big blind) collected ($2)
Seat 6: Pokali (button) (small blind) folded before Flop


PokerStars Hand #148461067261:  Hold'em Limit ($3/$6 USD) - 2016/02/08 14:14:42 ET
Table 'Heka II' 10-max Seat #5 is the button
Seat 5: 5PRUT5 ($116.69 in chips)
Seat 6: Pokali ($72 in chips)
5PRUT5: posts small blind $1
Pokali: posts big blind $3
*** HOLE CARDS ***
5PRUT5: folds
Uncalled bet ($2) returned to Pokali
Pokali collected $2 from pot
Pokali: doesn't show hand
*** SUMMARY ***
Total pot $2 | Rake $0
Seat 5: 5PRUT5 (button) (small blind) folded before Flop
Seat 6: Pokali (big blind) collected ($2)


PokerStars Hand #148461062501:  Hold'em Limit ($3/$6 USD) - 2016/02/08 14:14:38 ET
Table 'Heka II' 10-max Seat #6 is the button
Seat 5: 5PRUT5 ($115.69 in chips)
Seat 6: Pokali ($72 in chips)
Pokali: posts small blind $1
5PRUT5: posts big blind $3
*** HOLE CARDS ***
Pokali: folds
Uncalled bet ($2) returned to 5PRUT5
5PRUT5 collected $2 from pot
5PRUT5: doesn't show hand
*** SUMMARY ***
Total pot $2 | Rake $0
Seat 5: 5PRUT5 (big blind) collected ($2)
Seat 6: Pokali (button) (small blind) folded before Flop


PokerStars Hand #148461057746:  Hold'em Limit ($3/$6 USD) - 2016/02/08 14:14:33 ET
Table 'Heka II' 10-max Seat #5 is the button
Seat 5: 5PRUT5 ($112.69 in chips)
Seat 6: Pokali ($72 in chips)
5PRUT5: posts small blind $1
Pokali: posts big blind $3
*** HOLE CARDS ***
5PRUT5: raises $3 to $6
Pokali: folds
Uncalled bet ($3) returned to 5PRUT5
5PRUT5 collected $6 from pot
5PRUT5: doesn't show hand
*** SUMMARY ***
Total pot $6 | Rake $0
Seat 5: 5PRUT5 (button) (small blind) collected ($6)
Seat 6: Pokali (big blind) folded before Flop


PokerStars Hand #148461047352:  Hold'em Limit ($3/$6 USD) - 2016/02/08 14:14:24 ET
Table 'Heka II' 10-max Seat #6 is the button
Seat 5: 5PRUT5 ($104.05 in chips)
Seat 6: Pokali ($72 in chips)
Pokali: posts small blind $1
5PRUT5: posts big blind $3
*** HOLE CARDS ***
Pokali: raises $3 to $6
5PRUT5: raises $3 to $9
Pokali: calls $3
*** FLOP *** [2h 2d 7s]
5PRUT5: bets $3
Pokali: folds
Uncalled bet ($3) returned to 5PRUT5
5PRUT5 collected $17.64 from pot
5PRUT5: doesn't show hand
*** SUMMARY ***
Total pot $18 | Rake $0.36
Board [2h 2d 7s]
Seat 5: 5PRUT5 (big blind) collected ($17.64)
Seat 6: Pokali (button) (small blind) folded on the Flop


PokerStars Hand #148461024227:  Hold'em Limit ($3/$6 USD) - 2016/02/08 14:14:02 ET
Table 'Heka II' 10-max Seat #5 is the button
Seat 5: 5PRUT5 ($80.55 in chips)
Seat 6: Pokali ($72 in chips)
5PRUT5: posts small blind $1
Pokali: posts big blind $3
*** HOLE CARDS ***
5PRUT5: raises $3 to $6
Pokali: calls $3
*** FLOP *** [Tc 2s 7c]
Pokali: checks
5PRUT5: bets $3
Pokali: raises $3 to $6
5PRUT5: calls $3
*** TURN *** [Tc 2s 7c] [8d]
Pokali: bets $6
5PRUT5: raises $6 to $12
Pokali: calls $6
*** RIVER *** [Tc 2s 7c 8d] [5c]
Pokali: checks
5PRUT5: bets $6
Pokali: folds
Uncalled bet ($6) returned to 5PRUT5
5PRUT5 collected $47.50 from pot
5PRUT5: doesn't show hand
*** SUMMARY ***
Total pot $48 | Rake $0.50
Board [Tc 2s 7c 8d 5c]
Seat 5: 5PRUT5 (button) (small blind) collected ($47.50)
Seat 6: Pokali (big blind) folded on the River


PokerStars Hand #148461019566:  Hold'em Limit ($3/$6 USD) - 2016/02/08 14:13:58 ET
Table 'Heka II' 10-max Seat #6 is the button
Seat 5: 5PRUT5 ($79.55 in chips)
Seat 6: Pokali ($72 in chips)
Pokali: posts small blind $1
5PRUT5: posts big blind $3
*** HOLE CARDS ***
Pokali: folds
Uncalled bet ($2) returned to 5PRUT5
5PRUT5 collected $2 from pot
5PRUT5: doesn't show hand
*** SUMMARY ***
Total pot $2 | Rake $0
Seat 5: 5PRUT5 (big blind) collected ($2)
Seat 6: Pokali (button) (small blind) folded before Flop


PokerStars Hand #148461007457:  Hold'em Limit ($3/$6 USD) - 2016/02/08 14:13:47 ET
Table 'Heka II' 10-max Seat #5 is the button
Seat 5: 5PRUT5 ($73.79 in chips)
Seat 6: Pokali ($72 in chips)
5PRUT5: posts small blind $1
Pokali: posts big blind $3
*** HOLE CARDS ***
5PRUT5: raises $3 to $6
Pokali: calls $3
*** FLOP *** [As Ac 2s]
Pokali: checks
5PRUT5: bets $3
Pokali: folds
Uncalled bet ($3) returned to 5PRUT5
5PRUT5 collected $11.76 from pot
5PRUT5: doesn't show hand
*** SUMMARY ***
Total pot $12 | Rake $0.24
Board [As Ac 2s]
Seat 5: 5PRUT5 (button) (small blind) collected ($11.76)
Seat 6: Pokali (big blind) folded on the Flop


PokerStars Hand #148461077614:  Hold'em Limit ($3/$6 USD) - 2016/02/08 14:14:52 ET
Table 'Heka II' 10-max Seat #5 is the button
Seat 5: 5PRUT5 ($116.69 in chips)
Seat 6: Pokali ($72 in chips)
5PRUT5: posts small blind $1
Pokali: posts big blind $3
*** HOLE CARDS ***
5PRUT5: raises $3 to $6
Pokali: folds
Uncalled bet ($3) returned to 5PRUT5
5PRUT5 collected $6 from pot
5PRUT5: doesn't show hand
*** SUMMARY ***
Total pot $6 | Rake $0
Seat 5: 5PRUT5 (button) (small blind) collected ($6)
Seat 6: Pokali (big blind) folded before Flop


PokerStars Hand #148465615301:  Hold'em Limit ($3/$6 USD) - 2016/02/08 15:24:38 ET
Table 'Heka II' 10-max Seat #5 is the button
Seat 5: db49 ($143.50 in chips)
Seat 6: Zubasa07 ($476 in chips)
db49: posts small blind $1
Zubasa07: posts big blind $3
*** HOLE CARDS ***
db49: raises $3 to $6
Zubasa07: calls $3
*** FLOP *** [Td 7s Ac]
Zubasa07: checks
db49: bets $3
Zubasa07: folds
Uncalled bet ($3) returned to db49
db49 collected $11.76 from pot
*** SUMMARY ***
Total pot $12 | Rake $0.24
Board [Td 7s Ac]
Seat 5: db49 (button) (small blind) collected ($11.76)
Seat 6: Zubasa07 (big blind) folded on the Flop


PokerStars Hand #148465469041:  Hold'em Limit ($3/$6 USD) - 2016/02/08 15:22:26 ET
Table 'Heka II' 10-max Seat #6 is the button
Seat 5: db49 ($120 in chips)
Seat 6: Zubasa07 ($500 in chips)
Zubasa07: posts small blind $1
db49: posts big blind $3
*** HOLE CARDS ***
Zubasa07: raises $3 to $6
db49: raises $3 to $9
Zubasa07: calls $3
*** FLOP *** [Ad 7h 4d]
db49 said, "sry my connection is too slow"
db49: bets $3
Zubasa07: calls $3
*** TURN *** [Ad 7h 4d] [Qc]
db49: bets $6
Zubasa07: calls $6
*** RIVER *** [Ad 7h 4d Qc] [5h]
db49: bets $6
Zubasa07: calls $6
*** SHOW DOWN ***
db49: shows [Ah 3d] (a pair of Aces)
Zubasa07: mucks hand
db49 collected $47.50 from pot
*** SUMMARY ***
Total pot $48 | Rake $0.50
Board [Ad 7h 4d Qc 5h]
Seat 5: db49 (big blind) showed [Ah 3d] and won ($47.50) with a pair of Aces
Seat 6: Zubasa07 (button) (small blind) mucked


