PokerStars Hand #144816879530:  Hold'em Limit ($3/$6 USD) - 2015/12/04 13:27:41 ET
Table 'Hekate II' 6-max Seat #4 is the button
Seat 3: desso777 ($38.26 in chips)
Seat 4: Azrarn ($95.50 in chips)
Azrarn: posts small blind $1
desso777: posts big blind $3
*** HOLE CARDS ***
Azrarn: raises $3 to $6
desso777: calls $3
*** FLOP *** [Qh 2c Th]
desso777: checks
Azrarn: bets $3
desso777: raises $3 to $6
Azrarn: folds
Uncalled bet ($3) returned to desso777
desso777 collected $17.64 from pot
desso777: doesn't show hand
*** SUMMARY ***
Total pot $18 | Rake $0.36
Board [Qh 2c Th]
Seat 3: desso777 (big blind) collected ($17.64)
Seat 4: Azrarn (button) (small blind) folded on the Flop


PokerStars Hand #144816912279:  Hold'em Limit ($3/$6 USD) - 2015/12/04 13:28:20 ET
Table 'Hekate II' 6-max Seat #3 is the button
Seat 3: desso777 ($46.90 in chips)
Seat 4: Azrarn ($86.50 in chips)
desso777: posts small blind $1
Azrarn: posts big blind $3
*** HOLE CARDS ***
desso777: raises $3 to $6
Azrarn: calls $3
*** FLOP *** [Th Ac 5h]
Azrarn: checks
desso777: bets $3
Azrarn: calls $3
*** TURN *** [Th Ac 5h] [As]
Azrarn: checks
desso777: bets $6
Azrarn: calls $6
*** RIVER *** [Th Ac 5h As] [9s]
Azrarn: checks
desso777: bets $6
Azrarn: calls $6
*** SHOW DOWN ***
desso777: shows [Ad 8s] (three of a kind, Aces)
Azrarn: mucks hand
desso777 collected $41.50 from pot
*** SUMMARY ***
Total pot $42 | Rake $0.50
Board [Th Ac 5h As 9s]
Seat 3: desso777 (button) (small blind) showed [Ad 8s] and won ($41.50) with three of a kind, Aces
Seat 4: Azrarn (big blind) mucked


PokerStars Hand #144816944374:  Hold'em Limit ($3/$6 USD) - 2015/12/04 13:28:58 ET
Table 'Hekate II' 6-max Seat #4 is the button
Seat 3: desso777 ($67.40 in chips)
Seat 4: Azrarn ($72 in chips)
Azrarn: posts small blind $1
desso777: posts big blind $3
*** HOLE CARDS ***
Azrarn: raises $3 to $6
desso777: calls $3
*** FLOP *** [6c Qd 7d]
desso777: bets $3
Azrarn: raises $3 to $6
desso777: calls $3
*** TURN *** [6c Qd 7d] [Qs]
desso777: checks
Azrarn: bets $6
desso777: calls $6
*** RIVER *** [6c Qd 7d Qs] [2c]
desso777: bets $6
SashaYuvelir joins the table at seat #6
Azrarn: raises $6 to $12
desso777: raises $6 to $18
Azrarn: calls $6
*** SHOW DOWN ***
desso777: shows [4s 5s] (a pair of Queens)
Azrarn: shows [7c Ks] (two pair, Queens and Sevens)
Azrarn collected $71.50 from pot
*** SUMMARY ***
Total pot $72 | Rake $0.50
Board [6c Qd 7d Qs 2c]
Seat 3: desso777 (big blind) showed [4s 5s] and lost with a pair of Queens
Seat 4: Azrarn (button) (small blind) showed [7c Ks] and won ($71.50) with two pair, Queens and Sevens


PokerStars Hand #144816980195:  Hold'em Limit ($3/$6 USD) - 2015/12/04 13:29:43 ET
Table 'Hekate II' 6-max Seat #3 is the button
Seat 3: desso777 ($31.40 in chips)
Seat 4: Azrarn ($107.50 in chips)
desso777: posts small blind $1
Azrarn: posts big blind $3
*** HOLE CARDS ***
desso777: raises $3 to $6
Azrarn: calls $3
*** FLOP *** [7s 7d 9c]
Azrarn: checks
desso777: bets $3
Lackys07 joins the table at seat #2
Azrarn: calls $3
*** TURN *** [7s 7d 9c] [4c]
Azrarn: checks
desso777: bets $6
Azrarn: calls $6
*** RIVER *** [7s 7d 9c 4c] [7c]
Azrarn: checks
desso777: bets $6
Azrarn: calls $6
*** SHOW DOWN ***
desso777: shows [Td Ts] (a full house, Sevens full of Tens)
Azrarn: mucks hand
desso777 collected $41.50 from pot
*** SUMMARY ***
Total pot $42 | Rake $0.50
Board [7s 7d 9c 4c 7c]
Seat 3: desso777 (button) (small blind) showed [Td Ts] and won ($41.50) with a full house, Sevens full of Tens
Seat 4: Azrarn (big blind) mucked


PokerStars Hand #144817448067:  Hold'em Limit ($3/$6 USD) - 2015/12/04 13:38:37 ET
Table 'Hekate II' 6-max Seat #3 is the button
Seat 1: korrnel ($135.19 in chips)
Seat 3: kolaz03 ($72 in chips)
kolaz03: posts small blind $1
korrnel: posts big blind $3
*** HOLE CARDS ***
kolaz03: folds
Uncalled bet ($2) returned to korrnel
korrnel collected $2 from pot
korrnel: doesn't show hand
*** SUMMARY ***
Total pot $2 | Rake $0
Seat 1: korrnel (big blind) collected ($2)
Seat 3: kolaz03 (button) (small blind) folded before Flop


PokerStars Hand #144817436286:  Hold'em Limit ($3/$6 USD) - 2015/12/04 13:38:23 ET
Table 'Hekate II' 6-max Seat #1 is the button
Seat 1: korrnel ($129.43 in chips)
Seat 3: kolaz03 ($72 in chips)
korrnel: posts small blind $1
Lackys07: is sitting out
kolaz03: posts big blind $3
*** HOLE CARDS ***
korrnel: raises $3 to $6
kolaz03: calls $3
*** FLOP *** [Qh 8c Qd]
kolaz03: checks
Lackys07 leaves the table
korrnel: bets $3
kolaz03: folds
Uncalled bet ($3) returned to korrnel
korrnel collected $11.76 from pot
korrnel: doesn't show hand
*** SUMMARY ***
Total pot $12 | Rake $0.24
Board [Qh 8c Qd]
Seat 1: korrnel (button) (small blind) collected ($11.76)
Seat 3: kolaz03 (big blind) folded on the Flop


