PokerStars Hand #147127821230:  Hold'em Limit ($3/$6 USD) - 2016/01/16 7:12:50 ET
Table 'Hekate' 6-max Seat #1 is the button
Seat 1: VolkovDmitri ($120 in chips)
Seat 2: _fayzulllo_ ($72 in chips)
VolkovDmitri: posts small blind $1
_fayzulllo_: posts big blind $3
*** HOLE CARDS ***
VolkovDmitri: raises $3 to $6
_fayzulllo_: calls $3
*** FLOP *** [4h 5c 2c]
_fayzulllo_: checks
VolkovDmitri: checks
*** TURN *** [4h 5c 2c] [Qh]
_fayzulllo_: bets $6
mim1985 joins the table at seat #5
VolkovDmitri: raises $6 to $12
_fayzulllo_: raises $6 to $18
VolkovDmitri: calls $6
*** RIVER *** [4h 5c 2c Qh] [Ks]
_fayzulllo_: bets $6
VolkovDmitri: calls $6
*** SHOW DOWN ***
_fayzulllo_: shows [5d 4s] (two pair, Fives and Fours)
VolkovDmitri: mucks hand
_fayzulllo_ collected $59.50 from pot
*** SUMMARY ***
Total pot $60 | Rake $0.50
Board [4h 5c 2c Qh Ks]
Seat 1: VolkovDmitri (button) (small blind) mucked
Seat 2: _fayzulllo_ (big blind) showed [5d 4s] and won ($59.50) with two pair, Fives and Fours


PokerStars Hand #147135381417:  Hold'em Limit ($3/$6 USD) - 2016/01/16 10:04:00 ET
Table 'Hekate' 6-max Seat #3 is the button
Seat 3: artiZzt ($75.80 in chips)
Seat 6: harrydonkey ($126.78 in chips)
artiZzt: posts small blind $1
harrydonkey: posts big blind $3
*** HOLE CARDS ***
artiZzt: folds
Uncalled bet ($2) returned to harrydonkey
harrydonkey collected $2 from pot
harrydonkey: doesn't show hand
*** SUMMARY ***
Total pot $2 | Rake $0
Seat 3: artiZzt (button) (small blind) folded before Flop
Seat 6: harrydonkey (big blind) collected ($2)


PokerStars Hand #147135375811:  Hold'em Limit ($3/$6 USD) - 2016/01/16 10:03:53 ET
Table 'Hekate' 6-max Seat #6 is the button
Seat 3: artiZzt ($74.80 in chips)
Seat 6: harrydonkey ($127.78 in chips)
harrydonkey: posts small blind $1
Johnliu: is sitting out
artiZzt: posts big blind $3
*** HOLE CARDS ***
harrydonkey: folds
Uncalled bet ($2) returned to artiZzt
Johnliu leaves the table
artiZzt collected $2 from pot
artiZzt: doesn't show hand
*** SUMMARY ***
Total pot $2 | Rake $0
Seat 3: artiZzt (big blind) collected ($2)
Seat 6: harrydonkey (button) (small blind) folded before Flop


