PokerStars Hand #174149074126:  Hold'em Limit ($3/$6 USD) - 2017/08/10 5:53:10 ET
Table 'Heka II' 6-max Seat #4 is the button
Seat 4: VolkovDmitri ($120 in chips)
Seat 5: aabeatenby23 ($221.21 in chips)
VolkovDmitri: posts small blind $1
aabeatenby23: posts big blind $3
*** HOLE CARDS ***
Psynto joins the table at seat #6
VolkovDmitri: raises $3 to $6
aabeatenby23: calls $3
*** FLOP *** [Qh 4d 9h]
aabeatenby23: checks
VolkovDmitri: bets $3
aabeatenby23: calls $3
*** TURN *** [Qh 4d 9h] [2s]
aabeatenby23: checks
VolkovDmitri: bets $6
aabeatenby23: folds
Uncalled bet ($6) returned to VolkovDmitri
VolkovDmitri collected $17.64 from pot
VolkovDmitri: doesn't show hand
*** SUMMARY ***
Total pot $18 | Rake $0.36
Board [Qh 4d 9h 2s]
Seat 4: VolkovDmitri (button) (small blind) collected ($17.64)
Seat 5: aabeatenby23 (big blind) folded on the Turn


PokerStars Hand #174149126262:  Hold'em Limit ($3/$6 USD) - 2017/08/10 5:55:37 ET
Table 'Heka II' 6-max Seat #5 is the button
Seat 5: aabeatenby23 ($213.41 in chips)
Seat 6: Psynto ($100.29 in chips)
hairy1961 will be allowed to play after the button
aabeatenby23: posts small blind $1
Psynto: posts big blind $3
*** HOLE CARDS ***
aabeatenby23: raises $3 to $6
VolkovDmitri leaves the table
Psynto: calls $3
*** FLOP *** [5c Ks Jd]
Psynto: checks
aabeatenby23: bets $3
Psynto: raises $3 to $6
aabeatenby23: raises $3 to $9
Psynto: calls $3
*** TURN *** [5c Ks Jd] [Jh]
Psynto: checks
aabeatenby23: bets $6
Psynto: calls $6
*** RIVER *** [5c Ks Jd Jh] [Ts]
Psynto: checks
aabeatenby23: bets $6
Psynto: calls $6
*** SHOW DOWN ***
aabeatenby23: shows [Js 4h] (three of a kind, Jacks)
Psynto: mucks hand
aabeatenby23 collected $53.50 from pot
*** SUMMARY ***
Total pot $54 | Rake $0.50
Board [5c Ks Jd Jh Ts]
Seat 5: aabeatenby23 (button) (small blind) showed [Js 4h] and won ($53.50) with three of a kind, Jacks
Seat 6: Psynto (big blind) mucked


PokerStars Hand #174149168960:  Hold'em Limit ($3/$6 USD) - 2017/08/10 5:57:48 ET
Table 'Heka II' 6-max Seat #5 is the button
Seat 5: aabeatenby23 ($215.19 in chips)
Seat 6: Psynto ($143.81 in chips)
aabeatenby23: posts small blind $1
Psynto: posts big blind $3
*** HOLE CARDS ***
aabeatenby23: folds
Uncalled bet ($2) returned to Psynto
Psynto collected $2 from pot
Psynto: doesn't show hand
*** SUMMARY ***
Total pot $2 | Rake $0
Seat 5: aabeatenby23 (button) (small blind) folded before Flop
Seat 6: Psynto (big blind) collected ($2)


PokerStars Hand #174149163010:  Hold'em Limit ($3/$6 USD) - 2017/08/10 5:57:30 ET
Table 'Heka II' 6-max Seat #6 is the button
Seat 5: aabeatenby23 ($224.19 in chips)
Seat 6: Psynto ($135.17 in chips)
Psynto: posts small blind $1
aabeatenby23: posts big blind $3
*** HOLE CARDS ***
hairy1961 leaves the table
Psynto: raises $3 to $6
aabeatenby23: calls $3
*** FLOP *** [4c 4h 5d]
aabeatenby23: checks
Psynto: bets $3
aabeatenby23: calls $3
*** TURN *** [4c 4h 5d] [Ac]
aabeatenby23: checks
Psynto: bets $6
aabeatenby23: folds
Uncalled bet ($6) returned to Psynto
Psynto collected $17.64 from pot
Psynto: doesn't show hand
*** SUMMARY ***
Total pot $18 | Rake $0.36
Board [4c 4h 5d Ac]
Seat 5: aabeatenby23 (big blind) folded on the Turn
Seat 6: Psynto (button) (small blind) collected ($17.64)


PokerStars Hand #174149175580:  Hold'em Limit ($3/$6 USD) - 2017/08/10 5:58:09 ET
Table 'Heka II' 6-max Seat #5 is the button
Seat 5: aabeatenby23 ($196.19 in chips)
Seat 6: Psynto ($162.31 in chips)
aabeatenby23: posts small blind $1
Psynto: posts big blind $3
*** HOLE CARDS ***
aabeatenby23: folds
Uncalled bet ($2) returned to Psynto
Psynto collected $2 from pot
Psynto: doesn't show hand
*** SUMMARY ***
Total pot $2 | Rake $0
Seat 5: aabeatenby23 (button) (small blind) folded before Flop
Seat 6: Psynto (big blind) collected ($2)


PokerStars Hand #174149170648:  Hold'em Limit ($3/$6 USD) - 2017/08/10 5:57:54 ET
Table 'Heka II' 6-max Seat #6 is the button
Seat 5: aabeatenby23 ($214.19 in chips)
Seat 6: Psynto ($144.81 in chips)
Psynto: posts small blind $1
aabeatenby23: posts big blind $3
*** HOLE CARDS ***
Psynto: raises $3 to $6
aabeatenby23: calls $3
*** FLOP *** [Ts 3c 5d]
aabeatenby23: checks
Psynto: checks
*** TURN *** [Ts 3c 5d] [9s]
aabeatenby23: bets $6
Psynto: calls $6
*** RIVER *** [Ts 3c 5d 9s] [4d]
aabeatenby23: bets $6
Psynto: calls $6
*** SHOW DOWN ***
aabeatenby23: shows [6d 8s] (high card Ten)
Psynto: shows [7c Ah] (high card Ace)
Psynto collected $35.50 from pot
*** SUMMARY ***
Total pot $36 | Rake $0.50
Board [Ts 3c 5d 9s 4d]
Seat 5: aabeatenby23 (big blind) showed [6d 8s] and lost with high card Ten
Seat 6: Psynto (button) (small blind) showed [7c Ah] and won ($35.50) with high card Ace


PokerStars Hand #174149177383:  Hold'em Limit ($3/$6 USD) - 2017/08/10 5:58:14 ET
Table 'Heka II' 6-max Seat #6 is the button
Seat 5: aabeatenby23 ($195.19 in chips)
Seat 6: Psynto ($163.31 in chips)
Psynto: posts small blind $1
aabeatenby23: posts big blind $3
*** HOLE CARDS ***
Psynto: raises $3 to $6
aabeatenby23: folds
Uncalled bet ($3) returned to Psynto
Psynto collected $6 from pot
Psynto: doesn't show hand
*** SUMMARY ***
Total pot $6 | Rake $0
Seat 5: aabeatenby23 (big blind) folded before Flop
Seat 6: Psynto (button) (small blind) collected ($6)


PokerStars Hand #174149192249:  Hold'em Limit ($3/$6 USD) - 2017/08/10 5:59:00 ET
Table 'Heka II' 6-max Seat #5 is the button
Seat 5: aabeatenby23 ($233.19 in chips)
Seat 6: Psynto ($124.31 in chips)
aabeatenby23: posts small blind $1
Psynto: posts big blind $3
*** HOLE CARDS ***
aabeatenby23: folds
Uncalled bet ($2) returned to Psynto
Psynto collected $2 from pot
Psynto: doesn't show hand
*** SUMMARY ***
Total pot $2 | Rake $0
Seat 5: aabeatenby23 (button) (small blind) folded before Flop
Seat 6: Psynto (big blind) collected ($2)


PokerStars Hand #174149186359:  Hold'em Limit ($3/$6 USD) - 2017/08/10 5:58:42 ET
Table 'Heka II' 6-max Seat #6 is the button
Seat 5: aabeatenby23 ($212.69 in chips)
Seat 6: Psynto ($145.31 in chips)
Psynto: posts small blind $1
aabeatenby23: posts big blind $3
*** HOLE CARDS ***
Psynto: raises $3 to $6
aabeatenby23: raises $3 to $9
Psynto: calls $3
*** FLOP *** [4s Jd Jh]
aabeatenby23: bets $3
Psynto: raises $3 to $6
aabeatenby23: calls $3
*** TURN *** [4s Jd Jh] [8d]
aabeatenby23: checks
Psynto: bets $6
aabeatenby23: calls $6
*** RIVER *** [4s Jd Jh 8d] [Ah]
aabeatenby23: checks
Psynto: checks
*** SHOW DOWN ***
aabeatenby23: shows [5h 5s] (two pair, Jacks and Fives)
Psynto: mucks hand
aabeatenby23 collected $41.50 from pot
*** SUMMARY ***
Total pot $42 | Rake $0.50
Board [4s Jd Jh 8d Ah]
Seat 5: aabeatenby23 (big blind) showed [5h 5s] and won ($41.50) with two pair, Jacks and Fives
Seat 6: Psynto (button) (small blind) mucked


PokerStars Hand #174149203035:  Hold'em Limit ($3/$6 USD) - 2017/08/10 5:59:33 ET
Table 'Heka II' 6-max Seat #5 is the button
Seat 5: aabeatenby23 ($246.69 in chips)
Seat 6: Psynto ($110.31 in chips)
aabeatenby23: posts small blind $1
Psynto: posts big blind $3
*** HOLE CARDS ***
aabeatenby23: raises $3 to $6
Psynto: calls $3
*** FLOP *** [5d Kc 2c]
Psynto: checks
aabeatenby23: bets $3
Psynto: folds
Uncalled bet ($3) returned to aabeatenby23
aabeatenby23 collected $11.76 from pot
aabeatenby23: doesn't show hand
*** SUMMARY ***
Total pot $12 | Rake $0.24
Board [5d Kc 2c]
Seat 5: aabeatenby23 (button) (small blind) collected ($11.76)
Seat 6: Psynto (big blind) folded on the Flop


PokerStars Hand #174149197421:  Hold'em Limit ($3/$6 USD) - 2017/08/10 5:59:16 ET
Table 'Heka II' 6-max Seat #6 is the button
Seat 5: aabeatenby23 ($232.19 in chips)
Seat 6: Psynto ($125.31 in chips)
Psynto: posts small blind $1
aabeatenby23: posts big blind $3
*** HOLE CARDS ***
Psynto: raises $3 to $6
aabeatenby23: calls $3
*** FLOP *** [4c 5h 3h]
aabeatenby23: checks
Psynto: bets $3
aabeatenby23: calls $3
*** TURN *** [4c 5h 3h] [Kd]
aabeatenby23: checks
Psynto: checks
*** RIVER *** [4c 5h 3h Kd] [6h]
aabeatenby23: bets $6
Psynto: calls $6
*** SHOW DOWN ***
aabeatenby23: shows [7c 8h] (a straight, Four to Eight)
Psynto: mucks hand
aabeatenby23 collected $29.50 from pot
*** SUMMARY ***
Total pot $30 | Rake $0.50
Board [4c 5h 3h Kd 6h]
Seat 5: aabeatenby23 (big blind) showed [7c 8h] and won ($29.50) with a straight, Four to Eight
Seat 6: Psynto (button) (small blind) mucked


PokerStars Hand #174149213551:  Hold'em Limit ($3/$6 USD) - 2017/08/10 6:00:05 ET
Table 'Heka II' 6-max Seat #5 is the button
Seat 5: aabeatenby23 ($249.45 in chips)
Seat 6: Psynto ($107.31 in chips)
aabeatenby23: posts small blind $1
Psynto: posts big blind $3
*** HOLE CARDS ***
aabeatenby23: folds
Uncalled bet ($2) returned to Psynto
Psynto collected $2 from pot
Psynto: doesn't show hand
*** SUMMARY ***
Total pot $2 | Rake $0
Seat 5: aabeatenby23 (button) (small blind) folded before Flop
Seat 6: Psynto (big blind) collected ($2)


PokerStars Hand #174149211805:  Hold'em Limit ($3/$6 USD) - 2017/08/10 6:00:00 ET
Table 'Heka II' 6-max Seat #6 is the button
Seat 5: aabeatenby23 ($248.45 in chips)
Seat 6: Psynto ($108.31 in chips)
Psynto: posts small blind $1
aabeatenby23: posts big blind $3
*** HOLE CARDS ***
Psynto: folds
Uncalled bet ($2) returned to aabeatenby23
aabeatenby23 collected $2 from pot
aabeatenby23: doesn't show hand
*** SUMMARY ***
Total pot $2 | Rake $0
Seat 5: aabeatenby23 (big blind) collected ($2)
Seat 6: Psynto (button) (small blind) folded before Flop


PokerStars Hand #174149206955:  Hold'em Limit ($3/$6 USD) - 2017/08/10 5:59:45 ET
Table 'Heka II' 6-max Seat #6 is the button
Seat 5: aabeatenby23 ($252.45 in chips)
Seat 6: Psynto ($104.31 in chips)
Psynto: posts small blind $1
aabeatenby23: posts big blind $3
*** HOLE CARDS ***
Psynto: raises $3 to $6
aabeatenby23: folds
Uncalled bet ($3) returned to Psynto
Psynto collected $6 from pot
Psynto: doesn't show hand
*** SUMMARY ***
Total pot $6 | Rake $0
Seat 5: aabeatenby23 (big blind) folded before Flop
Seat 6: Psynto (button) (small blind) collected ($6)


PokerStars Hand #174149221906:  Hold'em Limit ($3/$6 USD) - 2017/08/10 6:00:30 ET
Table 'Heka II' 6-max Seat #5 is the button
Seat 5: aabeatenby23 ($227.45 in chips)
Seat 6: Psynto ($128.81 in chips)
aabeatenby23: posts small blind $1
Psynto: posts big blind $3
*** HOLE CARDS ***
aabeatenby23: raises $3 to $6
Psynto: raises $3 to $9
aabeatenby23: calls $3
*** FLOP *** [Tc Js Td]
Psynto: bets $3
aabeatenby23: folds
Uncalled bet ($3) returned to Psynto
Psynto collected $17.64 from pot
Psynto: doesn't show hand
*** SUMMARY ***
Total pot $18 | Rake $0.36
Board [Tc Js Td]
Seat 5: aabeatenby23 (button) (small blind) folded on the Flop
Seat 6: Psynto (big blind) collected ($17.64)


PokerStars Hand #174149226047:  Hold'em Limit ($3/$6 USD) - 2017/08/10 6:00:42 ET
Table 'Heka II' 6-max Seat #6 is the button
Seat 5: aabeatenby23 ($218.45 in chips)
Seat 6: Psynto ($137.45 in chips)
Psynto: posts small blind $1
aabeatenby23: posts big blind $3
*** HOLE CARDS ***
Psynto: raises $3 to $6
aabeatenby23: calls $3
*** FLOP *** [Ks 9d Jh]
aabeatenby23: checks
Psynto: bets $3
aabeatenby23: folds
Uncalled bet ($3) returned to Psynto
Psynto collected $11.76 from pot
Psynto: doesn't show hand
*** SUMMARY ***
Total pot $12 | Rake $0.24
Board [Ks 9d Jh]
Seat 5: aabeatenby23 (big blind) folded on the Flop
Seat 6: Psynto (button) (small blind) collected ($11.76)


PokerStars Hand #174149215313:  Hold'em Limit ($3/$6 USD) - 2017/08/10 6:00:11 ET
Table 'Heka II' 6-max Seat #6 is the button
Seat 5: aabeatenby23 ($248.45 in chips)
Seat 6: Psynto ($108.31 in chips)
Psynto: posts small blind $1
aabeatenby23: posts big blind $3
*** HOLE CARDS ***
Psynto: raises $3 to $6
aabeatenby23: calls $3
*** FLOP *** [7d 2s Kd]
aabeatenby23: checks
Psynto: bets $3
aabeatenby23: calls $3
*** TURN *** [7d 2s Kd] [Ts]
aabeatenby23: checks
Psynto: bets $6
aabeatenby23: calls $6
*** RIVER *** [7d 2s Kd Ts] [Th]
aabeatenby23: checks
Psynto: bets $6
aabeatenby23: calls $6
*** SHOW DOWN ***
Psynto: shows [Ks Ad] (two pair, Kings and Tens)
aabeatenby23: mucks hand
Psynto collected $41.50 from pot
*** SUMMARY ***
Total pot $42 | Rake $0.50
Board [7d 2s Kd Ts Th]
Seat 5: aabeatenby23 (big blind) mucked
Seat 6: Psynto (button) (small blind) showed [Ks Ad] and won ($41.50) with two pair, Kings and Tens


PokerStars Hand #174149251200:  Hold'em Limit ($3/$6 USD) - 2017/08/10 6:01:54 ET
Table 'Heka II' 6-max Seat #6 is the button
Seat 5: aabeatenby23 ($182.20 in chips)
Seat 6: Psynto ($172.46 in chips)
Psynto: posts small blind $1
aabeatenby23: posts big blind $3
*** HOLE CARDS ***
Psynto: raises $3 to $6
aabeatenby23: raises $3 to $9
Psynto: calls $3
*** FLOP *** [5h 4h Ac]
aabeatenby23: bets $3
Psynto: calls $3
*** TURN *** [5h 4h Ac] [Ad]
aabeatenby23: bets $6
Psynto: calls $6
*** RIVER *** [5h 4h Ac Ad] [8h]
aabeatenby23: bets $6
Psynto: raises $6 to $12
aabeatenby23: folds
Uncalled bet ($6) returned to Psynto
Psynto collected $47.50 from pot
Psynto: doesn't show hand
*** SUMMARY ***
Total pot $48 | Rake $0.50
Board [5h 4h Ac Ad 8h]
Seat 5: aabeatenby23 (big blind) folded on the River
Seat 6: Psynto (button) (small blind) collected ($47.50)


PokerStars Hand #174149242074:  Hold'em Limit ($3/$6 USD) - 2017/08/10 6:01:28 ET
Table 'Heka II' 6-max Seat #6 is the button
Seat 5: aabeatenby23 ($185.45 in chips)
Seat 6: Psynto ($169.71 in chips)
Psynto: posts small blind $1
aabeatenby23: posts big blind $3
*** HOLE CARDS ***
Psynto: raises $3 to $6
aabeatenby23: folds
Uncalled bet ($3) returned to Psynto
Psynto collected $6 from pot
Psynto: doesn't show hand
*** SUMMARY ***
Total pot $6 | Rake $0
Seat 5: aabeatenby23 (big blind) folded before Flop
Seat 6: Psynto (button) (small blind) collected ($6)


PokerStars Hand #174149231747:  Hold'em Limit ($3/$6 USD) - 2017/08/10 6:00:59 ET
Table 'Heka II' 6-max Seat #5 is the button
Seat 5: aabeatenby23 ($212.45 in chips)
Seat 6: Psynto ($143.21 in chips)
aabeatenby23: posts small blind $1
Psynto: posts big blind $3
*** HOLE CARDS ***
aabeatenby23: raises $3 to $6
Psynto: calls $3
*** FLOP *** [Qs 6d 8d]
Psynto: checks
aabeatenby23: bets $3
Psynto: calls $3
*** TURN *** [Qs 6d 8d] [6s]
Psynto: checks
aabeatenby23: bets $6
Psynto: raises $6 to $12
aabeatenby23: calls $6
*** RIVER *** [Qs 6d 8d 6s] [Tc]
Psynto: bets $6
aabeatenby23: calls $6
*** SHOW DOWN ***
Psynto: shows [4s 6h] (three of a kind, Sixes)
aabeatenby23: mucks hand
Psynto collected $53.50 from pot
*** SUMMARY ***
Total pot $54 | Rake $0.50
Board [Qs 6d 8d 6s Tc]
Seat 5: aabeatenby23 (button) (small blind) mucked
Seat 6: Psynto (big blind) showed [4s 6h] and won ($53.50) with three of a kind, Sixes


PokerStars Hand #174149260741:  Hold'em Limit ($3/$6 USD) - 2017/08/10 6:02:20 ET
Table 'Heka II' 6-max Seat #6 is the button
Seat 5: aabeatenby23 ($161.20 in chips)
Seat 6: Psynto ($192.96 in chips)
Psynto: posts small blind $1
aabeatenby23: posts big blind $3
*** HOLE CARDS ***
Psynto: raises $3 to $6
aabeatenby23: raises $3 to $9
Psynto: calls $3
*** FLOP *** [8c Ah Jh]
aabeatenby23: bets $3
Psynto: folds
Uncalled bet ($3) returned to aabeatenby23
aabeatenby23 collected $17.64 from pot
aabeatenby23: doesn't show hand
*** SUMMARY ***
Total pot $18 | Rake $0.36
Board [8c Ah Jh]
Seat 5: aabeatenby23 (big blind) collected ($17.64)
Seat 6: Psynto (button) (small blind) folded on the Flop


PokerStars Hand #174149273558:  Hold'em Limit ($3/$6 USD) - 2017/08/10 6:02:55 ET
Table 'Heka II' 6-max Seat #6 is the button
Seat 5: aabeatenby23 ($175.60 in chips)
Seat 6: Psynto ($177.96 in chips)
Psynto: posts small blind $1
aabeatenby23: posts big blind $3
*** HOLE CARDS ***
Psynto: raises $3 to $6
aabeatenby23: calls $3
*** FLOP *** [Jd 8c 2h]
aabeatenby23: checks
Psynto: bets $3
aabeatenby23: folds
Uncalled bet ($3) returned to Psynto
Psynto collected $11.76 from pot
Psynto: doesn't show hand
*** SUMMARY ***
Total pot $12 | Rake $0.24
Board [Jd 8c 2h]
Seat 5: aabeatenby23 (big blind) folded on the Flop
Seat 6: Psynto (button) (small blind) collected ($11.76)


PokerStars Hand #174149258424:  Hold'em Limit ($3/$6 USD) - 2017/08/10 6:02:14 ET
Table 'Heka II' 6-max Seat #5 is the button
Seat 5: aabeatenby23 ($158.20 in chips)
Seat 6: Psynto ($195.96 in chips)
aabeatenby23: posts small blind $1
Psynto: posts big blind $3
*** HOLE CARDS ***
aabeatenby23: raises $3 to $6
Psynto: folds
Uncalled bet ($3) returned to aabeatenby23
aabeatenby23 collected $6 from pot
aabeatenby23: doesn't show hand
*** SUMMARY ***
Total pot $6 | Rake $0
Seat 5: aabeatenby23 (button) (small blind) collected ($6)
Seat 6: Psynto (big blind) folded before Flop


PokerStars Hand #174149268678:  Hold'em Limit ($3/$6 USD) - 2017/08/10 6:02:42 ET
Table 'Heka II' 6-max Seat #5 is the button
Seat 5: aabeatenby23 ($169.84 in chips)
Seat 6: Psynto ($183.96 in chips)
aabeatenby23: posts small blind $1
Psynto: posts big blind $3
*** HOLE CARDS ***
aabeatenby23: raises $3 to $6
Psynto: calls $3
*** FLOP *** [Th 8d Kc]
Psynto: checks
aabeatenby23: bets $3
Psynto: folds
Uncalled bet ($3) returned to aabeatenby23
aabeatenby23 collected $11.76 from pot
aabeatenby23: doesn't show hand
*** SUMMARY ***
Total pot $12 | Rake $0.24
Board [Th 8d Kc]
Seat 5: aabeatenby23 (button) (small blind) collected ($11.76)
Seat 6: Psynto (big blind) folded on the Flop


PokerStars Hand #174149298031:  Hold'em Limit ($3/$6 USD) - 2017/08/10 6:04:02 ET
Table 'Heka II' 6-max Seat #6 is the button
Seat 5: aabeatenby23 ($180.74 in chips)
Seat 6: Psynto ($171.22 in chips)
Psynto: posts small blind $1
aabeatenby23: posts big blind $3
*** HOLE CARDS ***
Psynto: folds
Uncalled bet ($2) returned to aabeatenby23
aabeatenby23 collected $2 from pot
aabeatenby23: doesn't show hand
*** SUMMARY ***
Total pot $2 | Rake $0
Seat 5: aabeatenby23 (big blind) collected ($2)
Seat 6: Psynto (button) (small blind) folded before Flop


PokerStars Hand #174149290090:  Hold'em Limit ($3/$6 USD) - 2017/08/10 6:03:41 ET
Table 'Heka II' 6-max Seat #5 is the button
Seat 5: aabeatenby23 ($172.10 in chips)
Seat 6: Psynto ($180.22 in chips)
aabeatenby23: posts small blind $1
Psynto: posts big blind $3
*** HOLE CARDS ***
aabeatenby23: raises $3 to $6
Psynto: calls $3
*** FLOP *** [3s 8h 7c]
Psynto: checks
aabeatenby23: bets $3
Psynto: calls $3
*** TURN *** [3s 8h 7c] [2d]
Psynto: checks
aabeatenby23: bets $6
Psynto: folds
Uncalled bet ($6) returned to aabeatenby23
aabeatenby23 collected $17.64 from pot
aabeatenby23: doesn't show hand
*** SUMMARY ***
Total pot $18 | Rake $0.36
Board [3s 8h 7c 2d]
Seat 5: aabeatenby23 (button) (small blind) collected ($17.64)
Seat 6: Psynto (big blind) folded on the Turn


PokerStars Hand #174149284075:  Hold'em Limit ($3/$6 USD) - 2017/08/10 6:03:24 ET
Table 'Heka II' 6-max Seat #6 is the button
Seat 5: aabeatenby23 ($154.60 in chips)
Seat 6: Psynto ($198.22 in chips)
Psynto: posts small blind $1
aabeatenby23: posts big blind $3
*** HOLE CARDS ***
Psynto: raises $3 to $6
aabeatenby23: raises $3 to $9
Psynto: calls $3
*** FLOP *** [Ac 3d 2c]
aabeatenby23: bets $3
Psynto: calls $3
*** TURN *** [Ac 3d 2c] [Qs]
aabeatenby23: bets $6
Psynto: calls $6
*** RIVER *** [Ac 3d 2c Qs] [6c]
aabeatenby23: bets $6
Psynto: folds
Uncalled bet ($6) returned to aabeatenby23
aabeatenby23 collected $35.50 from pot
aabeatenby23: doesn't show hand
*** SUMMARY ***
Total pot $36 | Rake $0.50
Board [Ac 3d 2c Qs 6c]
Seat 5: aabeatenby23 (big blind) collected ($35.50)
Seat 6: Psynto (button) (small blind) folded on the River


PokerStars Hand #174149278532:  Hold'em Limit ($3/$6 USD) - 2017/08/10 6:03:09 ET
Table 'Heka II' 6-max Seat #5 is the button
Seat 5: aabeatenby23 ($169.60 in chips)
Seat 6: Psynto ($183.72 in chips)
aabeatenby23: posts small blind $1
Psynto: posts big blind $3
*** HOLE CARDS ***
aabeatenby23: raises $3 to $6
Psynto: raises $3 to $9
aabeatenby23: raises $3 to $12
Betting is capped
Psynto: calls $3
*** FLOP *** [Ac 6s 9h]
Psynto: checks
aabeatenby23: bets $3
Psynto: raises $3 to $6
aabeatenby23: folds
Uncalled bet ($3) returned to Psynto
Psynto collected $29.50 from pot
Psynto: doesn't show hand
*** SUMMARY ***
Total pot $30 | Rake $0.50
Board [Ac 6s 9h]
Seat 5: aabeatenby23 (button) (small blind) folded on the Flop
Seat 6: Psynto (big blind) collected ($29.50)


PokerStars Hand #174149321758:  Hold'em Limit ($3/$6 USD) - 2017/08/10 6:05:06 ET
Table 'Heka II' 6-max Seat #5 is the button
Seat 5: aabeatenby23 ($185.88 in chips)
Seat 6: Psynto ($164.72 in chips)
aabeatenby23: posts small blind $1
Psynto: posts big blind $3
*** HOLE CARDS ***
aabeatenby23: raises $3 to $6
Psynto: calls $3
*** FLOP *** [4s Kd Td]
Psynto: checks
aabeatenby23: bets $3
Psynto: folds
Uncalled bet ($3) returned to aabeatenby23
aabeatenby23 collected $11.76 from pot
aabeatenby23: doesn't show hand
*** SUMMARY ***
Total pot $12 | Rake $0.24
Board [4s Kd Td]
Seat 5: aabeatenby23 (button) (small blind) collected ($11.76)
Seat 6: Psynto (big blind) folded on the Flop


PokerStars Hand #174149302643:  Hold'em Limit ($3/$6 USD) - 2017/08/10 6:04:14 ET
Table 'Heka II' 6-max Seat #6 is the button
Seat 5: aabeatenby23 ($180.74 in chips)
Seat 6: Psynto ($171.22 in chips)
Psynto: posts small blind $1
aabeatenby23: posts big blind $3
*** HOLE CARDS ***
Psynto: raises $3 to $6
aabeatenby23: raises $3 to $9
Psynto: calls $3
*** FLOP *** [8d Js Ah]
aabeatenby23: bets $3
Psynto: folds
Uncalled bet ($3) returned to aabeatenby23
aabeatenby23 collected $17.64 from pot
aabeatenby23: doesn't show hand
*** SUMMARY ***
Total pot $18 | Rake $0.36
Board [8d Js Ah]
Seat 5: aabeatenby23 (big blind) collected ($17.64)
Seat 6: Psynto (button) (small blind) folded on the Flop


PokerStars Hand #174149313625:  Hold'em Limit ($3/$6 USD) - 2017/08/10 6:04:44 ET
Table 'Heka II' 6-max Seat #6 is the button
Seat 5: aabeatenby23 ($215.88 in chips)
Seat 6: Psynto ($135.22 in chips)
Psynto: posts small blind $1
aabeatenby23: posts big blind $3
*** HOLE CARDS ***
Psynto: raises $3 to $6
aabeatenby23: raises $3 to $9
Psynto: calls $3
*** FLOP *** [8s Qd 6h]
aabeatenby23: bets $3
Psynto: calls $3
*** TURN *** [8s Qd 6h] [7s]
aabeatenby23: bets $6
Psynto: raises $6 to $12
Fetish73 joins the table at seat #1
aabeatenby23: calls $6
*** RIVER *** [8s Qd 6h 7s] [Tc]
aabeatenby23: checks
Psynto: bets $6
aabeatenby23: calls $6
*** SHOW DOWN ***
Psynto: shows [9c Ad] (a straight, Six to Ten)
aabeatenby23: mucks hand
Psynto collected $59.50 from pot
*** SUMMARY ***
Total pot $60 | Rake $0.50
Board [8s Qd 6h 7s Tc]
Seat 5: aabeatenby23 (big blind) mucked
Seat 6: Psynto (button) (small blind) showed [9c Ad] and won ($59.50) with a straight, Six to Ten


PokerStars Hand #174149306446:  Hold'em Limit ($3/$6 USD) - 2017/08/10 6:04:25 ET
Table 'Heka II' 6-max Seat #5 is the button
Seat 5: aabeatenby23 ($189.38 in chips)
Seat 6: Psynto ($162.22 in chips)
aabeatenby23: posts small blind $1
Psynto: posts big blind $3
*** HOLE CARDS ***
aabeatenby23: raises $3 to $6
Psynto: raises $3 to $9
aabeatenby23: raises $3 to $12
Betting is capped
Psynto: calls $3
*** FLOP *** [6c 2s 8d]
Psynto: checks
aabeatenby23: bets $3
Psynto: calls $3
*** TURN *** [6c 2s 8d] [3c]
Psynto: checks
aabeatenby23: bets $6
Psynto: calls $6
*** RIVER *** [6c 2s 8d 3c] [3d]
Psynto: checks
aabeatenby23: bets $6
Psynto: calls $6
*** SHOW DOWN ***
aabeatenby23: shows [As Qd] (a pair of Threes)
Psynto: mucks hand
aabeatenby23 collected $53.50 from pot
*** SUMMARY ***
Total pot $54 | Rake $0.50
Board [6c 2s 8d 3c 3d]
Seat 5: aabeatenby23 (button) (small blind) showed [As Qd] and won ($53.50) with a pair of Threes
Seat 6: Psynto (big blind) mucked


PokerStars Hand #174149503943:  Hold'em Limit ($3/$6 USD) - 2017/08/10 6:13:12 ET
Table 'Heka II' 6-max Seat #5 is the button
Seat 5: aabeatenby23 ($290.15 in chips)
Seat 6: Psynto ($162.12 in chips)
aabeatenby23: posts small blind $1
Psynto: posts big blind $3
*** HOLE CARDS ***
hairy1961 leaves the table
aabeatenby23: raises $3 to $6
Psynto: calls $3
*** FLOP *** [Jd As 5c]
Psynto: checks
aabeatenby23: bets $3
Psynto: folds
Uncalled bet ($3) returned to aabeatenby23
aabeatenby23 collected $11.76 from pot
aabeatenby23: doesn't show hand
*** SUMMARY ***
Total pot $12 | Rake $0.24
Board [Jd As 5c]
Seat 5: aabeatenby23 (button) (small blind) collected ($11.76)
Seat 6: Psynto (big blind) folded on the Flop


PokerStars Hand #174149514687:  Hold'em Limit ($3/$6 USD) - 2017/08/10 6:13:40 ET
Table 'Heka II' 6-max Seat #5 is the button
Seat 5: aabeatenby23 ($289.91 in chips)
Seat 6: Psynto ($161.88 in chips)
aabeatenby23: posts small blind $1
Psynto: posts big blind $3
*** HOLE CARDS ***
aabeatenby23: folds
Uncalled bet ($2) returned to Psynto
Psynto collected $2 from pot
Psynto: doesn't show hand
*** SUMMARY ***
Total pot $2 | Rake $0
Seat 5: aabeatenby23 (button) (small blind) folded before Flop
Seat 6: Psynto (big blind) collected ($2)


PokerStars Hand #174149507876:  Hold'em Limit ($3/$6 USD) - 2017/08/10 6:13:23 ET
Table 'Heka II' 6-max Seat #6 is the button
Seat 5: aabeatenby23 ($295.91 in chips)
Seat 6: Psynto ($156.12 in chips)
Psynto: posts small blind $1
aabeatenby23: posts big blind $3
*** HOLE CARDS ***
Psynto: raises $3 to $6
aabeatenby23: calls $3
*** FLOP *** [8d 6s 7d]
aabeatenby23: checks
Psynto: checks
*** TURN *** [8d 6s 7d] [7c]
aabeatenby23: checks
Psynto: bets $6
aabeatenby23: folds
Uncalled bet ($6) returned to Psynto
Psynto collected $11.76 from pot
Psynto: doesn't show hand
*** SUMMARY ***
Total pot $12 | Rake $0.24
Board [8d 6s 7d 7c]
Seat 5: aabeatenby23 (big blind) folded on the Turn
Seat 6: Psynto (button) (small blind) collected ($11.76)


PokerStars Hand #174149516761:  Hold'em Limit ($3/$6 USD) - 2017/08/10 6:13:46 ET
Table 'Heka II' 6-max Seat #6 is the button
Seat 5: aabeatenby23 ($288.91 in chips)
Seat 6: Psynto ($162.88 in chips)
Psynto: posts small blind $1
aabeatenby23: posts big blind $3
*** HOLE CARDS ***
Psynto: raises $3 to $6
aabeatenby23: calls $3
*** FLOP *** [7d Ac 5h]
aabeatenby23: checks
Psynto: bets $3
aabeatenby23: folds
Uncalled bet ($3) returned to Psynto
Psynto collected $11.76 from pot
Psynto: doesn't show hand
*** SUMMARY ***
Total pot $12 | Rake $0.24
Board [7d Ac 5h]
Seat 5: aabeatenby23 (big blind) folded on the Flop
Seat 6: Psynto (button) (small blind) collected ($11.76)


PokerStars Hand #174149521732:  Hold'em Limit ($3/$6 USD) - 2017/08/10 6:13:59 ET
Table 'Heka II' 6-max Seat #5 is the button
Seat 5: aabeatenby23 ($282.91 in chips)
Seat 6: Psynto ($168.64 in chips)
aabeatenby23: posts small blind $1
Psynto: posts big blind $3
*** HOLE CARDS ***
aabeatenby23: folds
Uncalled bet ($2) returned to Psynto
Psynto collected $2 from pot
Psynto: doesn't show hand
*** SUMMARY ***
Total pot $2 | Rake $0
Seat 5: aabeatenby23 (button) (small blind) folded before Flop
Seat 6: Psynto (big blind) collected ($2)


PokerStars Hand #174149539561:  Hold'em Limit ($3/$6 USD) - 2017/08/10 6:14:46 ET
Table 'Heka II' 6-max Seat #5 is the button
Seat 5: aabeatenby23 ($283.41 in chips)
Seat 6: Psynto ($167.14 in chips)
aabeatenby23: posts small blind $1
Psynto: posts big blind $3
*** HOLE CARDS ***
aabeatenby23: raises $3 to $6
Psynto: calls $3
*** FLOP *** [Ac Qd 9s]
Psynto: checks
aabeatenby23: bets $3
Psynto: calls $3
*** TURN *** [Ac Qd 9s] [Ks]
Psynto: checks
aabeatenby23: checks
*** RIVER *** [Ac Qd 9s Ks] [8c]
Psynto: bets $6
aabeatenby23: calls $6
*** SHOW DOWN ***
Psynto: shows [7d As] (a pair of Aces)
aabeatenby23: mucks hand
Psynto collected $29.50 from pot
*** SUMMARY ***
Total pot $30 | Rake $0.50
Board [Ac Qd 9s Ks 8c]
Seat 5: aabeatenby23 (button) (small blind) mucked
Seat 6: Psynto (big blind) showed [7d As] and won ($29.50) with a pair of Aces


PokerStars Hand #174149523660:  Hold'em Limit ($3/$6 USD) - 2017/08/10 6:14:04 ET
Table 'Heka II' 6-max Seat #6 is the button
Seat 5: aabeatenby23 ($281.91 in chips)
Seat 6: Psynto ($169.64 in chips)
Psynto: posts small blind $1
aabeatenby23: posts big blind $3
*** HOLE CARDS ***
Psynto: raises $3 to $6
aabeatenby23: calls $3
*** FLOP *** [5h 6c 8d]
aabeatenby23: checks
Psynto: bets $3
aabeatenby23: calls $3
*** TURN *** [5h 6c 8d] [Qh]
aabeatenby23: checks
Psynto: bets $6
aabeatenby23: calls $6
*** RIVER *** [5h 6c 8d Qh] [2h]
aabeatenby23: checks
Psynto: bets $6
aabeatenby23: calls $6
*** SHOW DOWN ***
Psynto: shows [Th 8c] (a pair of Eights)
aabeatenby23: mucks hand
Psynto collected $41.50 from pot
*** SUMMARY ***
Total pot $42 | Rake $0.50
Board [5h 6c 8d Qh 2h]
Seat 5: aabeatenby23 (big blind) mucked
Seat 6: Psynto (button) (small blind) showed [Th 8c] and won ($41.50) with a pair of Eights


PokerStars Hand #174149546246:  Hold'em Limit ($3/$6 USD) - 2017/08/10 6:15:03 ET
Table 'Heka II' 6-max Seat #6 is the button
Seat 5: aabeatenby23 ($268.41 in chips)
Seat 6: Psynto ($181.64 in chips)
Psynto: posts small blind $1
aabeatenby23: posts big blind $3
*** HOLE CARDS ***
Psynto: raises $3 to $6
aabeatenby23: calls $3
*** FLOP *** [9d Jh Td]
aabeatenby23: checks
Psynto: bets $3
aabeatenby23: folds
Uncalled bet ($3) returned to Psynto
Psynto collected $11.76 from pot
Psynto: doesn't show hand
*** SUMMARY ***
Total pot $12 | Rake $0.24
Board [9d Jh Td]
Seat 5: aabeatenby23 (big blind) folded on the Flop
Seat 6: Psynto (button) (small blind) collected ($11.76)


PokerStars Hand #174149530965:  Hold'em Limit ($3/$6 USD) - 2017/08/10 6:14:24 ET
Table 'Heka II' 6-max Seat #5 is the button
Seat 5: aabeatenby23 ($260.91 in chips)
Seat 6: Psynto ($190.14 in chips)
aabeatenby23: posts small blind $1
Psynto: posts big blind $3
*** HOLE CARDS ***
aabeatenby23: folds
Uncalled bet ($2) returned to Psynto
Psynto collected $2 from pot
Psynto: doesn't show hand
*** SUMMARY ***
Total pot $2 | Rake $0
Seat 5: aabeatenby23 (button) (small blind) folded before Flop
Seat 6: Psynto (big blind) collected ($2)


PokerStars Hand #174149533946:  Hold'em Limit ($3/$6 USD) - 2017/08/10 6:14:31 ET
Table 'Heka II' 6-max Seat #6 is the button
Seat 5: aabeatenby23 ($259.91 in chips)
Seat 6: Psynto ($191.14 in chips)
Psynto: posts small blind $1
aabeatenby23: posts big blind $3
*** HOLE CARDS ***
Psynto: raises $3 to $6
aabeatenby23: raises $3 to $9
Psynto: calls $3
*** FLOP *** [Js Kd 2d]
aabeatenby23: bets $3
Psynto: calls $3
*** TURN *** [Js Kd 2d] [4h]
aabeatenby23: bets $6
Psynto: calls $6
*** RIVER *** [Js Kd 2d 4h] [Ts]
aabeatenby23: bets $6
Psynto: calls $6
*** SHOW DOWN ***
aabeatenby23: shows [9d Qd] (a straight, Nine to King)
Psynto: mucks hand
aabeatenby23 collected $47.50 from pot
*** SUMMARY ***
Total pot $48 | Rake $0.50
Board [Js Kd 2d 4h Ts]
Seat 5: aabeatenby23 (big blind) showed [9d Qd] and won ($47.50) with a straight, Nine to King
Seat 6: Psynto (button) (small blind) mucked


PokerStars Hand #174149551109:  Hold'em Limit ($3/$6 USD) - 2017/08/10 6:15:16 ET
Table 'Heka II' 6-max Seat #5 is the button
Seat 5: aabeatenby23 ($262.41 in chips)
Seat 6: Psynto ($187.40 in chips)
aabeatenby23: posts small blind $1
Psynto: posts big blind $3
*** HOLE CARDS ***
aabeatenby23: raises $3 to $6
Psynto: calls $3
*** FLOP *** [Jd Ts Qh]
Psynto: checks
aabeatenby23: bets $3
Psynto: raises $3 to $6
aabeatenby23: calls $3
*** TURN *** [Jd Ts Qh] [6d]
Psynto: bets $6
aabeatenby23: calls $6
*** RIVER *** [Jd Ts Qh 6d] [4c]
Psynto: bets $6
aabeatenby23: folds
Uncalled bet ($6) returned to Psynto
Psynto collected $35.50 from pot
Psynto: doesn't show hand
*** SUMMARY ***
Total pot $36 | Rake $0.50
Board [Jd Ts Qh 6d 4c]
Seat 5: aabeatenby23 (button) (small blind) folded on the River
Seat 6: Psynto (big blind) collected ($35.50)


PokerStars Hand #174149720490:  Hold'em Limit ($3/$6 USD) - 2017/08/10 6:22:36 ET
Table 'Heka II' 6-max Seat #6 is the button
Seat 5: aabeatenby23 ($290.70 in chips)
Seat 6: Psynto ($239.50 in chips)
Psynto: posts small blind $1
aabeatenby23: posts big blind $3
*** HOLE CARDS ***
Psynto: raises $3 to $6
aabeatenby23: calls $3
*** FLOP *** [6c Qs 6s]
aabeatenby23: checks
Psynto: bets $3
aabeatenby23: folds
Uncalled bet ($3) returned to Psynto
Psynto collected $11.76 from pot
Psynto: doesn't show hand
*** SUMMARY ***
Total pot $12 | Rake $0.24
Board [6c Qs 6s]
Seat 5: aabeatenby23 (big blind) folded on the Flop
Seat 6: Psynto (button) (small blind) collected ($11.76)


PokerStars Hand #174149730469:  Hold'em Limit ($3/$6 USD) - 2017/08/10 6:23:02 ET
Table 'Heka II' 6-max Seat #5 is the button
Seat 5: aabeatenby23 ($277.70 in chips)
Seat 6: Psynto ($252.02 in chips)
aabeatenby23: posts small blind $1
Psynto: posts big blind $3
*** HOLE CARDS ***
aabeatenby23: raises $3 to $6
Psynto: folds
Uncalled bet ($3) returned to aabeatenby23
aabeatenby23 collected $6 from pot
aabeatenby23: doesn't show hand
*** SUMMARY ***
Total pot $6 | Rake $0
Seat 5: aabeatenby23 (button) (small blind) collected ($6)
Seat 6: Psynto (big blind) folded before Flop


PokerStars Hand #174149726430:  Hold'em Limit ($3/$6 USD) - 2017/08/10 6:22:52 ET
Table 'Heka II' 6-max Seat #6 is the button
Seat 5: aabeatenby23 ($283.70 in chips)
Seat 6: Psynto ($246.26 in chips)
Psynto: posts small blind $1
aabeatenby23: posts big blind $3
*** HOLE CARDS ***
Psynto: raises $3 to $6
aabeatenby23: calls $3
*** FLOP *** [Qh 4h Kh]
aabeatenby23: checks
Psynto: bets $3
aabeatenby23: folds
Uncalled bet ($3) returned to Psynto
Psynto collected $11.76 from pot
Psynto: doesn't show hand
*** SUMMARY ***
Total pot $12 | Rake $0.24
Board [Qh 4h Kh]
Seat 5: aabeatenby23 (big blind) folded on the Flop
Seat 6: Psynto (button) (small blind) collected ($11.76)


PokerStars Hand #174149733376:  Hold'em Limit ($3/$6 USD) - 2017/08/10 6:23:10 ET
Table 'Heka II' 6-max Seat #6 is the button
Seat 5: aabeatenby23 ($280.70 in chips)
Seat 6: Psynto ($249.02 in chips)
Psynto: posts small blind $1
aabeatenby23: posts big blind $3
*** HOLE CARDS ***
Psynto: raises $3 to $6
aabeatenby23: calls $3
*** FLOP *** [Js Qd 3s]
aabeatenby23: checks
Psynto: bets $3
aabeatenby23: folds
Uncalled bet ($3) returned to Psynto
Psynto collected $11.76 from pot
Psynto: doesn't show hand
*** SUMMARY ***
Total pot $12 | Rake $0.24
Board [Js Qd 3s]
Seat 5: aabeatenby23 (big blind) folded on the Flop
Seat 6: Psynto (button) (small blind) collected ($11.76)


PokerStars Hand #174149724516:  Hold'em Limit ($3/$6 USD) - 2017/08/10 6:22:47 ET
Table 'Heka II' 6-max Seat #5 is the button
Seat 5: aabeatenby23 ($284.70 in chips)
Seat 6: Psynto ($245.26 in chips)
aabeatenby23: posts small blind $1
Psynto: posts big blind $3
*** HOLE CARDS ***
aabeatenby23: folds
Uncalled bet ($2) returned to Psynto
Psynto collected $2 from pot
Psynto: doesn't show hand
*** SUMMARY ***
Total pot $2 | Rake $0
Seat 5: aabeatenby23 (button) (small blind) folded before Flop
Seat 6: Psynto (big blind) collected ($2)


PokerStars Hand #174149718472:  Hold'em Limit ($3/$6 USD) - 2017/08/10 6:22:31 ET
Table 'Heka II' 6-max Seat #5 is the button
Seat 5: aabeatenby23 ($291.70 in chips)
Seat 6: Psynto ($238.50 in chips)
aabeatenby23: posts small blind $1
Psynto: posts big blind $3
*** HOLE CARDS ***
aabeatenby23: folds
Uncalled bet ($2) returned to Psynto
Fetish73 leaves the table
Psynto collected $2 from pot
Psynto: doesn't show hand
*** SUMMARY ***
Total pot $2 | Rake $0
Seat 5: aabeatenby23 (button) (small blind) folded before Flop
Seat 6: Psynto (big blind) collected ($2)


PokerStars Hand #174149748159:  Hold'em Limit ($3/$6 USD) - 2017/08/10 6:23:48 ET
Table 'Heka II' 6-max Seat #5 is the button
Seat 5: aabeatenby23 ($309.20 in chips)
Seat 6: Psynto ($219.78 in chips)
aabeatenby23: posts small blind $1
Psynto: posts big blind $3
*** HOLE CARDS ***
aabeatenby23: folds
Uncalled bet ($2) returned to Psynto
Psynto collected $2 from pot
Psynto: doesn't show hand
*** SUMMARY ***
Total pot $2 | Rake $0
Seat 5: aabeatenby23 (button) (small blind) folded before Flop
Seat 6: Psynto (big blind) collected ($2)


PokerStars Hand #174149754927:  Hold'em Limit ($3/$6 USD) - 2017/08/10 6:24:05 ET
Table 'Heka II' 6-max Seat #5 is the button
Seat 5: aabeatenby23 ($302.20 in chips)
Seat 6: Psynto ($226.54 in chips)
aabeatenby23: posts small blind $1
Psynto: posts big blind $3
*** HOLE CARDS ***
aabeatenby23: folds
Uncalled bet ($2) returned to Psynto
Psynto collected $2 from pot
Psynto: doesn't show hand
*** SUMMARY ***
Total pot $2 | Rake $0
Seat 5: aabeatenby23 (button) (small blind) folded before Flop
Seat 6: Psynto (big blind) collected ($2)


PokerStars Hand #174149750286:  Hold'em Limit ($3/$6 USD) - 2017/08/10 6:23:53 ET
Table 'Heka II' 6-max Seat #6 is the button
Seat 5: aabeatenby23 ($308.20 in chips)
Seat 6: Psynto ($220.78 in chips)
Psynto: posts small blind $1
aabeatenby23: posts big blind $3
*** HOLE CARDS ***
Psynto: raises $3 to $6
aabeatenby23: calls $3
*** FLOP *** [5s 3h Ac]
aabeatenby23: checks
Psynto: bets $3
aabeatenby23: folds
Uncalled bet ($3) returned to Psynto
Psynto collected $11.76 from pot
Psynto: doesn't show hand
*** SUMMARY ***
Total pot $12 | Rake $0.24
Board [5s 3h Ac]
Seat 5: aabeatenby23 (big blind) folded on the Flop
Seat 6: Psynto (button) (small blind) collected ($11.76)


PokerStars Hand #174149739652:  Hold'em Limit ($3/$6 USD) - 2017/08/10 6:23:26 ET
Table 'Heka II' 6-max Seat #6 is the button
Seat 5: aabeatenby23 ($273.70 in chips)
Seat 6: Psynto ($255.78 in chips)
Psynto: posts small blind $1
aabeatenby23: posts big blind $3
*** HOLE CARDS ***
Psynto: raises $3 to $6
aabeatenby23: raises $3 to $9
Psynto: calls $3
*** FLOP *** [Th Js Tc]
aabeatenby23: bets $3
Psynto: calls $3
*** TURN *** [Th Js Tc] [5s]
aabeatenby23: bets $6
Psynto: raises $6 to $12
aabeatenby23: calls $6
*** RIVER *** [Th Js Tc 5s] [9s]
aabeatenby23: checks
Psynto: bets $6
aabeatenby23: raises $6 to $12
Psynto: calls $6
*** SHOW DOWN ***
aabeatenby23: shows [8s 7s] (a flush, Jack high)
Psynto: mucks hand
aabeatenby23 collected $71.50 from pot
*** SUMMARY ***
Total pot $72 | Rake $0.50
Board [Th Js Tc 5s 9s]
Seat 5: aabeatenby23 (big blind) showed [8s 7s] and won ($71.50) with a flush, Jack high
Seat 6: Psynto (button) (small blind) mucked


PokerStars Hand #174149757061:  Hold'em Limit ($3/$6 USD) - 2017/08/10 6:24:11 ET
Table 'Heka II' 6-max Seat #6 is the button
Seat 5: aabeatenby23 ($301.20 in chips)
Seat 6: Psynto ($227.54 in chips)
Psynto: posts small blind $1
aabeatenby23: posts big blind $3
*** HOLE CARDS ***
Psynto: folds
Uncalled bet ($2) returned to aabeatenby23
aabeatenby23 collected $2 from pot
aabeatenby23: doesn't show hand
*** SUMMARY ***
Total pot $2 | Rake $0
Seat 5: aabeatenby23 (big blind) collected ($2)
Seat 6: Psynto (button) (small blind) folded before Flop


PokerStars Hand #174149764269:  Hold'em Limit ($3/$6 USD) - 2017/08/10 6:24:29 ET
Table 'Heka II' 6-max Seat #6 is the button
Seat 5: aabeatenby23 ($287.20 in chips)
Seat 6: Psynto ($241.04 in chips)
Psynto: posts small blind $1
aabeatenby23: posts big blind $3
*** HOLE CARDS ***
Psynto: raises $3 to $6
aabeatenby23: raises $3 to $9
Psynto: calls $3
*** FLOP *** [Kh Ks 2c]
aabeatenby23: bets $3
Psynto: calls $3
*** TURN *** [Kh Ks 2c] [As]
aabeatenby23: bets $6
Psynto: folds
Uncalled bet ($6) returned to aabeatenby23
aabeatenby23 collected $23.52 from pot
aabeatenby23: doesn't show hand
*** SUMMARY ***
Total pot $24 | Rake $0.48
Board [Kh Ks 2c As]
Seat 5: aabeatenby23 (big blind) collected ($23.52)
Seat 6: Psynto (button) (small blind) folded on the Turn


PokerStars Hand #174149768896:  Hold'em Limit ($3/$6 USD) - 2017/08/10 6:24:42 ET
Table 'Heka II' 6-max Seat #5 is the button
Seat 5: aabeatenby23 ($298.72 in chips)
Seat 6: Psynto ($229.04 in chips)
aabeatenby23: posts small blind $1
Psynto: posts big blind $3
*** HOLE CARDS ***
aabeatenby23: raises $3 to $6
Psynto: calls $3
*** FLOP *** [Tc 6c 9c]
Psynto: checks
aabeatenby23: bets $3
Psynto: raises $3 to $6
aabeatenby23: raises $3 to $9
Psynto: calls $3
*** TURN *** [Tc 6c 9c] [Th]
Psynto: bets $6
aabeatenby23: calls $6
*** RIVER *** [Tc 6c 9c Th] [6d]
Psynto: bets $6
aabeatenby23: calls $6
*** SHOW DOWN ***
Psynto: shows [Ts 7h] (a full house, Tens full of Sixes)
aabeatenby23: mucks hand
Psynto collected $53.50 from pot
*** SUMMARY ***
Total pot $54 | Rake $0.50
Board [Tc 6c 9c Th 6d]
Seat 5: aabeatenby23 (button) (small blind) mucked
Seat 6: Psynto (big blind) showed [Ts 7h] and won ($53.50) with a full house, Tens full of Sixes


PokerStars Hand #174149775868:  Hold'em Limit ($3/$6 USD) - 2017/08/10 6:25:00 ET
Table 'Heka II' 6-max Seat #6 is the button
Seat 5: aabeatenby23 ($271.72 in chips)
Seat 6: Psynto ($255.54 in chips)
Psynto: posts small blind $1
aabeatenby23: posts big blind $3
*** HOLE CARDS ***
Psynto: raises $3 to $6
aabeatenby23: raises $3 to $9
Psynto: calls $3
*** FLOP *** [4h 3c 7s]
aabeatenby23: bets $3
Psynto: calls $3
*** TURN *** [4h 3c 7s] [Kd]
aabeatenby23: bets $6
Psynto: folds
Uncalled bet ($6) returned to aabeatenby23
aabeatenby23 collected $23.52 from pot
aabeatenby23: doesn't show hand
*** SUMMARY ***
Total pot $24 | Rake $0.48
Board [4h 3c 7s Kd]
Seat 5: aabeatenby23 (big blind) collected ($23.52)
Seat 6: Psynto (button) (small blind) folded on the Turn


PokerStars Hand #174149758810:  Hold'em Limit ($3/$6 USD) - 2017/08/10 6:24:15 ET
Table 'Heka II' 6-max Seat #5 is the button
Seat 5: aabeatenby23 ($302.20 in chips)
Seat 6: Psynto ($226.54 in chips)
aabeatenby23: posts small blind $1
Psynto: posts big blind $3
*** HOLE CARDS ***
aabeatenby23: raises $3 to $6
Psynto: calls $3
*** FLOP *** [Qd Kd 6c]
Psynto: checks
aabeatenby23: bets $3
Psynto: calls $3
*** TURN *** [Qd Kd 6c] [5s]
Psynto: checks
aabeatenby23: checks
*** RIVER *** [Qd Kd 6c 5s] [5d]
Psynto: bets $6
aabeatenby23: calls $6
*** SHOW DOWN ***
Psynto: shows [2c Kc] (two pair, Kings and Fives)
aabeatenby23: mucks hand
Psynto collected $29.50 from pot
*** SUMMARY ***
Total pot $30 | Rake $0.50
Board [Qd Kd 6c 5s 5d]
Seat 5: aabeatenby23 (button) (small blind) mucked
Seat 6: Psynto (big blind) showed [2c Kc] and won ($29.50) with two pair, Kings and Fives


PokerStars Hand #174149789336:  Hold'em Limit ($3/$6 USD) - 2017/08/10 6:25:35 ET
Table 'Heka II' 6-max Seat #5 is the button
Seat 5: aabeatenby23 ($261.24 in chips)
Seat 6: Psynto ($265.04 in chips)
aabeatenby23: posts small blind $1
Psynto: posts big blind $3
*** HOLE CARDS ***
aabeatenby23: raises $3 to $6
Psynto: raises $3 to $9
aabeatenby23: raises $3 to $12
Betting is capped
Psynto: calls $3
*** FLOP *** [8s 4c Jc]
Psynto: checks
aabeatenby23: bets $3
Psynto: raises $3 to $6
aabeatenby23: raises $3 to $9
Psynto: raises $3 to $12
Betting is capped
aabeatenby23: calls $3
*** TURN *** [8s 4c Jc] [2s]
Psynto: bets $6
aabeatenby23: calls $6
*** RIVER *** [8s 4c Jc 2s] [5d]
Psynto: bets $6
aabeatenby23: calls $6
*** SHOW DOWN ***
Psynto: shows [Qh Jh] (a pair of Jacks)
aabeatenby23: mucks hand
Psynto collected $71.50 from pot
*** SUMMARY ***
Total pot $72 | Rake $0.50
Board [8s 4c Jc 2s 5d]
Seat 5: aabeatenby23 (button) (small blind) mucked
Seat 6: Psynto (big blind) showed [Qh Jh] and won ($71.50) with a pair of Jacks


PokerStars Hand #174149796341:  Hold'em Limit ($3/$6 USD) - 2017/08/10 6:25:53 ET
Table 'Heka II' 6-max Seat #6 is the button
Seat 5: aabeatenby23 ($225.24 in chips)
Seat 6: Psynto ($300.54 in chips)
Psynto: posts small blind $1
aabeatenby23: posts big blind $3
*** HOLE CARDS ***
Psynto: raises $3 to $6
aabeatenby23: calls $3
*** FLOP *** [Qh 3c Td]
aabeatenby23: checks
Psynto: bets $3
aabeatenby23: calls $3
*** TURN *** [Qh 3c Td] [Kd]
aabeatenby23: checks
Psynto: bets $6
aabeatenby23: folds
Uncalled bet ($6) returned to Psynto
Psynto collected $17.64 from pot
Psynto: doesn't show hand
*** SUMMARY ***
Total pot $18 | Rake $0.36
Board [Qh 3c Td Kd]
Seat 5: aabeatenby23 (big blind) folded on the Turn
Seat 6: Psynto (button) (small blind) collected ($17.64)


PokerStars Hand #174149782438:  Hold'em Limit ($3/$6 USD) - 2017/08/10 6:25:17 ET
Table 'Heka II' 6-max Seat #6 is the button
Seat 5: aabeatenby23 ($282.24 in chips)
Seat 6: Psynto ($244.54 in chips)
Psynto: posts small blind $1
aabeatenby23: posts big blind $3
*** HOLE CARDS ***
Psynto: raises $3 to $6
aabeatenby23: calls $3
*** FLOP *** [9d 6c 2c]
aabeatenby23: checks
Psynto: bets $3
aabeatenby23: calls $3
*** TURN *** [9d 6c 2c] [5h]
aabeatenby23: checks
Psynto: bets $6
aabeatenby23: raises $6 to $12
Psynto: calls $6
*** RIVER *** [9d 6c 2c 5h] [3c]
aabeatenby23: checks
Psynto: checks
*** SHOW DOWN ***
aabeatenby23: shows [Ts 9c] (a pair of Nines)
Psynto: shows [9h Kd] (a pair of Nines - King kicker)
Psynto collected $41.50 from pot
*** SUMMARY ***
Total pot $42 | Rake $0.50
Board [9d 6c 2c 5h 3c]
Seat 5: aabeatenby23 (big blind) showed [Ts 9c] and lost with a pair of Nines
Seat 6: Psynto (button) (small blind) showed [9h Kd] and won ($41.50) with a pair of Nines


PokerStars Hand #174149808184:  Hold'em Limit ($3/$6 USD) - 2017/08/10 6:26:24 ET
Table 'Heka II' 6-max Seat #5 is the button
Seat 5: aabeatenby23 ($209.24 in chips)
Seat 6: Psynto ($315.94 in chips)
aabeatenby23: posts small blind $1
Psynto: posts big blind $3
*** HOLE CARDS ***
aabeatenby23: folds
Uncalled bet ($2) returned to Psynto
Psynto collected $2 from pot
Psynto: doesn't show hand
*** SUMMARY ***
Total pot $2 | Rake $0
Seat 5: aabeatenby23 (button) (small blind) folded before Flop
Seat 6: Psynto (big blind) collected ($2)


PokerStars Hand #174149804043:  Hold'em Limit ($3/$6 USD) - 2017/08/10 6:26:13 ET
Table 'Heka II' 6-max Seat #6 is the button
Seat 5: aabeatenby23 ($215.24 in chips)
Seat 6: Psynto ($310.18 in chips)
Psynto: posts small blind $1
aabeatenby23: posts big blind $3
*** HOLE CARDS ***
Psynto: raises $3 to $6
aabeatenby23: calls $3
*** FLOP *** [8c 8s Qd]
aabeatenby23: checks
Psynto: bets $3
aabeatenby23: folds
Uncalled bet ($3) returned to Psynto
Psynto collected $11.76 from pot
Psynto: doesn't show hand
*** SUMMARY ***
Total pot $12 | Rake $0.24
Board [8c 8s Qd]
Seat 5: aabeatenby23 (big blind) folded on the Flop
Seat 6: Psynto (button) (small blind) collected ($11.76)


PokerStars Hand #174149801956:  Hold'em Limit ($3/$6 USD) - 2017/08/10 6:26:08 ET
Table 'Heka II' 6-max Seat #5 is the button
Seat 5: aabeatenby23 ($216.24 in chips)
Seat 6: Psynto ($309.18 in chips)
aabeatenby23: posts small blind $1
Psynto: posts big blind $3
*** HOLE CARDS ***
aabeatenby23: folds
Uncalled bet ($2) returned to Psynto
Psynto collected $2 from pot
Psynto: doesn't show hand
*** SUMMARY ***
Total pot $2 | Rake $0
Seat 5: aabeatenby23 (button) (small blind) folded before Flop
Seat 6: Psynto (big blind) collected ($2)


