PokerStars Hand #158228681908:  Hold'em Limit ($3/$6 USD) - 2016/09/06 4:13:32 ET
Table 'Hekate II' 6-max Seat #3 is the button
Seat 3: simper11 ($158.54 in chips)
Seat 4: gazzzzzza ($32.52 in chips)
simper11: posts small blind $1
gazzzzzza: posts big blind $3
*** HOLE CARDS ***
simper11: folds
Uncalled bet ($2) returned to gazzzzzza
gazzzzzza collected $2 from pot
*** SUMMARY ***
Total pot $2 | Rake $0
Seat 3: simper11 (button) (small blind) folded before Flop
Seat 4: gazzzzzza (big blind) collected ($2)


PokerStars Hand #158228676945:  Hold'em Limit ($3/$6 USD) - 2016/09/06 4:13:16 ET
Table 'Hekate II' 6-max Seat #4 is the button
Seat 3: simper11 ($164.54 in chips)
Seat 4: gazzzzzza ($26.76 in chips)
gazzzzzza: posts small blind $1
simper11: posts big blind $3
*** HOLE CARDS ***
gazzzzzza: raises $3 to $6
simper11: calls $3
*** FLOP *** [2s Ks Qc]
simper11: checks
gazzzzzza: bets $3
simper11: folds
Uncalled bet ($3) returned to gazzzzzza
gazzzzzza collected $11.76 from pot
*** SUMMARY ***
Total pot $12 | Rake $0.24
Board [2s Ks Qc]
Seat 3: simper11 (big blind) folded on the Flop
Seat 4: gazzzzzza (button) (small blind) collected ($11.76)


PokerStars Hand #158228673386:  Hold'em Limit ($3/$6 USD) - 2016/09/06 4:13:04 ET
Table 'Hekate II' 6-max Seat #3 is the button
Seat 3: simper11 ($158.78 in chips)
Seat 4: gazzzzzza ($32.76 in chips)
simper11: posts small blind $1
gazzzzzza: posts big blind $3
*** HOLE CARDS ***
simper11: raises $3 to $6
gazzzzzza: calls $3
*** FLOP *** [4d Qd Kd]
gazzzzzza: checks
simper11: bets $3
gazzzzzza: folds
Uncalled bet ($3) returned to simper11
simper11 collected $11.76 from pot
simper11: doesn't show hand
*** SUMMARY ***
Total pot $12 | Rake $0.24
Board [4d Qd Kd]
Seat 3: simper11 (button) (small blind) collected ($11.76)
Seat 4: gazzzzzza (big blind) folded on the Flop


PokerStars Hand #158228683483:  Hold'em Limit ($3/$6 USD) - 2016/09/06 4:13:38 ET
Table 'Hekate II' 6-max Seat #4 is the button
Seat 3: simper11 ($157.54 in chips)
Seat 4: gazzzzzza ($33.52 in chips)
gazzzzzza: posts small blind $1
simper11: posts big blind $3
*** HOLE CARDS ***
gazzzzzza: raises $3 to $6
simper11: calls $3
*** FLOP *** [Td Jh 8d]
simper11: checks
gazzzzzza: bets $3
simper11: calls $3
*** TURN *** [Td Jh 8d] [Qd]
simper11: checks
gazzzzzza: bets $6
simper11: calls $6
*** RIVER *** [Td Jh 8d Qd] [5d]
simper11: checks
gazzzzzza: bets $6
simper11: calls $6
*** SHOW DOWN ***
gazzzzzza: shows [Qc Tc] (two pair, Queens and Tens)
simper11: mucks hand
gazzzzzza collected $41.50 from pot
*** SUMMARY ***
Total pot $42 | Rake $0.50
Board [Td Jh 8d Qd 5d]
Seat 3: simper11 (big blind) mucked
Seat 4: gazzzzzza (button) (small blind) showed [Qc Tc] and won ($41.50) with two pair, Queens and Tens


PokerStars Hand #158228693516:  Hold'em Limit ($3/$6 USD) - 2016/09/06 4:14:11 ET
Table 'Hekate II' 6-max Seat #4 is the button
Seat 3: simper11 ($139.54 in chips)
Seat 4: gazzzzzza ($51.02 in chips)
gazzzzzza: posts small blind $1
simper11: posts big blind $3
*** HOLE CARDS ***
gazzzzzza: raises $3 to $6
simper11: raises $3 to $9
gazzzzzza: calls $3
*** FLOP *** [As Ad Tc]
simper11: bets $3
gazzzzzza: calls $3
*** TURN *** [As Ad Tc] [Jc]
simper11: bets $6
gazzzzzza: calls $6
*** RIVER *** [As Ad Tc Jc] [2h]
simper11: bets $6
gazzzzzza: folds
Uncalled bet ($6) returned to simper11
simper11 collected $35.50 from pot
simper11: doesn't show hand
*** SUMMARY ***
Total pot $36 | Rake $0.50
Board [As Ad Tc Jc 2h]
Seat 3: simper11 (big blind) collected ($35.50)
Seat 4: gazzzzzza (button) (small blind) folded on the River


PokerStars Hand #158228711231:  Hold'em Limit ($3/$6 USD) - 2016/09/06 4:15:10 ET
Table 'Hekate II' 6-max Seat #3 is the button
Seat 3: simper11 ($171.56 in chips)
Seat 4: gazzzzzza ($18.02 in chips)
simper11: posts small blind $1
gazzzzzza: posts big blind $3
*** HOLE CARDS ***
simper11: folds
Uncalled bet ($2) returned to gazzzzzza
gazzzzzza collected $2 from pot
*** SUMMARY ***
Total pot $2 | Rake $0
Seat 3: simper11 (button) (small blind) folded before Flop
Seat 4: gazzzzzza (big blind) collected ($2)


PokerStars Hand #158228703307:  Hold'em Limit ($3/$6 USD) - 2016/09/06 4:14:43 ET
Table 'Hekate II' 6-max Seat #4 is the button
Seat 3: simper11 ($160.04 in chips)
Seat 4: gazzzzzza ($30.02 in chips)
gazzzzzza: posts small blind $1
simper11: posts big blind $3
*** HOLE CARDS ***
gazzzzzza: raises $3 to $6
simper11: calls $3
*** FLOP *** [8h Qh 6d]
simper11: checks
gazzzzzza: bets $3
simper11: raises $3 to $6
gazzzzzza: calls $3
*** TURN *** [8h Qh 6d] [Jc]
simper11: bets $6
gazzzzzza: folds
Uncalled bet ($6) returned to simper11
simper11 collected $23.52 from pot
simper11: doesn't show hand
*** SUMMARY ***
Total pot $24 | Rake $0.48
Board [8h Qh 6d Jc]
Seat 3: simper11 (big blind) collected ($23.52)
Seat 4: gazzzzzza (button) (small blind) folded on the Turn


PokerStars Hand #158228712804:  Hold'em Limit ($3/$6 USD) - 2016/09/06 4:15:15 ET
Table 'Hekate II' 6-max Seat #4 is the button
Seat 3: simper11 ($170.56 in chips)
Seat 4: gazzzzzza ($19.02 in chips)
gazzzzzza: posts small blind $1
simper11: posts big blind $3
*** HOLE CARDS ***
gazzzzzza: raises $3 to $6
simper11: folds
Uncalled bet ($3) returned to gazzzzzza
gazzzzzza collected $6 from pot
*** SUMMARY ***
Total pot $6 | Rake $0
Seat 3: simper11 (big blind) folded before Flop
Seat 4: gazzzzzza (button) (small blind) collected ($6)


PokerStars Hand #158228715940:  Hold'em Limit ($3/$6 USD) - 2016/09/06 4:15:25 ET
Table 'Hekate II' 6-max Seat #3 is the button
Seat 3: simper11 ($167.56 in chips)
Seat 4: gazzzzzza ($22.02 in chips)
simper11: posts small blind $1
gazzzzzza: posts big blind $3
*** HOLE CARDS ***
simper11: raises $3 to $6
gazzzzzza: raises $3 to $9
simper11: calls $3
*** FLOP *** [4h As 2s]
gazzzzzza: bets $3
simper11: calls $3
*** TURN *** [4h As 2s] [4d]
gazzzzzza: bets $6
simper11: raises $6 to $12
gazzzzzza: calls $4.02 and is all-in
Uncalled bet ($1.98) returned to simper11
*** RIVER *** [4h As 2s 4d] [4s]
*** SHOW DOWN ***
gazzzzzza: shows [Kh 5h] (three of a kind, Fours)
simper11: shows [2d 5d] (a full house, Fours full of Deuces)
simper11 collected $43.54 from pot
*** SUMMARY ***
Total pot $44.04 | Rake $0.50
Board [4h As 2s 4d 4s]
Seat 3: simper11 (button) (small blind) showed [2d 5d] and won ($43.54) with a full house, Fours full of Deuces
Seat 4: gazzzzzza (big blind) showed [Kh 5h] and lost with three of a kind, Fours


