PokerStars Hand #163073410857:  Hold'em Limit ($3/$6 USD) - 2016/12/17 5:37:48 ET
Table 'Hekatostos' 6-max Seat #3 is the button
Seat 1: jacobkimm ($138.25 in chips)
Seat 3: Chessnok ($172.24 in chips)
Chessnok: posts small blind $1
jacobkimm: posts big blind $3
*** HOLE CARDS ***
Chessnok: raises $3 to $6
jacobkimm: folds
Uncalled bet ($3) returned to Chessnok
Chessnok collected $6 from pot
Chessnok: doesn't show hand
*** SUMMARY ***
Total pot $6 | Rake $0
Seat 1: jacobkimm (big blind) folded before Flop
Seat 3: Chessnok (button) (small blind) collected ($6)


PokerStars Hand #163073407954:  Hold'em Limit ($3/$6 USD) - 2016/12/17 5:37:43 ET
Table 'Hekatostos' 6-max Seat #1 is the button
Seat 1: jacobkimm ($139.25 in chips)
Seat 3: Chessnok ($171.24 in chips)
jacobkimm: posts small blind $1
zizonmusang: is sitting out
Chessnok: posts big blind $3
*** HOLE CARDS ***
jacobkimm: folds
Uncalled bet ($2) returned to Chessnok
Chessnok collected $2 from pot
Chessnok: doesn't show hand
zizonmusang leaves the table
*** SUMMARY ***
Total pot $2 | Rake $0
Seat 1: jacobkimm (button) (small blind) folded before Flop
Seat 3: Chessnok (big blind) collected ($2)


PokerStars Hand #163073414349:  Hold'em Limit ($3/$6 USD) - 2016/12/17 5:37:56 ET
Table 'Hekatostos' 6-max Seat #1 is the button
Seat 1: jacobkimm ($135.25 in chips)
Seat 3: Chessnok ($175.24 in chips)
jacobkimm: posts small blind $1
Chessnok: posts big blind $3
*** HOLE CARDS ***
jacobkimm: folds
Uncalled bet ($2) returned to Chessnok
Chessnok collected $2 from pot
Chessnok: doesn't show hand
*** SUMMARY ***
Total pot $2 | Rake $0
Seat 1: jacobkimm (button) (small blind) folded before Flop
Seat 3: Chessnok (big blind) collected ($2)


PokerStars Hand #163073446269:  Hold'em Limit ($3/$6 USD) - 2016/12/17 5:39:02 ET
Table 'Hekatostos' 6-max Seat #3 is the button
Seat 1: jacobkimm ($86.25 in chips)
Seat 3: Chessnok ($223.50 in chips)
Chessnok: posts small blind $1
jacobkimm: posts big blind $3
*** HOLE CARDS ***
Chessnok: folds
Uncalled bet ($2) returned to jacobkimm
jacobkimm collected $2 from pot
*** SUMMARY ***
Total pot $2 | Rake $0
Seat 1: jacobkimm (big blind) collected ($2)
Seat 3: Chessnok (button) (small blind) folded before Flop


PokerStars Hand #163073417931:  Hold'em Limit ($3/$6 USD) - 2016/12/17 5:38:03 ET
Table 'Hekatostos' 6-max Seat #3 is the button
Seat 1: jacobkimm ($134.25 in chips)
Seat 3: Chessnok ($176.24 in chips)
Chessnok: posts small blind $1
jacobkimm: posts big blind $3
*** HOLE CARDS ***
Chessnok: raises $3 to $6
jacobkimm: calls $3
*** FLOP *** [Ad 7c 6c]
jacobkimm: checks
Chessnok: bets $3
jacobkimm: folds
Uncalled bet ($3) returned to Chessnok
Chessnok collected $11.76 from pot
Chessnok: doesn't show hand
*** SUMMARY ***
Total pot $12 | Rake $0.24
Board [Ad 7c 6c]
Seat 1: jacobkimm (big blind) folded on the Flop
Seat 3: Chessnok (button) (small blind) collected ($11.76)


PokerStars Hand #163073427884:  Hold'em Limit ($3/$6 USD) - 2016/12/17 5:38:24 ET
Table 'Hekatostos' 6-max Seat #1 is the button
Seat 1: jacobkimm ($128.25 in chips)
Seat 3: Chessnok ($182 in chips)
jacobkimm: posts small blind $1
Chessnok: posts big blind $3
*** HOLE CARDS ***
jacobkimm: raises $3 to $6
Chessnok: raises $3 to $9
jacobkimm: calls $3
*** FLOP *** [9c Jh Qh]
Chessnok: bets $3
jacobkimm: raises $3 to $6
Chessnok: raises $3 to $9
jacobkimm: calls $3
*** TURN *** [9c Jh Qh] [8d]
Chessnok: bets $6
jacobkimm: calls $6
*** RIVER *** [9c Jh Qh 8d] [Kd]
Chessnok: bets $6
jacobkimm: raises $6 to $12
Chessnok: raises $6 to $18
jacobkimm: calls $6
*** SHOW DOWN ***
Chessnok: shows [Js Ts] (a straight, Nine to King)
jacobkimm: mucks hand
Chessnok collected $83.50 from pot
*** SUMMARY ***
Total pot $84 | Rake $0.50
Board [9c Jh Qh 8d Kd]
Seat 1: jacobkimm (button) (small blind) mucked
Seat 3: Chessnok (big blind) showed [Js Ts] and won ($83.50) with a straight, Nine to King


PokerStars Hand #163073448313:  Hold'em Limit ($3/$6 USD) - 2016/12/17 5:39:06 ET
Table 'Hekatostos' 6-max Seat #1 is the button
Seat 1: jacobkimm ($87.25 in chips)
Seat 3: Chessnok ($222.50 in chips)
jacobkimm: posts small blind $1
Chessnok: posts big blind $3
*** HOLE CARDS ***
jacobkimm: folds
Uncalled bet ($2) returned to Chessnok
jacobkimm leaves the table
Chessnok collected $2 from pot
Chessnok: doesn't show hand
*** SUMMARY ***
Total pot $2 | Rake $0
Seat 1: jacobkimm (button) (small blind) folded before Flop
Seat 3: Chessnok (big blind) collected ($2)


