PokerStars Hand #170804946255:  Hold'em Limit ($3/$6 USD) - 2017/05/23 8:06:26 ET
Table 'Heka' 6-max Seat #5 is the button
Seat 4: PayMyAudiR8 ($159.26 in chips)
Seat 5: FHstyles ($116.47 in chips)
FHstyles: posts small blind $1
PayMyAudiR8: posts big blind $3
*** HOLE CARDS ***
FHstyles: raises $3 to $6
aremom4e leaves the table
PayMyAudiR8: calls $3
*** FLOP *** [7d Kh Th]
PayMyAudiR8: checks
FHstyles: bets $3
PayMyAudiR8: calls $3
*** TURN *** [7d Kh Th] [Tc]
PayMyAudiR8: checks
FHstyles: checks
*** RIVER *** [7d Kh Th Tc] [5c]
PayMyAudiR8: bets $6
FHstyles: folds
Uncalled bet ($6) returned to PayMyAudiR8
PayMyAudiR8 collected $17.64 from pot
PayMyAudiR8: doesn't show hand
*** SUMMARY ***
Total pot $18 | Rake $0.36
Board [7d Kh Th Tc 5c]
Seat 4: PayMyAudiR8 (big blind) collected ($17.64)
Seat 5: FHstyles (button) (small blind) folded on the River


PokerStars Hand #170804970861:  Hold'em Limit ($3/$6 USD) - 2017/05/23 8:07:22 ET
Table 'Heka' 6-max Seat #4 is the button
Seat 4: PayMyAudiR8 ($167.40 in chips)
Seat 5: FHstyles ($106.97 in chips)
PayMyAudiR8: posts small blind $1
FHstyles: posts big blind $3
*** HOLE CARDS ***
PayMyAudiR8: raises $3 to $6
FHstyles: calls $3
*** FLOP *** [Jc 4h Js]
FHstyles: checks
PayMyAudiR8: checks
*** TURN *** [Jc 4h Js] [Kc]
FHstyles: checks
PayMyAudiR8: checks
*** RIVER *** [Jc 4h Js Kc] [3d]
FHstyles: checks
PayMyAudiR8: checks
*** SHOW DOWN ***
FHstyles: shows [5c Qd] (a pair of Jacks)
PayMyAudiR8: mucks hand
FHstyles collected $11.76 from pot
*** SUMMARY ***
Total pot $12 | Rake $0.24
Board [Jc 4h Js Kc 3d]
Seat 4: PayMyAudiR8 (button) (small blind) mucked
Seat 5: FHstyles (big blind) showed [5c Qd] and won ($11.76) with a pair of Jacks


PokerStars Hand #170804955062:  Hold'em Limit ($3/$6 USD) - 2017/05/23 8:06:46 ET
Table 'Heka' 6-max Seat #4 is the button
Seat 4: PayMyAudiR8 ($167.90 in chips)
Seat 5: FHstyles ($107.47 in chips)
PayMyAudiR8: posts small blind $1
FHstyles: posts big blind $3
*** HOLE CARDS ***
PayMyAudiR8: raises $3 to $6
FHstyles: raises $3 to $9
PayMyAudiR8: calls $3
*** FLOP *** [6d Ks 7d]
FHstyles: bets $3
PayMyAudiR8: calls $3
*** TURN *** [6d Ks 7d] [Qd]
FHstyles: bets $6
PayMyAudiR8: calls $6
*** RIVER *** [6d Ks 7d Qd] [Ah]
FHstyles: checks
PayMyAudiR8: checks
*** SHOW DOWN ***
FHstyles: shows [8c 8d] (a pair of Eights)
PayMyAudiR8: mucks hand
FHstyles collected $35.50 from pot
*** SUMMARY ***
Total pot $36 | Rake $0.50
Board [6d Ks 7d Qd Ah]
Seat 4: PayMyAudiR8 (button) (small blind) mucked
Seat 5: FHstyles (big blind) showed [8c 8d] and won ($35.50) with a pair of Eights


PokerStars Hand #170804961894:  Hold'em Limit ($3/$6 USD) - 2017/05/23 8:07:01 ET
Table 'Heka' 6-max Seat #5 is the button
Seat 4: PayMyAudiR8 ($149.90 in chips)
Seat 5: FHstyles ($124.97 in chips)
FHstyles: posts small blind $1
PayMyAudiR8: posts big blind $3
*** HOLE CARDS ***
FHstyles: raises $3 to $6
PayMyAudiR8: calls $3
*** FLOP *** [6h 8h Kc]
PayMyAudiR8: checks
FHstyles: bets $3
PayMyAudiR8: raises $3 to $6
FHstyles: calls $3
*** TURN *** [6h 8h Kc] [7h]
VolkovDmitri leaves the table
PayMyAudiR8: bets $6
FHstyles: calls $6
*** RIVER *** [6h 8h Kc 7h] [5s]
PayMyAudiR8: checks
FHstyles: checks
*** SHOW DOWN ***
PayMyAudiR8: shows [Ah Kd] (a pair of Kings)
FHstyles: mucks hand
PayMyAudiR8 collected $35.50 from pot
*** SUMMARY ***
Total pot $36 | Rake $0.50
Board [6h 8h Kc 7h 5s]
Seat 4: PayMyAudiR8 (big blind) showed [Ah Kd] and won ($35.50) with a pair of Kings
Seat 5: FHstyles (button) (small blind) mucked


PokerStars Hand #170804980211:  Hold'em Limit ($3/$6 USD) - 2017/05/23 8:07:42 ET
Table 'Heka' 6-max Seat #4 is the button
Seat 4: PayMyAudiR8 ($162.40 in chips)
Seat 5: FHstyles ($111.73 in chips)
PayMyAudiR8: posts small blind $1
FHstyles: posts big blind $3
*** HOLE CARDS ***
PayMyAudiR8: raises $3 to $6
FHstyles: calls $3
*** FLOP *** [As Td 4d]
FHstyles: checks
PayMyAudiR8: bets $3
FHstyles: folds
Uncalled bet ($3) returned to PayMyAudiR8
PayMyAudiR8 collected $11.76 from pot
PayMyAudiR8: doesn't show hand
*** SUMMARY ***
Total pot $12 | Rake $0.24
Board [As Td 4d]
Seat 4: PayMyAudiR8 (button) (small blind) collected ($11.76)
Seat 5: FHstyles (big blind) folded on the Flop


PokerStars Hand #170804986593:  Hold'em Limit ($3/$6 USD) - 2017/05/23 8:07:57 ET
Table 'Heka' 6-max Seat #5 is the button
Seat 4: PayMyAudiR8 ($168.16 in chips)
Seat 5: FHstyles ($105.73 in chips)
FHstyles: posts small blind $1
PayMyAudiR8: posts big blind $3
*** HOLE CARDS ***
FHstyles: raises $3 to $6
PayMyAudiR8: calls $3
*** FLOP *** [3s 5d Td]
PayMyAudiR8: checks
FHstyles: bets $3
PayMyAudiR8: calls $3
*** TURN *** [3s 5d Td] [Ad]
PayMyAudiR8: checks
FHstyles: checks
*** RIVER *** [3s 5d Td Ad] [As]
PayMyAudiR8: bets $6
FHstyles: folds
Uncalled bet ($6) returned to PayMyAudiR8
FHstyles leaves the table
PayMyAudiR8 collected $17.64 from pot
PayMyAudiR8: doesn't show hand
*** SUMMARY ***
Total pot $18 | Rake $0.36
Board [3s 5d Td Ad As]
Seat 4: PayMyAudiR8 (big blind) collected ($17.64)
Seat 5: FHstyles (button) (small blind) folded on the River


