PokerStars Hand #165070990231:  Hold'em Limit ($3/$6 USD) - 2017/01/23 19:47:27 ET
Table 'Hektor II' 6-max Seat #5 is the button
Seat 5: jswease ($87 in chips)
Seat 6: GoliafUa ($123 in chips)
jswease: posts small blind $1
GoliafUa: posts big blind $3
*** HOLE CARDS ***
jswease: raises $3 to $6
GoliafUa: raises $3 to $9
jswease: calls $3
*** FLOP *** [Jd 9h 8d]
GoliafUa: bets $3
jswease: raises $3 to $6
Brama Br joins the table at seat #1
GoliafUa: calls $3
*** TURN *** [Jd 9h 8d] [5s]
GoliafUa: checks
jswease: bets $6
GoliafUa: folds
Uncalled bet ($6) returned to jswease
jswease collected $29.50 from pot
jswease: doesn't show hand
*** SUMMARY ***
Total pot $30 | Rake $0.50
Board [Jd 9h 8d 5s]
Seat 5: jswease (button) (small blind) collected ($29.50)
Seat 6: GoliafUa (big blind) folded on the Turn


PokerStars Hand #165070980899:  Hold'em Limit ($3/$6 USD) - 2017/01/23 19:47:11 ET
Table 'Hektor II' 6-max Seat #6 is the button
Seat 5: jswease ($90 in chips)
Seat 6: GoliafUa ($120 in chips)
GoliafUa: posts small blind $1
jswease: posts big blind $3
*** HOLE CARDS ***
GoliafUa: raises $3 to $6
jswease: folds
Uncalled bet ($3) returned to GoliafUa
GoliafUa collected $6 from pot
GoliafUa: doesn't show hand
*** SUMMARY ***
Total pot $6 | Rake $0
Seat 5: jswease (big blind) folded before Flop
Seat 6: GoliafUa (button) (small blind) collected ($6)


PokerStars Hand #165073917178:  Hold'em Limit ($3/$6 USD) - 2017/01/23 21:21:31 ET
Table 'Hektor II' 6-max Seat #3 is the button
Seat 2: Chessnok ($128.12 in chips)
Seat 3: Speed2008 ($92 in chips)
Speed2008: posts small blind $1
Velbor107: is sitting out
grabaz: is sitting out
Chessnok: posts big blind $3
*** HOLE CARDS ***
Velbor107 leaves the table
Speed2008: raises $3 to $6
Chessnok: calls $3
*** FLOP *** [5h 8s Ts]
Chessnok: checks
Speed2008: bets $3
grabaz leaves the table
Chessnok: calls $3
*** TURN *** [5h 8s Ts] [8h]
Chessnok: checks
Speed2008: bets $6
Chessnok: calls $6
*** RIVER *** [5h 8s Ts 8h] [6h]
Chessnok: checks
Speed2008: bets $6
Chessnok: folds
Uncalled bet ($6) returned to Speed2008
Speed2008 collected $29.50 from pot
*** SUMMARY ***
Total pot $30 | Rake $0.50
Board [5h 8s Ts 8h 6h]
Seat 2: Chessnok (big blind) folded on the River
Seat 3: Speed2008 (button) (small blind) collected ($29.50)


