PokerStars Hand #164363962619:  Hold'em Limit ($3/$6 USD) - 2017/01/10 15:14:41 ET
Table 'Hektor' 6-max Seat #2 is the button
Seat 2: luxsheriff ($140.18 in chips)
Seat 3: Kajind ($81 in chips)
luxsheriff: posts small blind $1
Kajind: posts big blind $3
*** HOLE CARDS ***
luxsheriff: raises $3 to $6
Kajind: calls $3
*** FLOP *** [7s 8h 7c]
Kajind: checks
luxsheriff: bets $3
Kajind: folds
Uncalled bet ($3) returned to luxsheriff
luxsheriff collected $11.76 from pot
luxsheriff: doesn't show hand
*** SUMMARY ***
Total pot $12 | Rake $0.24
Board [7s 8h 7c]
Seat 2: luxsheriff (button) (small blind) collected ($11.76)
Seat 3: Kajind (big blind) folded on the Flop


PokerStars Hand #164363944500:  Hold'em Limit ($3/$6 USD) - 2017/01/10 15:14:23 ET
Table 'Hektor' 6-max Seat #3 is the button
Seat 2: luxsheriff ($125.68 in chips)
Seat 3: Kajind ($96 in chips)
Kajind: posts small blind $1
luxsheriff: posts big blind $3
*** HOLE CARDS ***
Kajind: raises $3 to $6
luxsheriff: calls $3
*** FLOP *** [2h Kd 7h]
luxsheriff: checks
Kajind: bets $3
luxsheriff: calls $3
*** TURN *** [2h Kd 7h] [9s]
luxsheriff: checks
Kajind: bets $6
luxsheriff: calls $6
*** RIVER *** [2h Kd 7h 9s] [6h]
luxsheriff: checks
Kajind: checks
*** SHOW DOWN ***
luxsheriff: shows [Jh 7c] (a pair of Sevens)
Kajind: mucks hand
luxsheriff collected $29.50 from pot
*** SUMMARY ***
Total pot $30 | Rake $0.50
Board [2h Kd 7h 9s 6h]
Seat 2: luxsheriff (big blind) showed [Jh 7c] and won ($29.50) with a pair of Sevens
Seat 3: Kajind (button) (small blind) mucked


PokerStars Hand #164363930177:  Hold'em Limit ($3/$6 USD) - 2017/01/10 15:14:08 ET
Table 'Hektor' 6-max Seat #2 is the button
Seat 2: luxsheriff ($119.92 in chips)
Seat 3: Kajind ($102 in chips)
luxsheriff: posts small blind $1
Kajind: posts big blind $3
*** HOLE CARDS ***
luxsheriff: raises $3 to $6
Kajind: calls $3
*** FLOP *** [6h Qc 3s]
Kajind: checks
luxsheriff: bets $3
Kajind: folds
Uncalled bet ($3) returned to luxsheriff
luxsheriff collected $11.76 from pot
luxsheriff: doesn't show hand
*** SUMMARY ***
Total pot $12 | Rake $0.24
Board [6h Qc 3s]
Seat 2: luxsheriff (button) (small blind) collected ($11.76)
Seat 3: Kajind (big blind) folded on the Flop


