PokerStars Hand #167696948243:  Hold'em Limit ($3/$6 USD) - 2017/03/17 2:47:44 ET
Table 'Hektor' 6-max Seat #3 is the button
Seat 2: slavii0o0 ($45.76 in chips)
Seat 3: Mordnilap ($72 in chips)
Mordnilap: posts small blind $1
slavii0o0: posts big blind $3
*** HOLE CARDS ***
Mordnilap: raises $3 to $6
slavii0o0: folds
Uncalled bet ($3) returned to Mordnilap
Mordnilap collected $6 from pot
Mordnilap: doesn't show hand
*** SUMMARY ***
Total pot $6 | Rake $0
Seat 2: slavii0o0 (big blind) folded before Flop
Seat 3: Mordnilap (button) (small blind) collected ($6)


PokerStars Hand #167696943056:  Hold'em Limit ($3/$6 USD) - 2017/03/17 2:47:23 ET
Table 'Hektor' 6-max Seat #2 is the button
Seat 2: slavii0o0 ($40 in chips)
Seat 3: Mordnilap ($72 in chips)
slavii0o0: posts small blind $1
Mordnilap: posts big blind $3
*** HOLE CARDS ***
slavii0o0: raises $3 to $6
Mordnilap: calls $3
*** FLOP *** [Qh 5d 3d]
Mordnilap: checks
slavii0o0: checks
*** TURN *** [Qh 5d 3d] [Th]
Mordnilap: checks
slavii0o0: checks
*** RIVER *** [Qh 5d 3d Th] [Ts]
Mordnilap: checks
slavii0o0: checks
*** SHOW DOWN ***
Mordnilap: shows [Kd 7h] (a pair of Tens)
slavii0o0: shows [Jc Ah] (a pair of Tens - Ace kicker)
slavii0o0 collected $11.76 from pot
*** SUMMARY ***
Total pot $12 | Rake $0.24
Board [Qh 5d 3d Th Ts]
Seat 2: slavii0o0 (button) (small blind) showed [Jc Ah] and won ($11.76) with a pair of Tens
Seat 3: Mordnilap (big blind) showed [Kd 7h] and lost with a pair of Tens


PokerStars Hand #167696958147:  Hold'em Limit ($3/$6 USD) - 2017/03/17 2:48:23 ET
Table 'Hektor' 6-max Seat #2 is the button
Seat 2: slavii0o0 ($30.76 in chips)
Seat 3: Mordnilap ($86.52 in chips)
slavii0o0: posts small blind $1
Mordnilap: posts big blind $3
*** HOLE CARDS ***
slavii0o0: folds
Uncalled bet ($2) returned to Mordnilap
Mordnilap collected $2 from pot
Mordnilap: doesn't show hand
*** SUMMARY ***
Total pot $2 | Rake $0
Seat 2: slavii0o0 (button) (small blind) folded before Flop
Seat 3: Mordnilap (big blind) collected ($2)


PokerStars Hand #167696954123:  Hold'em Limit ($3/$6 USD) - 2017/03/17 2:48:07 ET
Table 'Hektor' 6-max Seat #3 is the button
Seat 2: slavii0o0 ($36.76 in chips)
Seat 3: Mordnilap ($80.76 in chips)
Mordnilap: posts small blind $1
slavii0o0: posts big blind $3
*** HOLE CARDS ***
Mordnilap: raises $3 to $6
slavii0o0: calls $3
*** FLOP *** [Jc Kh 7c]
slavii0o0: checks
Mordnilap: bets $3
slavii0o0: folds
Uncalled bet ($3) returned to Mordnilap
Mordnilap collected $11.76 from pot
Mordnilap: doesn't show hand
*** SUMMARY ***
Total pot $12 | Rake $0.24
Board [Jc Kh 7c]
Seat 2: slavii0o0 (big blind) folded on the Flop
Seat 3: Mordnilap (button) (small blind) collected ($11.76)


PokerStars Hand #167696949826:  Hold'em Limit ($3/$6 USD) - 2017/03/17 2:47:50 ET
Table 'Hektor' 6-max Seat #2 is the button
Seat 2: slavii0o0 ($42.76 in chips)
Seat 3: Mordnilap ($75 in chips)
slavii0o0: posts small blind $1
Mordnilap: posts big blind $3
*** HOLE CARDS ***
slavii0o0: raises $3 to $6
Mordnilap: calls $3
*** FLOP *** [Ah 8h 6h]
Mordnilap: checks
slavii0o0: checks
*** TURN *** [Ah 8h 6h] [9d]
Mordnilap: bets $6
slavii0o0: folds
Uncalled bet ($6) returned to Mordnilap
Mordnilap collected $11.76 from pot
Mordnilap: doesn't show hand
*** SUMMARY ***
Total pot $12 | Rake $0.24
Board [Ah 8h 6h 9d]
Seat 2: slavii0o0 (button) (small blind) folded on the Turn
Seat 3: Mordnilap (big blind) collected ($11.76)


PokerStars Hand #167696960731:  Hold'em Limit ($3/$6 USD) - 2017/03/17 2:48:33 ET
Table 'Hektor' 6-max Seat #3 is the button
Seat 2: slavii0o0 ($29.76 in chips)
Seat 3: Mordnilap ($87.52 in chips)
Mordnilap: posts small blind $1
slavii0o0: posts big blind $3
*** HOLE CARDS ***
Mordnilap: folds
Uncalled bet ($2) returned to slavii0o0
slavii0o0 collected $2 from pot
*** SUMMARY ***
Total pot $2 | Rake $0
Seat 2: slavii0o0 (big blind) collected ($2)
Seat 3: Mordnilap (button) (small blind) folded before Flop


PokerStars Hand #167696962543:  Hold'em Limit ($3/$6 USD) - 2017/03/17 2:48:41 ET
Table 'Hektor' 6-max Seat #2 is the button
Seat 2: slavii0o0 ($30.76 in chips)
Seat 3: Mordnilap ($86.52 in chips)
slavii0o0: posts small blind $1
Mordnilap: posts big blind $3
*** HOLE CARDS ***
slavii0o0: raises $3 to $6
Mordnilap: raises $3 to $9
slavii0o0: calls $3
*** FLOP *** [2c Kd 7c]
Mordnilap: bets $3
slavii0o0: calls $3
*** TURN *** [2c Kd 7c] [3h]
Mordnilap: bets $6
slavii0o0: folds
Uncalled bet ($6) returned to Mordnilap
Mordnilap collected $23.52 from pot
Mordnilap: doesn't show hand
*** SUMMARY ***
Total pot $24 | Rake $0.48
Board [2c Kd 7c 3h]
Seat 2: slavii0o0 (button) (small blind) folded on the Turn
Seat 3: Mordnilap (big blind) collected ($23.52)


PokerStars Hand #167696971533:  Hold'em Limit ($3/$6 USD) - 2017/03/17 2:49:16 ET
Table 'Hektor' 6-max Seat #2 is the button
Seat 2: slavii0o0 ($27.40 in chips)
Seat 3: Mordnilap ($89.04 in chips)
slavii0o0: posts small blind $1
Mordnilap: posts big blind $3
*** HOLE CARDS ***
slavii0o0: folds
Uncalled bet ($2) returned to Mordnilap
Mordnilap collected $2 from pot
Mordnilap: doesn't show hand
*** SUMMARY ***
Total pot $2 | Rake $0
Seat 2: slavii0o0 (button) (small blind) folded before Flop
Seat 3: Mordnilap (big blind) collected ($2)


PokerStars Hand #167696966099:  Hold'em Limit ($3/$6 USD) - 2017/03/17 2:48:55 ET
Table 'Hektor' 6-max Seat #3 is the button
Seat 2: slavii0o0 ($18.76 in chips)
Seat 3: Mordnilap ($98.04 in chips)
Mordnilap: posts small blind $1
slavii0o0: posts big blind $3
*** HOLE CARDS ***
Mordnilap: raises $3 to $6
slavii0o0: raises $3 to $9
Mordnilap: calls $3
*** FLOP *** [Td Jc Js]
MMike1948 joins the table at seat #4
slavii0o0: checks
Mordnilap: checks
*** TURN *** [Td Jc Js] [Kc]
slavii0o0: bets $6
Mordnilap: folds
Uncalled bet ($6) returned to slavii0o0
slavii0o0 collected $17.64 from pot
*** SUMMARY ***
Total pot $18 | Rake $0.36
Board [Td Jc Js Kc]
Seat 2: slavii0o0 (big blind) collected ($17.64)
Seat 3: Mordnilap (button) (small blind) folded on the Turn


