PokerStars Hand #150686539546:  Hold'em Limit ($3/$6 USD) - 2016/03/20 21:57:08 ET
Table 'Hela' 6-max Seat #4 is the button
Seat 3: giuliaitson ($64.09 in chips)
Seat 4: VolkovDmitri ($140.50 in chips)
VolkovDmitri: posts small blind $1
giuliaitson: posts big blind $3
*** HOLE CARDS ***
VolkovDmitri: folds
Uncalled bet ($2) returned to giuliaitson
giuliaitson collected $2 from pot
giuliaitson: doesn't show hand
*** SUMMARY ***
Total pot $2 | Rake $0
Seat 3: giuliaitson (big blind) collected ($2)
Seat 4: VolkovDmitri (button) (small blind) folded before Flop


PokerStars Hand #150686518376:  Hold'em Limit ($3/$6 USD) - 2016/03/20 21:56:12 ET
Table 'Hela' 6-max Seat #3 is the button
Seat 3: giuliaitson ($85.09 in chips)
Seat 4: VolkovDmitri ($120 in chips)
giuliaitson: posts small blind $1
VolkovDmitri: posts big blind $3
*** HOLE CARDS ***
giuliaitson: raises $3 to $6
VolkovDmitri: calls $3
*** FLOP *** [3s Jc Ah]
VolkovDmitri: checks
giuliaitson: bets $3
VolkovDmitri: calls $3
*** TURN *** [3s Jc Ah] [2d]
VolkovDmitri: checks
giuliaitson: bets $6
VolkovDmitri: calls $6
*** RIVER *** [3s Jc Ah 2d] [4c]
VolkovDmitri: bets $6
giuliaitson: calls $6
*** SHOW DOWN ***
VolkovDmitri: shows [Kc 5h] (a straight, Ace to Five)
giuliaitson: mucks hand
VolkovDmitri collected $41.50 from pot
*** SUMMARY ***
Total pot $42 | Rake $0.50
Board [3s Jc Ah 2d 4c]
Seat 3: giuliaitson (button) (small blind) mucked
Seat 4: VolkovDmitri (big blind) showed [Kc 5h] and won ($41.50) with a straight, Ace to Five


PokerStars Hand #150686566554:  Hold'em Limit ($3/$6 USD) - 2016/03/20 21:58:19 ET
Table 'Hela' 6-max Seat #3 is the button
Seat 3: giuliaitson ($23.09 in chips)
Seat 4: VolkovDmitri ($180.64 in chips)
giuliaitson: posts small blind $1
VolkovDmitri: posts big blind $3
*** HOLE CARDS ***
giuliaitson: raises $3 to $6
VolkovDmitri: folds
Uncalled bet ($3) returned to giuliaitson
giuliaitson collected $6 from pot
giuliaitson: doesn't show hand
*** SUMMARY ***
Total pot $6 | Rake $0
Seat 3: giuliaitson (button) (small blind) collected ($6)
Seat 4: VolkovDmitri (big blind) folded before Flop


PokerStars Hand #150686560333:  Hold'em Limit ($3/$6 USD) - 2016/03/20 21:58:03 ET
Table 'Hela' 6-max Seat #4 is the button
Seat 3: giuliaitson ($32.09 in chips)
Seat 4: VolkovDmitri ($172 in chips)
VolkovDmitri: posts small blind $1
giuliaitson: posts big blind $3
*** HOLE CARDS ***
VolkovDmitri: raises $3 to $6
giuliaitson: calls $3
*** FLOP *** [7c 9s 3h]
giuliaitson: checks
VolkovDmitri: bets $3
giuliaitson: calls $3
*** TURN *** [7c 9s 3h] [2h]
giuliaitson: checks
VolkovDmitri: bets $6
giuliaitson: folds
Uncalled bet ($6) returned to VolkovDmitri
VolkovDmitri collected $17.64 from pot
VolkovDmitri: doesn't show hand
*** SUMMARY ***
Total pot $18 | Rake $0.36
Board [7c 9s 3h 2h]
Seat 3: giuliaitson (big blind) folded on the Turn
Seat 4: VolkovDmitri (button) (small blind) collected ($17.64)


PokerStars Hand #150686543068:  Hold'em Limit ($3/$6 USD) - 2016/03/20 21:57:17 ET
Table 'Hela' 6-max Seat #3 is the button
Seat 3: giuliaitson ($65.09 in chips)
Seat 4: VolkovDmitri ($139.50 in chips)
giuliaitson: posts small blind $1
VolkovDmitri: posts big blind $3
*** HOLE CARDS ***
giuliaitson: raises $3 to $6
VolkovDmitri: raises $3 to $9
giuliaitson: calls $3
*** FLOP *** [2d Ts 5d]
VolkovDmitri: bets $3
giuliaitson: raises $3 to $6
VolkovDmitri: calls $3
*** TURN *** [2d Ts 5d] [2h]
VolkovDmitri: checks
giuliaitson: bets $6
VolkovDmitri: calls $6
*** RIVER *** [2d Ts 5d 2h] [3s]
VolkovDmitri: checks
giuliaitson: bets $6
VolkovDmitri: raises $6 to $12
giuliaitson: calls $6
*** SHOW DOWN ***
VolkovDmitri: shows [4c Ah] (a straight, Ace to Five)
giuliaitson: mucks hand
VolkovDmitri collected $65.50 from pot
*** SUMMARY ***
Total pot $66 | Rake $0.50
Board [2d Ts 5d 2h 3s]
Seat 3: giuliaitson (button) (small blind) mucked
Seat 4: VolkovDmitri (big blind) showed [4c Ah] and won ($65.50) with a straight, Ace to Five


PokerStars Hand #150686569266:  Hold'em Limit ($3/$6 USD) - 2016/03/20 21:58:26 ET
Table 'Hela' 6-max Seat #4 is the button
Seat 3: giuliaitson ($26.09 in chips)
Seat 4: VolkovDmitri ($177.64 in chips)
VolkovDmitri: posts small blind $1
giuliaitson: posts big blind $3
*** HOLE CARDS ***
VolkovDmitri: raises $3 to $6
giuliaitson: raises $3 to $9
VolkovDmitri: calls $3
*** FLOP *** [7s Ks 4s]
giuliaitson: bets $3
VolkovDmitri: calls $3
*** TURN *** [7s Ks 4s] [5h]
giuliaitson: bets $6
VolkovDmitri: calls $6
*** RIVER *** [7s Ks 4s 5h] [Kc]
giuliaitson: bets $6
VolkovDmitri: folds
Uncalled bet ($6) returned to giuliaitson
giuliaitson collected $35.50 from pot
giuliaitson: doesn't show hand
*** SUMMARY ***
Total pot $36 | Rake $0.50
Board [7s Ks 4s 5h Kc]
Seat 3: giuliaitson (big blind) collected ($35.50)
Seat 4: VolkovDmitri (button) (small blind) folded on the River


