PokerStars Hand #147523005171:  Hold'em Limit ($3/$6 USD) - 2016/01/23 4:22:40 ET
Table 'Helenos' 6-max Seat #3 is the button
Seat 3: Basicxx ($70.20 in chips)
Seat 4: TbIP-TbIP 88 ($75 in chips)
Basicxx: posts small blind $1
TbIP-TbIP 88: posts big blind $3
*** HOLE CARDS ***
Basicxx: folds
Uncalled bet ($2) returned to TbIP-TbIP 88
DirtyDouble2 joins the table at seat #2
TbIP-TbIP 88 collected $2 from pot
TbIP-TbIP 88: doesn't show hand
*** SUMMARY ***
Total pot $2 | Rake $0
Seat 3: Basicxx (button) (small blind) folded before Flop
Seat 4: TbIP-TbIP 88 (big blind) collected ($2)


PokerStars Hand #147522999042:  Hold'em Limit ($3/$6 USD) - 2016/01/23 4:22:27 ET
Table 'Helenos' 6-max Seat #4 is the button
Seat 3: Basicxx ($69.20 in chips)
Seat 4: TbIP-TbIP 88 ($76 in chips)
TbIP-TbIP 88: posts small blind $1
BelSv: is sitting out
Basicxx: posts big blind $3
*** HOLE CARDS ***
TbIP-TbIP 88: folds
Uncalled bet ($2) returned to Basicxx
Basicxx collected $2 from pot
*** SUMMARY ***
Total pot $2 | Rake $0
Seat 3: Basicxx (big blind) collected ($2)
Seat 4: TbIP-TbIP 88 (button) (small blind) folded before Flop


PokerStars Hand #147523575393:  Hold'em Limit ($3/$6 USD) - 2016/01/23 4:43:47 ET
Table 'Helenos' 6-max Seat #3 is the button
Seat 3: Basicxx ($50.50 in chips)
Seat 4: TbIP-TbIP 88 ($77.76 in chips)
Basicxx: posts small blind $1
TbIP-TbIP 88: posts big blind $3
*** HOLE CARDS ***
Basicxx: folds
Uncalled bet ($2) returned to TbIP-TbIP 88
TbIP-TbIP 88 collected $2 from pot
TbIP-TbIP 88: doesn't show hand
*** SUMMARY ***
Total pot $2 | Rake $0
Seat 3: Basicxx (button) (small blind) folded before Flop
Seat 4: TbIP-TbIP 88 (big blind) collected ($2)


PokerStars Hand #147523568582:  Hold'em Limit ($3/$6 USD) - 2016/01/23 4:43:32 ET
Table 'Helenos' 6-max Seat #4 is the button
Seat 3: Basicxx ($56.50 in chips)
Seat 4: TbIP-TbIP 88 ($72 in chips)
TbIP-TbIP 88: posts small blind $1
Basicxx: posts big blind $3
*** HOLE CARDS ***
TbIP-TbIP 88: raises $3 to $6
Basicxx: calls $3
*** FLOP *** [2d Jh 4d]
Basicxx: checks
TbIP-TbIP 88: bets $3
Basicxx: folds
Uncalled bet ($3) returned to TbIP-TbIP 88
TbIP-TbIP 88 collected $11.76 from pot
TbIP-TbIP 88: doesn't show hand
*** SUMMARY ***
Total pot $12 | Rake $0.24
Board [2d Jh 4d]
Seat 3: Basicxx (big blind) folded on the Flop
Seat 4: TbIP-TbIP 88 (button) (small blind) collected ($11.76)


PokerStars Hand #147523543932:  Hold'em Limit ($3/$6 USD) - 2016/01/23 4:42:40 ET
Table 'Helenos' 6-max Seat #3 is the button
Seat 3: Basicxx ($42 in chips)
Seat 4: TbIP-TbIP 88 ($72 in chips)
Basicxx: posts small blind $1
TbIP-TbIP 88: posts big blind $3
*** HOLE CARDS ***
Basicxx: calls $2
TbIP-TbIP 88: raises $3 to $6
Basicxx: calls $3
*** FLOP *** [4d 6c 4c]
TbIP-TbIP 88: bets $3
Basicxx: calls $3
*** TURN *** [4d 6c 4c] [Qc]
TbIP-TbIP 88: checks
Basicxx: checks
*** RIVER *** [4d 6c 4c Qc] [Ad]
TbIP-TbIP 88: bets $6
Basicxx: raises $6 to $12
TbIP-TbIP 88: folds
Uncalled bet ($6) returned to Basicxx
Basicxx collected $29.50 from pot
*** SUMMARY ***
Total pot $30 | Rake $0.50
Board [4d 6c 4c Qc Ad]
Seat 3: Basicxx (button) (small blind) collected ($29.50)
Seat 4: TbIP-TbIP 88 (big blind) folded on the River


PokerStars Hand #147523578004:  Hold'em Limit ($3/$6 USD) - 2016/01/23 4:43:52 ET
Table 'Helenos' 6-max Seat #4 is the button
Seat 3: Basicxx ($49.50 in chips)
Seat 4: TbIP-TbIP 88 ($78.76 in chips)
TbIP-TbIP 88: posts small blind $1
Basicxx: posts big blind $3
*** HOLE CARDS ***
TbIP-TbIP 88: raises $3 to $6
Basicxx: calls $3
*** FLOP *** [4c 6s 3c]
Basicxx: checks
TbIP-TbIP 88: bets $3
Basicxx: calls $3
*** TURN *** [4c 6s 3c] [Kc]
Basicxx: checks
TbIP-TbIP 88: bets $6
Basicxx: calls $6
*** RIVER *** [4c 6s 3c Kc] [Jd]
Basicxx: checks
TbIP-TbIP 88: checks
*** SHOW DOWN ***
Basicxx: shows [2h 3d] (a pair of Threes)
TbIP-TbIP 88: shows [6c 7h] (a pair of Sixes)
TbIP-TbIP 88 collected $29.50 from pot
*** SUMMARY ***
Total pot $30 | Rake $0.50
Board [4c 6s 3c Kc Jd]
Seat 3: Basicxx (big blind) showed [2h 3d] and lost with a pair of Threes
Seat 4: TbIP-TbIP 88 (button) (small blind) showed [6c 7h] and won ($29.50) with a pair of Sixes


PokerStars Hand #147523617468:  Hold'em Limit ($3/$6 USD) - 2016/01/23 4:45:15 ET
Table 'Helenos' 6-max Seat #4 is the button
Seat 3: Basicxx ($46.02 in chips)
Seat 4: TbIP-TbIP 88 ($81.26 in chips)
TbIP-TbIP 88: posts small blind $1
Basicxx: posts big blind $3
*** HOLE CARDS ***
TbIP-TbIP 88: raises $3 to $6
Basicxx: calls $3
*** FLOP *** [9d Js Ts]
Basicxx: checks
TbIP-TbIP 88: bets $3
Basicxx: calls $3
*** TURN *** [9d Js Ts] [Qc]
Basicxx: checks
TbIP-TbIP 88: bets $6
Basicxx: calls $6
*** RIVER *** [9d Js Ts Qc] [Kd]
Basicxx: checks
TbIP-TbIP 88: checks
*** SHOW DOWN ***
Basicxx: shows [9h As] (a straight, Ten to Ace)
TbIP-TbIP 88: mucks hand
Basicxx collected $29.50 from pot
*** SUMMARY ***
Total pot $30 | Rake $0.50
Board [9d Js Ts Qc Kd]
Seat 3: Basicxx (big blind) showed [9h As] and won ($29.50) with a straight, Ten to Ace
Seat 4: TbIP-TbIP 88 (button) (small blind) mucked


PokerStars Hand #147523589512:  Hold'em Limit ($3/$6 USD) - 2016/01/23 4:44:16 ET
Table 'Helenos' 6-max Seat #3 is the button
Seat 3: Basicxx ($34.50 in chips)
Seat 4: TbIP-TbIP 88 ($93.26 in chips)
Basicxx: posts small blind $1
TbIP-TbIP 88: posts big blind $3
*** HOLE CARDS ***
Basicxx: raises $3 to $6
TbIP-TbIP 88: raises $3 to $9
Basicxx: calls $3
*** FLOP *** [Jc Kc 4s]
TbIP-TbIP 88: bets $3
Basicxx: calls $3
*** TURN *** [Jc Kc 4s] [8h]
TbIP-TbIP 88: checks
Basicxx: bets $6
TbIP-TbIP 88: folds
Uncalled bet ($6) returned to Basicxx
Basicxx collected $23.52 from pot
*** SUMMARY ***
Total pot $24 | Rake $0.48
Board [Jc Kc 4s 8h]
Seat 3: Basicxx (button) (small blind) collected ($23.52)
Seat 4: TbIP-TbIP 88 (big blind) folded on the Turn


PokerStars Hand #147523645909:  Hold'em Limit ($3/$6 USD) - 2016/01/23 4:46:15 ET
Table 'Helenos' 6-max Seat #4 is the button
Seat 3: Basicxx ($51.52 in chips)
Seat 4: TbIP-TbIP 88 ($80.64 in chips)
TbIP-TbIP 88: posts small blind $1
Basicxx: posts big blind $3
*** HOLE CARDS ***
TbIP-TbIP 88: raises $3 to $6
Basicxx: raises $3 to $9
TbIP-TbIP 88: calls $3
*** FLOP *** [5d 6s 4s]
Basicxx: bets $3
TbIP-TbIP 88: calls $3
*** TURN *** [5d 6s 4s] [Js]
Basicxx: bets $6
TbIP-TbIP 88: calls $6
*** RIVER *** [5d 6s 4s Js] [Qc]
Basicxx: bets $6
TbIP-TbIP 88: folds
Uncalled bet ($6) returned to Basicxx
Basicxx collected $35.50 from pot
*** SUMMARY ***
Total pot $36 | Rake $0.50
Board [5d 6s 4s Js Qc]
Seat 3: Basicxx (big blind) collected ($35.50)
Seat 4: TbIP-TbIP 88 (button) (small blind) folded on the River


PokerStars Hand #147523629291:  Hold'em Limit ($3/$6 USD) - 2016/01/23 4:45:40 ET
Table 'Helenos' 6-max Seat #3 is the button
Seat 3: Basicxx ($60.52 in chips)
Seat 4: TbIP-TbIP 88 ($72 in chips)
Basicxx: posts small blind $1
TbIP-TbIP 88: posts big blind $3
*** HOLE CARDS ***
Basicxx: calls $2
TbIP-TbIP 88: raises $3 to $6
Basicxx: calls $3
*** FLOP *** [Js Qc 2c]
TbIP-TbIP 88: bets $3
Basicxx: calls $3
*** TURN *** [Js Qc 2c] [5d]
TbIP-TbIP 88: bets $6
Basicxx: folds
Uncalled bet ($6) returned to TbIP-TbIP 88
TbIP-TbIP 88 collected $17.64 from pot
TbIP-TbIP 88: doesn't show hand
*** SUMMARY ***
Total pot $18 | Rake $0.36
Board [Js Qc 2c 5d]
Seat 3: Basicxx (button) (small blind) folded on the Turn
Seat 4: TbIP-TbIP 88 (big blind) collected ($17.64)


PokerStars Hand #147523686909:  Hold'em Limit ($3/$6 USD) - 2016/01/23 4:47:41 ET
Table 'Helenos' 6-max Seat #4 is the button
Seat 2: bodo1444 ($124 in chips)
Seat 4: TbIP-TbIP 88 ($72 in chips)
TbIP-TbIP 88: posts small blind $1
bodo1444: posts big blind $3
*** HOLE CARDS ***
TbIP-TbIP 88: folds
Uncalled bet ($2) returned to bodo1444
bodo1444 collected $2 from pot
bodo1444: doesn't show hand
*** SUMMARY ***
Total pot $2 | Rake $0
Seat 2: bodo1444 (big blind) collected ($2)
Seat 4: TbIP-TbIP 88 (button) (small blind) folded before Flop


PokerStars Hand #147523680413:  Hold'em Limit ($3/$6 USD) - 2016/01/23 4:47:28 ET
Table 'Helenos' 6-max Seat #2 is the button
Seat 2: bodo1444 ($121 in chips)
Seat 4: TbIP-TbIP 88 ($72 in chips)
Chessnok will be allowed to play after the button
bodo1444: posts small blind $1
TbIP-TbIP 88: posts big blind $3
*** HOLE CARDS ***
Chessnok leaves the table
bodo1444: raises $3 to $6
TbIP-TbIP 88: folds
Uncalled bet ($3) returned to bodo1444
bodo1444 collected $6 from pot
bodo1444: doesn't show hand
*** SUMMARY ***
Total pot $6 | Rake $0
Seat 2: bodo1444 (button) (small blind) collected ($6)
Seat 4: TbIP-TbIP 88 (big blind) folded before Flop


PokerStars Hand #147523661979:  Hold'em Limit ($3/$6 USD) - 2016/01/23 4:46:49 ET
Table 'Helenos' 6-max Seat #3 is the button
Seat 3: Basicxx ($69.02 in chips)
Seat 4: TbIP-TbIP 88 ($72 in chips)
Basicxx: posts small blind $1
TbIP-TbIP 88: posts big blind $3
*** HOLE CARDS ***
Basicxx: calls $2
TbIP-TbIP 88: checks
*** FLOP *** [Ts Qs Ac]
bodo1444 joins the table at seat #2
TbIP-TbIP 88: checks
Basicxx: bets $3
TbIP-TbIP 88: folds
Uncalled bet ($3) returned to Basicxx
Basicxx collected $5.88 from pot
*** SUMMARY ***
Total pot $6 | Rake $0.12
Board [Ts Qs Ac]
Seat 3: Basicxx (button) (small blind) collected ($5.88)
Seat 4: TbIP-TbIP 88 (big blind) folded on the Flop


