PokerStars Hand #160321606329:  Hold'em Limit ($3/$6 USD) - 2016/10/23 8:50:43 ET
Table 'Helewalda' 6-max Seat #5 is the button
Seat 2: €@nsrijk2 ($58.96 in chips)
Seat 5: ajaxx85 ($127.09 in chips)
ajaxx85: posts small blind $1
Agrotait: is sitting out
arina201317: is sitting out
€@nsrijk2: posts big blind $3
*** HOLE CARDS ***
ajaxx85: calls $2
arina201317 leaves the table
€@nsrijk2: checks
*** FLOP *** [Th Qc 2s]
€@nsrijk2: checks
ajaxx85: checks
*** TURN *** [Th Qc 2s] [Ah]
BuzovaPro joins the table at seat #3
€@nsrijk2: checks
Agrotait leaves the table
ajaxx85: checks
*** RIVER *** [Th Qc 2s Ah] [Ac]
€@nsrijk2: bets $6
ajaxx85: calls $6
*** SHOW DOWN ***
€@nsrijk2: shows [5s As] (three of a kind, Aces)
ajaxx85: mucks hand
€@nsrijk2 collected $17.64 from pot
*** SUMMARY ***
Total pot $18 | Rake $0.36
Board [Th Qc 2s Ah Ac]
Seat 2: €@nsrijk2 (big blind) showed [5s As] and won ($17.64) with three of a kind, Aces
Seat 5: ajaxx85 (button) (small blind) mucked


PokerStars Hand #160330736587:  Hold'em Limit ($3/$6 USD) - 2016/10/23 12:27:29 ET
Table 'Helewalda' 6-max Seat #6 is the button
Seat 3: prwiz ($184.24 in chips)
Seat 6: VolkovDmitri ($309.89 in chips)
vestimokrec will be allowed to play after the button
VolkovDmitri: posts small blind $1
ABATAPP: is sitting out
prwiz: posts big blind $3
*** HOLE CARDS ***
vestimokrec leaves the table
VolkovDmitri: raises $3 to $6
prwiz: folds
Uncalled bet ($3) returned to VolkovDmitri
charlys65 leaves the table
VolkovDmitri collected $6 from pot
VolkovDmitri: doesn't show hand
*** SUMMARY ***
Total pot $6 | Rake $0
Seat 3: prwiz (big blind) folded before Flop
Seat 6: VolkovDmitri (button) (small blind) collected ($6)


PokerStars Hand #160330745050:  Hold'em Limit ($3/$6 USD) - 2016/10/23 12:27:39 ET
Table 'Helewalda' 6-max Seat #3 is the button
Seat 3: prwiz ($181.24 in chips)
Seat 6: VolkovDmitri ($312.89 in chips)
prwiz: posts small blind $1
VolkovDmitri: posts big blind $3
*** HOLE CARDS ***
ABATAPP leaves the table
prwiz: raises $3 to $6
VolkovDmitri: calls $3
*** FLOP *** [7d 7h 6c]
VolkovDmitri: checks
prwiz: bets $3
VolkovDmitri: raises $3 to $6
prwiz: calls $3
*** TURN *** [7d 7h 6c] [6h]
VolkovDmitri: bets $6
prwiz: calls $6
*** RIVER *** [7d 7h 6c 6h] [6s]
VolkovDmitri: checks
prwiz: bets $6
VolkovDmitri: calls $6
*** SHOW DOWN ***
prwiz: shows [2h Kc] (a full house, Sixes full of Sevens)
VolkovDmitri: shows [5h Tc] (a full house, Sixes full of Sevens)
VolkovDmitri collected $23.75 from pot
prwiz collected $23.75 from pot
*** SUMMARY ***
Total pot $48 | Rake $0.50
Board [7d 7h 6c 6h 6s]
Seat 3: prwiz (button) (small blind) showed [2h Kc] and won ($23.75) with a full house, Sixes full of Sevens
Seat 6: VolkovDmitri (big blind) showed [5h Tc] and won ($23.75) with a full house, Sixes full of Sevens


