PokerStars Hand #148612453731:  Hold'em Limit ($3/$6 USD) - 2016/02/11 8:45:18 ET
Table 'Helewalda' 2-max Seat #2 is the button
Seat 1: aremom4e ($120 in chips)
Seat 2: xoroshytin ($66 in chips)
xoroshytin: posts small blind $1
aremom4e: posts big blind $3
*** HOLE CARDS ***
xoroshytin: raises $3 to $6
aremom4e: raises $3 to $9
xoroshytin: calls $3
*** FLOP *** [Js 5s Tc]
aremom4e: bets $3
xoroshytin: calls $3
*** TURN *** [Js 5s Tc] [8c]
aremom4e: bets $6
xoroshytin: calls $6
*** RIVER *** [Js 5s Tc 8c] [3s]
aremom4e: checks
xoroshytin: checks
*** SHOW DOWN ***
aremom4e: shows [5c Kc] (a pair of Fives)
xoroshytin: mucks hand
aremom4e collected $35.50 from pot
*** SUMMARY ***
Total pot $36 | Rake $0.50
Board [Js 5s Tc 8c 3s]
Seat 1: aremom4e (big blind) showed [5c Kc] and won ($35.50) with a pair of Fives
Seat 2: xoroshytin (button) (small blind) mucked


PokerStars Hand #148612475921:  Hold'em Limit ($3/$6 USD) - 2016/02/11 8:45:48 ET
Table 'Helewalda' 2-max Seat #1 is the button
Seat 1: aremom4e ($137.50 in chips)
Seat 2: xoroshytin ($48 in chips)
aremom4e: posts small blind $1
xoroshytin: posts big blind $3
*** HOLE CARDS ***
aremom4e: raises $3 to $6
xoroshytin: calls $3
*** FLOP *** [2h 7c 6s]
xoroshytin: checks
aremom4e: bets $3
xoroshytin: calls $3
*** TURN *** [2h 7c 6s] [Qd]
xoroshytin: checks
aremom4e: checks
*** RIVER *** [2h 7c 6s Qd] [Jh]
xoroshytin: bets $6
aremom4e: folds
Uncalled bet ($6) returned to xoroshytin
xoroshytin collected $17.64 from pot
*** SUMMARY ***
Total pot $18 | Rake $0.36
Board [2h 7c 6s Qd Jh]
Seat 1: aremom4e (button) (small blind) folded on the River
Seat 2: xoroshytin (big blind) collected ($17.64)


PokerStars Hand #148612504978:  Hold'em Limit ($3/$6 USD) - 2016/02/11 8:46:28 ET
Table 'Helewalda' 2-max Seat #1 is the button
Seat 1: aremom4e ($116.50 in chips)
Seat 2: xoroshytin ($68.16 in chips)
aremom4e: posts small blind $1
xoroshytin: posts big blind $3
*** HOLE CARDS ***
aremom4e: raises $3 to $6
xoroshytin: raises $3 to $9
aremom4e: calls $3
*** FLOP *** [2h 9s 9d]
xoroshytin: bets $3
aremom4e: folds
Uncalled bet ($3) returned to xoroshytin
xoroshytin collected $17.64 from pot
*** SUMMARY ***
Total pot $18 | Rake $0.36
Board [2h 9s 9d]
Seat 1: aremom4e (button) (small blind) folded on the Flop
Seat 2: xoroshytin (big blind) collected ($17.64)


PokerStars Hand #148612494167:  Hold'em Limit ($3/$6 USD) - 2016/02/11 8:46:13 ET
Table 'Helewalda' 2-max Seat #2 is the button
Seat 1: aremom4e ($128.50 in chips)
Seat 2: xoroshytin ($56.64 in chips)
xoroshytin: posts small blind $1
aremom4e: posts big blind $3
*** HOLE CARDS ***
xoroshytin: raises $3 to $6
aremom4e: raises $3 to $9
xoroshytin: calls $3
*** FLOP *** [Qd 5h 7s]
aremom4e: bets $3
xoroshytin: calls $3
*** TURN *** [Qd 5h 7s] [Td]
aremom4e: checks
xoroshytin: bets $6
aremom4e: folds
Uncalled bet ($6) returned to xoroshytin
xoroshytin collected $23.52 from pot
*** SUMMARY ***
Total pot $24 | Rake $0.48
Board [Qd 5h 7s Td]
Seat 1: aremom4e (big blind) folded on the Turn
Seat 2: xoroshytin (button) (small blind) collected ($23.52)


PokerStars Hand #148612490714:  Hold'em Limit ($3/$6 USD) - 2016/02/11 8:46:09 ET
Table 'Helewalda' 2-max Seat #1 is the button
Seat 1: aremom4e ($129.50 in chips)
Seat 2: xoroshytin ($55.64 in chips)
aremom4e: posts small blind $1
xoroshytin: posts big blind $3
*** HOLE CARDS ***
aremom4e: folds
Uncalled bet ($2) returned to xoroshytin
xoroshytin collected $2 from pot
*** SUMMARY ***
Total pot $2 | Rake $0
Seat 1: aremom4e (button) (small blind) folded before Flop
Seat 2: xoroshytin (big blind) collected ($2)


PokerStars Hand #148612487216:  Hold'em Limit ($3/$6 USD) - 2016/02/11 8:46:04 ET
Table 'Helewalda' 2-max Seat #2 is the button
Seat 1: aremom4e ($128.50 in chips)
Seat 2: xoroshytin ($56.64 in chips)
xoroshytin: posts small blind $1
aremom4e: posts big blind $3
*** HOLE CARDS ***
xoroshytin: folds
Uncalled bet ($2) returned to aremom4e
aremom4e collected $2 from pot
aremom4e: doesn't show hand
*** SUMMARY ***
Total pot $2 | Rake $0
Seat 1: aremom4e (big blind) collected ($2)
Seat 2: xoroshytin (button) (small blind) folded before Flop


PokerStars Hand #148612512594:  Hold'em Limit ($3/$6 USD) - 2016/02/11 8:46:39 ET
Table 'Helewalda' 2-max Seat #2 is the button
Seat 1: aremom4e ($107.50 in chips)
Seat 2: xoroshytin ($76.80 in chips)
xoroshytin: posts small blind $1
aremom4e: posts big blind $3
*** HOLE CARDS ***
xoroshytin: raises $3 to $6
aremom4e: calls $3
*** FLOP *** [7c 8c 9h]
aremom4e: checks
xoroshytin: checks
*** TURN *** [7c 8c 9h] [3s]
aremom4e: bets $6
xoroshytin: folds
Uncalled bet ($6) returned to aremom4e
aremom4e collected $11.76 from pot
aremom4e: doesn't show hand
*** SUMMARY ***
Total pot $12 | Rake $0.24
Board [7c 8c 9h 3s]
Seat 1: aremom4e (big blind) collected ($11.76)
Seat 2: xoroshytin (button) (small blind) folded on the Turn


PokerStars Hand #148612555353:  Hold'em Limit ($3/$6 USD) - 2016/02/11 8:47:38 ET
Table 'Helewalda' 2-max Seat #1 is the button
Seat 1: aremom4e ($119.02 in chips)
Seat 2: xoroshytin ($64.56 in chips)
aremom4e: posts small blind $1
xoroshytin: posts big blind $3
*** HOLE CARDS ***
aremom4e: folds
Uncalled bet ($2) returned to xoroshytin
xoroshytin collected $2 from pot
*** SUMMARY ***
Total pot $2 | Rake $0
Seat 1: aremom4e (button) (small blind) folded before Flop
Seat 2: xoroshytin (big blind) collected ($2)


PokerStars Hand #148612559015:  Hold'em Limit ($3/$6 USD) - 2016/02/11 8:47:43 ET
Table 'Helewalda' 2-max Seat #2 is the button
Seat 1: aremom4e ($118.02 in chips)
Seat 2: xoroshytin ($65.56 in chips)
xoroshytin: posts small blind $1
aremom4e: posts big blind $3
*** HOLE CARDS ***
xoroshytin: raises $3 to $6
aremom4e: folds
Uncalled bet ($3) returned to xoroshytin
xoroshytin collected $6 from pot
*** SUMMARY ***
Total pot $6 | Rake $0
Seat 1: aremom4e (big blind) folded before Flop
Seat 2: xoroshytin (button) (small blind) collected ($6)


PokerStars Hand #148612547577:  Hold'em Limit ($3/$6 USD) - 2016/02/11 8:47:27 ET
Table 'Helewalda' 2-max Seat #2 is the button
Seat 1: aremom4e ($125.02 in chips)
Seat 2: xoroshytin ($58.80 in chips)
xoroshytin: posts small blind $1
aremom4e: posts big blind $3
*** HOLE CARDS ***
xoroshytin: raises $3 to $6
aremom4e: calls $3
*** FLOP *** [9d 6c 7d]
aremom4e: checks
xoroshytin: bets $3
aremom4e: folds
Uncalled bet ($3) returned to xoroshytin
xoroshytin collected $11.76 from pot
*** SUMMARY ***
Total pot $12 | Rake $0.24
Board [9d 6c 7d]
Seat 1: aremom4e (big blind) folded on the Flop
Seat 2: xoroshytin (button) (small blind) collected ($11.76)


PokerStars Hand #148612538137:  Hold'em Limit ($3/$6 USD) - 2016/02/11 8:47:14 ET
Table 'Helewalda' 2-max Seat #1 is the button
Seat 1: aremom4e ($122.02 in chips)
Seat 2: xoroshytin ($61.80 in chips)
aremom4e: posts small blind $1
xoroshytin: posts big blind $3
*** HOLE CARDS ***
aremom4e: raises $3 to $6
xoroshytin: folds
Uncalled bet ($3) returned to aremom4e
aremom4e collected $6 from pot
aremom4e: doesn't show hand
*** SUMMARY ***
Total pot $6 | Rake $0
Seat 1: aremom4e (button) (small blind) collected ($6)
Seat 2: xoroshytin (big blind) folded before Flop


PokerStars Hand #148612530236:  Hold'em Limit ($3/$6 USD) - 2016/02/11 8:47:03 ET
Table 'Helewalda' 2-max Seat #2 is the button
Seat 1: aremom4e ($116.26 in chips)
Seat 2: xoroshytin ($67.80 in chips)
xoroshytin: posts small blind $1
aremom4e: posts big blind $3
*** HOLE CARDS ***
xoroshytin: raises $3 to $6
aremom4e: calls $3
*** FLOP *** [5d 9h Jh]
aremom4e: checks
xoroshytin: checks
*** TURN *** [5d 9h Jh] [Qd]
aremom4e: bets $6
xoroshytin: folds
Uncalled bet ($6) returned to aremom4e
aremom4e collected $11.76 from pot
aremom4e: doesn't show hand
*** SUMMARY ***
Total pot $12 | Rake $0.24
Board [5d 9h Jh Qd]
Seat 1: aremom4e (big blind) collected ($11.76)
Seat 2: xoroshytin (button) (small blind) folded on the Turn


PokerStars Hand #148612522350:  Hold'em Limit ($3/$6 USD) - 2016/02/11 8:46:52 ET
Table 'Helewalda' 2-max Seat #1 is the button
Seat 1: aremom4e ($113.26 in chips)
Seat 2: xoroshytin ($70.80 in chips)
aremom4e: posts small blind $1
xoroshytin: posts big blind $3
*** HOLE CARDS ***
aremom4e: raises $3 to $6
xoroshytin: folds
Uncalled bet ($3) returned to aremom4e
aremom4e collected $6 from pot
aremom4e: doesn't show hand
*** SUMMARY ***
Total pot $6 | Rake $0
Seat 1: aremom4e (button) (small blind) collected ($6)
Seat 2: xoroshytin (big blind) folded before Flop


PokerStars Hand #148612604302:  Hold'em Limit ($3/$6 USD) - 2016/02/11 8:48:46 ET
Table 'Helewalda' 2-max Seat #2 is the button
Seat 1: aremom4e ($133.30 in chips)
Seat 2: xoroshytin ($49.56 in chips)
xoroshytin: posts small blind $1
aremom4e: posts big blind $3
*** HOLE CARDS ***
xoroshytin: folds
Uncalled bet ($2) returned to aremom4e
aremom4e collected $2 from pot
aremom4e: doesn't show hand
*** SUMMARY ***
Total pot $2 | Rake $0
Seat 1: aremom4e (big blind) collected ($2)
Seat 2: xoroshytin (button) (small blind) folded before Flop


PokerStars Hand #148612590009:  Hold'em Limit ($3/$6 USD) - 2016/02/11 8:48:26 ET
Table 'Helewalda' 2-max Seat #1 is the button
Seat 1: aremom4e ($121.78 in chips)
Seat 2: xoroshytin ($61.56 in chips)
aremom4e: posts small blind $1
xoroshytin: posts big blind $3
*** HOLE CARDS ***
aremom4e: calls $2
xoroshytin: checks
*** FLOP *** [8s 5s 8d]
xoroshytin: checks
aremom4e: bets $3
xoroshytin: calls $3
*** TURN *** [8s 5s 8d] [Jd]
xoroshytin: checks
aremom4e: bets $6
xoroshytin: calls $6
*** RIVER *** [8s 5s 8d Jd] [Qc]
xoroshytin: checks
aremom4e: checks
*** SHOW DOWN ***
xoroshytin: shows [4d 6d] (a pair of Eights)
aremom4e: shows [6c Jh] (two pair, Jacks and Eights)
aremom4e collected $23.52 from pot
*** SUMMARY ***
Total pot $24 | Rake $0.48
Board [8s 5s 8d Jd Qc]
Seat 1: aremom4e (button) (small blind) showed [6c Jh] and won ($23.52) with two pair, Jacks and Eights
Seat 2: xoroshytin (big blind) showed [4d 6d] and lost with a pair of Eights


PokerStars Hand #148612580941:  Hold'em Limit ($3/$6 USD) - 2016/02/11 8:48:14 ET
Table 'Helewalda' 2-max Seat #2 is the button
Seat 1: aremom4e ($120.78 in chips)
Seat 2: xoroshytin ($62.56 in chips)
xoroshytin: posts small blind $1
aremom4e: posts big blind $3
*** HOLE CARDS ***
xoroshytin: folds
Uncalled bet ($2) returned to aremom4e
aremom4e collected $2 from pot
aremom4e: doesn't show hand
*** SUMMARY ***
Total pot $2 | Rake $0
Seat 1: aremom4e (big blind) collected ($2)
Seat 2: xoroshytin (button) (small blind) folded before Flop


PokerStars Hand #148612563583:  Hold'em Limit ($3/$6 USD) - 2016/02/11 8:47:50 ET
Table 'Helewalda' 2-max Seat #1 is the button
Seat 1: aremom4e ($115.02 in chips)
Seat 2: xoroshytin ($68.56 in chips)
aremom4e: posts small blind $1
xoroshytin: posts big blind $3
*** HOLE CARDS ***
aremom4e: raises $3 to $6
xoroshytin: calls $3
*** FLOP *** [3h 2h 4h]
xoroshytin: checks
aremom4e: checks
*** TURN *** [3h 2h 4h] [4c]
xoroshytin: checks
aremom4e: checks
*** RIVER *** [3h 2h 4h 4c] [Kh]
xoroshytin: checks
aremom4e: bets $6
xoroshytin: folds
Uncalled bet ($6) returned to aremom4e
aremom4e collected $11.76 from pot
aremom4e: doesn't show hand
*** SUMMARY ***
Total pot $12 | Rake $0.24
Board [3h 2h 4h 4c Kh]
Seat 1: aremom4e (button) (small blind) collected ($11.76)
Seat 2: xoroshytin (big blind) folded on the River


PokerStars Hand #148612635095:  Hold'em Limit ($3/$6 USD) - 2016/02/11 8:49:29 ET
Table 'Helewalda' 2-max Seat #1 is the button
Seat 1: aremom4e ($143.94 in chips)
Seat 2: xoroshytin ($38.56 in chips)
aremom4e: posts small blind $1
xoroshytin: posts big blind $3
*** HOLE CARDS ***
aremom4e: folds
Uncalled bet ($2) returned to xoroshytin
xoroshytin collected $2 from pot
*** SUMMARY ***
Total pot $2 | Rake $0
Seat 1: aremom4e (button) (small blind) folded before Flop
Seat 2: xoroshytin (big blind) collected ($2)


PokerStars Hand #148612638440:  Hold'em Limit ($3/$6 USD) - 2016/02/11 8:49:34 ET
Table 'Helewalda' 2-max Seat #2 is the button
Seat 1: aremom4e ($142.94 in chips)
Seat 2: xoroshytin ($39.56 in chips)
xoroshytin: posts small blind $1
aremom4e: posts big blind $3
*** HOLE CARDS ***
xoroshytin: raises $3 to $6
aremom4e: raises $3 to $9
xoroshytin: calls $3
*** FLOP *** [Qh Qc Ks]
aremom4e: bets $3
xoroshytin: folds
Uncalled bet ($3) returned to aremom4e
aremom4e collected $17.64 from pot
aremom4e: doesn't show hand
*** SUMMARY ***
Total pot $18 | Rake $0.36
Board [Qh Qc Ks]
Seat 1: aremom4e (big blind) collected ($17.64)
Seat 2: xoroshytin (button) (small blind) folded on the Flop


PokerStars Hand #148612631406:  Hold'em Limit ($3/$6 USD) - 2016/02/11 8:49:24 ET
Table 'Helewalda' 2-max Seat #2 is the button
Seat 1: aremom4e ($142.94 in chips)
Seat 2: xoroshytin ($39.56 in chips)
xoroshytin: posts small blind $1
aremom4e: posts big blind $3
*** HOLE CARDS ***
xoroshytin: folds
Uncalled bet ($2) returned to aremom4e
aremom4e collected $2 from pot
aremom4e: doesn't show hand
*** SUMMARY ***
Total pot $2 | Rake $0
Seat 1: aremom4e (big blind) collected ($2)
Seat 2: xoroshytin (button) (small blind) folded before Flop


PokerStars Hand #148612627699:  Hold'em Limit ($3/$6 USD) - 2016/02/11 8:49:19 ET
Table 'Helewalda' 2-max Seat #1 is the button
Seat 1: aremom4e ($143.94 in chips)
Seat 2: xoroshytin ($38.56 in chips)
aremom4e: posts small blind $1
xoroshytin: posts big blind $3
*** HOLE CARDS ***
aremom4e: folds
Uncalled bet ($2) returned to xoroshytin
xoroshytin collected $2 from pot
*** SUMMARY ***
Total pot $2 | Rake $0
Seat 1: aremom4e (button) (small blind) folded before Flop
Seat 2: xoroshytin (big blind) collected ($2)


PokerStars Hand #148612621858:  Hold'em Limit ($3/$6 USD) - 2016/02/11 8:49:11 ET
Table 'Helewalda' 2-max Seat #2 is the button
Seat 1: aremom4e ($142.94 in chips)
Seat 2: xoroshytin ($39.56 in chips)
xoroshytin: posts small blind $1
aremom4e: posts big blind $3
*** HOLE CARDS ***
xoroshytin: folds
Uncalled bet ($2) returned to aremom4e
aremom4e collected $2 from pot
aremom4e: doesn't show hand
*** SUMMARY ***
Total pot $2 | Rake $0
Seat 1: aremom4e (big blind) collected ($2)
Seat 2: xoroshytin (button) (small blind) folded before Flop


PokerStars Hand #148612608269:  Hold'em Limit ($3/$6 USD) - 2016/02/11 8:48:52 ET
Table 'Helewalda' 2-max Seat #1 is the button
Seat 1: aremom4e ($134.30 in chips)
Seat 2: xoroshytin ($48.56 in chips)
aremom4e: posts small blind $1
xoroshytin: posts big blind $3
*** HOLE CARDS ***
aremom4e: calls $2
xoroshytin: checks
*** FLOP *** [9s 2c 5h]
xoroshytin: checks
aremom4e: checks
*** TURN *** [9s 2c 5h] [4d]
xoroshytin: checks
aremom4e: bets $6
xoroshytin: calls $6
*** RIVER *** [9s 2c 5h 4d] [Jh]
xoroshytin: checks
aremom4e: checks
*** SHOW DOWN ***
xoroshytin: shows [8d 6h] (high card Jack)
aremom4e: shows [Qh 4c] (a pair of Fours)
aremom4e collected $17.64 from pot
*** SUMMARY ***
Total pot $18 | Rake $0.36
Board [9s 2c 5h 4d Jh]
Seat 1: aremom4e (button) (small blind) showed [Qh 4c] and won ($17.64) with a pair of Fours
Seat 2: xoroshytin (big blind) showed [8d 6h] and lost with high card Jack


PokerStars Hand #148612677757:  Hold'em Limit ($3/$6 USD) - 2016/02/11 8:50:29 ET
Table 'Helewalda' 2-max Seat #1 is the button
Seat 1: aremom4e ($181.14 in chips)
Seat 2: xoroshytin ($60 in chips)
aremom4e: posts small blind $1
xoroshytin: posts big blind $3
*** HOLE CARDS ***
aremom4e: raises $3 to $6
xoroshytin: raises $3 to $9
aremom4e: calls $3
*** FLOP *** [8s 8d 6d]
xoroshytin: bets $3
aremom4e: calls $3
*** TURN *** [8s 8d 6d] [7s]
xoroshytin: bets $6
aremom4e: calls $6
*** RIVER *** [8s 8d 6d 7s] [6c]
xoroshytin: bets $6
aremom4e: calls $6
*** SHOW DOWN ***
xoroshytin: shows [7h Kh] (two pair, Eights and Sevens)
aremom4e: mucks hand
xoroshytin collected $47.50 from pot
*** SUMMARY ***
Total pot $48 | Rake $0.50
Board [8s 8d 6d 7s 6c]
Seat 1: aremom4e (button) (small blind) mucked
Seat 2: xoroshytin (big blind) showed [7h Kh] and won ($47.50) with two pair, Eights and Sevens


PokerStars Hand #148612658934:  Hold'em Limit ($3/$6 USD) - 2016/02/11 8:50:02 ET
Table 'Helewalda' 2-max Seat #2 is the button
Seat 1: aremom4e ($166.08 in chips)
Seat 2: xoroshytin ($15.56 in chips)
xoroshytin: posts small blind $1
aremom4e: posts big blind $3
*** HOLE CARDS ***
xoroshytin: raises $3 to $6
aremom4e: raises $3 to $9
xoroshytin: calls $3
*** FLOP *** [6c 2s 6d]
aremom4e: bets $3
xoroshytin: calls $3
*** TURN *** [6c 2s 6d] [Qc]
aremom4e: bets $6
xoroshytin: calls $3.56 and is all-in
Uncalled bet ($2.44) returned to aremom4e
*** RIVER *** [6c 2s 6d Qc] [Kc]
*** SHOW DOWN ***
aremom4e: shows [Ac Qh] (two pair, Queens and Sixes)
xoroshytin: shows [5d Ah] (a pair of Sixes)
aremom4e collected $30.62 from pot
*** SUMMARY ***
Total pot $31.12 | Rake $0.50
Board [6c 2s 6d Qc Kc]
Seat 1: aremom4e (big blind) showed [Ac Qh] and won ($30.62) with two pair, Queens and Sixes
Seat 2: xoroshytin (button) (small blind) showed [5d Ah] and lost with a pair of Sixes


PokerStars Hand #148612646838:  Hold'em Limit ($3/$6 USD) - 2016/02/11 8:49:45 ET
Table 'Helewalda' 2-max Seat #1 is the button
Seat 1: aremom4e ($151.58 in chips)
Seat 2: xoroshytin ($30.56 in chips)
aremom4e: posts small blind $1
xoroshytin: posts big blind $3
*** HOLE CARDS ***
aremom4e: calls $2
xoroshytin: raises $3 to $6
aremom4e: calls $3
*** FLOP *** [3c Qh 6h]
xoroshytin: bets $3
aremom4e: calls $3
*** TURN *** [3c Qh 6h] [2s]
xoroshytin: checks
aremom4e: bets $6
xoroshytin: calls $6
*** RIVER *** [3c Qh 6h 2s] [6c]
xoroshytin: checks
aremom4e: checks
*** SHOW DOWN ***
xoroshytin: shows [3h Ac] (two pair, Sixes and Threes)
aremom4e: shows [4c Qs] (two pair, Queens and Sixes)
aremom4e collected $29.50 from pot
*** SUMMARY ***
Total pot $30 | Rake $0.50
Board [3c Qh 6h 2s 6c]
Seat 1: aremom4e (button) (small blind) showed [4c Qs] and won ($29.50) with two pair, Queens and Sixes
Seat 2: xoroshytin (big blind) showed [3h Ac] and lost with two pair, Sixes and Threes


PokerStars Hand #148612722270:  Hold'em Limit ($3/$6 USD) - 2016/02/11 8:51:31 ET
Table 'Helewalda' 2-max Seat #1 is the button
Seat 1: aremom4e ($168.64 in chips)
Seat 2: xoroshytin ($71.26 in chips)
aremom4e: posts small blind $1
xoroshytin: posts big blind $3
*** HOLE CARDS ***
aremom4e: raises $3 to $6
xoroshytin: calls $3
*** FLOP *** [As 5c 9c]
xoroshytin: bets $3
aremom4e: calls $3
*** TURN *** [As 5c 9c] [8c]
xoroshytin: bets $6
aremom4e: calls $6
*** RIVER *** [As 5c 9c 8c] [Ks]
xoroshytin: bets $6
aremom4e: folds
Uncalled bet ($6) returned to xoroshytin
xoroshytin collected $29.50 from pot
*** SUMMARY ***
Total pot $30 | Rake $0.50
Board [As 5c 9c 8c Ks]
Seat 1: aremom4e (button) (small blind) folded on the River
Seat 2: xoroshytin (big blind) collected ($29.50)


PokerStars Hand #148612709391:  Hold'em Limit ($3/$6 USD) - 2016/02/11 8:51:14 ET
Table 'Helewalda' 2-max Seat #2 is the button
Seat 1: aremom4e ($154.14 in chips)
Seat 2: xoroshytin ($86.26 in chips)
xoroshytin: posts small blind $1
aremom4e: posts big blind $3
*** HOLE CARDS ***
xoroshytin: raises $3 to $6
aremom4e: calls $3
*** FLOP *** [8h 2c 8s]
aremom4e: checks
xoroshytin: bets $3
aremom4e: calls $3
*** TURN *** [8h 2c 8s] [Td]
aremom4e: checks
xoroshytin: checks
*** RIVER *** [8h 2c 8s Td] [4c]
aremom4e: bets $6
xoroshytin: calls $6
*** SHOW DOWN ***
aremom4e: shows [Qh 2h] (two pair, Eights and Deuces)
xoroshytin: mucks hand
aremom4e collected $29.50 from pot
*** SUMMARY ***
Total pot $30 | Rake $0.50
Board [8h 2c 8s Td 4c]
Seat 1: aremom4e (big blind) showed [Qh 2h] and won ($29.50) with two pair, Eights and Deuces
Seat 2: xoroshytin (button) (small blind) mucked


PokerStars Hand #148612704865:  Hold'em Limit ($3/$6 USD) - 2016/02/11 8:51:07 ET
Table 'Helewalda' 2-max Seat #1 is the button
Seat 1: aremom4e ($151.14 in chips)
Seat 2: xoroshytin ($89.26 in chips)
aremom4e: posts small blind $1
xoroshytin: posts big blind $3
*** HOLE CARDS ***
aremom4e: raises $3 to $6
xoroshytin: folds
Uncalled bet ($3) returned to aremom4e
aremom4e collected $6 from pot
aremom4e: doesn't show hand
*** SUMMARY ***
Total pot $6 | Rake $0
Seat 1: aremom4e (button) (small blind) collected ($6)
Seat 2: xoroshytin (big blind) folded before Flop


PokerStars Hand #148612690528:  Hold'em Limit ($3/$6 USD) - 2016/02/11 8:50:47 ET
Table 'Helewalda' 2-max Seat #2 is the button
Seat 1: aremom4e ($157.14 in chips)
Seat 2: xoroshytin ($83.50 in chips)
xoroshytin: posts small blind $1
aremom4e: posts big blind $3
*** HOLE CARDS ***
xoroshytin: raises $3 to $6
aremom4e: calls $3
*** FLOP *** [Kd 2d Td]
aremom4e: checks
xoroshytin: checks
*** TURN *** [Kd 2d Td] [7c]
aremom4e: checks
xoroshytin: bets $6
aremom4e: folds
Uncalled bet ($6) returned to xoroshytin
xoroshytin collected $11.76 from pot
*** SUMMARY ***
Total pot $12 | Rake $0.24
Board [Kd 2d Td 7c]
Seat 1: aremom4e (big blind) folded on the Turn
Seat 2: xoroshytin (button) (small blind) collected ($11.76)


PokerStars Hand #148612758220:  Hold'em Limit ($3/$6 USD) - 2016/02/11 8:52:22 ET
Table 'Helewalda' 2-max Seat #1 is the button
Seat 1: aremom4e ($158.64 in chips)
Seat 2: xoroshytin ($80.76 in chips)
aremom4e: posts small blind $1
xoroshytin: posts big blind $3
*** HOLE CARDS ***
aremom4e: calls $2
xoroshytin: checks
*** FLOP *** [8s 6h Js]
xoroshytin: checks
aremom4e: bets $3
xoroshytin: calls $3
*** TURN *** [8s 6h Js] [2c]
xoroshytin: checks
aremom4e: bets $6
xoroshytin: calls $6
*** RIVER *** [8s 6h Js 2c] [7s]
xoroshytin: checks
aremom4e: checks
*** SHOW DOWN ***
xoroshytin: shows [3d 8h] (a pair of Eights)
aremom4e: shows [Jd 4s] (a pair of Jacks)
aremom4e collected $23.52 from pot
*** SUMMARY ***
Total pot $24 | Rake $0.48
Board [8s 6h Js 2c 7s]
Seat 1: aremom4e (button) (small blind) showed [Jd 4s] and won ($23.52) with a pair of Jacks
Seat 2: xoroshytin (big blind) showed [3d 8h] and lost with a pair of Eights


PokerStars Hand #148612750412:  Hold'em Limit ($3/$6 USD) - 2016/02/11 8:52:11 ET
Table 'Helewalda' 2-max Seat #2 is the button
Seat 1: aremom4e ($157.64 in chips)
Seat 2: xoroshytin ($81.76 in chips)
xoroshytin: posts small blind $1
aremom4e: posts big blind $3
*** HOLE CARDS ***
xoroshytin: folds
Uncalled bet ($2) returned to aremom4e
aremom4e collected $2 from pot
aremom4e: doesn't show hand
*** SUMMARY ***
Total pot $2 | Rake $0
Seat 1: aremom4e (big blind) collected ($2)
Seat 2: xoroshytin (button) (small blind) folded before Flop


PokerStars Hand #148612745157:  Hold'em Limit ($3/$6 USD) - 2016/02/11 8:52:04 ET
Table 'Helewalda' 2-max Seat #1 is the button
Seat 1: aremom4e ($154.64 in chips)
Seat 2: xoroshytin ($84.76 in chips)
aremom4e: posts small blind $1
xoroshytin: posts big blind $3
*** HOLE CARDS ***
aremom4e: raises $3 to $6
xoroshytin: folds
Uncalled bet ($3) returned to aremom4e
aremom4e collected $6 from pot
aremom4e: doesn't show hand
*** SUMMARY ***
Total pot $6 | Rake $0
Seat 1: aremom4e (button) (small blind) collected ($6)
Seat 2: xoroshytin (big blind) folded before Flop


PokerStars Hand #148612734507:  Hold'em Limit ($3/$6 USD) - 2016/02/11 8:51:49 ET
Table 'Helewalda' 2-max Seat #2 is the button
Seat 1: aremom4e ($153.64 in chips)
Seat 2: xoroshytin ($85.76 in chips)
xoroshytin: posts small blind $1
aremom4e: posts big blind $3
*** HOLE CARDS ***
xoroshytin: folds
Uncalled bet ($2) returned to aremom4e
aremom4e collected $2 from pot
aremom4e: doesn't show hand
*** SUMMARY ***
Total pot $2 | Rake $0
Seat 1: aremom4e (big blind) collected ($2)
Seat 2: xoroshytin (button) (small blind) folded before Flop


PokerStars Hand #148612773258:  Hold'em Limit ($3/$6 USD) - 2016/02/11 8:52:43 ET
Table 'Helewalda' 2-max Seat #2 is the button
Seat 1: aremom4e ($170.16 in chips)
Seat 2: xoroshytin ($68.76 in chips)
xoroshytin: posts small blind $1
aremom4e: posts big blind $3
*** HOLE CARDS ***
xoroshytin is disconnected
xoroshytin is connected
xoroshytin has timed out while being disconnected
xoroshytin: folds
Uncalled bet ($2) returned to aremom4e
aremom4e collected $2 from pot
aremom4e: doesn't show hand
*** SUMMARY ***
Total pot $2 | Rake $0
Seat 1: aremom4e (big blind) collected ($2)
Seat 2: xoroshytin (button) (small blind) folded before Flop


PokerStars Hand #148612851311:  Hold'em Limit ($3/$6 USD) - 2016/02/11 8:54:33 ET
Table 'Helewalda' 2-max Seat #1 is the button
Seat 1: aremom4e ($171.16 in chips)
Seat 2: xoroshytin ($67.76 in chips)
aremom4e: posts small blind $1
xoroshytin: posts big blind $3
*** HOLE CARDS ***
aremom4e: calls $2
xoroshytin: raises $3 to $6
aremom4e: calls $3
*** FLOP *** [3d 5c 6s]
xoroshytin: bets $3
aremom4e: calls $3
*** TURN *** [3d 5c 6s] [8h]
xoroshytin: bets $6
aremom4e: calls $6
*** RIVER *** [3d 5c 6s 8h] [8c]
xoroshytin: bets $6
aremom4e: calls $6
*** SHOW DOWN ***
xoroshytin: shows [7s 7d] (two pair, Eights and Sevens)
aremom4e: mucks hand
xoroshytin collected $41.50 from pot
*** SUMMARY ***
Total pot $42 | Rake $0.50
Board [3d 5c 6s 8h 8c]
Seat 1: aremom4e (button) (small blind) mucked
Seat 2: xoroshytin (big blind) showed [7s 7d] and won ($41.50) with two pair, Eights and Sevens


PokerStars Hand #148612865861:  Hold'em Limit ($3/$6 USD) - 2016/02/11 8:54:54 ET
Table 'Helewalda' 2-max Seat #2 is the button
Seat 1: aremom4e ($150.16 in chips)
Seat 2: xoroshytin ($88.26 in chips)
xoroshytin: posts small blind $1
aremom4e: posts big blind $3
*** HOLE CARDS ***
xoroshytin: raises $3 to $6
aremom4e: calls $3
*** FLOP *** [7h 5h 6h]
aremom4e: checks
xoroshytin: bets $3
aremom4e: calls $3
*** TURN *** [7h 5h 6h] [Jh]
aremom4e: checks
xoroshytin: bets $6
aremom4e: calls $6
*** RIVER *** [7h 5h 6h Jh] [9c]
aremom4e: checks
xoroshytin: bets $6
aremom4e: calls $6
*** SHOW DOWN ***
xoroshytin: shows [Kh Jd] (a flush, King high)
aremom4e: mucks hand
xoroshytin collected $41.50 from pot
*** SUMMARY ***
Total pot $42 | Rake $0.50
Board [7h 5h 6h Jh 9c]
Seat 1: aremom4e (big blind) mucked
Seat 2: xoroshytin (button) (small blind) showed [Kh Jd] and won ($41.50) with a flush, King high


PokerStars Hand #148612898071:  Hold'em Limit ($3/$6 USD) - 2016/02/11 8:55:44 ET
Table 'Helewalda' 2-max Seat #1 is the button
Seat 1: aremom4e ($126.16 in chips)
Seat 2: xoroshytin ($111.52 in chips)
aremom4e: posts small blind $1
xoroshytin: posts big blind $3
*** HOLE CARDS ***
aremom4e: raises $3 to $6
xoroshytin: calls $3
*** FLOP *** [2h 7d 3h]
xoroshytin: checks
aremom4e: bets $3
xoroshytin: calls $3
*** TURN *** [2h 7d 3h] [Ks]
xoroshytin: checks
aremom4e: checks
*** RIVER *** [2h 7d 3h Ks] [9c]
xoroshytin: bets $6
aremom4e: calls $6
*** SHOW DOWN ***
xoroshytin: shows [Kh Td] (a pair of Kings)
aremom4e: mucks hand
xoroshytin collected $29.50 from pot
*** SUMMARY ***
Total pot $30 | Rake $0.50
Board [2h 7d 3h Ks 9c]
Seat 1: aremom4e (button) (small blind) mucked
Seat 2: xoroshytin (big blind) showed [Kh Td] and won ($29.50) with a pair of Kings


PokerStars Hand #148612890763:  Hold'em Limit ($3/$6 USD) - 2016/02/11 8:55:32 ET
Table 'Helewalda' 2-max Seat #2 is the button
Seat 1: aremom4e ($132.16 in chips)
Seat 2: xoroshytin ($105.76 in chips)
xoroshytin: posts small blind $1
aremom4e: posts big blind $3
*** HOLE CARDS ***
xoroshytin: raises $3 to $6
aremom4e: calls $3
*** FLOP *** [9s 2d 9d]
aremom4e: checks
xoroshytin: bets $3
aremom4e: folds
Uncalled bet ($3) returned to xoroshytin
xoroshytin collected $11.76 from pot
*** SUMMARY ***
Total pot $12 | Rake $0.24
Board [9s 2d 9d]
Seat 1: aremom4e (big blind) folded on the Flop
Seat 2: xoroshytin (button) (small blind) collected ($11.76)


PokerStars Hand #148612878371:  Hold'em Limit ($3/$6 USD) - 2016/02/11 8:55:11 ET
Table 'Helewalda' 2-max Seat #1 is the button
Seat 1: aremom4e ($129.16 in chips)
Seat 2: xoroshytin ($108.76 in chips)
aremom4e: posts small blind $1
xoroshytin: posts big blind $3
*** HOLE CARDS ***
aremom4e: raises $3 to $6
xoroshytin: folds
Uncalled bet ($3) returned to aremom4e
aremom4e collected $6 from pot
aremom4e: doesn't show hand
*** SUMMARY ***
Total pot $6 | Rake $0
Seat 1: aremom4e (button) (small blind) collected ($6)
Seat 2: xoroshytin (big blind) folded before Flop


PokerStars Hand #148612907780:  Hold'em Limit ($3/$6 USD) - 2016/02/11 8:56:01 ET
Table 'Helewalda' 2-max Seat #2 is the button
Seat 1: aremom4e ($111.16 in chips)
Seat 2: xoroshytin ($126.02 in chips)
xoroshytin: posts small blind $1
aremom4e: posts big blind $3
*** HOLE CARDS ***
xoroshytin: folds
Uncalled bet ($2) returned to aremom4e
aremom4e collected $2 from pot
aremom4e: doesn't show hand
*** SUMMARY ***
Total pot $2 | Rake $0
Seat 1: aremom4e (big blind) collected ($2)
Seat 2: xoroshytin (button) (small blind) folded before Flop


PokerStars Hand #148612926201:  Hold'em Limit ($3/$6 USD) - 2016/02/11 8:56:33 ET
Table 'Helewalda' 2-max Seat #1 is the button
Seat 1: aremom4e ($121.80 in chips)
Seat 2: xoroshytin ($115.02 in chips)
aremom4e: posts small blind $1
xoroshytin: posts big blind $3
*** HOLE CARDS ***
aremom4e: calls $2
xoroshytin: checks
*** FLOP *** [6h 5d 9d]
xoroshytin: checks
aremom4e: checks
*** TURN *** [6h 5d 9d] [2c]
xoroshytin: checks
aremom4e: bets $6
xoroshytin: folds
Uncalled bet ($6) returned to aremom4e
aremom4e collected $5.88 from pot
aremom4e: doesn't show hand
*** SUMMARY ***
Total pot $6 | Rake $0.12
Board [6h 5d 9d 2c]
Seat 1: aremom4e (button) (small blind) collected ($5.88)
Seat 2: xoroshytin (big blind) folded on the Turn


PokerStars Hand #148612921827:  Hold'em Limit ($3/$6 USD) - 2016/02/11 8:56:25 ET
Table 'Helewalda' 2-max Seat #2 is the button
Seat 1: aremom4e ($120.80 in chips)
Seat 2: xoroshytin ($116.02 in chips)
xoroshytin: posts small blind $1
aremom4e: posts big blind $3
*** HOLE CARDS ***
xoroshytin: folds
Uncalled bet ($2) returned to aremom4e
aremom4e collected $2 from pot
aremom4e: doesn't show hand
*** SUMMARY ***
Total pot $2 | Rake $0
Seat 1: aremom4e (big blind) collected ($2)
Seat 2: xoroshytin (button) (small blind) folded before Flop


PokerStars Hand #148612910936:  Hold'em Limit ($3/$6 USD) - 2016/02/11 8:56:06 ET
Table 'Helewalda' 2-max Seat #1 is the button
Seat 1: aremom4e ($112.16 in chips)
Seat 2: xoroshytin ($125.02 in chips)
aremom4e: posts small blind $1
xoroshytin: posts big blind $3
*** HOLE CARDS ***
aremom4e: calls $2
xoroshytin: checks
*** FLOP *** [4d Ad Kd]
xoroshytin: checks
aremom4e: checks
*** TURN *** [4d Ad Kd] [2s]
xoroshytin: checks
aremom4e: bets $6
xoroshytin: calls $6
*** RIVER *** [4d Ad Kd 2s] [9c]
xoroshytin: checks
aremom4e: bets $6
xoroshytin: folds
Uncalled bet ($6) returned to aremom4e
aremom4e collected $17.64 from pot
aremom4e: doesn't show hand
*** SUMMARY ***
Total pot $18 | Rake $0.36
Board [4d Ad Kd 2s 9c]
Seat 1: aremom4e (button) (small blind) collected ($17.64)
Seat 2: xoroshytin (big blind) folded on the River


PokerStars Hand #148612948715:  Hold'em Limit ($3/$6 USD) - 2016/02/11 8:57:11 ET
Table 'Helewalda' 2-max Seat #2 is the button
Seat 1: aremom4e ($139.20 in chips)
Seat 2: xoroshytin ($97.02 in chips)
xoroshytin: posts small blind $1
aremom4e: posts big blind $3
*** HOLE CARDS ***
xoroshytin: raises $3 to $6
aremom4e: calls $3
*** FLOP *** [3s Jc 9h]
aremom4e: checks
xoroshytin: bets $3
aremom4e: folds
Uncalled bet ($3) returned to xoroshytin
xoroshytin collected $11.76 from pot
*** SUMMARY ***
Total pot $12 | Rake $0.24
Board [3s Jc 9h]
Seat 1: aremom4e (big blind) folded on the Flop
Seat 2: xoroshytin (button) (small blind) collected ($11.76)


PokerStars Hand #148612944463:  Hold'em Limit ($3/$6 USD) - 2016/02/11 8:57:04 ET
Table 'Helewalda' 2-max Seat #1 is the button
Seat 1: aremom4e ($136.20 in chips)
Seat 2: xoroshytin ($100.02 in chips)
aremom4e: posts small blind $1
xoroshytin: posts big blind $3
*** HOLE CARDS ***
aremom4e: raises $3 to $6
xoroshytin: folds
Uncalled bet ($3) returned to aremom4e
aremom4e collected $6 from pot
aremom4e: doesn't show hand
*** SUMMARY ***
Total pot $6 | Rake $0
Seat 1: aremom4e (button) (small blind) collected ($6)
Seat 2: xoroshytin (big blind) folded before Flop


PokerStars Hand #148612936931:  Hold'em Limit ($3/$6 USD) - 2016/02/11 8:56:51 ET
Table 'Helewalda' 2-max Seat #2 is the button
Seat 1: aremom4e ($124.68 in chips)
Seat 2: xoroshytin ($112.02 in chips)
xoroshytin: posts small blind $1
aremom4e: posts big blind $3
*** HOLE CARDS ***
xoroshytin: raises $3 to $6
aremom4e: calls $3
*** FLOP *** [5s 2c Th]
aremom4e: checks
xoroshytin: bets $3
aremom4e: raises $3 to $6
xoroshytin: calls $3
*** TURN *** [5s 2c Th] [6h]
aremom4e: bets $6
xoroshytin: folds
Uncalled bet ($6) returned to aremom4e
aremom4e collected $23.52 from pot
aremom4e: doesn't show hand
*** SUMMARY ***
Total pot $24 | Rake $0.48
Board [5s 2c Th 6h]
Seat 1: aremom4e (big blind) collected ($23.52)
Seat 2: xoroshytin (button) (small blind) folded on the Turn


PokerStars Hand #148612973532:  Hold'em Limit ($3/$6 USD) - 2016/02/11 8:57:53 ET
Table 'Helewalda' 2-max Seat #2 is the button
Seat 1: aremom4e ($143.84 in chips)
Seat 2: xoroshytin ($91.78 in chips)
xoroshytin: posts small blind $1
aremom4e: posts big blind $3
*** HOLE CARDS ***
xoroshytin: raises $3 to $6
aremom4e: folds
Uncalled bet ($3) returned to xoroshytin
xoroshytin collected $6 from pot
*** SUMMARY ***
Total pot $6 | Rake $0
Seat 1: aremom4e (big blind) folded before Flop
Seat 2: xoroshytin (button) (small blind) collected ($6)


PokerStars Hand #148612970615:  Hold'em Limit ($3/$6 USD) - 2016/02/11 8:57:48 ET
Table 'Helewalda' 2-max Seat #1 is the button
Seat 1: aremom4e ($144.84 in chips)
Seat 2: xoroshytin ($90.78 in chips)
aremom4e: posts small blind $1
xoroshytin: posts big blind $3
*** HOLE CARDS ***
aremom4e: folds
Uncalled bet ($2) returned to xoroshytin
xoroshytin collected $2 from pot
*** SUMMARY ***
Total pot $2 | Rake $0
Seat 1: aremom4e (button) (small blind) folded before Flop
Seat 2: xoroshytin (big blind) collected ($2)


PokerStars Hand #148612966949:  Hold'em Limit ($3/$6 USD) - 2016/02/11 8:57:42 ET
Table 'Helewalda' 2-max Seat #2 is the button
Seat 1: aremom4e ($147.84 in chips)
Seat 2: xoroshytin ($87.78 in chips)
xoroshytin: posts small blind $1
aremom4e: posts big blind $3
*** HOLE CARDS ***
xoroshytin: raises $3 to $6
aremom4e: folds
Uncalled bet ($3) returned to xoroshytin
xoroshytin collected $6 from pot
*** SUMMARY ***
Total pot $6 | Rake $0
Seat 1: aremom4e (big blind) folded before Flop
Seat 2: xoroshytin (button) (small blind) collected ($6)


PokerStars Hand #148612963393:  Hold'em Limit ($3/$6 USD) - 2016/02/11 8:57:36 ET
Table 'Helewalda' 2-max Seat #1 is the button
Seat 1: aremom4e ($144.84 in chips)
Seat 2: xoroshytin ($90.78 in chips)
aremom4e: posts small blind $1
xoroshytin: posts big blind $3
*** HOLE CARDS ***
aremom4e: raises $3 to $6
xoroshytin: folds
Uncalled bet ($3) returned to aremom4e
aremom4e collected $6 from pot
aremom4e: doesn't show hand
*** SUMMARY ***
Total pot $6 | Rake $0
Seat 1: aremom4e (button) (small blind) collected ($6)
Seat 2: xoroshytin (big blind) folded before Flop


PokerStars Hand #148612957006:  Hold'em Limit ($3/$6 USD) - 2016/02/11 8:57:25 ET
Table 'Helewalda' 2-max Seat #2 is the button
Seat 1: aremom4e ($136.20 in chips)
Seat 2: xoroshytin ($99.78 in chips)
xoroshytin: posts small blind $1
aremom4e: posts big blind $3
*** HOLE CARDS ***
xoroshytin: raises $3 to $6
aremom4e: raises $3 to $9
xoroshytin: calls $3
*** FLOP *** [Ks 2s 4c]
aremom4e: bets $3
xoroshytin: folds
Uncalled bet ($3) returned to aremom4e
aremom4e collected $17.64 from pot
aremom4e: doesn't show hand
*** SUMMARY ***
Total pot $18 | Rake $0.36
Board [Ks 2s 4c]
Seat 1: aremom4e (big blind) collected ($17.64)
Seat 2: xoroshytin (button) (small blind) folded on the Flop


PokerStars Hand #148612953875:  Hold'em Limit ($3/$6 USD) - 2016/02/11 8:57:20 ET
Table 'Helewalda' 2-max Seat #1 is the button
Seat 1: aremom4e ($133.20 in chips)
Seat 2: xoroshytin ($102.78 in chips)
aremom4e: posts small blind $1
xoroshytin: posts big blind $3
*** HOLE CARDS ***
aremom4e: raises $3 to $6
xoroshytin: folds
Uncalled bet ($3) returned to aremom4e
aremom4e collected $6 from pot
aremom4e: doesn't show hand
*** SUMMARY ***
Total pot $6 | Rake $0
Seat 1: aremom4e (button) (small blind) collected ($6)
Seat 2: xoroshytin (big blind) folded before Flop


PokerStars Hand #148613004985:  Hold'em Limit ($3/$6 USD) - 2016/02/11 8:58:28 ET
Table 'Helewalda' 2-max Seat #1 is the button
Seat 1: aremom4e ($128.84 in chips)
Seat 2: xoroshytin ($106.42 in chips)
aremom4e: posts small blind $1
xoroshytin: posts big blind $3
*** HOLE CARDS ***
aremom4e: raises $3 to $6
xoroshytin: calls $3
*** FLOP *** [6d Qh 5d]
xoroshytin: checks
aremom4e: bets $3
xoroshytin: calls $3
*** TURN *** [6d Qh 5d] [3c]
xoroshytin: checks
aremom4e: checks
*** RIVER *** [6d Qh 5d 3c] [Tc]
xoroshytin: bets $6
aremom4e: calls $6
*** SHOW DOWN ***
xoroshytin: shows [Jh 5h] (a pair of Fives)
aremom4e: shows [7h 6h] (a pair of Sixes)
aremom4e collected $29.50 from pot
*** SUMMARY ***
Total pot $30 | Rake $0.50
Board [6d Qh 5d 3c Tc]
Seat 1: aremom4e (button) (small blind) showed [7h 6h] and won ($29.50) with a pair of Sixes
Seat 2: xoroshytin (big blind) showed [Jh 5h] and lost with a pair of Fives


PokerStars Hand #148612997918:  Hold'em Limit ($3/$6 USD) - 2016/02/11 8:58:21 ET
Table 'Helewalda' 2-max Seat #2 is the button
Seat 1: aremom4e ($131.84 in chips)
Seat 2: xoroshytin ($103.42 in chips)
xoroshytin: posts small blind $1
aremom4e: posts big blind $3
*** HOLE CARDS ***
xoroshytin: raises $3 to $6
aremom4e: folds
Uncalled bet ($3) returned to xoroshytin
xoroshytin collected $6 from pot
*** SUMMARY ***
Total pot $6 | Rake $0
Seat 1: aremom4e (big blind) folded before Flop
Seat 2: xoroshytin (button) (small blind) collected ($6)


PokerStars Hand #148612977076:  Hold'em Limit ($3/$6 USD) - 2016/02/11 8:57:59 ET
Table 'Helewalda' 2-max Seat #1 is the button
Seat 1: aremom4e ($140.84 in chips)
Seat 2: xoroshytin ($94.78 in chips)
aremom4e: posts small blind $1
xoroshytin: posts big blind $3
*** HOLE CARDS ***
aremom4e: raises $3 to $6
xoroshytin: calls $3
*** FLOP *** [9s 5s 8h]
xoroshytin: checks
aremom4e: bets $3
xoroshytin: calls $3
*** TURN *** [9s 5s 8h] [Kd]
xoroshytin: checks
aremom4e: checks
*** RIVER *** [9s 5s 8h Kd] [As]
xoroshytin: bets $6
aremom4e: folds
Uncalled bet ($6) returned to xoroshytin
xoroshytin collected $17.64 from pot
*** SUMMARY ***
Total pot $18 | Rake $0.36
Board [9s 5s 8h Kd As]
Seat 1: aremom4e (button) (small blind) folded on the River
Seat 2: xoroshytin (big blind) collected ($17.64)


PokerStars Hand #148613040334:  Hold'em Limit ($3/$6 USD) - 2016/02/11 8:59:23 ET
Table 'Helewalda' 2-max Seat #1 is the button
Seat 1: aremom4e ($151.74 in chips)
Seat 2: xoroshytin ($82.18 in chips)
aremom4e: posts small blind $1
xoroshytin: posts big blind $3
*** HOLE CARDS ***
aremom4e: raises $3 to $6
xoroshytin: folds
Uncalled bet ($3) returned to aremom4e
aremom4e collected $6 from pot
aremom4e: doesn't show hand
*** SUMMARY ***
Total pot $6 | Rake $0
Seat 1: aremom4e (button) (small blind) collected ($6)
Seat 2: xoroshytin (big blind) folded before Flop


PokerStars Hand #148613022255:  Hold'em Limit ($3/$6 USD) - 2016/02/11 8:58:53 ET
Table 'Helewalda' 2-max Seat #2 is the button
Seat 1: aremom4e ($143.34 in chips)
Seat 2: xoroshytin ($91.42 in chips)
xoroshytin: posts small blind $1
aremom4e: posts big blind $3
*** HOLE CARDS ***
xoroshytin: raises $3 to $6
aremom4e: raises $3 to $9
xoroshytin: calls $3
*** FLOP *** [Kc Td 8h]
aremom4e: bets $3
xoroshytin: folds
Uncalled bet ($3) returned to aremom4e
aremom4e collected $17.64 from pot
aremom4e: doesn't show hand
*** SUMMARY ***
Total pot $18 | Rake $0.36
Board [Kc Td 8h]
Seat 1: aremom4e (big blind) collected ($17.64)
Seat 2: xoroshytin (button) (small blind) folded on the Flop


PokerStars Hand #148613049769:  Hold'em Limit ($3/$6 USD) - 2016/02/11 8:59:38 ET
Table 'Helewalda' 2-max Seat #1 is the button
Seat 1: aremom4e ($148.74 in chips)
Seat 2: xoroshytin ($84.94 in chips)
aremom4e: posts small blind $1
xoroshytin: posts big blind $3
*** HOLE CARDS ***
aremom4e: raises $3 to $6
xoroshytin: raises $3 to $9
aremom4e: calls $3
*** FLOP *** [Js 8c 5s]
xoroshytin: bets $3
aremom4e: calls $3
*** TURN *** [Js 8c 5s] [3c]
xoroshytin: checks
aremom4e: bets $6
xoroshytin: calls $6
*** RIVER *** [Js 8c 5s 3c] [6d]
xoroshytin: checks
aremom4e: bets $6
xoroshytin: folds
Uncalled bet ($6) returned to aremom4e
aremom4e collected $35.50 from pot
aremom4e: doesn't show hand
*** SUMMARY ***
Total pot $36 | Rake $0.50
Board [Js 8c 5s 3c 6d]
Seat 1: aremom4e (button) (small blind) collected ($35.50)
Seat 2: xoroshytin (big blind) folded on the River


PokerStars Hand #148613044759:  Hold'em Limit ($3/$6 USD) - 2016/02/11 8:59:30 ET
Table 'Helewalda' 2-max Seat #2 is the button
Seat 1: aremom4e ($154.74 in chips)
Seat 2: xoroshytin ($79.18 in chips)
xoroshytin: posts small blind $1
aremom4e: posts big blind $3
*** HOLE CARDS ***
xoroshytin: raises $3 to $6
aremom4e: calls $3
*** FLOP *** [8s Tc 4s]
aremom4e: checks
xoroshytin: bets $3
aremom4e: folds
Uncalled bet ($3) returned to xoroshytin
xoroshytin collected $11.76 from pot
*** SUMMARY ***
Total pot $12 | Rake $0.24
Board [8s Tc 4s]
Seat 1: aremom4e (big blind) folded on the Flop
Seat 2: xoroshytin (button) (small blind) collected ($11.76)


PokerStars Hand #148613035035:  Hold'em Limit ($3/$6 USD) - 2016/02/11 8:59:14 ET
Table 'Helewalda' 2-max Seat #2 is the button
Seat 1: aremom4e ($157.74 in chips)
Seat 2: xoroshytin ($76.42 in chips)
xoroshytin: posts small blind $1
aremom4e: posts big blind $3
*** HOLE CARDS ***
xoroshytin: raises $3 to $6
aremom4e: calls $3
*** FLOP *** [7c 9s Kd]
aremom4e: checks
xoroshytin: bets $3
aremom4e: folds
Uncalled bet ($3) returned to xoroshytin
xoroshytin collected $11.76 from pot
*** SUMMARY ***
Total pot $12 | Rake $0.24
Board [7c 9s Kd]
Seat 1: aremom4e (big blind) folded on the Flop
Seat 2: xoroshytin (button) (small blind) collected ($11.76)


PokerStars Hand #148613028327:  Hold'em Limit ($3/$6 USD) - 2016/02/11 8:59:03 ET
Table 'Helewalda' 2-max Seat #1 is the button
Seat 1: aremom4e ($151.98 in chips)
Seat 2: xoroshytin ($82.42 in chips)
aremom4e: posts small blind $1
xoroshytin: posts big blind $3
*** HOLE CARDS ***
aremom4e: raises $3 to $6
xoroshytin: calls $3
*** FLOP *** [9h Ah 4c]
xoroshytin: checks
aremom4e: bets $3
xoroshytin: folds
Uncalled bet ($3) returned to aremom4e
aremom4e collected $11.76 from pot
aremom4e: doesn't show hand
*** SUMMARY ***
Total pot $12 | Rake $0.24
Board [9h Ah 4c]
Seat 1: aremom4e (button) (small blind) collected ($11.76)
Seat 2: xoroshytin (big blind) folded on the Flop


PokerStars Hand #148613063488:  Hold'em Limit ($3/$6 USD) - 2016/02/11 9:00:02 ET
Table 'Helewalda' 2-max Seat #2 is the button
Seat 1: aremom4e ($166.24 in chips)
Seat 2: xoroshytin ($66.94 in chips)
xoroshytin: posts small blind $1
aremom4e: posts big blind $3
*** HOLE CARDS ***
xoroshytin: raises $3 to $6
aremom4e: folds
Uncalled bet ($3) returned to xoroshytin
xoroshytin collected $6 from pot
*** SUMMARY ***
Total pot $6 | Rake $0
Seat 1: aremom4e (big blind) folded before Flop
Seat 2: xoroshytin (button) (small blind) collected ($6)


PokerStars Hand #148613087734:  Hold'em Limit ($3/$6 USD) - 2016/02/11 9:00:41 ET
Table 'Helewalda' 2-max Seat #2 is the button
Seat 1: aremom4e ($174.76 in chips)
Seat 2: xoroshytin ($57.94 in chips)
xoroshytin: posts small blind $1
aremom4e: posts big blind $3
*** HOLE CARDS ***
xoroshytin: raises $3 to $6
aremom4e: calls $3
*** FLOP *** [Qd Ts Qc]
aremom4e: checks
xoroshytin: bets $3
aremom4e: folds
Uncalled bet ($3) returned to xoroshytin
xoroshytin collected $11.76 from pot
*** SUMMARY ***
Total pot $12 | Rake $0.24
Board [Qd Ts Qc]
Seat 1: aremom4e (big blind) folded on the Flop
Seat 2: xoroshytin (button) (small blind) collected ($11.76)


PokerStars Hand #148613067182:  Hold'em Limit ($3/$6 USD) - 2016/02/11 9:00:08 ET
Table 'Helewalda' 2-max Seat #1 is the button
Seat 1: aremom4e ($163.24 in chips)
Seat 2: xoroshytin ($69.94 in chips)
aremom4e: posts small blind $1
xoroshytin: posts big blind $3
*** HOLE CARDS ***
aremom4e: raises $3 to $6
xoroshytin: calls $3
*** FLOP *** [Ts 2h 4h]
xoroshytin: checks
aremom4e: bets $3
xoroshytin: raises $3 to $6
aremom4e: calls $3
*** TURN *** [Ts 2h 4h] [3h]
xoroshytin: checks
aremom4e: checks
*** RIVER *** [Ts 2h 4h 3h] [Ah]
xoroshytin: checks
aremom4e: checks
*** SHOW DOWN ***
xoroshytin: shows [9s 4s] (a pair of Fours)
aremom4e: shows [Jc Ad] (a pair of Aces)
aremom4e collected $23.52 from pot
*** SUMMARY ***
Total pot $24 | Rake $0.48
Board [Ts 2h 4h 3h Ah]
Seat 1: aremom4e (button) (small blind) showed [Jc Ad] and won ($23.52) with a pair of Aces
Seat 2: xoroshytin (big blind) showed [9s 4s] and lost with a pair of Fours


PokerStars Hand #148613134831:  Hold'em Limit ($3/$6 USD) - 2016/02/11 9:01:54 ET
Table 'Helewalda' 2-max Seat #2 is the button
Seat 1: aremom4e ($195.54 in chips)
Seat 2: xoroshytin ($35.34 in chips)
xoroshytin: posts small blind $1
aremom4e: posts big blind $3
*** HOLE CARDS ***
xoroshytin: raises $3 to $6
aremom4e: folds
Uncalled bet ($3) returned to xoroshytin
xoroshytin collected $6 from pot
*** SUMMARY ***
Total pot $6 | Rake $0
Seat 1: aremom4e (big blind) folded before Flop
Seat 2: xoroshytin (button) (small blind) collected ($6)


PokerStars Hand #148613122146:  Hold'em Limit ($3/$6 USD) - 2016/02/11 9:01:35 ET
Table 'Helewalda' 2-max Seat #1 is the button
Seat 1: aremom4e ($178.04 in chips)
Seat 2: xoroshytin ($53.34 in chips)
aremom4e: posts small blind $1
xoroshytin: posts big blind $3
*** HOLE CARDS ***
aremom4e: raises $3 to $6
xoroshytin: calls $3
*** FLOP *** [4s Ad 2h]
xoroshytin: checks
aremom4e: bets $3
xoroshytin: raises $3 to $6
aremom4e: calls $3
*** TURN *** [4s Ad 2h] [Ks]
xoroshytin: bets $6
aremom4e: calls $6
*** RIVER *** [4s Ad 2h Ks] [6h]
xoroshytin: checks
aremom4e: checks
*** SHOW DOWN ***
xoroshytin: shows [Th 8c] (high card Ace)
aremom4e: shows [As 5s] (a pair of Aces)
aremom4e collected $35.50 from pot
*** SUMMARY ***
Total pot $36 | Rake $0.50
Board [4s Ad 2h Ks 6h]
Seat 1: aremom4e (button) (small blind) showed [As 5s] and won ($35.50) with a pair of Aces
Seat 2: xoroshytin (big blind) showed [Th 8c] and lost with high card Ace


PokerStars Hand #148613103640:  Hold'em Limit ($3/$6 USD) - 2016/02/11 9:01:07 ET
Table 'Helewalda' 2-max Seat #2 is the button
Seat 1: aremom4e ($159.76 in chips)
Seat 2: xoroshytin ($72.34 in chips)
xoroshytin: posts small blind $1
aremom4e: posts big blind $3
*** HOLE CARDS ***
xoroshytin: raises $3 to $6
aremom4e: calls $3
*** FLOP *** [7h Js Kc]
aremom4e: checks
xoroshytin: bets $3
aremom4e: raises $3 to $6
xoroshytin: folds
Uncalled bet ($3) returned to aremom4e
aremom4e collected $17.64 from pot
aremom4e: doesn't show hand
*** SUMMARY ***
Total pot $18 | Rake $0.36
Board [7h Js Kc]
Seat 1: aremom4e (big blind) collected ($17.64)
Seat 2: xoroshytin (button) (small blind) folded on the Flop


PokerStars Hand #148613109430:  Hold'em Limit ($3/$6 USD) - 2016/02/11 9:01:16 ET
Table 'Helewalda' 2-max Seat #1 is the button
Seat 1: aremom4e ($168.40 in chips)
Seat 2: xoroshytin ($63.34 in chips)
aremom4e: posts small blind $1
xoroshytin: posts big blind $3
*** HOLE CARDS ***
aremom4e: raises $3 to $6
xoroshytin: calls $3
*** FLOP *** [Th 4c Qh]
xoroshytin: checks
aremom4e: bets $3
xoroshytin: calls $3
*** TURN *** [Th 4c Qh] [8c]
xoroshytin: checks
aremom4e: bets $6
xoroshytin: folds
Uncalled bet ($6) returned to aremom4e
aremom4e collected $17.64 from pot
aremom4e: doesn't show hand
*** SUMMARY ***
Total pot $18 | Rake $0.36
Board [Th 4c Qh 8c]
Seat 1: aremom4e (button) (small blind) collected ($17.64)
Seat 2: xoroshytin (big blind) folded on the Turn


PokerStars Hand #148613118385:  Hold'em Limit ($3/$6 USD) - 2016/02/11 9:01:30 ET
Table 'Helewalda' 2-max Seat #2 is the button
Seat 1: aremom4e ($177.04 in chips)
Seat 2: xoroshytin ($54.34 in chips)
xoroshytin: posts small blind $1
aremom4e: posts big blind $3
*** HOLE CARDS ***
xoroshytin: folds
Uncalled bet ($2) returned to aremom4e
aremom4e collected $2 from pot
aremom4e: doesn't show hand
*** SUMMARY ***
Total pot $2 | Rake $0
Seat 1: aremom4e (big blind) collected ($2)
Seat 2: xoroshytin (button) (small blind) folded before Flop


PokerStars Hand #148613093124:  Hold'em Limit ($3/$6 USD) - 2016/02/11 9:00:50 ET
Table 'Helewalda' 2-max Seat #1 is the button
Seat 1: aremom4e ($168.76 in chips)
Seat 2: xoroshytin ($63.70 in chips)
aremom4e: posts small blind $1
xoroshytin: posts big blind $3
*** HOLE CARDS ***
aremom4e: raises $3 to $6
xoroshytin: calls $3
*** FLOP *** [7d 4c 2c]
xoroshytin: checks
aremom4e: bets $3
xoroshytin: calls $3
*** TURN *** [7d 4c 2c] [6d]
xoroshytin: checks
aremom4e: checks
*** RIVER *** [7d 4c 2c 6d] [2s]
xoroshytin: bets $6
aremom4e: folds
Uncalled bet ($6) returned to xoroshytin
xoroshytin collected $17.64 from pot
*** SUMMARY ***
Total pot $18 | Rake $0.36
Board [7d 4c 2c 6d 2s]
Seat 1: aremom4e (button) (small blind) folded on the River
Seat 2: xoroshytin (big blind) collected ($17.64)


PokerStars Hand #148613148629:  Hold'em Limit ($3/$6 USD) - 2016/02/11 9:02:15 ET
Table 'Helewalda' 2-max Seat #1 is the button
Seat 1: aremom4e ($179.54 in chips)
Seat 2: xoroshytin ($50.86 in chips)
aremom4e: posts small blind $1
xoroshytin: posts big blind $3
*** HOLE CARDS ***
aremom4e: raises $3 to $6
xoroshytin: folds
Uncalled bet ($3) returned to aremom4e
aremom4e collected $6 from pot
aremom4e: doesn't show hand
*** SUMMARY ***
Total pot $6 | Rake $0
Seat 1: aremom4e (button) (small blind) collected ($6)
Seat 2: xoroshytin (big blind) folded before Flop


PokerStars Hand #148613141741:  Hold'em Limit ($3/$6 USD) - 2016/02/11 9:02:05 ET
Table 'Helewalda' 2-max Seat #2 is the button
Seat 1: aremom4e ($191.54 in chips)
Seat 2: xoroshytin ($39.34 in chips)
xoroshytin: posts small blind $1
aremom4e: posts big blind $3
*** HOLE CARDS ***
xoroshytin: raises $3 to $6
aremom4e: calls $3
*** FLOP *** [2s 5c 2d]
aremom4e: checks
xoroshytin: checks
*** TURN *** [2s 5c 2d] [8d]
aremom4e: bets $6
xoroshytin: raises $6 to $12
aremom4e: folds
Uncalled bet ($6) returned to xoroshytin
xoroshytin collected $23.52 from pot
*** SUMMARY ***
Total pot $24 | Rake $0.48
Board [2s 5c 2d 8d]
Seat 1: aremom4e (big blind) folded on the Turn
Seat 2: xoroshytin (button) (small blind) collected ($23.52)


PokerStars Hand #148613138457:  Hold'em Limit ($3/$6 USD) - 2016/02/11 9:02:00 ET
Table 'Helewalda' 2-max Seat #1 is the button
Seat 1: aremom4e ($192.54 in chips)
Seat 2: xoroshytin ($38.34 in chips)
aremom4e: posts small blind $1
xoroshytin: posts big blind $3
*** HOLE CARDS ***
aremom4e: folds
Uncalled bet ($2) returned to xoroshytin
xoroshytin collected $2 from pot
*** SUMMARY ***
Total pot $2 | Rake $0
Seat 1: aremom4e (button) (small blind) folded before Flop
Seat 2: xoroshytin (big blind) collected ($2)


PokerStars Hand #148613153121:  Hold'em Limit ($3/$6 USD) - 2016/02/11 9:02:22 ET
Table 'Helewalda' 2-max Seat #2 is the button
Seat 1: aremom4e ($182.54 in chips)
Seat 2: xoroshytin ($47.86 in chips)
xoroshytin: posts small blind $1
aremom4e: posts big blind $3
*** HOLE CARDS ***
xoroshytin: raises $3 to $6
aremom4e: calls $3
*** FLOP *** [9d Js 7s]
aremom4e: checks
xoroshytin: bets $3
aremom4e: calls $3
*** TURN *** [9d Js 7s] [6s]
aremom4e: checks
xoroshytin: checks
*** RIVER *** [9d Js 7s 6s] [Jh]
aremom4e: checks
xoroshytin: checks
*** SHOW DOWN ***
aremom4e: shows [Kd 8d] (a pair of Jacks)
xoroshytin: shows [Kc Th] (a pair of Jacks - King+Ten kicker)
xoroshytin collected $17.64 from pot
*** SUMMARY ***
Total pot $18 | Rake $0.36
Board [9d Js 7s 6s Jh]
Seat 1: aremom4e (big blind) showed [Kd 8d] and lost with a pair of Jacks
Seat 2: xoroshytin (button) (small blind) showed [Kc Th] and won ($17.64) with a pair of Jacks


PokerStars Hand #148613164430:  Hold'em Limit ($3/$6 USD) - 2016/02/11 9:02:38 ET
Table 'Helewalda' 2-max Seat #1 is the button
Seat 1: aremom4e ($173.54 in chips)
Seat 2: xoroshytin ($56.50 in chips)
aremom4e: posts small blind $1
xoroshytin: posts big blind $3
*** HOLE CARDS ***
aremom4e: raises $3 to $6
xoroshytin: raises $3 to $9
aremom4e: calls $3
*** FLOP *** [Td 3d Tc]
xoroshytin: bets $3
aremom4e: folds
Uncalled bet ($3) returned to xoroshytin
xoroshytin collected $17.64 from pot
*** SUMMARY ***
Total pot $18 | Rake $0.36
Board [Td 3d Tc]
Seat 1: aremom4e (button) (small blind) folded on the Flop
Seat 2: xoroshytin (big blind) collected ($17.64)


PokerStars Hand #148613174777:  Hold'em Limit ($3/$6 USD) - 2016/02/11 9:02:53 ET
Table 'Helewalda' 2-max Seat #1 is the button
Seat 1: aremom4e ($165.54 in chips)
Seat 2: xoroshytin ($64.14 in chips)
aremom4e: posts small blind $1
xoroshytin: posts big blind $3
*** HOLE CARDS ***
aremom4e: folds
Uncalled bet ($2) returned to xoroshytin
xoroshytin collected $2 from pot
*** SUMMARY ***
Total pot $2 | Rake $0
Seat 1: aremom4e (button) (small blind) folded before Flop
Seat 2: xoroshytin (big blind) collected ($2)


PokerStars Hand #148613171534:  Hold'em Limit ($3/$6 USD) - 2016/02/11 9:02:48 ET
Table 'Helewalda' 2-max Seat #2 is the button
Seat 1: aremom4e ($164.54 in chips)
Seat 2: xoroshytin ($65.14 in chips)
xoroshytin: posts small blind $1
aremom4e: posts big blind $3
*** HOLE CARDS ***
xoroshytin: folds
Uncalled bet ($2) returned to aremom4e
aremom4e collected $2 from pot
aremom4e: doesn't show hand
*** SUMMARY ***
Total pot $2 | Rake $0
Seat 1: aremom4e (big blind) collected ($2)
Seat 2: xoroshytin (button) (small blind) folded before Flop


PokerStars Hand #148613178067:  Hold'em Limit ($3/$6 USD) - 2016/02/11 9:02:58 ET
Table 'Helewalda' 2-max Seat #2 is the button
Seat 1: aremom4e ($164.54 in chips)
Seat 2: xoroshytin ($65.14 in chips)
xoroshytin: posts small blind $1
aremom4e: posts big blind $3
*** HOLE CARDS ***
xoroshytin: raises $3 to $6
aremom4e: calls $3
*** FLOP *** [2s 7s 7h]
aremom4e: checks
xoroshytin: bets $3
aremom4e: calls $3
*** TURN *** [2s 7s 7h] [Tc]
aremom4e: checks
xoroshytin: bets $6
aremom4e: folds
Uncalled bet ($6) returned to xoroshytin
xoroshytin collected $17.64 from pot
*** SUMMARY ***
Total pot $18 | Rake $0.36
Board [2s 7s 7h Tc]
Seat 1: aremom4e (big blind) folded on the Turn
Seat 2: xoroshytin (button) (small blind) collected ($17.64)


PokerStars Hand #148613189407:  Hold'em Limit ($3/$6 USD) - 2016/02/11 9:03:13 ET
Table 'Helewalda' 2-max Seat #1 is the button
Seat 1: aremom4e ($155.54 in chips)
Seat 2: xoroshytin ($73.78 in chips)
aremom4e: posts small blind $1
xoroshytin: posts big blind $3
*** HOLE CARDS ***
aremom4e: raises $3 to $6
xoroshytin: folds
Uncalled bet ($3) returned to aremom4e
aremom4e collected $6 from pot
aremom4e: doesn't show hand
*** SUMMARY ***
Total pot $6 | Rake $0
Seat 1: aremom4e (button) (small blind) collected ($6)
Seat 2: xoroshytin (big blind) folded before Flop


PokerStars Hand #148613205351:  Hold'em Limit ($3/$6 USD) - 2016/02/11 9:03:36 ET
Table 'Helewalda' 2-max Seat #2 is the button
Seat 1: aremom4e ($158.54 in chips)
Seat 2: xoroshytin ($70.78 in chips)
xoroshytin: posts small blind $1
aremom4e: posts big blind $3
*** HOLE CARDS ***
xoroshytin: raises $3 to $6
aremom4e: raises $3 to $9
xoroshytin: calls $3
*** FLOP *** [As Qs 2c]
aremom4e: bets $3
xoroshytin: calls $3
*** TURN *** [As Qs 2c] [Qd]
aremom4e: checks
xoroshytin: bets $6
aremom4e: calls $6
*** RIVER *** [As Qs 2c Qd] [9s]
aremom4e: checks
xoroshytin: checks
*** SHOW DOWN ***
aremom4e: shows [Kd Qc] (three of a kind, Queens)
xoroshytin: mucks hand
aremom4e collected $35.50 from pot
*** SUMMARY ***
Total pot $36 | Rake $0.50
Board [As Qs 2c Qd 9s]
Seat 1: aremom4e (big blind) showed [Kd Qc] and won ($35.50) with three of a kind, Queens
Seat 2: xoroshytin (button) (small blind) mucked


PokerStars Hand #148613240271:  Hold'em Limit ($3/$6 USD) - 2016/02/11 9:04:25 ET
Table 'Helewalda' 2-max Seat #1 is the button
Seat 1: aremom4e ($184.54 in chips)
Seat 2: xoroshytin ($43.54 in chips)
aremom4e: posts small blind $1
xoroshytin: posts big blind $3
*** HOLE CARDS ***
aremom4e: folds
Uncalled bet ($2) returned to xoroshytin
xoroshytin collected $2 from pot
*** SUMMARY ***
Total pot $2 | Rake $0
Seat 1: aremom4e (button) (small blind) folded before Flop
Seat 2: xoroshytin (big blind) collected ($2)


PokerStars Hand #148613234542:  Hold'em Limit ($3/$6 USD) - 2016/02/11 9:04:17 ET
Table 'Helewalda' 2-max Seat #2 is the button
Seat 1: aremom4e ($190.54 in chips)
Seat 2: xoroshytin ($37.78 in chips)
xoroshytin: posts small blind $1
aremom4e: posts big blind $3
*** HOLE CARDS ***
xoroshytin: raises $3 to $6
aremom4e: calls $3
*** FLOP *** [5c 7h Ac]
aremom4e: checks
xoroshytin: bets $3
aremom4e: folds
Uncalled bet ($3) returned to xoroshytin
xoroshytin collected $11.76 from pot
*** SUMMARY ***
Total pot $12 | Rake $0.24
Board [5c 7h Ac]
Seat 1: aremom4e (big blind) folded on the Flop
Seat 2: xoroshytin (button) (small blind) collected ($11.76)


PokerStars Hand #148613221837:  Hold'em Limit ($3/$6 USD) - 2016/02/11 9:03:59 ET
Table 'Helewalda' 2-max Seat #1 is the button
Seat 1: aremom4e ($176.04 in chips)
Seat 2: xoroshytin ($52.78 in chips)
aremom4e: posts small blind $1
xoroshytin: posts big blind $3
*** HOLE CARDS ***
aremom4e: raises $3 to $6
xoroshytin: calls $3
*** FLOP *** [Ah Jd 4d]
xoroshytin: checks
aremom4e: bets $3
xoroshytin: calls $3
*** TURN *** [Ah Jd 4d] [Ad]
xoroshytin: checks
aremom4e: checks
*** RIVER *** [Ah Jd 4d Ad] [4c]
xoroshytin: bets $6
aremom4e: calls $6
*** SHOW DOWN ***
xoroshytin: shows [Kd 8c] (two pair, Aces and Fours)
aremom4e: shows [Js 9c] (two pair, Aces and Jacks)
aremom4e collected $29.50 from pot
*** SUMMARY ***
Total pot $30 | Rake $0.50
Board [Ah Jd 4d Ad 4c]
Seat 1: aremom4e (button) (small blind) showed [Js 9c] and won ($29.50) with two pair, Aces and Jacks
Seat 2: xoroshytin (big blind) showed [Kd 8c] and lost with two pair, Aces and Fours


PokerStars Hand #148613261121:  Hold'em Limit ($3/$6 USD) - 2016/02/11 9:04:54 ET
Table 'Helewalda' 2-max Seat #1 is the button
Seat 1: aremom4e ($141.54 in chips)
Seat 2: xoroshytin ($86.04 in chips)
aremom4e: posts small blind $1
xoroshytin: posts big blind $3
*** HOLE CARDS ***
aremom4e: raises $3 to $6
xoroshytin: folds
Uncalled bet ($3) returned to aremom4e
aremom4e collected $6 from pot
aremom4e: doesn't show hand
*** SUMMARY ***
Total pot $6 | Rake $0
Seat 1: aremom4e (button) (small blind) collected ($6)
Seat 2: xoroshytin (big blind) folded before Flop


PokerStars Hand #148613265282:  Hold'em Limit ($3/$6 USD) - 2016/02/11 9:05:00 ET
Table 'Helewalda' 2-max Seat #2 is the button
Seat 1: aremom4e ($144.54 in chips)
Seat 2: xoroshytin ($83.04 in chips)
xoroshytin: posts small blind $1
aremom4e: posts big blind $3
*** HOLE CARDS ***
xoroshytin: raises $3 to $6
aremom4e: calls $3
*** FLOP *** [Ac Jd 2h]
aremom4e: checks
xoroshytin: bets $3
aremom4e: raises $3 to $6
xoroshytin: calls $3
*** TURN *** [Ac Jd 2h] [Th]
aremom4e: bets $6
xoroshytin: calls $6
*** RIVER *** [Ac Jd 2h Th] [7c]
aremom4e: checks
xoroshytin: checks
*** SHOW DOWN ***
aremom4e: shows [Js 9h] (a pair of Jacks)
xoroshytin: shows [Kd Ks] (a pair of Kings)
xoroshytin collected $35.50 from pot
*** SUMMARY ***
Total pot $36 | Rake $0.50
Board [Ac Jd 2h Th 7c]
Seat 1: aremom4e (big blind) showed [Js 9h] and lost with a pair of Jacks
Seat 2: xoroshytin (button) (small blind) showed [Kd Ks] and won ($35.50) with a pair of Kings


PokerStars Hand #148613279661:  Hold'em Limit ($3/$6 USD) - 2016/02/11 9:05:18 ET
Table 'Helewalda' 2-max Seat #1 is the button
Seat 1: aremom4e ($126.54 in chips)
Seat 2: xoroshytin ($100.54 in chips)
aremom4e: posts small blind $1
xoroshytin: posts big blind $3
*** HOLE CARDS ***
aremom4e: calls $2
xoroshytin: raises $3 to $6
aremom4e: calls $3
*** FLOP *** [Td Qc Jh]
xoroshytin: bets $3
aremom4e: folds
Uncalled bet ($3) returned to xoroshytin
xoroshytin collected $11.76 from pot
*** SUMMARY ***
Total pot $12 | Rake $0.24
Board [Td Qc Jh]
Seat 1: aremom4e (button) (small blind) folded on the Flop
Seat 2: xoroshytin (big blind) collected ($11.76)


PokerStars Hand #148613288268:  Hold'em Limit ($3/$6 USD) - 2016/02/11 9:05:29 ET
Table 'Helewalda' 2-max Seat #2 is the button
Seat 1: aremom4e ($120.54 in chips)
Seat 2: xoroshytin ($106.30 in chips)
xoroshytin: posts small blind $1
aremom4e: posts big blind $3
*** HOLE CARDS ***
xoroshytin: raises $3 to $6
aremom4e: calls $3
*** FLOP *** [8c 9s 6d]
aremom4e: checks
xoroshytin: bets $3
aremom4e: folds
Uncalled bet ($3) returned to xoroshytin
xoroshytin collected $11.76 from pot
*** SUMMARY ***
Total pot $12 | Rake $0.24
Board [8c 9s 6d]
Seat 1: aremom4e (big blind) folded on the Flop
Seat 2: xoroshytin (button) (small blind) collected ($11.76)


PokerStars Hand #148613301427:  Hold'em Limit ($3/$6 USD) - 2016/02/11 9:05:47 ET
Table 'Helewalda' 2-max Seat #2 is the button
Seat 1: aremom4e ($117.54 in chips)
Seat 2: xoroshytin ($109.06 in chips)
xoroshytin: posts small blind $1
aremom4e: posts big blind $3
*** HOLE CARDS ***
xoroshytin: folds
Uncalled bet ($2) returned to aremom4e
aremom4e collected $2 from pot
aremom4e: doesn't show hand
*** SUMMARY ***
Total pot $2 | Rake $0
Seat 1: aremom4e (big blind) collected ($2)
Seat 2: xoroshytin (button) (small blind) folded before Flop


PokerStars Hand #148613296678:  Hold'em Limit ($3/$6 USD) - 2016/02/11 9:05:41 ET
Table 'Helewalda' 2-max Seat #1 is the button
Seat 1: aremom4e ($114.54 in chips)
Seat 2: xoroshytin ($112.06 in chips)
aremom4e: posts small blind $1
xoroshytin: posts big blind $3
*** HOLE CARDS ***
aremom4e: raises $3 to $6
xoroshytin: folds
Uncalled bet ($3) returned to aremom4e
aremom4e collected $6 from pot
aremom4e: doesn't show hand
*** SUMMARY ***
Total pot $6 | Rake $0
Seat 1: aremom4e (button) (small blind) collected ($6)
Seat 2: xoroshytin (big blind) folded before Flop


PokerStars Hand #148613314958:  Hold'em Limit ($3/$6 USD) - 2016/02/11 9:06:06 ET
Table 'Helewalda' 2-max Seat #2 is the button
Seat 1: aremom4e ($127.18 in chips)
Seat 2: xoroshytin ($99.06 in chips)
xoroshytin: posts small blind $1
aremom4e: posts big blind $3
*** HOLE CARDS ***
xoroshytin: folds
Uncalled bet ($2) returned to aremom4e
aremom4e collected $2 from pot
aremom4e: doesn't show hand
*** SUMMARY ***
Total pot $2 | Rake $0
Seat 1: aremom4e (big blind) collected ($2)
Seat 2: xoroshytin (button) (small blind) folded before Flop


PokerStars Hand #148613305118:  Hold'em Limit ($3/$6 USD) - 2016/02/11 9:05:52 ET
Table 'Helewalda' 2-max Seat #1 is the button
Seat 1: aremom4e ($118.54 in chips)
Seat 2: xoroshytin ($108.06 in chips)
aremom4e: posts small blind $1
xoroshytin: posts big blind $3
*** HOLE CARDS ***
aremom4e: raises $3 to $6
xoroshytin: calls $3
*** FLOP *** [5s 9d 9c]
xoroshytin: checks
aremom4e: bets $3
xoroshytin: calls $3
*** TURN *** [5s 9d 9c] [Jh]
xoroshytin: checks
aremom4e: bets $6
xoroshytin: folds
Uncalled bet ($6) returned to aremom4e
aremom4e collected $17.64 from pot
aremom4e: doesn't show hand
*** SUMMARY ***
Total pot $18 | Rake $0.36
Board [5s 9d 9c Jh]
Seat 1: aremom4e (button) (small blind) collected ($17.64)
Seat 2: xoroshytin (big blind) folded on the Turn


PokerStars Hand #148613322641:  Hold'em Limit ($3/$6 USD) - 2016/02/11 9:06:16 ET
Table 'Helewalda' 2-max Seat #2 is the button
Seat 1: aremom4e ($131.18 in chips)
Seat 2: xoroshytin ($95.06 in chips)
xoroshytin: posts small blind $1
aremom4e: posts big blind $3
*** HOLE CARDS ***
xoroshytin: raises $3 to $6
aremom4e: folds
Uncalled bet ($3) returned to xoroshytin
xoroshytin collected $6 from pot
*** SUMMARY ***
Total pot $6 | Rake $0
Seat 1: aremom4e (big blind) folded before Flop
Seat 2: xoroshytin (button) (small blind) collected ($6)


PokerStars Hand #148613318502:  Hold'em Limit ($3/$6 USD) - 2016/02/11 9:06:11 ET
Table 'Helewalda' 2-max Seat #1 is the button
Seat 1: aremom4e ($128.18 in chips)
Seat 2: xoroshytin ($98.06 in chips)
aremom4e: posts small blind $1
xoroshytin: posts big blind $3
*** HOLE CARDS ***
aremom4e: raises $3 to $6
xoroshytin: folds
Uncalled bet ($3) returned to aremom4e
aremom4e collected $6 from pot
aremom4e: doesn't show hand
*** SUMMARY ***
Total pot $6 | Rake $0
Seat 1: aremom4e (button) (small blind) collected ($6)
Seat 2: xoroshytin (big blind) folded before Flop


PokerStars Hand #148613336747:  Hold'em Limit ($3/$6 USD) - 2016/02/11 9:06:35 ET
Table 'Helewalda' 2-max Seat #2 is the button
Seat 1: aremom4e ($136.82 in chips)
Seat 2: xoroshytin ($89.06 in chips)
xoroshytin: posts small blind $1
aremom4e: posts big blind $3
*** HOLE CARDS ***
xoroshytin: folds
Uncalled bet ($2) returned to aremom4e
aremom4e collected $2 from pot
aremom4e: doesn't show hand
*** SUMMARY ***
Total pot $2 | Rake $0
Seat 1: aremom4e (big blind) collected ($2)
Seat 2: xoroshytin (button) (small blind) folded before Flop


PokerStars Hand #148613326388:  Hold'em Limit ($3/$6 USD) - 2016/02/11 9:06:21 ET
Table 'Helewalda' 2-max Seat #1 is the button
Seat 1: aremom4e ($128.18 in chips)
Seat 2: xoroshytin ($98.06 in chips)
aremom4e: posts small blind $1
xoroshytin: posts big blind $3
*** HOLE CARDS ***
aremom4e: calls $2
xoroshytin: raises $3 to $6
aremom4e: calls $3
*** FLOP *** [Qd 9d Kh]
xoroshytin: bets $3
aremom4e: calls $3
*** TURN *** [Qd 9d Kh] [Qs]
xoroshytin: checks
aremom4e: bets $6
xoroshytin: folds
Uncalled bet ($6) returned to aremom4e
aremom4e collected $17.64 from pot
aremom4e: doesn't show hand
*** SUMMARY ***
Total pot $18 | Rake $0.36
Board [Qd 9d Kh Qs]
Seat 1: aremom4e (button) (small blind) collected ($17.64)
Seat 2: xoroshytin (big blind) folded on the Turn


PokerStars Hand #148613340053:  Hold'em Limit ($3/$6 USD) - 2016/02/11 9:06:40 ET
Table 'Helewalda' 2-max Seat #1 is the button
Seat 1: aremom4e ($137.82 in chips)
Seat 2: xoroshytin ($88.06 in chips)
aremom4e: posts small blind $1
xoroshytin: posts big blind $3
*** HOLE CARDS ***
aremom4e: raises $3 to $6
xoroshytin: calls $3
*** FLOP *** [3d 6d Qd]
xoroshytin: checks
aremom4e: bets $3
xoroshytin: calls $3
*** TURN *** [3d 6d Qd] [Ts]
xoroshytin: checks
aremom4e: checks
*** RIVER *** [3d 6d Qd Ts] [7c]
xoroshytin: checks
aremom4e: checks
*** SHOW DOWN ***
xoroshytin: shows [Ah 5s] (high card Ace)
aremom4e: shows [8s 6h] (a pair of Sixes)
aremom4e collected $17.64 from pot
*** SUMMARY ***
Total pot $18 | Rake $0.36
Board [3d 6d Qd Ts 7c]
Seat 1: aremom4e (button) (small blind) showed [8s 6h] and won ($17.64) with a pair of Sixes
Seat 2: xoroshytin (big blind) showed [Ah 5s] and lost with high card Ace


PokerStars Hand #148613349542:  Hold'em Limit ($3/$6 USD) - 2016/02/11 9:06:53 ET
Table 'Helewalda' 2-max Seat #2 is the button
Seat 1: aremom4e ($146.46 in chips)
Seat 2: xoroshytin ($79.06 in chips)
xoroshytin: posts small blind $1
aremom4e: posts big blind $3
*** HOLE CARDS ***
xoroshytin: raises $3 to $6
aremom4e: raises $3 to $9
xoroshytin: calls $3
*** FLOP *** [3s 9c 9h]
aremom4e: bets $3
xoroshytin: calls $3
*** TURN *** [3s 9c 9h] [Jc]
aremom4e: bets $6
xoroshytin: folds
Uncalled bet ($6) returned to aremom4e
aremom4e collected $23.52 from pot
aremom4e: doesn't show hand
*** SUMMARY ***
Total pot $24 | Rake $0.48
Board [3s 9c 9h Jc]
Seat 1: aremom4e (big blind) collected ($23.52)
Seat 2: xoroshytin (button) (small blind) folded on the Turn


PokerStars Hand #148613369310:  Hold'em Limit ($3/$6 USD) - 2016/02/11 9:07:20 ET
Table 'Helewalda' 2-max Seat #2 is the button
Seat 1: aremom4e ($133.98 in chips)
Seat 2: xoroshytin ($90.56 in chips)
xoroshytin: posts small blind $1
aremom4e: posts big blind $3
*** HOLE CARDS ***
xoroshytin: raises $3 to $6
aremom4e: folds
Uncalled bet ($3) returned to xoroshytin
xoroshytin collected $6 from pot
*** SUMMARY ***
Total pot $6 | Rake $0
Seat 1: aremom4e (big blind) folded before Flop
Seat 2: xoroshytin (button) (small blind) collected ($6)


PokerStars Hand #148613357257:  Hold'em Limit ($3/$6 USD) - 2016/02/11 9:07:03 ET
Table 'Helewalda' 2-max Seat #1 is the button
Seat 1: aremom4e ($157.98 in chips)
Seat 2: xoroshytin ($67.06 in chips)
aremom4e: posts small blind $1
xoroshytin: posts big blind $3
*** HOLE CARDS ***
aremom4e: raises $3 to $6
xoroshytin: raises $3 to $9
aremom4e: calls $3
*** FLOP *** [8h 7s 6d]
xoroshytin: bets $3
aremom4e: calls $3
*** TURN *** [8h 7s 6d] [6h]
xoroshytin: bets $6
aremom4e: raises $6 to $12
xoroshytin: calls $6
*** RIVER *** [8h 7s 6d 6h] [7h]
xoroshytin: checks
aremom4e: checks
*** SHOW DOWN ***
xoroshytin: shows [Qh Kh] (a flush, King high)
aremom4e: mucks hand
xoroshytin collected $47.50 from pot
*** SUMMARY ***
Total pot $48 | Rake $0.50
Board [8h 7s 6d 6h 7h]
Seat 1: aremom4e (button) (small blind) mucked
Seat 2: xoroshytin (big blind) showed [Qh Kh] and won ($47.50) with a flush, King high


PokerStars Hand #148613377281:  Hold'em Limit ($3/$6 USD) - 2016/02/11 9:07:30 ET
Table 'Helewalda' 2-max Seat #2 is the button
Seat 1: aremom4e ($133.98 in chips)
Seat 2: xoroshytin ($90.56 in chips)
xoroshytin: posts small blind $1
aremom4e: posts big blind $3
*** HOLE CARDS ***
xoroshytin: folds
Uncalled bet ($2) returned to aremom4e
aremom4e collected $2 from pot
aremom4e: doesn't show hand
*** SUMMARY ***
Total pot $2 | Rake $0
Seat 1: aremom4e (big blind) collected ($2)
Seat 2: xoroshytin (button) (small blind) folded before Flop


PokerStars Hand #148613373103:  Hold'em Limit ($3/$6 USD) - 2016/02/11 9:07:25 ET
Table 'Helewalda' 2-max Seat #1 is the button
Seat 1: aremom4e ($130.98 in chips)
Seat 2: xoroshytin ($93.56 in chips)
aremom4e: posts small blind $1
xoroshytin: posts big blind $3
*** HOLE CARDS ***
aremom4e: raises $3 to $6
xoroshytin: folds
Uncalled bet ($3) returned to aremom4e
aremom4e collected $6 from pot
aremom4e: doesn't show hand
*** SUMMARY ***
Total pot $6 | Rake $0
Seat 1: aremom4e (button) (small blind) collected ($6)
Seat 2: xoroshytin (big blind) folded before Flop


PokerStars Hand #148613380929:  Hold'em Limit ($3/$6 USD) - 2016/02/11 9:07:35 ET
Table 'Helewalda' 2-max Seat #1 is the button
Seat 1: aremom4e ($134.98 in chips)
Seat 2: xoroshytin ($89.56 in chips)
aremom4e: posts small blind $1
xoroshytin: posts big blind $3
*** HOLE CARDS ***
aremom4e: raises $3 to $6
xoroshytin: calls $3
*** FLOP *** [3c Qd 4d]
xoroshytin: checks
aremom4e: bets $3
xoroshytin: folds
Uncalled bet ($3) returned to aremom4e
aremom4e collected $11.76 from pot
aremom4e: doesn't show hand
*** SUMMARY ***
Total pot $12 | Rake $0.24
Board [3c Qd 4d]
Seat 1: aremom4e (button) (small blind) collected ($11.76)
Seat 2: xoroshytin (big blind) folded on the Flop


PokerStars Hand #148613387580:  Hold'em Limit ($3/$6 USD) - 2016/02/11 9:07:44 ET
Table 'Helewalda' 2-max Seat #2 is the button
Seat 1: aremom4e ($140.74 in chips)
Seat 2: xoroshytin ($83.56 in chips)
xoroshytin: posts small blind $1
aremom4e: posts big blind $3
*** HOLE CARDS ***
xoroshytin: raises $3 to $6
aremom4e: raises $3 to $9
xoroshytin: calls $3
*** FLOP *** [Jd 4s 9c]
aremom4e: bets $3
xoroshytin: raises $3 to $6
aremom4e: calls $3
*** TURN *** [Jd 4s 9c] [3h]
aremom4e: checks
xoroshytin: checks
*** RIVER *** [Jd 4s 9c 3h] [Ts]
aremom4e: bets $6
xoroshytin: raises $6 to $12
aremom4e: calls $6
*** SHOW DOWN ***
xoroshytin: shows [Qc Ks] (a straight, Nine to King)
aremom4e: mucks hand
xoroshytin collected $53.50 from pot
*** SUMMARY ***
Total pot $54 | Rake $0.50
Board [Jd 4s 9c 3h Ts]
Seat 1: aremom4e (big blind) mucked
Seat 2: xoroshytin (button) (small blind) showed [Qc Ks] and won ($53.50) with a straight, Nine to King


PokerStars Hand #148613404419:  Hold'em Limit ($3/$6 USD) - 2016/02/11 9:08:07 ET
Table 'Helewalda' 2-max Seat #2 is the button
Seat 1: aremom4e ($112.74 in chips)
Seat 2: xoroshytin ($111.06 in chips)
xoroshytin: posts small blind $1
aremom4e: posts big blind $3
*** HOLE CARDS ***
xoroshytin: raises $3 to $6
aremom4e: folds
Uncalled bet ($3) returned to xoroshytin
xoroshytin collected $6 from pot
*** SUMMARY ***
Total pot $6 | Rake $0
Seat 1: aremom4e (big blind) folded before Flop
Seat 2: xoroshytin (button) (small blind) collected ($6)


PokerStars Hand #148613399891:  Hold'em Limit ($3/$6 USD) - 2016/02/11 9:08:01 ET
Table 'Helewalda' 2-max Seat #1 is the button
Seat 1: aremom4e ($113.74 in chips)
Seat 2: xoroshytin ($110.06 in chips)
aremom4e: posts small blind $1
xoroshytin: posts big blind $3
*** HOLE CARDS ***
aremom4e: folds
Uncalled bet ($2) returned to xoroshytin
xoroshytin collected $2 from pot
*** SUMMARY ***
Total pot $2 | Rake $0
Seat 1: aremom4e (button) (small blind) folded before Flop
Seat 2: xoroshytin (big blind) collected ($2)


