PokerStars Hand #169076120423:  Hold'em Limit ($3/$6 USD) - 2017/04/15 11:32:24 ET
Table 'Helene III' 10-max Seat #5 is the button
Seat 5: Titobe1317 ($56.50 in chips)
Seat 6: GoliafUa ($99 in chips)
Titobe1317: posts small blind $1
GoliafUa: posts big blind $3
*** HOLE CARDS ***
Titobe1317: calls $2
GoliafUa: checks
*** FLOP *** [Ts 5c 5h]
GoliafUa: checks
Titobe1317: checks
*** TURN *** [Ts 5c 5h] [2c]
GoliafUa: checks
Titobe1317: checks
*** RIVER *** [Ts 5c 5h 2c] [4c]
GoliafUa: checks
Titobe1317: checks
*** SHOW DOWN ***
GoliafUa: shows [Kh 3d] (a pair of Fives)
Titobe1317: mucks hand
GoliafUa collected $5.88 from pot
*** SUMMARY ***
Total pot $6 | Rake $0.12
Board [Ts 5c 5h 2c 4c]
Seat 5: Titobe1317 (button) (small blind) mucked
Seat 6: GoliafUa (big blind) showed [Kh 3d] and won ($5.88) with a pair of Fives


PokerStars Hand #169076137493:  Hold'em Limit ($3/$6 USD) - 2017/04/15 11:32:49 ET
Table 'Helene III' 10-max Seat #6 is the button
Seat 5: Titobe1317 ($53.50 in chips)
Seat 6: GoliafUa ($101.88 in chips)
GoliafUa: posts small blind $1
Titobe1317: posts big blind $3
*** HOLE CARDS ***
GoliafUa: raises $3 to $6
Titobe1317: calls $3
*** FLOP *** [Td Kh 5h]
Titobe1317: checks
GoliafUa: bets $3
Titobe1317: calls $3
*** TURN *** [Td Kh 5h] [4c]
Titobe1317: checks
GoliafUa: bets $6
Titobe1317: calls $6
*** RIVER *** [Td Kh 5h 4c] [3d]
Titobe1317: checks
GoliafUa: checks
*** SHOW DOWN ***
Titobe1317: shows [Kd 3h] (two pair, Kings and Threes)
GoliafUa: mucks hand
Titobe1317 collected $29.50 from pot
*** SUMMARY ***
Total pot $30 | Rake $0.50
Board [Td Kh 5h 4c 3d]
Seat 5: Titobe1317 (big blind) showed [Kd 3h] and won ($29.50) with two pair, Kings and Threes
Seat 6: GoliafUa (button) (small blind) mucked


PokerStars Hand #169076160725:  Hold'em Limit ($3/$6 USD) - 2017/04/15 11:33:23 ET
Table 'Helene III' 10-max Seat #5 is the button
Seat 5: Titobe1317 ($68 in chips)
Seat 6: GoliafUa ($86.88 in chips)
Titobe1317: posts small blind $1
GoliafUa: posts big blind $3
*** HOLE CARDS ***
Titobe1317: calls $2
MTails joins the table at seat #4
GoliafUa: raises $3 to $6
Titobe1317: calls $3
*** FLOP *** [5c 2d 7h]
GoliafUa: bets $3
Titobe1317: calls $3
*** TURN *** [5c 2d 7h] [4d]
GoliafUa: bets $6
Titobe1317: calls $6
*** RIVER *** [5c 2d 7h 4d] [4c]
GoliafUa: checks
Titobe1317: checks
*** SHOW DOWN ***
GoliafUa: shows [As 6d] (a pair of Fours)
Titobe1317: shows [Ad 7c] (two pair, Sevens and Fours)
Titobe1317 collected $29.50 from pot
*** SUMMARY ***
Total pot $30 | Rake $0.50
Board [5c 2d 7h 4d 4c]
Seat 5: Titobe1317 (button) (small blind) showed [Ad 7c] and won ($29.50) with two pair, Sevens and Fours
Seat 6: GoliafUa (big blind) showed [As 6d] and lost with a pair of Fours


PokerStars Hand #169076382355:  Hold'em Limit ($3/$6 USD) - 2017/04/15 11:38:44 ET
Table 'Helene III' 10-max Seat #4 is the button
Seat 4: MTails ($58.63 in chips)
Seat 7: MTLranger54 ($132.72 in chips)
MTails: posts small blind $1
MTLranger54: posts big blind $3
*** HOLE CARDS ***
MTails: raises $3 to $6
MTLranger54: calls $3
*** FLOP *** [Ac 7c Ts]
MTLranger54: checks
MTails: bets $3
MTLranger54: calls $3
*** TURN *** [Ac 7c Ts] [Ad]
MTLranger54: checks
MTails: bets $6
MTLranger54: raises $6 to $12
MTails: raises $6 to $18
MTLranger54: calls $6
*** RIVER *** [Ac 7c Ts Ad] [Js]
MTLranger54: checks
MTails: bets $6
MTLranger54: calls $6
*** SHOW DOWN ***
MTails: shows [Ah 5h] (three of a kind, Aces)
MTLranger54: shows [4s As] (three of a kind, Aces)
MTLranger54 collected $32.75 from pot
MTails collected $32.75 from pot
*** SUMMARY ***
Total pot $66 | Rake $0.50
Board [Ac 7c Ts Ad Js]
Seat 4: MTails (button) (small blind) showed [Ah 5h] and won ($32.75) with three of a kind, Aces
Seat 7: MTLranger54 (big blind) showed [4s As] and won ($32.75) with three of a kind, Aces


PokerStars Hand #169076397228:  Hold'em Limit ($3/$6 USD) - 2017/04/15 11:39:06 ET
Table 'Helene III' 10-max Seat #7 is the button
Seat 4: MTails ($118.38 in chips)
Seat 7: MTLranger54 ($132.47 in chips)
MTLranger54: posts small blind $1
MTails: posts big blind $3
*** HOLE CARDS ***
MTLranger54: folds
Uncalled bet ($2) returned to MTails
MTails collected $2 from pot
*** SUMMARY ***
Total pot $2 | Rake $0
Seat 4: MTails (big blind) collected ($2)
Seat 7: MTLranger54 (button) (small blind) folded before Flop


