PokerStars Hand #176127024688:  Hold'em Limit ($3/$6 USD) - 2017/09/25 19:39:52 ET
Table 'Helenos' 6-max Seat #3 is the button
Seat 3: dovatora35 ($120 in chips)
Seat 4: Actionni13 ($150 in chips)
dovatora35: posts small blind $1
Actionni13: posts big blind $3
*** HOLE CARDS ***
dovatora35: calls $2
Actionni13: raises $3 to $6
dovatora35: calls $3
*** FLOP *** [7d Th Jc]
Actionni13: bets $3
dovatora35: folds
Uncalled bet ($3) returned to Actionni13
Actionni13 collected $11.76 from pot
Actionni13: doesn't show hand
*** SUMMARY ***
Total pot $12 | Rake $0.24
Board [7d Th Jc]
Seat 3: dovatora35 (button) (small blind) folded on the Flop
Seat 4: Actionni13 (big blind) collected ($11.76)


PokerStars Hand #176127045647:  Hold'em Limit ($3/$6 USD) - 2017/09/25 19:40:32 ET
Table 'Helenos' 6-max Seat #3 is the button
Seat 3: dovatora35 ($131.50 in chips)
Seat 4: Actionni13 ($150 in chips)
dovatora35: posts small blind $1
Actionni13: posts big blind $3
*** HOLE CARDS ***
dovatora35: calls $2
Actionni13: checks
*** FLOP *** [9h Ks 8d]
Actionni13: checks
dovatora35: bets $3
Actionni13: raises $3 to $6
dovatora35: calls $3
*** TURN *** [9h Ks 8d] [7h]
Actionni13: bets $6
dovatora35: raises $6 to $12
Actionni13: folds
Uncalled bet ($6) returned to dovatora35
dovatora35 collected $29.50 from pot
dovatora35: doesn't show hand
*** SUMMARY ***
Total pot $30 | Rake $0.50
Board [9h Ks 8d 7h]
Seat 3: dovatora35 (button) (small blind) collected ($29.50)
Seat 4: Actionni13 (big blind) folded on the Turn


PokerStars Hand #176127033374:  Hold'em Limit ($3/$6 USD) - 2017/09/25 19:40:09 ET
Table 'Helenos' 6-max Seat #4 is the button
Seat 3: dovatora35 ($114 in chips)
Seat 4: Actionni13 ($155.76 in chips)
Actionni13: posts small blind $1
dovatora35: posts big blind $3
*** HOLE CARDS ***
Actionni13: raises $3 to $6
dovatora35: calls $3
*** FLOP *** [Kd Ts 7s]
dovatora35: checks
Actionni13: bets $3
dovatora35: raises $3 to $6
Actionni13: calls $3
*** TURN *** [Kd Ts 7s] [6c]
dovatora35: bets $6
Actionni13: calls $6
*** RIVER *** [Kd Ts 7s 6c] [8h]
dovatora35: checks
Actionni13: checks
*** SHOW DOWN ***
dovatora35: shows [Ks 3c] (a pair of Kings)
Actionni13: mucks hand
dovatora35 collected $35.50 from pot
*** SUMMARY ***
Total pot $36 | Rake $0.50
Board [Kd Ts 7s 6c 8h]
Seat 3: dovatora35 (big blind) showed [Ks 3c] and won ($35.50) with a pair of Kings
Seat 4: Actionni13 (button) (small blind) mucked


PokerStars Hand #176127057635:  Hold'em Limit ($3/$6 USD) - 2017/09/25 19:40:55 ET
Table 'Helenos' 6-max Seat #4 is the button
Seat 3: dovatora35 ($146 in chips)
Seat 4: Actionni13 ($150 in chips)
Actionni13: posts small blind $1
dovatora35: posts big blind $3
*** HOLE CARDS ***
Actionni13: raises $3 to $6
dovatora35: calls $3
*** FLOP *** [6h 2s 8s]
dovatora35: checks
Actionni13: bets $3
dovatora35: calls $3
*** TURN *** [6h 2s 8s] [Qc]
dovatora35: checks
Actionni13: bets $6
dovatora35: folds
Uncalled bet ($6) returned to Actionni13
Actionni13 collected $17.64 from pot
Actionni13: doesn't show hand
*** SUMMARY ***
Total pot $18 | Rake $0.36
Board [6h 2s 8s Qc]
Seat 3: dovatora35 (big blind) folded on the Turn
Seat 4: Actionni13 (button) (small blind) collected ($17.64)


PokerStars Hand #176127080997:  Hold'em Limit ($3/$6 USD) - 2017/09/25 19:41:32 ET
Table 'Helenos' 6-max Seat #3 is the button
Seat 3: dovatora35 ($137 in chips)
Seat 4: Actionni13 ($158.64 in chips)
dovatora35: posts small blind $1
Actionni13: posts big blind $3
*** HOLE CARDS ***
dovatora35: calls $2
Actionni13: checks
*** FLOP *** [Kh 4d 4c]
Actionni13: bets $3
dovatora35: calls $3
*** TURN *** [Kh 4d 4c] [2h]
Actionni13: checks
dovatora35: checks
*** RIVER *** [Kh 4d 4c 2h] [9s]
Actionni13: bets $6
dovatora35: calls $6
*** SHOW DOWN ***
Actionni13: shows [Qh 4s] (three of a kind, Fours)
dovatora35: mucks hand
Actionni13 collected $23.52 from pot
*** SUMMARY ***
Total pot $24 | Rake $0.48
Board [Kh 4d 4c 2h 9s]
Seat 3: dovatora35 (button) (small blind) mucked
Seat 4: Actionni13 (big blind) showed [Qh 4s] and won ($23.52) with three of a kind, Fours


PokerStars Hand #176127105894:  Hold'em Limit ($3/$6 USD) - 2017/09/25 19:42:20 ET
Table 'Helenos' 6-max Seat #3 is the button
Seat 3: dovatora35 ($110 in chips)
Seat 4: Actionni13 ($184.66 in chips)
dovatora35: posts small blind $1
Actionni13: posts big blind $3
*** HOLE CARDS ***
dovatora35: folds
Uncalled bet ($2) returned to Actionni13
Actionni13 collected $2 from pot
Actionni13: doesn't show hand
*** SUMMARY ***
Total pot $2 | Rake $0
Seat 3: dovatora35 (button) (small blind) folded before Flop
Seat 4: Actionni13 (big blind) collected ($2)


PokerStars Hand #176127094173:  Hold'em Limit ($3/$6 USD) - 2017/09/25 19:41:57 ET
Table 'Helenos' 6-max Seat #4 is the button
Seat 3: dovatora35 ($125 in chips)
Seat 4: Actionni13 ($170.16 in chips)
Actionni13: posts small blind $1
dovatora35: posts big blind $3
*** HOLE CARDS ***
Actionni13: raises $3 to $6
dovatora35: calls $3
*** FLOP *** [8d 9d Td]
dovatora35: checks
Actionni13: bets $3
dovatora35: calls $3
*** TURN *** [8d 9d Td] [2c]
dovatora35: checks
Actionni13: bets $6
dovatora35: calls $6
*** RIVER *** [8d 9d Td 2c] [6h]
dovatora35: checks
Actionni13: checks
*** SHOW DOWN ***
dovatora35: shows [3h 5d] (high card Ten)
Actionni13: shows [Ah 9s] (a pair of Nines)
Actionni13 collected $29.50 from pot
*** SUMMARY ***
Total pot $30 | Rake $0.50
Board [8d 9d Td 2c 6h]
Seat 3: dovatora35 (big blind) showed [3h 5d] and lost with high card Ten
Seat 4: Actionni13 (button) (small blind) showed [Ah 9s] and won ($29.50) with a pair of Nines


PokerStars Hand #176127108464:  Hold'em Limit ($3/$6 USD) - 2017/09/25 19:42:24 ET
Table 'Helenos' 6-max Seat #4 is the button
Seat 3: dovatora35 ($109 in chips)
Seat 4: Actionni13 ($185.66 in chips)
Actionni13: posts small blind $1
dovatora35: posts big blind $3
*** HOLE CARDS ***
Actionni13: raises $3 to $6
dovatora35: calls $3
*** FLOP *** [Qs Qd 6s]
dovatora35: checks
Actionni13: bets $3
dovatora35: calls $3
*** TURN *** [Qs Qd 6s] [Ad]
dovatora35: checks
Actionni13: checks
*** RIVER *** [Qs Qd 6s Ad] [Kd]
dovatora35: bets $6
Actionni13: folds
Uncalled bet ($6) returned to dovatora35
dovatora35 collected $17.64 from pot
*** SUMMARY ***
Total pot $18 | Rake $0.36
Board [Qs Qd 6s Ad Kd]
Seat 3: dovatora35 (big blind) collected ($17.64)
Seat 4: Actionni13 (button) (small blind) folded on the River


PokerStars Hand #176127148820:  Hold'em Limit ($3/$6 USD) - 2017/09/25 19:43:42 ET
Table 'Helenos' 6-max Seat #3 is the button
Seat 3: dovatora35 ($108.28 in chips)
Seat 4: Actionni13 ($185.16 in chips)
dovatora35: posts small blind $1
Actionni13: posts big blind $3
*** HOLE CARDS ***
dovatora35: raises $3 to $6
Actionni13: calls $3
*** FLOP *** [Jc 6c 8d]
Actionni13: checks
dovatora35: bets $3
Actionni13: folds
Uncalled bet ($3) returned to dovatora35
dovatora35 collected $11.76 from pot
dovatora35: doesn't show hand
*** SUMMARY ***
Total pot $12 | Rake $0.24
Board [Jc 6c 8d]
Seat 3: dovatora35 (button) (small blind) collected ($11.76)
Seat 4: Actionni13 (big blind) folded on the Flop


PokerStars Hand #176127165463:  Hold'em Limit ($3/$6 USD) - 2017/09/25 19:44:14 ET
Table 'Helenos' 6-max Seat #3 is the button
Seat 3: dovatora35 ($108.04 in chips)
Seat 4: Actionni13 ($184.92 in chips)
dovatora35: posts small blind $1
Actionni13: posts big blind $3
*** HOLE CARDS ***
dovatora35: folds
Uncalled bet ($2) returned to Actionni13
Actionni13 collected $2 from pot
*** SUMMARY ***
Total pot $2 | Rake $0
Seat 3: dovatora35 (button) (small blind) folded before Flop
Seat 4: Actionni13 (big blind) collected ($2)


PokerStars Hand #176127157877:  Hold'em Limit ($3/$6 USD) - 2017/09/25 19:43:59 ET
Table 'Helenos' 6-max Seat #4 is the button
Seat 3: dovatora35 ($114.04 in chips)
Seat 4: Actionni13 ($179.16 in chips)
Actionni13: posts small blind $1
dovatora35: posts big blind $3
*** HOLE CARDS ***
Actionni13: raises $3 to $6
dovatora35: calls $3
*** FLOP *** [As 9s 9d]
dovatora35: checks
Actionni13: bets $3
dovatora35: folds
Uncalled bet ($3) returned to Actionni13
Actionni13 collected $11.76 from pot
Actionni13: doesn't show hand
*** SUMMARY ***
Total pot $12 | Rake $0.24
Board [As 9s 9d]
Seat 3: dovatora35 (big blind) folded on the Flop
Seat 4: Actionni13 (button) (small blind) collected ($11.76)


PokerStars Hand #176127124192:  Hold'em Limit ($3/$6 USD) - 2017/09/25 19:42:54 ET
Table 'Helenos' 6-max Seat #3 is the button
Seat 3: dovatora35 ($117.64 in chips)
Seat 4: Actionni13 ($176.66 in chips)
dovatora35: posts small blind $1
Actionni13: posts big blind $3
*** HOLE CARDS ***
dovatora35: calls $2
Actionni13: checks
*** FLOP *** [7c 6c 3h]
Actionni13: bets $3
dovatora35: calls $3
*** TURN *** [7c 6c 3h] [Tc]
Actionni13: bets $6
dovatora35: calls $6
*** RIVER *** [7c 6c 3h Tc] [4d]
Actionni13: bets $6
dovatora35: calls $6
*** SHOW DOWN ***
Actionni13: shows [4c 8c] (a flush, Ten high)
dovatora35: mucks hand
Actionni13 collected $35.50 from pot
*** SUMMARY ***
Total pot $36 | Rake $0.50
Board [7c 6c 3h Tc 4d]
Seat 3: dovatora35 (button) (small blind) mucked
Seat 4: Actionni13 (big blind) showed [4c 8c] and won ($35.50) with a flush, Ten high


PokerStars Hand #176127137891:  Hold'em Limit ($3/$6 USD) - 2017/09/25 19:43:21 ET
Table 'Helenos' 6-max Seat #4 is the button
Seat 3: dovatora35 ($99.64 in chips)
Seat 4: Actionni13 ($194.16 in chips)
Actionni13: posts small blind $1
dovatora35: posts big blind $3
*** HOLE CARDS ***
Actionni13: raises $3 to $6
dovatora35: calls $3
*** FLOP *** [Ts 6c 4h]
dovatora35: checks
Actionni13: bets $3
dovatora35: calls $3
*** TURN *** [Ts 6c 4h] [8h]
dovatora35: checks
Actionni13: checks
*** RIVER *** [Ts 6c 4h 8h] [7c]
dovatora35: checks
Actionni13: checks
*** SHOW DOWN ***
dovatora35: shows [5s 4d] (a straight, Four to Eight)
Actionni13: mucks hand
dovatora35 collected $17.64 from pot
*** SUMMARY ***
Total pot $18 | Rake $0.36
Board [Ts 6c 4h 8h 7c]
Seat 3: dovatora35 (big blind) showed [5s 4d] and won ($17.64) with a straight, Four to Eight
Seat 4: Actionni13 (button) (small blind) mucked


PokerStars Hand #176127187595:  Hold'em Limit ($3/$6 USD) - 2017/09/25 19:44:57 ET
Table 'Helenos' 6-max Seat #3 is the button
Seat 3: dovatora35 ($86.04 in chips)
Seat 4: Actionni13 ($206.42 in chips)
dovatora35: posts small blind $1
Actionni13: posts big blind $3
*** HOLE CARDS ***
dovatora35: raises $3 to $6
Actionni13: folds
Uncalled bet ($3) returned to dovatora35
dovatora35 collected $6 from pot
dovatora35: doesn't show hand
*** SUMMARY ***
Total pot $6 | Rake $0
Seat 3: dovatora35 (button) (small blind) collected ($6)
Seat 4: Actionni13 (big blind) folded before Flop


PokerStars Hand #176127168091:  Hold'em Limit ($3/$6 USD) - 2017/09/25 19:44:19 ET
Table 'Helenos' 6-max Seat #4 is the button
Seat 3: dovatora35 ($107.04 in chips)
Seat 4: Actionni13 ($185.92 in chips)
Actionni13: posts small blind $1
dovatora35: posts big blind $3
*** HOLE CARDS ***
Actionni13: raises $3 to $6
dovatora35: calls $3
*** FLOP *** [8s 5d 6c]
dovatora35: checks
Actionni13: bets $3
dovatora35: calls $3
*** TURN *** [8s 5d 6c] [Qc]
dovatora35: checks
Actionni13: bets $6
dovatora35: calls $6
*** RIVER *** [8s 5d 6c Qc] [5h]
dovatora35: bets $6
Actionni13: calls $6
*** SHOW DOWN ***
dovatora35: shows [3d 4c] (a pair of Fives)
Actionni13: shows [6d Jc] (two pair, Sixes and Fives)
Actionni13 collected $41.50 from pot
*** SUMMARY ***
Total pot $42 | Rake $0.50
Board [8s 5d 6c Qc 5h]
Seat 3: dovatora35 (big blind) showed [3d 4c] and lost with a pair of Fives
Seat 4: Actionni13 (button) (small blind) showed [6d Jc] and won ($41.50) with two pair, Sixes and Fives


PokerStars Hand #176127218393:  Hold'em Limit ($3/$6 USD) - 2017/09/25 19:45:56 ET
Table 'Helenos' 6-max Seat #4 is the button
Seat 3: dovatora35 ($82.04 in chips)
Seat 4: Actionni13 ($210.18 in chips)
Actionni13: posts small blind $1
dovatora35: posts big blind $3
*** HOLE CARDS ***
Actionni13: raises $3 to $6
dovatora35: folds
Uncalled bet ($3) returned to Actionni13
Actionni13 collected $6 from pot
Actionni13: doesn't show hand
*** SUMMARY ***
Total pot $6 | Rake $0
Seat 3: dovatora35 (big blind) folded before Flop
Seat 4: Actionni13 (button) (small blind) collected ($6)


PokerStars Hand #176127204421:  Hold'em Limit ($3/$6 USD) - 2017/09/25 19:45:29 ET
Table 'Helenos' 6-max Seat #4 is the button
Seat 3: dovatora35 ($82.04 in chips)
Seat 4: Actionni13 ($210.18 in chips)
Actionni13: posts small blind $1
dovatora35: posts big blind $3
*** HOLE CARDS ***
Actionni13: folds
Uncalled bet ($2) returned to dovatora35
dovatora35 collected $2 from pot
*** SUMMARY ***
Total pot $2 | Rake $0
Seat 3: dovatora35 (big blind) collected ($2)
Seat 4: Actionni13 (button) (small blind) folded before Flop


PokerStars Hand #176127201778:  Hold'em Limit ($3/$6 USD) - 2017/09/25 19:45:24 ET
Table 'Helenos' 6-max Seat #3 is the button
Seat 3: dovatora35 ($83.04 in chips)
Seat 4: Actionni13 ($209.18 in chips)
dovatora35: posts small blind $1
Actionni13: posts big blind $3
*** HOLE CARDS ***
dovatora35: folds
Uncalled bet ($2) returned to Actionni13
Actionni13 collected $2 from pot
Actionni13: doesn't show hand
*** SUMMARY ***
Total pot $2 | Rake $0
Seat 3: dovatora35 (button) (small blind) folded before Flop
Seat 4: Actionni13 (big blind) collected ($2)


PokerStars Hand #176127195028:  Hold'em Limit ($3/$6 USD) - 2017/09/25 19:45:11 ET
Table 'Helenos' 6-max Seat #4 is the button
Seat 3: dovatora35 ($89.04 in chips)
Seat 4: Actionni13 ($203.42 in chips)
Actionni13: posts small blind $1
dovatora35: posts big blind $3
*** HOLE CARDS ***
Actionni13: raises $3 to $6
dovatora35: calls $3
*** FLOP *** [Ts 2c 5s]
dovatora35: checks
Actionni13: bets $3
dovatora35: folds
Uncalled bet ($3) returned to Actionni13
Actionni13 collected $11.76 from pot
*** SUMMARY ***
Total pot $12 | Rake $0.24
Board [Ts 2c 5s]
Seat 3: dovatora35 (big blind) folded on the Flop
Seat 4: Actionni13 (button) (small blind) collected ($11.76)


PokerStars Hand #176127225943:  Hold'em Limit ($3/$6 USD) - 2017/09/25 19:46:11 ET
Table 'Helenos' 6-max Seat #3 is the button
Seat 3: dovatora35 ($79.04 in chips)
Seat 4: Actionni13 ($213.18 in chips)
dovatora35: posts small blind $1
Actionni13: posts big blind $3
*** HOLE CARDS ***
dovatora35: calls $2
Actionni13: raises $3 to $6
dovatora35: calls $3
*** FLOP *** [7s Jd 9d]
Actionni13: bets $3
dovatora35: calls $3
*** TURN *** [7s Jd 9d] [Th]
Actionni13: checks
dovatora35: bets $6
Actionni13: calls $6
*** RIVER *** [7s Jd 9d Th] [6h]
Actionni13: checks
dovatora35: bets $6
Actionni13: folds
Uncalled bet ($6) returned to dovatora35
dovatora35 collected $29.50 from pot
*** SUMMARY ***
Total pot $30 | Rake $0.50
Board [7s Jd 9d Th 6h]
Seat 3: dovatora35 (button) (small blind) collected ($29.50)
Seat 4: Actionni13 (big blind) folded on the River


PokerStars Hand #176127256401:  Hold'em Limit ($3/$6 USD) - 2017/09/25 19:47:10 ET
Table 'Helenos' 6-max Seat #3 is the button
Seat 3: dovatora35 ($87.54 in chips)
Seat 4: Actionni13 ($203.94 in chips)
dovatora35: posts small blind $1
Actionni13: posts big blind $3
*** HOLE CARDS ***
dovatora35: raises $3 to $6
Actionni13: folds
Uncalled bet ($3) returned to dovatora35
dovatora35 collected $6 from pot
dovatora35: doesn't show hand
*** SUMMARY ***
Total pot $6 | Rake $0
Seat 3: dovatora35 (button) (small blind) collected ($6)
Seat 4: Actionni13 (big blind) folded before Flop


PokerStars Hand #176127248989:  Hold'em Limit ($3/$6 USD) - 2017/09/25 19:46:56 ET
Table 'Helenos' 6-max Seat #4 is the button
Seat 3: dovatora35 ($93.54 in chips)
Seat 4: Actionni13 ($198.18 in chips)
Actionni13: posts small blind $1
dovatora35: posts big blind $3
*** HOLE CARDS ***
Actionni13: raises $3 to $6
dovatora35: calls $3
*** FLOP *** [Th As Qd]
dovatora35: checks
Actionni13: bets $3
dovatora35: folds
Uncalled bet ($3) returned to Actionni13
Actionni13 collected $11.76 from pot
Actionni13: doesn't show hand
*** SUMMARY ***
Total pot $12 | Rake $0.24
Board [Th As Qd]
Seat 3: dovatora35 (big blind) folded on the Flop
Seat 4: Actionni13 (button) (small blind) collected ($11.76)


PokerStars Hand #176127261539:  Hold'em Limit ($3/$6 USD) - 2017/09/25 19:47:20 ET
Table 'Helenos' 6-max Seat #4 is the button
Seat 3: dovatora35 ($90.54 in chips)
Seat 4: Actionni13 ($200.94 in chips)
Actionni13: posts small blind $1
dovatora35: posts big blind $3
*** HOLE CARDS ***
Actionni13: raises $3 to $6
dovatora35: raises $3 to $9
Actionni13: calls $3
*** FLOP *** [Kd 7h 3d]
dovatora35: bets $3
Actionni13: calls $3
*** TURN *** [Kd 7h 3d] [8h]
dovatora35: bets $6
Actionni13: raises $6 to $12
dovatora35: folds
Uncalled bet ($6) returned to Actionni13
Actionni13 collected $35.50 from pot
Actionni13: doesn't show hand
*** SUMMARY ***
Total pot $36 | Rake $0.50
Board [Kd 7h 3d 8h]
Seat 3: dovatora35 (big blind) folded on the Turn
Seat 4: Actionni13 (button) (small blind) collected ($35.50)


PokerStars Hand #176127279216:  Hold'em Limit ($3/$6 USD) - 2017/09/25 19:47:54 ET
Table 'Helenos' 6-max Seat #3 is the button
Seat 3: dovatora35 ($72.54 in chips)
Seat 4: Actionni13 ($218.44 in chips)
dovatora35: posts small blind $1
Actionni13: posts big blind $3
*** HOLE CARDS ***
dovatora35: raises $3 to $6
Actionni13: raises $3 to $9
dovatora35: calls $3
*** FLOP *** [8d As 4d]
Actionni13: bets $3
dovatora35: raises $3 to $6
Actionni13: calls $3
*** TURN *** [8d As 4d] [Ks]
Actionni13: checks
dovatora35: bets $6
Actionni13: folds
Uncalled bet ($6) returned to dovatora35
dovatora35 collected $29.50 from pot
*** SUMMARY ***
Total pot $30 | Rake $0.50
Board [8d As 4d Ks]
Seat 3: dovatora35 (button) (small blind) collected ($29.50)
Seat 4: Actionni13 (big blind) folded on the Turn


