PokerStars Hand #146134780063:  Hold'em Limit ($3/$6 USD) - 2015/12/29 16:34:56 ET
Table 'Helewalda II' 6-max Seat #4 is the button
Seat 4: AzureCaper ($72 in chips)
Seat 5: Ramosh1974 ($136.50 in chips)
AzureCaper: posts small blind $1
Ramosh1974: posts big blind $3
*** HOLE CARDS ***
AzureCaper: raises $3 to $6
Ramosh1974: folds
Uncalled bet ($3) returned to AzureCaper
AzureCaper collected $6 from pot
AzureCaper: doesn't show hand
*** SUMMARY ***
Total pot $6 | Rake $0
Seat 4: AzureCaper (button) (small blind) collected ($6)
Seat 5: Ramosh1974 (big blind) folded before Flop


PokerStars Hand #146134766628:  Hold'em Limit ($3/$6 USD) - 2015/12/29 16:34:43 ET
Table 'Helewalda II' 6-max Seat #5 is the button
Seat 4: AzureCaper ($77.76 in chips)
Seat 5: Ramosh1974 ($130.74 in chips)
Ramosh1974: posts small blind $1
AzureCaper: posts big blind $3
*** HOLE CARDS ***
Ramosh1974: raises $3 to $6
AzureCaper: calls $3
*** FLOP *** [Ts Kh 2s]
AzureCaper: checks
Ramosh1974: bets $3
AzureCaper: folds
Uncalled bet ($3) returned to Ramosh1974
Ramosh1974 collected $11.76 from pot
Ramosh1974: doesn't show hand
*** SUMMARY ***
Total pot $12 | Rake $0.24
Board [Ts Kh 2s]
Seat 4: AzureCaper (big blind) folded on the Flop
Seat 5: Ramosh1974 (button) (small blind) collected ($11.76)


PokerStars Hand #146134755530:  Hold'em Limit ($3/$6 USD) - 2015/12/29 16:34:32 ET
Table 'Helewalda II' 6-max Seat #4 is the button
Seat 4: AzureCaper ($72 in chips)
Seat 5: Ramosh1974 ($136.74 in chips)
AzureCaper: posts small blind $1
Ramosh1974: posts big blind $3
*** HOLE CARDS ***
AzureCaper: raises $3 to $6
Ramosh1974: calls $3
*** FLOP *** [Qs Ks 5s]
Ramosh1974: checks
AzureCaper: bets $3
Ramosh1974: folds
Uncalled bet ($3) returned to AzureCaper
AzureCaper collected $11.76 from pot
AzureCaper: doesn't show hand
*** SUMMARY ***
Total pot $12 | Rake $0.24
Board [Qs Ks 5s]
Seat 4: AzureCaper (button) (small blind) collected ($11.76)
Seat 5: Ramosh1974 (big blind) folded on the Flop


PokerStars Hand #146134733075:  Hold'em Limit ($3/$6 USD) - 2015/12/29 16:34:10 ET
Table 'Helewalda II' 6-max Seat #5 is the button
Seat 4: AzureCaper ($72 in chips)
Seat 5: Ramosh1974 ($116.24 in chips)
Ramosh1974: posts small blind $1
AzureCaper: posts big blind $3
*** HOLE CARDS ***
Ramosh1974: raises $3 to $6
AzureCaper: calls $3
*** FLOP *** [7d 7s 9h]
AzureCaper: checks
Ramosh1974: bets $3
AzureCaper: calls $3
*** TURN *** [7d 7s 9h] [9c]
AzureCaper: checks
Ramosh1974: bets $6
AzureCaper: calls $6
*** RIVER *** [7d 7s 9h 9c] [7c]
AzureCaper: checks
Ramosh1974: bets $6
AzureCaper: calls $6
*** SHOW DOWN ***
Ramosh1974: shows [Qh 9s] (a full house, Nines full of Sevens)
AzureCaper: mucks hand
Ramosh1974 collected $41.50 from pot
*** SUMMARY ***
Total pot $42 | Rake $0.50
Board [7d 7s 9h 9c 7c]
Seat 4: AzureCaper (big blind) mucked
Seat 5: Ramosh1974 (button) (small blind) showed [Qh 9s] and won ($41.50) with a full house, Nines full of Sevens


PokerStars Hand #146134724090:  Hold'em Limit ($3/$6 USD) - 2015/12/29 16:34:02 ET
Table 'Helewalda II' 6-max Seat #4 is the button
Seat 4: AzureCaper ($73 in chips)
Seat 5: Ramosh1974 ($115.24 in chips)
AzureCaper: posts small blind $1
Ramosh1974: posts big blind $3
*** HOLE CARDS ***
AzureCaper: folds
Uncalled bet ($2) returned to Ramosh1974
Ramosh1974 collected $2 from pot
Ramosh1974: doesn't show hand
*** SUMMARY ***
Total pot $2 | Rake $0
Seat 4: AzureCaper (button) (small blind) folded before Flop
Seat 5: Ramosh1974 (big blind) collected ($2)


PokerStars Hand #146134841695:  Hold'em Limit ($3/$6 USD) - 2015/12/29 16:35:56 ET
Table 'Helewalda II' 6-max Seat #5 is the button
Seat 4: AzureCaper ($76 in chips)
Seat 5: Ramosh1974 ($155.52 in chips)
Ramosh1974: posts small blind $1
AzureCaper: posts big blind $3
*** HOLE CARDS ***
Ramosh1974: raises $3 to $6
AzureCaper: calls $3
*** FLOP *** [Jd Qs Kd]
AzureCaper: checks
Ramosh1974: bets $3
AzureCaper: folds
Uncalled bet ($3) returned to Ramosh1974
Ramosh1974 collected $11.76 from pot
Ramosh1974: doesn't show hand
*** SUMMARY ***
Total pot $12 | Rake $0.24
Board [Jd Qs Kd]
Seat 4: AzureCaper (big blind) folded on the Flop
Seat 5: Ramosh1974 (button) (small blind) collected ($11.76)


PokerStars Hand #146134834624:  Hold'em Limit ($3/$6 USD) - 2015/12/29 16:35:50 ET
Table 'Helewalda II' 6-max Seat #4 is the button
Seat 4: AzureCaper ($73 in chips)
Seat 5: Ramosh1974 ($158.52 in chips)
AzureCaper: posts small blind $1
Ramosh1974: posts big blind $3
*** HOLE CARDS ***
AzureCaper: raises $3 to $6
Ramosh1974: folds
Uncalled bet ($3) returned to AzureCaper
AzureCaper collected $6 from pot
AzureCaper: doesn't show hand
*** SUMMARY ***
Total pot $6 | Rake $0
Seat 4: AzureCaper (button) (small blind) collected ($6)
Seat 5: Ramosh1974 (big blind) folded before Flop


PokerStars Hand #146134828965:  Hold'em Limit ($3/$6 USD) - 2015/12/29 16:35:44 ET
Table 'Helewalda II' 6-max Seat #5 is the button
Seat 4: AzureCaper ($72 in chips)
Seat 5: Ramosh1974 ($159.52 in chips)
Ramosh1974: posts small blind $1
AzureCaper: posts big blind $3
*** HOLE CARDS ***
Ramosh1974: folds
Uncalled bet ($2) returned to AzureCaper
AzureCaper collected $2 from pot
AzureCaper: doesn't show hand
*** SUMMARY ***
Total pot $2 | Rake $0
Seat 4: AzureCaper (big blind) collected ($2)
Seat 5: Ramosh1974 (button) (small blind) folded before Flop


PokerStars Hand #146134811104:  Hold'em Limit ($3/$6 USD) - 2015/12/29 16:35:27 ET
Table 'Helewalda II' 6-max Seat #4 is the button
Seat 4: AzureCaper ($72 in chips)
Seat 5: Ramosh1974 ($145.02 in chips)
AzureCaper: posts small blind $1
Ramosh1974: posts big blind $3
*** HOLE CARDS ***
AzureCaper: raises $3 to $6
Ramosh1974: calls $3
*** FLOP *** [Ad 2s Js]
Ramosh1974: checks
AzureCaper: bets $3
Ramosh1974: calls $3
*** TURN *** [Ad 2s Js] [8d]
Ramosh1974: checks
AzureCaper: bets $6
Ramosh1974: calls $6
*** RIVER *** [Ad 2s Js 8d] [7d]
Ramosh1974: checks
AzureCaper: checks
*** SHOW DOWN ***
Ramosh1974: shows [5d Jd] (a flush, Ace high)
AzureCaper: mucks hand
Ramosh1974 collected $29.50 from pot
*** SUMMARY ***
Total pot $30 | Rake $0.50
Board [Ad 2s Js 8d 7d]
Seat 4: AzureCaper (button) (small blind) mucked
Seat 5: Ramosh1974 (big blind) showed [5d Jd] and won ($29.50) with a flush, Ace high


PokerStars Hand #146134790269:  Hold'em Limit ($3/$6 USD) - 2015/12/29 16:35:06 ET
Table 'Helewalda II' 6-max Seat #5 is the button
Seat 4: AzureCaper ($75 in chips)
Seat 5: Ramosh1974 ($133.50 in chips)
Ramosh1974: posts small blind $1
AzureCaper: posts big blind $3
*** HOLE CARDS ***
Ramosh1974: raises $3 to $6
AzureCaper: calls $3
*** FLOP *** [6s Qs 7c]
AzureCaper: checks
Ramosh1974: checks
*** TURN *** [6s Qs 7c] [2s]
AzureCaper: bets $6
Ramosh1974: calls $6
*** RIVER *** [6s Qs 7c 2s] [Qh]
AzureCaper: checks
Ramosh1974: checks
*** SHOW DOWN ***
AzureCaper: shows [As 4c] (a pair of Queens)
Ramosh1974: shows [Js 2d] (two pair, Queens and Deuces)
Ramosh1974 collected $23.52 from pot
*** SUMMARY ***
Total pot $24 | Rake $0.48
Board [6s Qs 7c 2s Qh]
Seat 4: AzureCaper (big blind) showed [As 4c] and lost with a pair of Queens
Seat 5: Ramosh1974 (button) (small blind) showed [Js 2d] and won ($23.52) with two pair, Queens and Deuces


PokerStars Hand #146134892640:  Hold'em Limit ($3/$6 USD) - 2015/12/29 16:36:46 ET
Table 'Helewalda II' 6-max Seat #4 is the button
Seat 4: AzureCaper ($72 in chips)
Seat 5: Ramosh1974 ($172.04 in chips)
AzureCaper: posts small blind $1
Ramosh1974: posts big blind $3
*** HOLE CARDS ***
AzureCaper: raises $3 to $6
Ramosh1974: calls $3
*** FLOP *** [7h 4s 2c]
Ramosh1974: checks
AzureCaper: bets $3
gracetime joins the table at seat #6
Ramosh1974: calls $3
*** TURN *** [7h 4s 2c] [Ad]
Ramosh1974: checks
AzureCaper: bets $6
Ramosh1974: folds
Uncalled bet ($6) returned to AzureCaper
AzureCaper collected $17.64 from pot
AzureCaper: doesn't show hand
*** SUMMARY ***
Total pot $18 | Rake $0.36
Board [7h 4s 2c Ad]
Seat 4: AzureCaper (button) (small blind) collected ($17.64)
Seat 5: Ramosh1974 (big blind) folded on the Turn


PokerStars Hand #146134880421:  Hold'em Limit ($3/$6 USD) - 2015/12/29 16:36:34 ET
Table 'Helewalda II' 6-max Seat #5 is the button
Seat 4: AzureCaper ($72 in chips)
Seat 5: Ramosh1974 ($166.28 in chips)
Ramosh1974: posts small blind $1
AzureCaper: posts big blind $3
*** HOLE CARDS ***
Ramosh1974: raises $3 to $6
AzureCaper: calls $3
*** FLOP *** [6c 9c As]
AzureCaper: checks
Ramosh1974: bets $3
AzureCaper: folds
Uncalled bet ($3) returned to Ramosh1974
Ramosh1974 collected $11.76 from pot
Ramosh1974: doesn't show hand
*** SUMMARY ***
Total pot $12 | Rake $0.24
Board [6c 9c As]
Seat 4: AzureCaper (big blind) folded on the Flop
Seat 5: Ramosh1974 (button) (small blind) collected ($11.76)


PokerStars Hand #146134875424:  Hold'em Limit ($3/$6 USD) - 2015/12/29 16:36:29 ET
Table 'Helewalda II' 6-max Seat #4 is the button
Seat 4: AzureCaper ($72 in chips)
Seat 5: Ramosh1974 ($165.28 in chips)
AzureCaper: posts small blind $1
Ramosh1974: posts big blind $3
*** HOLE CARDS ***
AzureCaper: folds
Uncalled bet ($2) returned to Ramosh1974
Ramosh1974 collected $2 from pot
Ramosh1974: doesn't show hand
*** SUMMARY ***
Total pot $2 | Rake $0
Seat 4: AzureCaper (button) (small blind) folded before Flop
Seat 5: Ramosh1974 (big blind) collected ($2)


PokerStars Hand #146134860004:  Hold'em Limit ($3/$6 USD) - 2015/12/29 16:36:15 ET
Table 'Helewalda II' 6-max Seat #5 is the button
Seat 4: AzureCaper ($72 in chips)
Seat 5: Ramosh1974 ($162.28 in chips)
Ramosh1974: posts small blind $1
AzureCaper: posts big blind $3
*** HOLE CARDS ***
Ramosh1974: raises $3 to $6
AzureCaper: folds
Uncalled bet ($3) returned to Ramosh1974
Ramosh1974 collected $6 from pot
Ramosh1974: doesn't show hand
*** SUMMARY ***
Total pot $6 | Rake $0
Seat 4: AzureCaper (big blind) folded before Flop
Seat 5: Ramosh1974 (button) (small blind) collected ($6)


PokerStars Hand #146134854472:  Hold'em Limit ($3/$6 USD) - 2015/12/29 16:36:09 ET
Table 'Helewalda II' 6-max Seat #4 is the button
Seat 4: AzureCaper ($72 in chips)
Seat 5: Ramosh1974 ($161.28 in chips)
AzureCaper: posts small blind $1
Ramosh1974: posts big blind $3
*** HOLE CARDS ***
AzureCaper: folds
Uncalled bet ($2) returned to Ramosh1974
Ramosh1974 collected $2 from pot
Ramosh1974: doesn't show hand
*** SUMMARY ***
Total pot $2 | Rake $0
Seat 4: AzureCaper (button) (small blind) folded before Flop
Seat 5: Ramosh1974 (big blind) collected ($2)


PokerStars Hand #146138199560:  Hold'em Limit ($3/$6 USD) - 2015/12/29 17:31:13 ET
Table 'Helewalda II' 6-max Seat #1 is the button
Seat 1: PelonCabelao ($140.35 in chips)
Seat 5: Ramosh1974 ($169.65 in chips)
PelonCabelao: posts small blind $1
Ramosh1974: posts big blind $3
*** HOLE CARDS ***
PelonCabelao: folds
Uncalled bet ($2) returned to Ramosh1974
Ramosh1974 collected $2 from pot
Ramosh1974: doesn't show hand
*** SUMMARY ***
Total pot $2 | Rake $0
Seat 1: PelonCabelao (button) (small blind) folded before Flop
Seat 5: Ramosh1974 (big blind) collected ($2)


PokerStars Hand #146138190024:  Hold'em Limit ($3/$6 USD) - 2015/12/29 17:31:07 ET
Table 'Helewalda II' 6-max Seat #5 is the button
Seat 1: PelonCabelao ($139.35 in chips)
Seat 5: Ramosh1974 ($170.65 in chips)
Ramosh1974: posts small blind $1
PelonCabelao: posts big blind $3
*** HOLE CARDS ***
AzureCaper leaves the table
Ramosh1974: folds
Uncalled bet ($2) returned to PelonCabelao
vestimokrec leaves the table
PelonCabelao collected $2 from pot
PelonCabelao: doesn't show hand
*** SUMMARY ***
Total pot $2 | Rake $0
Seat 1: PelonCabelao (big blind) collected ($2)
Seat 5: Ramosh1974 (button) (small blind) folded before Flop


PokerStars Hand #146138180732:  Hold'em Limit ($3/$6 USD) - 2015/12/29 17:31:00 ET
Table 'Helewalda II' 6-max Seat #1 is the button
Seat 1: PelonCabelao ($140.35 in chips)
Seat 5: Ramosh1974 ($169.65 in chips)
PelonCabelao: posts small blind $1
AzureCaper: is sitting out
Ramosh1974: posts big blind $3
*** HOLE CARDS ***
PelonCabelao: folds
Uncalled bet ($2) returned to Ramosh1974
Ramosh1974 collected $2 from pot
Ramosh1974: doesn't show hand
*** SUMMARY ***
Total pot $2 | Rake $0
Seat 1: PelonCabelao (button) (small blind) folded before Flop
Seat 5: Ramosh1974 (big blind) collected ($2)


