PokerStars Hand #171741291090:  Hold'em Limit ($3/$6 USD) - 2017/06/13 18:05:34 ET
Table 'Helene' 6-max Seat #1 is the button
Seat 1: perten ($47.64 in chips)
Seat 6: scorpio04 ($226.50 in chips)
perten: posts small blind $1
scorpio04: posts big blind $3
*** HOLE CARDS ***
perten: folds
Uncalled bet ($2) returned to scorpio04
scorpio04 collected $2 from pot
scorpio04: doesn't show hand
*** SUMMARY ***
Total pot $2 | Rake $0
Seat 1: perten (button) (small blind) folded before Flop
Seat 6: scorpio04 (big blind) collected ($2)


PokerStars Hand #171741274874:  Hold'em Limit ($3/$6 USD) - 2017/06/13 18:05:12 ET
Table 'Helene' 6-max Seat #6 is the button
Seat 1: perten ($62.64 in chips)
Seat 6: scorpio04 ($212 in chips)
scorpio04: posts small blind $1
perten: posts big blind $3
*** HOLE CARDS ***
scorpio04: raises $3 to $6
perten: calls $3
*** FLOP *** [Kc Qd Js]
perten: bets $3
scorpio04: calls $3
*** TURN *** [Kc Qd Js] [8c]
perten: bets $6
scorpio04: raises $6 to $12
perten: folds
Uncalled bet ($6) returned to scorpio04
scorpio04 collected $29.50 from pot
scorpio04: doesn't show hand
*** SUMMARY ***
Total pot $30 | Rake $0.50
Board [Kc Qd Js 8c]
Seat 1: perten (big blind) folded on the Turn
Seat 6: scorpio04 (button) (small blind) collected ($29.50)


PokerStars Hand #171741342165:  Hold'em Limit ($3/$6 USD) - 2017/06/13 18:06:45 ET
Table 'Helene' 6-max Seat #1 is the button
Seat 1: perten ($48.14 in chips)
Seat 6: scorpio04 ($225 in chips)
perten: posts small blind $1
scorpio04: posts big blind $3
*** HOLE CARDS ***
perten: folds
Uncalled bet ($2) returned to scorpio04
scorpio04 collected $2 from pot
scorpio04: doesn't show hand
*** SUMMARY ***
Total pot $2 | Rake $0
Seat 1: perten (button) (small blind) folded before Flop
Seat 6: scorpio04 (big blind) collected ($2)


PokerStars Hand #171741327026:  Hold'em Limit ($3/$6 USD) - 2017/06/13 18:06:24 ET
Table 'Helene' 6-max Seat #6 is the button
Seat 1: perten ($69.14 in chips)
Seat 6: scorpio04 ($204.50 in chips)
scorpio04: posts small blind $1
perten: posts big blind $3
*** HOLE CARDS ***
scorpio04: raises $3 to $6
perten: calls $3
*** FLOP *** [5h 7c 6h]
perten: bets $3
scorpio04: calls $3
*** TURN *** [5h 7c 6h] [Jh]
perten: bets $6
scorpio04: raises $6 to $12
perten: calls $6
*** RIVER *** [5h 7c 6h Jh] [Ah]
perten: checks
scorpio04: bets $6
perten: folds
Uncalled bet ($6) returned to scorpio04
scorpio04 collected $41.50 from pot
scorpio04: doesn't show hand
*** SUMMARY ***
Total pot $42 | Rake $0.50
Board [5h 7c 6h Jh Ah]
Seat 1: perten (big blind) folded on the River
Seat 6: scorpio04 (button) (small blind) collected ($41.50)


PokerStars Hand #171741322855:  Hold'em Limit ($3/$6 USD) - 2017/06/13 18:06:18 ET
Table 'Helene' 6-max Seat #1 is the button
Seat 1: perten ($70.14 in chips)
Seat 6: scorpio04 ($203.50 in chips)
perten: posts small blind $1
scorpio04: posts big blind $3
*** HOLE CARDS ***
perten: folds
Uncalled bet ($2) returned to scorpio04
scorpio04 collected $2 from pot
scorpio04: doesn't show hand
*** SUMMARY ***
Total pot $2 | Rake $0
Seat 1: perten (button) (small blind) folded before Flop
Seat 6: scorpio04 (big blind) collected ($2)


PokerStars Hand #171741295067:  Hold'em Limit ($3/$6 USD) - 2017/06/13 18:05:40 ET
Table 'Helene' 6-max Seat #6 is the button
Seat 1: perten ($46.64 in chips)
Seat 6: scorpio04 ($227.50 in chips)
scorpio04: posts small blind $1
perten: posts big blind $3
*** HOLE CARDS ***
scorpio04: raises $3 to $6
perten: raises $3 to $9
scorpio04: calls $3
*** FLOP *** [6c 9c Ad]
perten: bets $3
scorpio04: calls $3
*** TURN *** [6c 9c Ad] [4h]
perten: bets $6
scorpio04: calls $6
*** RIVER *** [6c 9c Ad 4h] [5c]
perten: bets $6
scorpio04: calls $6
*** SHOW DOWN ***
perten: shows [Qc Ac] (a flush, Ace high)
scorpio04: mucks hand
perten collected $47.50 from pot
*** SUMMARY ***
Total pot $48 | Rake $0.50
Board [6c 9c Ad 4h 5c]
Seat 1: perten (big blind) showed [Qc Ac] and won ($47.50) with a flush, Ace high
Seat 6: scorpio04 (button) (small blind) mucked


PokerStars Hand #171741345717:  Hold'em Limit ($3/$6 USD) - 2017/06/13 18:06:50 ET
Table 'Helene' 6-max Seat #6 is the button
Seat 1: perten ($47.14 in chips)
Seat 6: scorpio04 ($226 in chips)
scorpio04: posts small blind $1
perten: posts big blind $3
*** HOLE CARDS ***
scorpio04: raises $3 to $6
perten: calls $3
*** FLOP *** [Ts 4h Js]
perten: checks
chetos1994 joins the table at seat #2
scorpio04: bets $3
perten: folds
Uncalled bet ($3) returned to scorpio04
scorpio04 collected $11.76 from pot
scorpio04: doesn't show hand
*** SUMMARY ***
Total pot $12 | Rake $0.24
Board [Ts 4h Js]
Seat 1: perten (big blind) folded on the Flop
Seat 6: scorpio04 (button) (small blind) collected ($11.76)


PokerStars Hand #171741409181:  Hold'em Limit ($3/$6 USD) - 2017/06/13 18:08:19 ET
Table 'Helene' 6-max Seat #2 is the button
Seat 2: chetos1994 ($121.46 in chips)
Seat 6: scorpio04 ($234.52 in chips)
chetos1994: posts small blind $1
scorpio04: posts big blind $3
*** HOLE CARDS ***
chetos1994: folds
Uncalled bet ($2) returned to scorpio04
scorpio04 collected $2 from pot
scorpio04: doesn't show hand
*** SUMMARY ***
Total pot $2 | Rake $0
Seat 2: chetos1994 (button) (small blind) folded before Flop
Seat 6: scorpio04 (big blind) collected ($2)


PokerStars Hand #171741389796:  Hold'em Limit ($3/$6 USD) - 2017/06/13 18:07:52 ET
Table 'Helene' 6-max Seat #6 is the button
Seat 2: chetos1994 ($127.46 in chips)
Seat 6: scorpio04 ($228.76 in chips)
scorpio04: posts small blind $1
perten: is sitting out
chetos1994: posts big blind $3
*** HOLE CARDS ***
scorpio04: raises $3 to $6
chetos1994: calls $3
*** FLOP *** [9s 3s 3d]
chetos1994: checks
perten leaves the table
scorpio04: bets $3
chetos1994: folds
Uncalled bet ($3) returned to scorpio04
scorpio04 collected $11.76 from pot
scorpio04: doesn't show hand
*** SUMMARY ***
Total pot $12 | Rake $0.24
Board [9s 3s 3d]
Seat 2: chetos1994 (big blind) folded on the Flop
Seat 6: scorpio04 (button) (small blind) collected ($11.76)


PokerStars Hand #171741412850:  Hold'em Limit ($3/$6 USD) - 2017/06/13 18:08:24 ET
Table 'Helene' 6-max Seat #6 is the button
Seat 2: chetos1994 ($120.46 in chips)
Seat 6: scorpio04 ($235.52 in chips)
scorpio04: posts small blind $1
chetos1994: posts big blind $3
*** HOLE CARDS ***
scorpio04: raises $3 to $6
chetos1994: raises $3 to $9
scorpio04: calls $3
*** FLOP *** [Qd 5s 8h]
chetos1994: bets $3
scorpio04: calls $3
*** TURN *** [Qd 5s 8h] [8c]
chetos1994: bets $6
scorpio04: calls $6
*** RIVER *** [Qd 5s 8h 8c] [Jc]
chetos1994: checks
scorpio04: bets $6
chetos1994: calls $6
*** SHOW DOWN ***
scorpio04: shows [Qc 3h] (two pair, Queens and Eights)
chetos1994: mucks hand
scorpio04 collected $47.50 from pot
*** SUMMARY ***
Total pot $48 | Rake $0.50
Board [Qd 5s 8h 8c Jc]
Seat 2: chetos1994 (big blind) mucked
Seat 6: scorpio04 (button) (small blind) showed [Qc 3h] and won ($47.50) with two pair, Queens and Eights


PokerStars Hand #171741540301:  Hold'em Limit ($3/$6 USD) - 2017/06/13 18:11:24 ET
Table 'Helene' 6-max Seat #6 is the button
Seat 2: chetos1994 ($102.22 in chips)
Seat 6: scorpio04 ($253.02 in chips)
scorpio04: posts small blind $1
chetos1994: posts big blind $3
*** HOLE CARDS ***
scorpio04: raises $3 to $6
chetos1994: folds
Uncalled bet ($3) returned to scorpio04
scorpio04 collected $6 from pot
scorpio04: doesn't show hand
*** SUMMARY ***
Total pot $6 | Rake $0
Seat 2: chetos1994 (big blind) folded before Flop
Seat 6: scorpio04 (button) (small blind) collected ($6)


PokerStars Hand #171741441295:  Hold'em Limit ($3/$6 USD) - 2017/06/13 18:09:04 ET
Table 'Helene' 6-max Seat #2 is the button
Seat 2: chetos1994 ($96.46 in chips)
Seat 6: scorpio04 ($259.02 in chips)
chetos1994: posts small blind $1
scorpio04: posts big blind $3
*** HOLE CARDS ***
chetos1994: raises $3 to $6
scorpio04: calls $3
*** FLOP *** [2d 9d 3s]
scorpio04: checks
chetos1994 is disconnected
chetos1994 has timed out while disconnected
chetos1994: checks
*** TURN *** [2d 9d 3s] [Ts]
scorpio04: checks
chetos1994 is connected
chetos1994: bets $6
scorpio04: folds
Uncalled bet ($6) returned to chetos1994
chetos1994 collected $11.76 from pot
*** SUMMARY ***
Total pot $12 | Rake $0.24
Board [2d 9d 3s Ts]
Seat 2: chetos1994 (button) (small blind) collected ($11.76)
Seat 6: scorpio04 (big blind) folded on the Turn


PokerStars Hand #171741592349:  Hold'em Limit ($3/$6 USD) - 2017/06/13 18:12:38 ET
Table 'Helene' 6-max Seat #6 is the button
Seat 2: chetos1994 ($90.22 in chips)
Seat 6: scorpio04 ($264.66 in chips)
scorpio04: posts small blind $1
chetos1994: posts big blind $3
*** HOLE CARDS ***
scorpio04: raises $3 to $6
chetos1994: folds
Uncalled bet ($3) returned to scorpio04
scorpio04 collected $6 from pot
scorpio04: doesn't show hand
*** SUMMARY ***
Total pot $6 | Rake $0
Seat 2: chetos1994 (big blind) folded before Flop
Seat 6: scorpio04 (button) (small blind) collected ($6)


PokerStars Hand #171741558215:  Hold'em Limit ($3/$6 USD) - 2017/06/13 18:11:49 ET
Table 'Helene' 6-max Seat #2 is the button
Seat 2: chetos1994 ($99.22 in chips)
Seat 6: scorpio04 ($256.02 in chips)
chetos1994: posts small blind $1
scorpio04: posts big blind $3
*** HOLE CARDS ***
chetos1994: calls $2
scorpio04: raises $3 to $6
chetos1994: calls $3
*** FLOP *** [5d Th Kc]
scorpio04: bets $3
chetos1994: calls $3
*** TURN *** [5d Th Kc] [Qc]
scorpio04: bets $6
chetos1994: folds
Uncalled bet ($6) returned to scorpio04
scorpio04 collected $17.64 from pot
scorpio04: doesn't show hand
*** SUMMARY ***
Total pot $18 | Rake $0.36
Board [5d Th Kc Qc]
Seat 2: chetos1994 (button) (small blind) folded on the Turn
Seat 6: scorpio04 (big blind) collected ($17.64)


PokerStars Hand #171741603305:  Hold'em Limit ($3/$6 USD) - 2017/06/13 18:12:53 ET
Table 'Helene' 6-max Seat #2 is the button
Seat 2: chetos1994 ($87.22 in chips)
Seat 6: scorpio04 ($267.66 in chips)
chetos1994: posts small blind $1
scorpio04: posts big blind $3
*** HOLE CARDS ***
chetos1994: folds
Uncalled bet ($2) returned to scorpio04
scorpio04 collected $2 from pot
scorpio04: doesn't show hand
*** SUMMARY ***
Total pot $2 | Rake $0
Seat 2: chetos1994 (button) (small blind) folded before Flop
Seat 6: scorpio04 (big blind) collected ($2)


PokerStars Hand #171741607759:  Hold'em Limit ($3/$6 USD) - 2017/06/13 18:13:00 ET
Table 'Helene' 6-max Seat #6 is the button
Seat 2: chetos1994 ($86.22 in chips)
Seat 6: scorpio04 ($268.66 in chips)
scorpio04: posts small blind $1
chetos1994: posts big blind $3
*** HOLE CARDS ***
scorpio04: raises $3 to $6
chetos1994: folds
Uncalled bet ($3) returned to scorpio04
scorpio04 collected $6 from pot
scorpio04: doesn't show hand
*** SUMMARY ***
Total pot $6 | Rake $0
Seat 2: chetos1994 (big blind) folded before Flop
Seat 6: scorpio04 (button) (small blind) collected ($6)


PokerStars Hand #171741616906:  Hold'em Limit ($3/$6 USD) - 2017/06/13 18:13:13 ET
Table 'Helene' 6-max Seat #2 is the button
Seat 2: chetos1994 ($83.22 in chips)
Seat 6: scorpio04 ($271.66 in chips)
chetos1994: posts small blind $1
scorpio04: posts big blind $3
*** HOLE CARDS ***
chetos1994: raises $3 to $6
scorpio04: calls $3
*** FLOP *** [5h Ts 9s]
scorpio04: checks
chetos1994: bets $3
scorpio04: raises $3 to $6
chetos1994: calls $3
*** TURN *** [5h Ts 9s] [Ad]
scorpio04: checks
pompier40 joins the table at seat #3
chetos1994: checks
*** RIVER *** [5h Ts 9s Ad] [5d]
scorpio04: bets $6
chetos1994: calls $6
*** SHOW DOWN ***
scorpio04: shows [6s 7c] (a pair of Fives)
chetos1994: shows [3d Kd] (a pair of Fives - Ace+King kicker)
chetos1994 collected $35.50 from pot
*** SUMMARY ***
Total pot $36 | Rake $0.50
Board [5h Ts 9s Ad 5d]
Seat 2: chetos1994 (button) (small blind) showed [3d Kd] and won ($35.50) with a pair of Fives
Seat 6: scorpio04 (big blind) showed [6s 7c] and lost with a pair of Fives


PokerStars Hand #171741660267:  Hold'em Limit ($3/$6 USD) - 2017/06/13 18:14:14 ET
Table 'Helene' 6-max Seat #6 is the button
Seat 2: chetos1994 ($100.72 in chips)
Seat 6: scorpio04 ($253.66 in chips)
scorpio04: posts small blind $1
chetos1994: posts big blind $3
*** HOLE CARDS ***
scorpio04: raises $3 to $6
chetos1994: calls $3
*** FLOP *** [8c 8s Ac]
chetos1994: checks
scorpio04: bets $3
chetos1994: raises $3 to $6
scorpio04: folds
Uncalled bet ($3) returned to chetos1994
chetos1994 collected $17.64 from pot
*** SUMMARY ***
Total pot $18 | Rake $0.36
Board [8c 8s Ac]
Seat 2: chetos1994 (big blind) collected ($17.64)
Seat 6: scorpio04 (button) (small blind) folded on the Flop


