PokerStars Hand #145998494793:  Hold'em Limit ($3/$6 USD) - 2015/12/27 9:18:29 ET
Table 'Helffrich II' 2-max Seat #1 is the button
Seat 1: BigYelloFish ($121 in chips)
Seat 2: Swe_OlssoN ($80.36 in chips)
BigYelloFish: posts small blind $1
Swe_OlssoN: posts big blind $3
*** HOLE CARDS ***
BigYelloFish: calls $2
Swe_OlssoN: raises $3 to $6
BigYelloFish: calls $3
*** FLOP *** [Js 7h 3c]
Swe_OlssoN: bets $3
BigYelloFish: calls $3
*** TURN *** [Js 7h 3c] [8h]
Swe_OlssoN: checks
BigYelloFish: checks
*** RIVER *** [Js 7h 3c 8h] [6d]
Swe_OlssoN: checks
BigYelloFish: checks
*** SHOW DOWN ***
Swe_OlssoN: shows [Th Qs] (high card Queen)
BigYelloFish: mucks hand
Swe_OlssoN collected $17.64 from pot
*** SUMMARY ***
Total pot $18 | Rake $0.36
Board [Js 7h 3c 8h 6d]
Seat 1: BigYelloFish (button) (small blind) mucked
Seat 2: Swe_OlssoN (big blind) showed [Th Qs] and won ($17.64) with high card Queen


PokerStars Hand #145998541441:  Hold'em Limit ($3/$6 USD) - 2015/12/27 9:19:28 ET
Table 'Helffrich II' 2-max Seat #2 is the button
Seat 1: BigYelloFish ($112 in chips)
Seat 2: Swe_OlssoN ($89 in chips)
Swe_OlssoN: posts small blind $1
BigYelloFish: posts big blind $3
*** HOLE CARDS ***
Swe_OlssoN: raises $3 to $6
BigYelloFish: raises $3 to $9
Swe_OlssoN: calls $3
*** FLOP *** [5s Kc 9c]
BigYelloFish: bets $3
Swe_OlssoN: calls $3
*** TURN *** [5s Kc 9c] [7c]
BigYelloFish: checks
Swe_OlssoN: bets $6
BigYelloFish: calls $6
*** RIVER *** [5s Kc 9c 7c] [8d]
BigYelloFish: checks
Swe_OlssoN: bets $6
BigYelloFish: raises $6 to $12
Swe_OlssoN: raises $6 to $18
BigYelloFish: calls $6
*** SHOW DOWN ***
Swe_OlssoN: shows [6s 6c] (a straight, Five to Nine)
BigYelloFish: shows [Js Ts] (a straight, Seven to Jack)
BigYelloFish collected $71.50 from pot
*** SUMMARY ***
Total pot $72 | Rake $0.50
Board [5s Kc 9c 7c 8d]
Seat 1: BigYelloFish (big blind) showed [Js Ts] and won ($71.50) with a straight, Seven to Jack
Seat 2: Swe_OlssoN (button) (small blind) showed [6s 6c] and lost with a straight, Five to Nine


PokerStars Hand #145998610416:  Hold'em Limit ($3/$6 USD) - 2015/12/27 9:20:56 ET
Table 'Helffrich II' 2-max Seat #2 is the button
Seat 1: BigYelloFish ($135.50 in chips)
Seat 2: Swe_OlssoN ($64.52 in chips)
Swe_OlssoN: posts small blind $1
BigYelloFish: posts big blind $3
*** HOLE CARDS ***
Swe_OlssoN: raises $3 to $6
BigYelloFish: raises $3 to $9
Swe_OlssoN: calls $3
*** FLOP *** [6s 4d Jh]
BigYelloFish: bets $3
Swe_OlssoN: calls $3
*** TURN *** [6s 4d Jh] [Ah]
BigYelloFish: checks
Swe_OlssoN: bets $6
BigYelloFish: folds
Uncalled bet ($6) returned to Swe_OlssoN
Swe_OlssoN collected $23.52 from pot
Swe_OlssoN: doesn't show hand
*** SUMMARY ***
Total pot $24 | Rake $0.48
Board [6s 4d Jh Ah]
Seat 1: BigYelloFish (big blind) folded on the Turn
Seat 2: Swe_OlssoN (button) (small blind) collected ($23.52)


PokerStars Hand #145998566536:  Hold'em Limit ($3/$6 USD) - 2015/12/27 9:20:00 ET
Table 'Helffrich II' 2-max Seat #1 is the button
Seat 1: BigYelloFish ($147.50 in chips)
Seat 2: Swe_OlssoN ($53 in chips)
BigYelloFish: posts small blind $1
Swe_OlssoN: posts big blind $3
*** HOLE CARDS ***
BigYelloFish: raises $3 to $6
Swe_OlssoN: raises $3 to $9
BigYelloFish: calls $3
*** FLOP *** [2h Qd 4d]
Swe_OlssoN: bets $3
BigYelloFish: calls $3
*** TURN *** [2h Qd 4d] [Ad]
Swe_OlssoN: bets $6
BigYelloFish: folds
Uncalled bet ($6) returned to Swe_OlssoN
Swe_OlssoN collected $23.52 from pot
Swe_OlssoN: doesn't show hand
*** SUMMARY ***
Total pot $24 | Rake $0.48
Board [2h Qd 4d Ad]
Seat 1: BigYelloFish (button) (small blind) folded on the Turn
Seat 2: Swe_OlssoN (big blind) collected ($23.52)


PokerStars Hand #145998653775:  Hold'em Limit ($3/$6 USD) - 2015/12/27 9:21:51 ET
Table 'Helffrich II' 2-max Seat #2 is the button
Seat 1: BigYelloFish ($120.50 in chips)
Seat 2: Swe_OlssoN ($78.92 in chips)
Swe_OlssoN: posts small blind $1
BigYelloFish: posts big blind $3
*** HOLE CARDS ***
Swe_OlssoN: raises $3 to $6
BigYelloFish: calls $3
*** FLOP *** [Qc 8d 6c]
BigYelloFish: checks
Swe_OlssoN: bets $3
BigYelloFish: calls $3
*** TURN *** [Qc 8d 6c] [Kc]
BigYelloFish: checks
Swe_OlssoN: bets $6
BigYelloFish: folds
Uncalled bet ($6) returned to Swe_OlssoN
Swe_OlssoN collected $17.64 from pot
Swe_OlssoN: doesn't show hand
*** SUMMARY ***
Total pot $18 | Rake $0.36
Board [Qc 8d 6c Kc]
Seat 1: BigYelloFish (big blind) folded on the Turn
Seat 2: Swe_OlssoN (button) (small blind) collected ($17.64)


PokerStars Hand #145998633574:  Hold'em Limit ($3/$6 USD) - 2015/12/27 9:21:25 ET
Table 'Helffrich II' 2-max Seat #1 is the button
Seat 1: BigYelloFish ($123.50 in chips)
Seat 2: Swe_OlssoN ($76.04 in chips)
BigYelloFish: posts small blind $1
Swe_OlssoN: posts big blind $3
*** HOLE CARDS ***
BigYelloFish: calls $2
Swe_OlssoN: checks
*** FLOP *** [5d 9s Kd]
Swe_OlssoN: checks
BigYelloFish: checks
*** TURN *** [5d 9s Kd] [8c]
Swe_OlssoN: checks
BigYelloFish: checks
*** RIVER *** [5d 9s Kd 8c] [Ks]
Swe_OlssoN: checks
BigYelloFish: checks
*** SHOW DOWN ***
Swe_OlssoN: shows [6c Jh] (a pair of Kings)
BigYelloFish: mucks hand
Swe_OlssoN collected $5.88 from pot
*** SUMMARY ***
Total pot $6 | Rake $0.12
Board [5d 9s Kd 8c Ks]
Seat 1: BigYelloFish (button) (small blind) mucked
Seat 2: Swe_OlssoN (big blind) showed [6c Jh] and won ($5.88) with a pair of Kings


PokerStars Hand #145998708287:  Hold'em Limit ($3/$6 USD) - 2015/12/27 9:23:01 ET
Table 'Helffrich II' 2-max Seat #1 is the button
Seat 1: BigYelloFish ($100.50 in chips)
Seat 2: Swe_OlssoN ($98.08 in chips)
BigYelloFish: posts small blind $1
Swe_OlssoN: posts big blind $3
*** HOLE CARDS ***
BigYelloFish: raises $3 to $6
Swe_OlssoN: folds
Uncalled bet ($3) returned to BigYelloFish
BigYelloFish collected $6 from pot
BigYelloFish: doesn't show hand
*** SUMMARY ***
Total pot $6 | Rake $0
Seat 1: BigYelloFish (button) (small blind) collected ($6)
Seat 2: Swe_OlssoN (big blind) folded before Flop


PokerStars Hand #145998704692:  Hold'em Limit ($3/$6 USD) - 2015/12/27 9:22:56 ET
Table 'Helffrich II' 2-max Seat #2 is the button
Seat 1: BigYelloFish ($99.50 in chips)
Seat 2: Swe_OlssoN ($99.08 in chips)
Swe_OlssoN: posts small blind $1
BigYelloFish: posts big blind $3
*** HOLE CARDS ***
Swe_OlssoN: folds
Uncalled bet ($2) returned to BigYelloFish
BigYelloFish collected $2 from pot
BigYelloFish: doesn't show hand
*** SUMMARY ***
Total pot $2 | Rake $0
Seat 1: BigYelloFish (big blind) collected ($2)
Seat 2: Swe_OlssoN (button) (small blind) folded before Flop


PokerStars Hand #145998716881:  Hold'em Limit ($3/$6 USD) - 2015/12/27 9:23:12 ET
Table 'Helffrich II' 2-max Seat #1 is the button
Seat 1: BigYelloFish ($104.50 in chips)
Seat 2: Swe_OlssoN ($94.08 in chips)
BigYelloFish: posts small blind $1
Swe_OlssoN: posts big blind $3
*** HOLE CARDS ***
BigYelloFish: folds
Uncalled bet ($2) returned to Swe_OlssoN
Swe_OlssoN collected $2 from pot
Swe_OlssoN: doesn't show hand
*** SUMMARY ***
Total pot $2 | Rake $0
Seat 1: BigYelloFish (button) (small blind) folded before Flop
Seat 2: Swe_OlssoN (big blind) collected ($2)


PokerStars Hand #145998712772:  Hold'em Limit ($3/$6 USD) - 2015/12/27 9:23:07 ET
Table 'Helffrich II' 2-max Seat #2 is the button
Seat 1: BigYelloFish ($103.50 in chips)
Seat 2: Swe_OlssoN ($95.08 in chips)
Swe_OlssoN: posts small blind $1
BigYelloFish: posts big blind $3
*** HOLE CARDS ***
Swe_OlssoN: folds
Uncalled bet ($2) returned to BigYelloFish
BigYelloFish collected $2 from pot
BigYelloFish: doesn't show hand
*** SUMMARY ***
Total pot $2 | Rake $0
Seat 1: BigYelloFish (big blind) collected ($2)
Seat 2: Swe_OlssoN (button) (small blind) folded before Flop


PokerStars Hand #145998720386:  Hold'em Limit ($3/$6 USD) - 2015/12/27 9:23:16 ET
Table 'Helffrich II' 2-max Seat #2 is the button
Seat 1: BigYelloFish ($103.50 in chips)
Seat 2: Swe_OlssoN ($95.08 in chips)
Swe_OlssoN: posts small blind $1
BigYelloFish: posts big blind $3
*** HOLE CARDS ***
Swe_OlssoN: folds
Uncalled bet ($2) returned to BigYelloFish
BigYelloFish collected $2 from pot
BigYelloFish: doesn't show hand
*** SUMMARY ***
Total pot $2 | Rake $0
Seat 1: BigYelloFish (big blind) collected ($2)
Seat 2: Swe_OlssoN (button) (small blind) folded before Flop


PokerStars Hand #145998723815:  Hold'em Limit ($3/$6 USD) - 2015/12/27 9:23:20 ET
Table 'Helffrich II' 2-max Seat #1 is the button
Seat 1: BigYelloFish ($104.50 in chips)
Seat 2: Swe_OlssoN ($94.08 in chips)
BigYelloFish: posts small blind $1
Swe_OlssoN: posts big blind $3
*** HOLE CARDS ***
BigYelloFish: raises $3 to $6
Swe_OlssoN: raises $3 to $9
BigYelloFish: calls $3
*** FLOP *** [7d 2s 8s]
Swe_OlssoN: bets $3
BigYelloFish: calls $3
*** TURN *** [7d 2s 8s] [3c]
Swe_OlssoN: bets $6
BigYelloFish: folds
Uncalled bet ($6) returned to Swe_OlssoN
Swe_OlssoN collected $23.52 from pot
Swe_OlssoN: doesn't show hand
*** SUMMARY ***
Total pot $24 | Rake $0.48
Board [7d 2s 8s 3c]
Seat 1: BigYelloFish (button) (small blind) folded on the Turn
Seat 2: Swe_OlssoN (big blind) collected ($23.52)


PokerStars Hand #145998687264:  Hold'em Limit ($3/$6 USD) - 2015/12/27 9:22:34 ET
Table 'Helffrich II' 2-max Seat #1 is the button
Seat 1: BigYelloFish ($111.50 in chips)
Seat 2: Swe_OlssoN ($87.56 in chips)
BigYelloFish: posts small blind $1
Swe_OlssoN: posts big blind $3
*** HOLE CARDS ***
BigYelloFish: raises $3 to $6
Swe_OlssoN: calls $3
*** FLOP *** [5c 7h 9d]
Swe_OlssoN: checks
BigYelloFish: checks
*** TURN *** [5c 7h 9d] [Js]
Swe_OlssoN: bets $6
BigYelloFish: calls $6
*** RIVER *** [5c 7h 9d Js] [Kd]
Swe_OlssoN: bets $6
BigYelloFish: folds
Uncalled bet ($6) returned to Swe_OlssoN
Swe_OlssoN collected $23.52 from pot
Swe_OlssoN: doesn't show hand
*** SUMMARY ***
Total pot $24 | Rake $0.48
Board [5c 7h 9d Js Kd]
Seat 1: BigYelloFish (button) (small blind) folded on the River
Seat 2: Swe_OlssoN (big blind) collected ($23.52)


PokerStars Hand #145998738736:  Hold'em Limit ($3/$6 USD) - 2015/12/27 9:23:39 ET
Table 'Helffrich II' 2-max Seat #2 is the button
Seat 1: BigYelloFish ($92.50 in chips)
Seat 2: Swe_OlssoN ($105.60 in chips)
Swe_OlssoN: posts small blind $1
BigYelloFish: posts big blind $3
*** HOLE CARDS ***
Swe_OlssoN: raises $3 to $6
BigYelloFish: calls $3
*** FLOP *** [6d Ts 7s]
BigYelloFish: checks
Swe_OlssoN: bets $3
BigYelloFish: calls $3
*** TURN *** [6d Ts 7s] [9d]
BigYelloFish: checks
Swe_OlssoN: bets $6
BigYelloFish: folds
Uncalled bet ($6) returned to Swe_OlssoN
Swe_OlssoN collected $17.64 from pot
Swe_OlssoN: doesn't show hand
*** SUMMARY ***
Total pot $18 | Rake $0.36
Board [6d Ts 7s 9d]
Seat 1: BigYelloFish (big blind) folded on the Turn
Seat 2: Swe_OlssoN (button) (small blind) collected ($17.64)


PokerStars Hand #145998763894:  Hold'em Limit ($3/$6 USD) - 2015/12/27 9:24:11 ET
Table 'Helffrich II' 2-max Seat #2 is the button
Seat 1: BigYelloFish ($86.50 in chips)
Seat 2: Swe_OlssoN ($111.24 in chips)
Swe_OlssoN: posts small blind $1
BigYelloFish: posts big blind $3
*** HOLE CARDS ***
Swe_OlssoN: folds
Uncalled bet ($2) returned to BigYelloFish
BigYelloFish collected $2 from pot
BigYelloFish: doesn't show hand
*** SUMMARY ***
Total pot $2 | Rake $0
Seat 1: BigYelloFish (big blind) collected ($2)
Seat 2: Swe_OlssoN (button) (small blind) folded before Flop


PokerStars Hand #145998758300:  Hold'em Limit ($3/$6 USD) - 2015/12/27 9:24:04 ET
Table 'Helffrich II' 2-max Seat #1 is the button
Seat 1: BigYelloFish ($83.50 in chips)
Seat 2: Swe_OlssoN ($114.24 in chips)
BigYelloFish: posts small blind $1
Swe_OlssoN: posts big blind $3
*** HOLE CARDS ***
BigYelloFish: raises $3 to $6
Swe_OlssoN: folds
Uncalled bet ($3) returned to BigYelloFish
BigYelloFish collected $6 from pot
BigYelloFish: doesn't show hand
*** SUMMARY ***
Total pot $6 | Rake $0
Seat 1: BigYelloFish (button) (small blind) collected ($6)
Seat 2: Swe_OlssoN (big blind) folded before Flop


PokerStars Hand #145998767348:  Hold'em Limit ($3/$6 USD) - 2015/12/27 9:24:16 ET
Table 'Helffrich II' 2-max Seat #1 is the button
Seat 1: BigYelloFish ($87.50 in chips)
Seat 2: Swe_OlssoN ($110.24 in chips)
BigYelloFish: posts small blind $1
Swe_OlssoN: posts big blind $3
*** HOLE CARDS ***
BigYelloFish: raises $3 to $6
Swe_OlssoN: calls $3
*** FLOP *** [Th Kc Kd]
Swe_OlssoN: checks
BigYelloFish: bets $3
Swe_OlssoN: calls $3
*** TURN *** [Th Kc Kd] [Ad]
Swe_OlssoN: checks
BigYelloFish: checks
*** RIVER *** [Th Kc Kd Ad] [9h]
Swe_OlssoN: checks
BigYelloFish: checks
*** SHOW DOWN ***
Swe_OlssoN: shows [Jh 7h] (a pair of Kings)
BigYelloFish: mucks hand
Swe_OlssoN collected $17.64 from pot
*** SUMMARY ***
Total pot $18 | Rake $0.36
Board [Th Kc Kd Ad 9h]
Seat 1: BigYelloFish (button) (small blind) mucked
Seat 2: Swe_OlssoN (big blind) showed [Jh 7h] and won ($17.64) with a pair of Kings


PokerStars Hand #145998807715:  Hold'em Limit ($3/$6 USD) - 2015/12/27 9:25:07 ET
Table 'Helffrich II' 2-max Seat #2 is the button
Seat 1: BigYelloFish ($93.02 in chips)
Seat 2: Swe_OlssoN ($103.88 in chips)
Swe_OlssoN: posts small blind $1
BigYelloFish: posts big blind $3
*** HOLE CARDS ***
Swe_OlssoN: raises $3 to $6
BigYelloFish: folds
Uncalled bet ($3) returned to Swe_OlssoN
Swe_OlssoN collected $6 from pot
Swe_OlssoN: doesn't show hand
*** SUMMARY ***
Total pot $6 | Rake $0
Seat 1: BigYelloFish (big blind) folded before Flop
Seat 2: Swe_OlssoN (button) (small blind) collected ($6)


PokerStars Hand #145998812069:  Hold'em Limit ($3/$6 USD) - 2015/12/27 9:25:12 ET
Table 'Helffrich II' 2-max Seat #1 is the button
Seat 1: BigYelloFish ($90.02 in chips)
Seat 2: Swe_OlssoN ($106.88 in chips)
BigYelloFish: posts small blind $1
Swe_OlssoN: posts big blind $3
*** HOLE CARDS ***
BigYelloFish: calls $2
Swe_OlssoN: checks
*** FLOP *** [As Ts Qc]
Swe_OlssoN: checks
BigYelloFish: checks
*** TURN *** [As Ts Qc] [Js]
Swe_OlssoN: checks
BigYelloFish: checks
*** RIVER *** [As Ts Qc Js] [Th]
Swe_OlssoN: checks
BigYelloFish: checks
*** SHOW DOWN ***
Swe_OlssoN: shows [4s 7c] (a pair of Tens)
BigYelloFish: shows [7h 2h] (a pair of Tens)
Swe_OlssoN collected $2.94 from pot
BigYelloFish collected $2.94 from pot
*** SUMMARY ***
Total pot $6 | Rake $0.12
Board [As Ts Qc Js Th]
Seat 1: BigYelloFish (button) (small blind) showed [7h 2h] and won ($2.94) with a pair of Tens
Seat 2: Swe_OlssoN (big blind) showed [4s 7c] and won ($2.94) with a pair of Tens


PokerStars Hand #145998802249:  Hold'em Limit ($3/$6 USD) - 2015/12/27 9:25:00 ET
Table 'Helffrich II' 2-max Seat #1 is the button
Seat 1: BigYelloFish ($90.02 in chips)
Seat 2: Swe_OlssoN ($106.88 in chips)
BigYelloFish: posts small blind $1
Swe_OlssoN: posts big blind $3
*** HOLE CARDS ***
BigYelloFish: raises $3 to $6
Swe_OlssoN: folds
Uncalled bet ($3) returned to BigYelloFish
BigYelloFish collected $6 from pot
BigYelloFish: doesn't show hand
*** SUMMARY ***
Total pot $6 | Rake $0
Seat 1: BigYelloFish (button) (small blind) collected ($6)
Seat 2: Swe_OlssoN (big blind) folded before Flop


PokerStars Hand #145998783053:  Hold'em Limit ($3/$6 USD) - 2015/12/27 9:24:36 ET
Table 'Helffrich II' 2-max Seat #2 is the button
Seat 1: BigYelloFish ($78.50 in chips)
Seat 2: Swe_OlssoN ($118.88 in chips)
Swe_OlssoN: posts small blind $1
BigYelloFish: posts big blind $3
*** HOLE CARDS ***
Swe_OlssoN: raises $3 to $6
BigYelloFish: raises $3 to $9
Swe_OlssoN: calls $3
*** FLOP *** [Jc 4s 7d]
BigYelloFish: bets $3
Swe_OlssoN: calls $3
*** TURN *** [Jc 4s 7d] [Kh]
BigYelloFish: checks
Swe_OlssoN: checks
*** RIVER *** [Jc 4s 7d Kh] [7h]
BigYelloFish: checks
Swe_OlssoN: checks
*** SHOW DOWN ***
BigYelloFish: shows [8c As] (a pair of Sevens)
Swe_OlssoN: mucks hand
BigYelloFish collected $23.52 from pot
*** SUMMARY ***
Total pot $24 | Rake $0.48
Board [Jc 4s 7d Kh 7h]
Seat 1: BigYelloFish (big blind) showed [8c As] and won ($23.52) with a pair of Sevens
Seat 2: Swe_OlssoN (button) (small blind) mucked


PokerStars Hand #145998833690:  Hold'em Limit ($3/$6 USD) - 2015/12/27 9:25:40 ET
Table 'Helffrich II' 2-max Seat #2 is the button
Seat 1: BigYelloFish ($89.96 in chips)
Seat 2: Swe_OlssoN ($106.82 in chips)
Swe_OlssoN: posts small blind $1
BigYelloFish: posts big blind $3
*** HOLE CARDS ***
Swe_OlssoN: raises $3 to $6
BigYelloFish: calls $3
*** FLOP *** [3c 3d Ts]
BigYelloFish: checks
Swe_OlssoN: bets $3
BigYelloFish: calls $3
*** TURN *** [3c 3d Ts] [Jd]
BigYelloFish: checks
Swe_OlssoN: bets $6
BigYelloFish: folds
Uncalled bet ($6) returned to Swe_OlssoN
Swe_OlssoN collected $17.64 from pot
Swe_OlssoN: doesn't show hand
*** SUMMARY ***
Total pot $18 | Rake $0.36
Board [3c 3d Ts Jd]
Seat 1: BigYelloFish (big blind) folded on the Turn
Seat 2: Swe_OlssoN (button) (small blind) collected ($17.64)


PokerStars Hand #145998861831:  Hold'em Limit ($3/$6 USD) - 2015/12/27 9:26:16 ET
Table 'Helffrich II' 2-max Seat #1 is the button
Seat 1: BigYelloFish ($84.96 in chips)
Seat 2: Swe_OlssoN ($111.46 in chips)
BigYelloFish: posts small blind $1
Swe_OlssoN: posts big blind $3
*** HOLE CARDS ***
BigYelloFish: raises $3 to $6
Swe_OlssoN: raises $3 to $9
BigYelloFish: calls $3
*** FLOP *** [Kc 2h Jh]
Swe_OlssoN: bets $3
BigYelloFish: calls $3
*** TURN *** [Kc 2h Jh] [7d]
Swe_OlssoN: bets $6
BigYelloFish: calls $6
*** RIVER *** [Kc 2h Jh 7d] [3s]
Swe_OlssoN: checks
BigYelloFish: checks
*** SHOW DOWN ***
Swe_OlssoN: shows [4s 4d] (a pair of Fours)
BigYelloFish: mucks hand
Swe_OlssoN collected $35.50 from pot
*** SUMMARY ***
Total pot $36 | Rake $0.50
Board [Kc 2h Jh 7d 3s]
Seat 1: BigYelloFish (button) (small blind) mucked
Seat 2: Swe_OlssoN (big blind) showed [4s 4d] and won ($35.50) with a pair of Fours


PokerStars Hand #145998858361:  Hold'em Limit ($3/$6 USD) - 2015/12/27 9:26:11 ET
Table 'Helffrich II' 2-max Seat #2 is the button
Seat 1: BigYelloFish ($83.96 in chips)
Seat 2: Swe_OlssoN ($112.46 in chips)
Swe_OlssoN: posts small blind $1
BigYelloFish: posts big blind $3
*** HOLE CARDS ***
Swe_OlssoN: folds
Uncalled bet ($2) returned to BigYelloFish
BigYelloFish collected $2 from pot
BigYelloFish: doesn't show hand
*** SUMMARY ***
Total pot $2 | Rake $0
Seat 1: BigYelloFish (big blind) collected ($2)
Seat 2: Swe_OlssoN (button) (small blind) folded before Flop


PokerStars Hand #145998852019:  Hold'em Limit ($3/$6 USD) - 2015/12/27 9:26:03 ET
Table 'Helffrich II' 2-max Seat #1 is the button
Seat 1: BigYelloFish ($80.96 in chips)
Seat 2: Swe_OlssoN ($115.46 in chips)
BigYelloFish: posts small blind $1
Swe_OlssoN: posts big blind $3
*** HOLE CARDS ***
BigYelloFish: raises $3 to $6
Swe_OlssoN: folds
Uncalled bet ($3) returned to BigYelloFish
BigYelloFish collected $6 from pot
BigYelloFish: doesn't show hand
*** SUMMARY ***
Total pot $6 | Rake $0
Seat 1: BigYelloFish (button) (small blind) collected ($6)
Seat 2: Swe_OlssoN (big blind) folded before Flop


PokerStars Hand #145998908482:  Hold'em Limit ($3/$6 USD) - 2015/12/27 9:27:16 ET
Table 'Helffrich II' 2-max Seat #1 is the button
Seat 1: BigYelloFish ($61.48 in chips)
Seat 2: Swe_OlssoN ($133.46 in chips)
BigYelloFish: posts small blind $1
Swe_OlssoN: posts big blind $3
*** HOLE CARDS ***
BigYelloFish: folds
Uncalled bet ($2) returned to Swe_OlssoN
Swe_OlssoN collected $2 from pot
Swe_OlssoN: doesn't show hand
*** SUMMARY ***
Total pot $2 | Rake $0
Seat 1: BigYelloFish (button) (small blind) folded before Flop
Seat 2: Swe_OlssoN (big blind) collected ($2)


PokerStars Hand #145998914773:  Hold'em Limit ($3/$6 USD) - 2015/12/27 9:27:24 ET
Table 'Helffrich II' 2-max Seat #2 is the button
Seat 1: BigYelloFish ($60.48 in chips)
Seat 2: Swe_OlssoN ($134.46 in chips)
Swe_OlssoN: posts small blind $1
BigYelloFish: posts big blind $3
*** HOLE CARDS ***
Swe_OlssoN: raises $3 to $6
BigYelloFish: calls $3
*** FLOP *** [3d 8d 4s]
BigYelloFish: checks
Swe_OlssoN: bets $3
BigYelloFish: calls $3
*** TURN *** [3d 8d 4s] [6h]
BigYelloFish: checks
Swe_OlssoN: bets $6
BigYelloFish: calls $6
*** RIVER *** [3d 8d 4s 6h] [7h]
BigYelloFish: bets $6
Swe_OlssoN: calls $6
*** SHOW DOWN ***
BigYelloFish: shows [Td 5c] (a straight, Four to Eight)
Swe_OlssoN: mucks hand
BigYelloFish collected $41.50 from pot
*** SUMMARY ***
Total pot $42 | Rake $0.50
Board [3d 8d 4s 6h 7h]
Seat 1: BigYelloFish (big blind) showed [Td 5c] and won ($41.50) with a straight, Four to Eight
Seat 2: Swe_OlssoN (button) (small blind) mucked


PokerStars Hand #145998905003:  Hold'em Limit ($3/$6 USD) - 2015/12/27 9:27:11 ET
Table 'Helffrich II' 2-max Seat #2 is the button
Seat 1: BigYelloFish ($60.48 in chips)
Seat 2: Swe_OlssoN ($134.46 in chips)
Swe_OlssoN: posts small blind $1
BigYelloFish: posts big blind $3
*** HOLE CARDS ***
Swe_OlssoN: folds
Uncalled bet ($2) returned to BigYelloFish
BigYelloFish collected $2 from pot
BigYelloFish: doesn't show hand
*** SUMMARY ***
Total pot $2 | Rake $0
Seat 1: BigYelloFish (big blind) collected ($2)
Seat 2: Swe_OlssoN (button) (small blind) folded before Flop


PokerStars Hand #145998891129:  Hold'em Limit ($3/$6 USD) - 2015/12/27 9:26:54 ET
Table 'Helffrich II' 2-max Seat #1 is the button
Seat 1: BigYelloFish ($78.48 in chips)
Seat 2: Swe_OlssoN ($116.96 in chips)
BigYelloFish: posts small blind $1
Swe_OlssoN: posts big blind $3
*** HOLE CARDS ***
BigYelloFish: raises $3 to $6
Swe_OlssoN: raises $3 to $9
BigYelloFish: calls $3
*** FLOP *** [4h 2c 3s]
Swe_OlssoN: bets $3
BigYelloFish: calls $3
*** TURN *** [4h 2c 3s] [2s]
Swe_OlssoN: bets $6
BigYelloFish: calls $6
*** RIVER *** [4h 2c 3s 2s] [3h]
Swe_OlssoN: bets $6
BigYelloFish: folds
Uncalled bet ($6) returned to Swe_OlssoN
Swe_OlssoN collected $35.50 from pot
Swe_OlssoN: doesn't show hand
*** SUMMARY ***
Total pot $36 | Rake $0.50
Board [4h 2c 3s 2s 3h]
Seat 1: BigYelloFish (button) (small blind) folded on the River
Seat 2: Swe_OlssoN (big blind) collected ($35.50)


PokerStars Hand #145998976624:  Hold'em Limit ($3/$6 USD) - 2015/12/27 9:28:43 ET
Table 'Helffrich II' 2-max Seat #1 is the button
Seat 1: BigYelloFish ($48.98 in chips)
Seat 2: Swe_OlssoN ($144.14 in chips)
BigYelloFish: posts small blind $1
Swe_OlssoN: posts big blind $3
*** HOLE CARDS ***
BigYelloFish: folds
Uncalled bet ($2) returned to Swe_OlssoN
Swe_OlssoN collected $2 from pot
Swe_OlssoN: doesn't show hand
*** SUMMARY ***
Total pot $2 | Rake $0
Seat 1: BigYelloFish (button) (small blind) folded before Flop
Seat 2: Swe_OlssoN (big blind) collected ($2)


PokerStars Hand #145998963063:  Hold'em Limit ($3/$6 USD) - 2015/12/27 9:28:25 ET
Table 'Helffrich II' 2-max Seat #2 is the button
Seat 1: BigYelloFish ($57.98 in chips)
Seat 2: Swe_OlssoN ($135.50 in chips)
Swe_OlssoN: posts small blind $1
BigYelloFish: posts big blind $3
*** HOLE CARDS ***
Swe_OlssoN: raises $3 to $6
BigYelloFish: calls $3
*** FLOP *** [8s 2s 3c]
BigYelloFish: checks
Swe_OlssoN: bets $3
BigYelloFish: calls $3
*** TURN *** [8s 2s 3c] [5c]
BigYelloFish: checks
Swe_OlssoN: checks
*** RIVER *** [8s 2s 3c 5c] [8d]
BigYelloFish: checks
Swe_OlssoN: bets $6
BigYelloFish: folds
Uncalled bet ($6) returned to Swe_OlssoN
Swe_OlssoN collected $17.64 from pot
Swe_OlssoN: doesn't show hand
*** SUMMARY ***
Total pot $18 | Rake $0.36
Board [8s 2s 3c 5c 8d]
Seat 1: BigYelloFish (big blind) folded on the River
Seat 2: Swe_OlssoN (button) (small blind) collected ($17.64)


PokerStars Hand #145998946106:  Hold'em Limit ($3/$6 USD) - 2015/12/27 9:28:04 ET
Table 'Helffrich II' 2-max Seat #1 is the button
Seat 1: BigYelloFish ($69.98 in chips)
Seat 2: Swe_OlssoN ($123.98 in chips)
BigYelloFish: posts small blind $1
Swe_OlssoN: posts big blind $3
*** HOLE CARDS ***
BigYelloFish: raises $3 to $6
Swe_OlssoN: raises $3 to $9
BigYelloFish: calls $3
*** FLOP *** [2h 2d 4s]
Swe_OlssoN: bets $3
BigYelloFish: calls $3
*** TURN *** [2h 2d 4s] [7c]
Swe_OlssoN: bets $6
BigYelloFish: folds
Uncalled bet ($6) returned to Swe_OlssoN
Swe_OlssoN collected $23.52 from pot
Swe_OlssoN: doesn't show hand
*** SUMMARY ***
Total pot $24 | Rake $0.48
Board [2h 2d 4s 7c]
Seat 1: BigYelloFish (button) (small blind) folded on the Turn
Seat 2: Swe_OlssoN (big blind) collected ($23.52)


PokerStars Hand #145998942620:  Hold'em Limit ($3/$6 USD) - 2015/12/27 9:27:59 ET
Table 'Helffrich II' 2-max Seat #2 is the button
Seat 1: BigYelloFish ($68.98 in chips)
Seat 2: Swe_OlssoN ($124.98 in chips)
Swe_OlssoN: posts small blind $1
BigYelloFish: posts big blind $3
*** HOLE CARDS ***
Swe_OlssoN: folds
Uncalled bet ($2) returned to BigYelloFish
BigYelloFish collected $2 from pot
BigYelloFish: doesn't show hand
*** SUMMARY ***
Total pot $2 | Rake $0
Seat 1: BigYelloFish (big blind) collected ($2)
Seat 2: Swe_OlssoN (button) (small blind) folded before Flop


PokerStars Hand #145998931874:  Hold'em Limit ($3/$6 USD) - 2015/12/27 9:27:45 ET
Table 'Helffrich II' 2-max Seat #1 is the button
Seat 1: BigYelloFish ($80.98 in chips)
Seat 2: Swe_OlssoN ($113.46 in chips)
BigYelloFish: posts small blind $1
Swe_OlssoN: posts big blind $3
*** HOLE CARDS ***
BigYelloFish: raises $3 to $6
Swe_OlssoN: raises $3 to $9
BigYelloFish: calls $3
*** FLOP *** [Qh 5s Th]
Swe_OlssoN: bets $3
BigYelloFish: calls $3
*** TURN *** [Qh 5s Th] [Jh]
Swe_OlssoN: bets $6
BigYelloFish: folds
Uncalled bet ($6) returned to Swe_OlssoN
Swe_OlssoN collected $23.52 from pot
Swe_OlssoN: doesn't show hand
*** SUMMARY ***
Total pot $24 | Rake $0.48
Board [Qh 5s Th Jh]
Seat 1: BigYelloFish (button) (small blind) folded on the Turn
Seat 2: Swe_OlssoN (big blind) collected ($23.52)


PokerStars Hand #145999000936:  Hold'em Limit ($3/$6 USD) - 2015/12/27 9:29:14 ET
Table 'Helffrich II' 2-max Seat #2 is the button
Seat 1: BigYelloFish ($18.98 in chips)
Seat 2: Swe_OlssoN ($173.64 in chips)
Swe_OlssoN: posts small blind $1
BigYelloFish: posts big blind $3
*** HOLE CARDS ***
Swe_OlssoN: raises $3 to $6
BigYelloFish: calls $3
*** FLOP *** [9s Th Kh]
BigYelloFish: checks
Swe_OlssoN: bets $3
BigYelloFish: folds
Uncalled bet ($3) returned to Swe_OlssoN
Swe_OlssoN collected $11.76 from pot
Swe_OlssoN: doesn't show hand
*** SUMMARY ***
Total pot $12 | Rake $0.24
Board [9s Th Kh]
Seat 1: BigYelloFish (big blind) folded on the Flop
Seat 2: Swe_OlssoN (button) (small blind) collected ($11.76)


PokerStars Hand #145998983553:  Hold'em Limit ($3/$6 USD) - 2015/12/27 9:28:51 ET
Table 'Helffrich II' 2-max Seat #1 is the button
Seat 1: BigYelloFish ($48.98 in chips)
Seat 2: Swe_OlssoN ($144.14 in chips)
BigYelloFish: posts small blind $1
Swe_OlssoN: posts big blind $3
*** HOLE CARDS ***
BigYelloFish: raises $3 to $6
Swe_OlssoN: calls $3
*** FLOP *** [6c 3c Js]
Swe_OlssoN: checks
BigYelloFish: bets $3
Swe_OlssoN: raises $3 to $6
BigYelloFish: calls $3
*** TURN *** [6c 3c Js] [4h]
Swe_OlssoN: bets $6
BigYelloFish: raises $6 to $12
Swe_OlssoN: calls $6
*** RIVER *** [6c 3c Js 4h] [5d]
Swe_OlssoN: bets $6
BigYelloFish: calls $6
*** SHOW DOWN ***
Swe_OlssoN: shows [7d Kc] (a straight, Three to Seven)
BigYelloFish: mucks hand
Swe_OlssoN collected $59.50 from pot
*** SUMMARY ***
Total pot $60 | Rake $0.50
Board [6c 3c Js 4h 5d]
Seat 1: BigYelloFish (button) (small blind) mucked
Seat 2: Swe_OlssoN (big blind) showed [7d Kc] and won ($59.50) with a straight, Three to Seven


PokerStars Hand #145999017171:  Hold'em Limit ($3/$6 USD) - 2015/12/27 9:29:34 ET
Table 'Helffrich II' 2-max Seat #1 is the button
Seat 1: BigYelloFish ($12.98 in chips)
Seat 2: Swe_OlssoN ($179.40 in chips)
BigYelloFish: posts small blind $1
Swe_OlssoN: posts big blind $3
*** HOLE CARDS ***
BigYelloFish: raises $3 to $6
Swe_OlssoN: calls $3
*** FLOP *** [Jh 4h 6c]
Swe_OlssoN: bets $3
BigYelloFish: calls $3
*** TURN *** [Jh 4h 6c] [2s]
Swe_OlssoN: bets $6
BigYelloFish: calls $3.98 and is all-in
Uncalled bet ($2.02) returned to Swe_OlssoN
*** RIVER *** [Jh 4h 6c 2s] [5d]
*** SHOW DOWN ***
Swe_OlssoN: shows [4c Qc] (a pair of Fours)
BigYelloFish: shows [4s 9h] (a pair of Fours - lower kicker)
Swe_OlssoN collected $25.46 from pot
*** SUMMARY ***
Total pot $25.96 | Rake $0.50
Board [Jh 4h 6c 2s 5d]
Seat 1: BigYelloFish (button) (small blind) showed [4s 9h] and lost with a pair of Fours
Seat 2: Swe_OlssoN (big blind) showed [4c Qc] and won ($25.46) with a pair of Fours


