PokerStars Hand #164995815055:  Hold'em Limit ($3/$6 USD) - 2017/01/22 12:57:00 ET
Table 'Helina II' 6-max Seat #4 is the button
Seat 4: Great_Kang ($120 in chips)
Seat 5: supersjakie ($42 in chips)
Great_Kang: posts small blind $1
supersjakie: posts big blind $3
*** HOLE CARDS ***
Auge72 joins the table at seat #1
Great_Kang: raises $3 to $6
perten joins the table at seat #6
supersjakie: calls $3
*** FLOP *** [3s 7c Qd]
supersjakie: checks
panamera72 joins the table at seat #2
Great_Kang: bets $3
supersjakie: calls $3
*** TURN *** [3s 7c Qd] [Qs]
supersjakie: checks
Great_Kang: bets $6
downtempo39 joins the table at seat #3
supersjakie: folds
Uncalled bet ($6) returned to Great_Kang
Great_Kang collected $17.64 from pot
Great_Kang: doesn't show hand
*** SUMMARY ***
Total pot $18 | Rake $0.36
Board [3s 7c Qd Qs]
Seat 4: Great_Kang (button) (small blind) collected ($17.64)
Seat 5: supersjakie (big blind) folded on the Turn


PokerStars Hand #164996563410:  Hold'em Limit ($3/$6 USD) - 2017/01/22 13:09:46 ET
Table 'Helina II' 6-max Seat #3 is the button
Seat 3: LuckyScal ($114.02 in chips)
Seat 5: supersjakie ($52.03 in chips)
LuckyScal: posts small blind $1
supersjakie: posts big blind $3
*** HOLE CARDS ***
LuckyScal: raises $3 to $6
supersjakie: calls $3
*** FLOP *** [Qc 7h 9s]
supersjakie: checks
LuckyScal: bets $3
supersjakie: folds
Uncalled bet ($3) returned to LuckyScal
LuckyScal collected $11.76 from pot
LuckyScal: doesn't show hand
*** SUMMARY ***
Total pot $12 | Rake $0.24
Board [Qc 7h 9s]
Seat 3: LuckyScal (button) (small blind) collected ($11.76)
Seat 5: supersjakie (big blind) folded on the Flop


PokerStars Hand #164996585621:  Hold'em Limit ($3/$6 USD) - 2017/01/22 13:10:05 ET
Table 'Helina II' 6-max Seat #5 is the button
Seat 3: LuckyScal ($119.78 in chips)
Seat 5: supersjakie ($46.03 in chips)
supersjakie: posts small blind $1
LuckyScal: posts big blind $3
*** HOLE CARDS ***
supersjakie: raises $3 to $6
LuckyScal: calls $3
*** FLOP *** [Ah As Kd]
LuckyScal: checks
supersjakie: bets $3
LuckyScal: folds
Uncalled bet ($3) returned to supersjakie
supersjakie collected $11.76 from pot
supersjakie: doesn't show hand
*** SUMMARY ***
Total pot $12 | Rake $0.24
Board [Ah As Kd]
Seat 3: LuckyScal (big blind) folded on the Flop
Seat 5: supersjakie (button) (small blind) collected ($11.76)


PokerStars Hand #164996606576:  Hold'em Limit ($3/$6 USD) - 2017/01/22 13:10:24 ET
Table 'Helina II' 6-max Seat #3 is the button
Seat 3: LuckyScal ($113.78 in chips)
Seat 5: supersjakie ($51.79 in chips)
LuckyScal: posts small blind $1
supersjakie: posts big blind $3
*** HOLE CARDS ***
LuckyScal: folds
Uncalled bet ($2) returned to supersjakie
supersjakie collected $2 from pot
supersjakie: doesn't show hand
*** SUMMARY ***
Total pot $2 | Rake $0
Seat 3: LuckyScal (button) (small blind) folded before Flop
Seat 5: supersjakie (big blind) collected ($2)


PokerStars Hand #164996615359:  Hold'em Limit ($3/$6 USD) - 2017/01/22 13:10:33 ET
Table 'Helina II' 6-max Seat #5 is the button
Seat 3: LuckyScal ($112.78 in chips)
Seat 5: supersjakie ($52.79 in chips)
supersjakie: posts small blind $1
LuckyScal: posts big blind $3
*** HOLE CARDS ***
supersjakie: raises $3 to $6
LuckyScal: calls $3
*** FLOP *** [Ac Qd 7c]
LuckyScal: checks
supersjakie: bets $3
LuckyScal: calls $3
*** TURN *** [Ac Qd 7c] [4h]
LuckyScal: checks
supersjakie: bets $6
LuckyScal: calls $6
*** RIVER *** [Ac Qd 7c 4h] [Ah]
LuckyScal: checks
supersjakie: checks
*** SHOW DOWN ***
LuckyScal: shows [Qs 6h] (two pair, Aces and Queens)
supersjakie: mucks hand
LuckyScal collected $29.50 from pot
*** SUMMARY ***
Total pot $30 | Rake $0.50
Board [Ac Qd 7c 4h Ah]
Seat 3: LuckyScal (big blind) showed [Qs 6h] and won ($29.50) with two pair, Aces and Queens
Seat 5: supersjakie (button) (small blind) mucked


