PokerStars Hand #166593449187:  Hold'em Limit ($3/$6 USD) - 2017/02/22 6:00:02 ET
Table 'Helina' 6-max Seat #4 is the button
Seat 4: Actionni13 ($150 in chips)
Seat 6: HAOYUN88888 ($33.74 in chips)
Actionni13: posts small blind $1
HAOYUN88888: posts big blind $3
*** HOLE CARDS ***
Actionni13: raises $3 to $6
HAOYUN88888: calls $3
*** FLOP *** [4d Jh Js]
HAOYUN88888: checks
Actionni13: bets $3
HAOYUN88888: calls $3
*** TURN *** [4d Jh Js] [5d]
HAOYUN88888: checks
Actionni13: checks
*** RIVER *** [4d Jh Js 5d] [As]
HAOYUN88888: bets $6
Actionni13: folds
Uncalled bet ($6) returned to HAOYUN88888
HAOYUN88888 collected $17.64 from pot
HAOYUN88888: doesn't show hand
*** SUMMARY ***
Total pot $18 | Rake $0.36
Board [4d Jh Js 5d As]
Seat 4: Actionni13 (button) (small blind) folded on the River
Seat 6: HAOYUN88888 (big blind) collected ($17.64)


PokerStars Hand #166593479221:  Hold'em Limit ($3/$6 USD) - 2017/02/22 6:01:14 ET
Table 'Helina' 6-max Seat #4 is the button
Seat 4: Actionni13 ($150 in chips)
Seat 6: HAOYUN88888 ($68.88 in chips)
Actionni13: posts small blind $1
HAOYUN88888: posts big blind $3
*** HOLE CARDS ***
Actionni13: raises $3 to $6
HAOYUN88888: folds
Uncalled bet ($3) returned to Actionni13
Actionni13 collected $6 from pot
Actionni13: doesn't show hand
*** SUMMARY ***
Total pot $6 | Rake $0
Seat 4: Actionni13 (button) (small blind) collected ($6)
Seat 6: HAOYUN88888 (big blind) folded before Flop


PokerStars Hand #166593460760:  Hold'em Limit ($3/$6 USD) - 2017/02/22 6:00:30 ET
Table 'Helina' 6-max Seat #6 is the button
Seat 4: Actionni13 ($150 in chips)
Seat 6: HAOYUN88888 ($42.38 in chips)
HAOYUN88888: posts small blind $1
Actionni13: posts big blind $3
*** HOLE CARDS ***
HAOYUN88888: raises $3 to $6
Actionni13: calls $3
*** FLOP *** [9h 3s 4d]
Actionni13: checks
HAOYUN88888: bets $3
Actionni13: calls $3
*** TURN *** [9h 3s 4d] [7c]
Actionni13: checks
HAOYUN88888: bets $6
Actionni13: calls $6
*** RIVER *** [9h 3s 4d 7c] [Td]
Actionni13: bets $6
kolaz03 joins the table at seat #1
HAOYUN88888: raises $6 to $12
Actionni13: calls $6
*** SHOW DOWN ***
HAOYUN88888: shows [4h 4s] (three of a kind, Fours)
Actionni13: mucks hand
HAOYUN88888 collected $53.50 from pot
*** SUMMARY ***
Total pot $54 | Rake $0.50
Board [9h 3s 4d 7c Td]
Seat 4: Actionni13 (big blind) mucked
Seat 6: HAOYUN88888 (button) (small blind) showed [4h 4s] and won ($53.50) with three of a kind, Fours


PokerStars Hand #166593606405:  Hold'em Limit ($3/$6 USD) - 2017/02/22 6:05:59 ET
Table 'Helina' 6-max Seat #1 is the button
Seat 1: kolaz03 ($103.38 in chips)
Seat 4: Actionni13 ($166.23 in chips)
kolaz03: posts small blind $1
Actionni13: posts big blind $3
*** HOLE CARDS ***
kolaz03: raises $3 to $6
Actionni13: calls $3
*** FLOP *** [7s As Js]
Actionni13: checks
kolaz03: bets $3
Actionni13: calls $3
*** TURN *** [7s As Js] [9c]
Actionni13: checks
kolaz03: bets $6
Actionni13: folds
Uncalled bet ($6) returned to kolaz03
kolaz03 collected $17.64 from pot
kolaz03: doesn't show hand
*** SUMMARY ***
Total pot $18 | Rake $0.36
Board [7s As Js 9c]
Seat 1: kolaz03 (button) (small blind) collected ($17.64)
Seat 4: Actionni13 (big blind) folded on the Turn


PokerStars Hand #166593598151:  Hold'em Limit ($3/$6 USD) - 2017/02/22 6:05:41 ET
Table 'Helina' 6-max Seat #4 is the button
Seat 1: kolaz03 ($94.74 in chips)
Seat 4: Actionni13 ($175.23 in chips)
Actionni13: posts small blind $1
kolaz03: posts big blind $3
*** HOLE CARDS ***
Actionni13: raises $3 to $6
kolaz03: calls $3
*** FLOP *** [Jc Qs Kc]
kolaz03: checks
Actionni13: bets $3
kolaz03: raises $3 to $6
Actionni13: folds
Uncalled bet ($3) returned to kolaz03
kolaz03 collected $17.64 from pot
kolaz03: doesn't show hand
*** SUMMARY ***
Total pot $18 | Rake $0.36
Board [Jc Qs Kc]
Seat 1: kolaz03 (big blind) collected ($17.64)
Seat 4: Actionni13 (button) (small blind) folded on the Flop


