PokerStars Hand #172200655242:  Hold'em Limit ($3/$6 USD) - 2017/06/24 20:33:34 ET
Table 'Helionape' 6-max Seat #4 is the button
Seat 4: Chessnok ($135.73 in chips)
Seat 5: Faqquer ($310.32 in chips)
Chessnok: posts small blind $1
Faqquer: posts big blind $3
*** HOLE CARDS ***
Chessnok: folds
Uncalled bet ($2) returned to Faqquer
Faqquer collected $2 from pot
Faqquer: doesn't show hand
*** SUMMARY ***
Total pot $2 | Rake $0
Seat 4: Chessnok (button) (small blind) folded before Flop
Seat 5: Faqquer (big blind) collected ($2)


PokerStars Hand #172201170748:  Hold'em Limit ($3/$6 USD) - 2017/06/24 20:53:34 ET
Table 'Helionape' 6-max Seat #1 is the button
Seat 1: conanboy ($128.02 in chips)
Seat 4: Chessnok ($259.03 in chips)
conanboy: posts small blind $1
Chessnok: posts big blind $3
*** HOLE CARDS ***
conanboy: raises $3 to $6
Chessnok: calls $3
*** FLOP *** [Qs Kh 2d]
Chessnok: checks
conanboy: bets $3
Chessnok: folds
Uncalled bet ($3) returned to conanboy
conanboy collected $11.76 from pot
conanboy: doesn't show hand
*** SUMMARY ***
Total pot $12 | Rake $0.24
Board [Qs Kh 2d]
Seat 1: conanboy (button) (small blind) collected ($11.76)
Seat 4: Chessnok (big blind) folded on the Flop


PokerStars Hand #172201151261:  Hold'em Limit ($3/$6 USD) - 2017/06/24 20:52:47 ET
Table 'Helionape' 6-max Seat #4 is the button
Seat 1: conanboy ($152.02 in chips)
Seat 4: Chessnok ($235.53 in chips)
Chessnok: posts small blind $1
conanboy: posts big blind $3
*** HOLE CARDS ***
Chessnok: raises $3 to $6
conanboy: raises $3 to $9
Chessnok: raises $3 to $12
Betting is capped
conanboy: calls $3
*** FLOP *** [3d Ac Kd]
conanboy: bets $3
Chessnok: raises $3 to $6
conanboy: calls $3
*** TURN *** [3d Ac Kd] [Kc]
conanboy: checks
Chessnok: bets $6
conanboy: calls $6
*** RIVER *** [3d Ac Kd Kc] [As]
conanboy: checks
Chessnok: bets $6
conanboy: folds
Uncalled bet ($6) returned to Chessnok
Chessnok collected $47.50 from pot
Chessnok: doesn't show hand
*** SUMMARY ***
Total pot $48 | Rake $0.50
Board [3d Ac Kd Kc As]
Seat 1: conanboy (big blind) folded on the River
Seat 4: Chessnok (button) (small blind) collected ($47.50)


PokerStars Hand #172201198810:  Hold'em Limit ($3/$6 USD) - 2017/06/24 20:54:42 ET
Table 'Helionape' 6-max Seat #1 is the button
Seat 1: conanboy ($100.78 in chips)
Seat 4: Chessnok ($285.53 in chips)
conanboy: posts small blind $1
Chessnok: posts big blind $3
*** HOLE CARDS ***
conanboy: folds
Uncalled bet ($2) returned to Chessnok
Chessnok collected $2 from pot
Chessnok: doesn't show hand
*** SUMMARY ***
Total pot $2 | Rake $0
Seat 1: conanboy (button) (small blind) folded before Flop
Seat 4: Chessnok (big blind) collected ($2)


PokerStars Hand #172201179796:  Hold'em Limit ($3/$6 USD) - 2017/06/24 20:53:56 ET
Table 'Helionape' 6-max Seat #4 is the button
Seat 1: conanboy ($133.78 in chips)
Seat 4: Chessnok ($253.03 in chips)
Chessnok: posts small blind $1
conanboy: posts big blind $3
*** HOLE CARDS ***
Chessnok: raises $3 to $6
conanboy: calls $3
*** FLOP *** [2s 6h 8h]
conanboy: checks
Chessnok: bets $3
conanboy: calls $3
*** TURN *** [2s 6h 8h] [9c]
conanboy: checks
Chessnok: bets $6
conanboy: raises $6 to $12
Chessnok: raises $6 to $18
conanboy: calls $6
*** RIVER *** [2s 6h 8h 9c] [6c]
conanboy: checks
Chessnok: bets $6
conanboy: calls $6
*** SHOW DOWN ***
Chessnok: shows [7s 5s] (a straight, Five to Nine)
conanboy: mucks hand
Chessnok collected $65.50 from pot
*** SUMMARY ***
Total pot $66 | Rake $0.50
Board [2s 6h 8h 9c 6c]
Seat 1: conanboy (big blind) mucked
Seat 4: Chessnok (button) (small blind) showed [7s 5s] and won ($65.50) with a straight, Five to Nine


PokerStars Hand #172201219986:  Hold'em Limit ($3/$6 USD) - 2017/06/24 20:55:37 ET
Table 'Helionape' 6-max Seat #1 is the button
Seat 1: conanboy ($72.78 in chips)
Seat 4: Chessnok ($313.03 in chips)
conanboy: posts small blind $1
Chessnok: posts big blind $3
*** HOLE CARDS ***
conanboy: raises $3 to $6
Chessnok: calls $3
*** FLOP *** [8d Td 3s]
Chessnok: checks
conanboy: bets $3
Chessnok: raises $3 to $6
conanboy: calls $3
*** TURN *** [8d Td 3s] [8s]
Chessnok: bets $6
conanboy: calls $6
*** RIVER *** [8d Td 3s 8s] [2d]
Chessnok: bets $6
conanboy: folds
Uncalled bet ($6) returned to Chessnok
Chessnok collected $35.50 from pot
Chessnok: doesn't show hand
*** SUMMARY ***
Total pot $36 | Rake $0.50
Board [8d Td 3s 8s 2d]
Seat 1: conanboy (button) (small blind) folded on the River
Seat 4: Chessnok (big blind) collected ($35.50)


PokerStars Hand #172201231350:  Hold'em Limit ($3/$6 USD) - 2017/06/24 20:56:10 ET
Table 'Helionape' 6-max Seat #4 is the button
Seat 1: conanboy ($54.78 in chips)
Seat 4: Chessnok ($330.53 in chips)
Chessnok: posts small blind $1
conanboy: posts big blind $3
*** HOLE CARDS ***
Chessnok: raises $3 to $6
conanboy: raises $3 to $9
Chessnok: calls $3
*** FLOP *** [Kd Jh 8d]
conanboy: bets $3
Chessnok: calls $3
*** TURN *** [Kd Jh 8d] [5s]
conanboy: bets $6
Chessnok: calls $6
*** RIVER *** [Kd Jh 8d 5s] [3c]
conanboy: bets $6
Chessnok: calls $6
*** SHOW DOWN ***
conanboy: shows [Qd 9c] (high card King)
Chessnok: shows [Ah 6s] (high card Ace)
Chessnok collected $47.50 from pot
*** SUMMARY ***
Total pot $48 | Rake $0.50
Board [Kd Jh 8d 5s 3c]
Seat 1: conanboy (big blind) showed [Qd 9c] and lost with high card King
Seat 4: Chessnok (button) (small blind) showed [Ah 6s] and won ($47.50) with high card Ace


PokerStars Hand #172201201436:  Hold'em Limit ($3/$6 USD) - 2017/06/24 20:54:49 ET
Table 'Helionape' 6-max Seat #4 is the button
Seat 1: conanboy ($99.78 in chips)
Seat 4: Chessnok ($286.53 in chips)
Chessnok: posts small blind $1
conanboy: posts big blind $3
*** HOLE CARDS ***
Chessnok: raises $3 to $6
conanboy: raises $3 to $9
Chessnok: raises $3 to $12
Betting is capped
conanboy: calls $3
*** FLOP *** [3h Js Jh]
conanboy: bets $3
Chessnok: calls $3
*** TURN *** [3h Js Jh] [5c]
conanboy: checks
Chessnok: bets $6
conanboy: calls $6
*** RIVER *** [3h Js Jh 5c] [8c]
conanboy: checks
Chessnok: bets $6
conanboy: calls $6
*** SHOW DOWN ***
Chessnok: shows [Qh Qs] (two pair, Queens and Jacks)
conanboy: mucks hand
Chessnok collected $53.50 from pot
*** SUMMARY ***
Total pot $54 | Rake $0.50
Board [3h Js Jh 5c 8c]
Seat 1: conanboy (big blind) mucked
Seat 4: Chessnok (button) (small blind) showed [Qh Qs] and won ($53.50) with two pair, Queens and Jacks


PokerStars Hand #172201242595:  Hold'em Limit ($3/$6 USD) - 2017/06/24 20:56:42 ET
Table 'Helionape' 6-max Seat #1 is the button
Seat 1: conanboy ($30.78 in chips)
Seat 4: Chessnok ($354.03 in chips)
conanboy: posts small blind $1
Chessnok: posts big blind $3
*** HOLE CARDS ***
conanboy: raises $3 to $6
Chessnok: calls $3
*** FLOP *** [9s 3h 2h]
Chessnok: checks
conanboy: bets $3
Chessnok: folds
Uncalled bet ($3) returned to conanboy
conanboy collected $11.76 from pot
conanboy: doesn't show hand
*** SUMMARY ***
Total pot $12 | Rake $0.24
Board [9s 3h 2h]
Seat 1: conanboy (button) (small blind) collected ($11.76)
Seat 4: Chessnok (big blind) folded on the Flop


PokerStars Hand #172201247958:  Hold'em Limit ($3/$6 USD) - 2017/06/24 20:56:57 ET
Table 'Helionape' 6-max Seat #4 is the button
Seat 1: conanboy ($36.54 in chips)
Seat 4: Chessnok ($348.03 in chips)
Chessnok: posts small blind $1
conanboy: posts big blind $3
*** HOLE CARDS ***
Chessnok: raises $3 to $6
conanboy: raises $3 to $9
Chessnok: calls $3
*** FLOP *** [Qc 8h Th]
conanboy: bets $3
Chessnok: calls $3
*** TURN *** [Qc 8h Th] [Qs]
conanboy: bets $6
Chessnok: raises $6 to $12
conanboy: raises $6 to $18
Chessnok: calls $6
*** RIVER *** [Qc 8h Th Qs] [9c]
conanboy: bets $6
Chessnok: raises $6 to $12
conanboy: calls $0.54 and is all-in
Uncalled bet ($5.46) returned to Chessnok
*** SHOW DOWN ***
Chessnok: shows [Ts Jc] (a straight, Eight to Queen)
conanboy: shows [Ac Tc] (two pair, Queens and Tens)
Chessnok collected $72.58 from pot
*** SUMMARY ***
Total pot $73.08 | Rake $0.50
Board [Qc 8h Th Qs 9c]
Seat 1: conanboy (big blind) showed [Ac Tc] and lost with two pair, Queens and Tens
Seat 4: Chessnok (button) (small blind) showed [Ts Jc] and won ($72.58) with a straight, Eight to Queen


PokerStars Hand #172201238378:  Hold'em Limit ($3/$6 USD) - 2017/06/24 20:56:30 ET
Table 'Helionape' 6-max Seat #1 is the button
Seat 1: conanboy ($30.78 in chips)
Seat 4: Chessnok ($354.03 in chips)
conanboy: posts small blind $1
Chessnok: posts big blind $3
*** HOLE CARDS ***
conanboy: folds
Uncalled bet ($2) returned to Chessnok
Chessnok collected $2 from pot
Chessnok: doesn't show hand
*** SUMMARY ***
Total pot $2 | Rake $0
Seat 1: conanboy (button) (small blind) folded before Flop
Seat 4: Chessnok (big blind) collected ($2)


PokerStars Hand #172201241138:  Hold'em Limit ($3/$6 USD) - 2017/06/24 20:56:38 ET
Table 'Helionape' 6-max Seat #4 is the button
Seat 1: conanboy ($29.78 in chips)
Seat 4: Chessnok ($355.03 in chips)
Chessnok: posts small blind $1
conanboy: posts big blind $3
*** HOLE CARDS ***
Chessnok: folds
Uncalled bet ($2) returned to conanboy
conanboy collected $2 from pot
conanboy: doesn't show hand
*** SUMMARY ***
Total pot $2 | Rake $0
Seat 1: conanboy (big blind) collected ($2)
Seat 4: Chessnok (button) (small blind) folded before Flop


PokerStars Hand #172201265264:  Hold'em Limit ($3/$6 USD) - 2017/06/24 20:57:45 ET
Table 'Helionape' 6-max Seat #1 is the button
Seat 1: conanboy ($120 in chips)
Seat 4: Chessnok ($384.07 in chips)
conanboy: posts small blind $1
Chessnok: posts big blind $3
*** HOLE CARDS ***
conanboy: folds
Uncalled bet ($2) returned to Chessnok
Chessnok collected $2 from pot
Chessnok: doesn't show hand
*** SUMMARY ***
Total pot $2 | Rake $0
Seat 1: conanboy (button) (small blind) folded before Flop
Seat 4: Chessnok (big blind) collected ($2)


PokerStars Hand #172201267818:  Hold'em Limit ($3/$6 USD) - 2017/06/24 20:57:53 ET
Table 'Helionape' 6-max Seat #4 is the button
Seat 1: conanboy ($119 in chips)
Seat 4: Chessnok ($385.07 in chips)
Chessnok: posts small blind $1
conanboy: posts big blind $3
*** HOLE CARDS ***
Chessnok: raises $3 to $6
conanboy: raises $3 to $9
Chessnok: calls $3
*** FLOP *** [Kh 2d Jh]
conanboy: bets $3
Chessnok: calls $3
*** TURN *** [Kh 2d Jh] [6d]
conanboy: bets $6
Chessnok: calls $6
*** RIVER *** [Kh 2d Jh 6d] [Jd]
conanboy: bets $6
EVBET joins the table at seat #2
Chessnok: raises $6 to $12
conanboy: folds
Uncalled bet ($6) returned to Chessnok
Chessnok collected $47.50 from pot
Chessnok: doesn't show hand
*** SUMMARY ***
Total pot $48 | Rake $0.50
Board [Kh 2d Jh 6d Jd]
Seat 1: conanboy (big blind) folded on the River
Seat 4: Chessnok (button) (small blind) collected ($47.50)


PokerStars Hand #172204037852:  Hold'em Limit ($3/$6 USD) - 2017/06/24 23:08:42 ET
Table 'Helionape' 6-max Seat #1 is the button
Seat 1: yayaya ($121 in chips)
Seat 5: RSA53 ($247.27 in chips)
yayaya: posts small blind $1
Chessnok: is sitting out
RSA53: posts big blind $3
*** HOLE CARDS ***
yayaya: raises $3 to $6
RSA53: calls $3
*** FLOP *** [4d 4c Ts]
RSA53: checks
yayaya: bets $3
RSA53: folds
Uncalled bet ($3) returned to yayaya
yayaya collected $11.76 from pot
yayaya: doesn't show hand
*** SUMMARY ***
Total pot $12 | Rake $0.24
Board [4d 4c Ts]
Seat 1: yayaya (button) (small blind) collected ($11.76)
Seat 5: RSA53 (big blind) folded on the Flop


PokerStars Hand #172204033825:  Hold'em Limit ($3/$6 USD) - 2017/06/24 23:08:29 ET
Table 'Helionape' 6-max Seat #4 is the button
Seat 4: Chessnok ($182.71 in chips)
Seat 5: RSA53 ($247.27 in chips)
Chessnok: posts small blind $1
RSA53: posts big blind $3
*** HOLE CARDS ***
Chessnok: folds
Uncalled bet ($2) returned to RSA53
RSA53 collected $2 from pot
*** SUMMARY ***
Total pot $2 | Rake $0
Seat 4: Chessnok (button) (small blind) folded before Flop
Seat 5: RSA53 (big blind) collected ($2)


PokerStars Hand #172204030562:  Hold'em Limit ($3/$6 USD) - 2017/06/24 23:08:18 ET
Table 'Helionape' 6-max Seat #5 is the button
Seat 4: Chessnok ($185.71 in chips)
Seat 5: RSA53 ($244.39 in chips)
RSA53: posts small blind $1
Chessnok: posts big blind $3
*** HOLE CARDS ***
RSA53: calls $2
Chessnok: checks
*** FLOP *** [Js 2s 5s]
Chessnok: checks
RSA53: bets $3
Chessnok: folds
Uncalled bet ($3) returned to RSA53
yayaya joins the table at seat #1
RSA53 collected $5.88 from pot
*** SUMMARY ***
Total pot $6 | Rake $0.12
Board [Js 2s 5s]
Seat 4: Chessnok (big blind) folded on the Flop
Seat 5: RSA53 (button) (small blind) collected ($5.88)


PokerStars Hand #172204025620:  Hold'em Limit ($3/$6 USD) - 2017/06/24 23:08:01 ET
Table 'Helionape' 6-max Seat #4 is the button
Seat 4: Chessnok ($194.71 in chips)
Seat 5: RSA53 ($235.75 in chips)
Chessnok: posts small blind $1
RSA53: posts big blind $3
*** HOLE CARDS ***
Chessnok: raises $3 to $6
RSA53: calls $3
*** FLOP *** [2h 5d Ah]
RSA53: checks
Chessnok: bets $3
RSA53: calls $3
*** TURN *** [2h 5d Ah] [3d]
RSA53: checks
Chessnok: checks
*** RIVER *** [2h 5d Ah 3d] [2s]
RSA53: bets $6
Chessnok: folds
Uncalled bet ($6) returned to RSA53
RSA53 collected $17.64 from pot
*** SUMMARY ***
Total pot $18 | Rake $0.36
Board [2h 5d Ah 3d 2s]
Seat 4: Chessnok (button) (small blind) folded on the River
Seat 5: RSA53 (big blind) collected ($17.64)


PokerStars Hand #172204053641:  Hold'em Limit ($3/$6 USD) - 2017/06/24 23:09:35 ET
Table 'Helionape' 6-max Seat #5 is the button
Seat 1: yayaya ($152.02 in chips)
Seat 5: RSA53 ($215.15 in chips)
RSA53: posts small blind $1
yayaya: posts big blind $3
*** HOLE CARDS ***
RSA53: raises $3 to $6
yayaya: calls $3
*** FLOP *** [Qs Ks 2h]
yayaya: checks
RSA53: checks
*** TURN *** [Qs Ks 2h] [4d]
yayaya: bets $6
RSA53: calls $6
*** RIVER *** [Qs Ks 2h 4d] [Jd]
yayaya: bets $6
RSA53: folds
Uncalled bet ($6) returned to yayaya
yayaya collected $23.52 from pot
*** SUMMARY ***
Total pot $24 | Rake $0.48
Board [Qs Ks 2h 4d Jd]
Seat 1: yayaya (big blind) collected ($23.52)
Seat 5: RSA53 (button) (small blind) folded on the River


PokerStars Hand #172204052334:  Hold'em Limit ($3/$6 USD) - 2017/06/24 23:09:31 ET
Table 'Helionape' 6-max Seat #1 is the button
Seat 1: yayaya ($153.02 in chips)
Seat 5: RSA53 ($214.15 in chips)
yayaya: posts small blind $1
RSA53: posts big blind $3
*** HOLE CARDS ***
yayaya: folds
Uncalled bet ($2) returned to RSA53
RSA53 collected $2 from pot
*** SUMMARY ***
Total pot $2 | Rake $0
Seat 1: yayaya (button) (small blind) folded before Flop
Seat 5: RSA53 (big blind) collected ($2)


PokerStars Hand #172204040824:  Hold'em Limit ($3/$6 USD) - 2017/06/24 23:08:52 ET
Table 'Helionape' 6-max Seat #5 is the button
Seat 1: yayaya ($126.76 in chips)
Seat 5: RSA53 ($241.27 in chips)
RSA53: posts small blind $1
yayaya: posts big blind $3
*** HOLE CARDS ***
RSA53: raises $3 to $6
yayaya: raises $3 to $9
RSA53: calls $3
*** FLOP *** [9c Qd 2d]
yayaya: bets $3
RSA53: calls $3
*** TURN *** [9c Qd 2d] [9d]
yayaya: bets $6
RSA53: calls $6
*** RIVER *** [9c Qd 2d 9d] [7h]
yayaya: bets $6
RSA53: calls $6
*** SHOW DOWN ***
yayaya: shows [Ah 7d] (two pair, Nines and Sevens)
RSA53: mucks hand
yayaya collected $47.50 from pot
*** SUMMARY ***
Total pot $48 | Rake $0.50
Board [9c Qd 2d 9d 7h]
Seat 1: yayaya (big blind) showed [Ah 7d] and won ($47.50) with two pair, Nines and Sevens
Seat 5: RSA53 (button) (small blind) mucked


PokerStars Hand #172204048494:  Hold'em Limit ($3/$6 USD) - 2017/06/24 23:09:18 ET
Table 'Helionape' 6-max Seat #5 is the button
Seat 1: yayaya ($156.02 in chips)
Seat 5: RSA53 ($211.27 in chips)
RSA53: posts small blind $1
yayaya: posts big blind $3
*** HOLE CARDS ***
RSA53: calls $2
yayaya: checks
*** FLOP *** [Tc Ah Jd]
yayaya: checks
RSA53: bets $3
yayaya: folds
Uncalled bet ($3) returned to RSA53
RSA53 collected $5.88 from pot
*** SUMMARY ***
Total pot $6 | Rake $0.12
Board [Tc Ah Jd]
Seat 1: yayaya (big blind) folded on the Flop
Seat 5: RSA53 (button) (small blind) collected ($5.88)


PokerStars Hand #172204045778:  Hold'em Limit ($3/$6 USD) - 2017/06/24 23:09:09 ET
Table 'Helionape' 6-max Seat #1 is the button
Seat 1: yayaya ($150.26 in chips)
Seat 5: RSA53 ($217.27 in chips)
yayaya: posts small blind $1
RSA53: posts big blind $3
*** HOLE CARDS ***
yayaya: raises $3 to $6
RSA53: calls $3
*** FLOP *** [Ac Js Kc]
RSA53: checks
yayaya: bets $3
RSA53: folds
Uncalled bet ($3) returned to yayaya
yayaya collected $11.76 from pot
*** SUMMARY ***
Total pot $12 | Rake $0.24
Board [Ac Js Kc]
Seat 1: yayaya (button) (small blind) collected ($11.76)
Seat 5: RSA53 (big blind) folded on the Flop


PokerStars Hand #172204072519:  Hold'em Limit ($3/$6 USD) - 2017/06/24 23:10:39 ET
Table 'Helionape' 6-max Seat #1 is the button
Seat 1: yayaya ($186.70 in chips)
Seat 5: RSA53 ($179.15 in chips)
yayaya: posts small blind $1
RSA53: posts big blind $3
*** HOLE CARDS ***
yayaya: folds
Uncalled bet ($2) returned to RSA53
RSA53 collected $2 from pot
*** SUMMARY ***
Total pot $2 | Rake $0
Seat 1: yayaya (button) (small blind) folded before Flop
Seat 5: RSA53 (big blind) collected ($2)


PokerStars Hand #172204069403:  Hold'em Limit ($3/$6 USD) - 2017/06/24 23:10:28 ET
Table 'Helionape' 6-max Seat #5 is the button
Seat 1: yayaya ($180.94 in chips)
Seat 5: RSA53 ($185.15 in chips)
RSA53: posts small blind $1
yayaya: posts big blind $3
*** HOLE CARDS ***
RSA53: calls $2
yayaya: raises $3 to $6
RSA53: calls $3
*** FLOP *** [Qs 9s Kd]
yayaya: bets $3
RSA53: folds
Uncalled bet ($3) returned to yayaya
yayaya collected $11.76 from pot
*** SUMMARY ***
Total pot $12 | Rake $0.24
Board [Qs 9s Kd]
Seat 1: yayaya (big blind) collected ($11.76)
Seat 5: RSA53 (button) (small blind) folded on the Flop


PokerStars Hand #172204068140:  Hold'em Limit ($3/$6 USD) - 2017/06/24 23:10:24 ET
Table 'Helionape' 6-max Seat #1 is the button
Seat 1: yayaya ($181.94 in chips)
Seat 5: RSA53 ($184.15 in chips)
yayaya: posts small blind $1
RSA53: posts big blind $3
*** HOLE CARDS ***
yayaya: folds
Uncalled bet ($2) returned to RSA53
RSA53 collected $2 from pot
*** SUMMARY ***
Total pot $2 | Rake $0
Seat 1: yayaya (button) (small blind) folded before Flop
Seat 5: RSA53 (big blind) collected ($2)


PokerStars Hand #172204063772:  Hold'em Limit ($3/$6 USD) - 2017/06/24 23:10:09 ET
Table 'Helionape' 6-max Seat #5 is the button
Seat 1: yayaya ($173.30 in chips)
Seat 5: RSA53 ($193.15 in chips)
RSA53: posts small blind $1
yayaya: posts big blind $3
*** HOLE CARDS ***
RSA53: calls $2
yayaya: raises $3 to $6
RSA53: calls $3
*** FLOP *** [Js 3d Jh]
yayaya: bets $3
RSA53: calls $3
*** TURN *** [Js 3d Jh] [Qs]
yayaya: bets $6
RSA53: folds
Uncalled bet ($6) returned to yayaya
yayaya collected $17.64 from pot
*** SUMMARY ***
Total pot $18 | Rake $0.36
Board [Js 3d Jh Qs]
Seat 1: yayaya (big blind) collected ($17.64)
Seat 5: RSA53 (button) (small blind) folded on the Turn


PokerStars Hand #172204061075:  Hold'em Limit ($3/$6 USD) - 2017/06/24 23:10:00 ET
Table 'Helionape' 6-max Seat #1 is the button
Seat 1: yayaya ($167.54 in chips)
Seat 5: RSA53 ($199.15 in chips)
yayaya: posts small blind $1
RSA53: posts big blind $3
*** HOLE CARDS ***
yayaya: raises $3 to $6
RSA53: calls $3
*** FLOP *** [5d 6c Qd]
RSA53: checks
yayaya: bets $3
RSA53: folds
Uncalled bet ($3) returned to yayaya
yayaya collected $11.76 from pot
*** SUMMARY ***
Total pot $12 | Rake $0.24
Board [5d 6c Qd]
Seat 1: yayaya (button) (small blind) collected ($11.76)
Seat 5: RSA53 (big blind) folded on the Flop


PokerStars Hand #172204059457:  Hold'em Limit ($3/$6 USD) - 2017/06/24 23:09:55 ET
Table 'Helionape' 6-max Seat #5 is the button
Seat 1: yayaya ($166.54 in chips)
Seat 5: RSA53 ($200.15 in chips)
RSA53: posts small blind $1
yayaya: posts big blind $3
*** HOLE CARDS ***
RSA53: folds
Uncalled bet ($2) returned to yayaya
yayaya collected $2 from pot
yayaya: doesn't show hand
*** SUMMARY ***
Total pot $2 | Rake $0
Seat 1: yayaya (big blind) collected ($2)
Seat 5: RSA53 (button) (small blind) folded before Flop


PokerStars Hand #172204057907:  Hold'em Limit ($3/$6 USD) - 2017/06/24 23:09:49 ET
Table 'Helionape' 6-max Seat #1 is the button
Seat 1: yayaya ($163.54 in chips)
Seat 5: RSA53 ($203.15 in chips)
yayaya: posts small blind $1
RSA53: posts big blind $3
*** HOLE CARDS ***
yayaya: raises $3 to $6
Chessnok leaves the table
RSA53: folds
Uncalled bet ($3) returned to yayaya
yayaya collected $6 from pot
*** SUMMARY ***
Total pot $6 | Rake $0
Seat 1: yayaya (button) (small blind) collected ($6)
Seat 5: RSA53 (big blind) folded before Flop


PokerStars Hand #172204077672:  Hold'em Limit ($3/$6 USD) - 2017/06/24 23:10:57 ET
Table 'Helionape' 6-max Seat #1 is the button
Seat 1: yayaya ($194.34 in chips)
Seat 5: RSA53 ($171.15 in chips)
yayaya: posts small blind $1
RSA53: posts big blind $3
*** HOLE CARDS ***
yayaya: folds
Uncalled bet ($2) returned to RSA53
RSA53 collected $2 from pot
*** SUMMARY ***
Total pot $2 | Rake $0
Seat 1: yayaya (button) (small blind) folded before Flop
Seat 5: RSA53 (big blind) collected ($2)


PokerStars Hand #172204073760:  Hold'em Limit ($3/$6 USD) - 2017/06/24 23:10:43 ET
Table 'Helionape' 6-max Seat #5 is the button
Seat 1: yayaya ($185.70 in chips)
Seat 5: RSA53 ($180.15 in chips)
RSA53: posts small blind $1
yayaya: posts big blind $3
*** HOLE CARDS ***
RSA53: calls $2
yayaya: raises $3 to $6
RSA53: calls $3
*** FLOP *** [8s 4h 6s]
yayaya: bets $3
RSA53: calls $3
*** TURN *** [8s 4h 6s] [9d]
yayaya: bets $6
RSA53: folds
Uncalled bet ($6) returned to yayaya
yayaya collected $17.64 from pot
*** SUMMARY ***
Total pot $18 | Rake $0.36
Board [8s 4h 6s 9d]
Seat 1: yayaya (big blind) collected ($17.64)
Seat 5: RSA53 (button) (small blind) folded on the Turn


PokerStars Hand #172204088781:  Hold'em Limit ($3/$6 USD) - 2017/06/24 23:11:34 ET
Table 'Helionape' 6-max Seat #5 is the button
Seat 1: yayaya ($215.60 in chips)
Seat 5: RSA53 ($149.15 in chips)
RSA53: posts small blind $1
yayaya: posts big blind $3
*** HOLE CARDS ***
RSA53: calls $2
yayaya: raises $3 to $6
RSA53: calls $3
*** FLOP *** [2h 2c Jc]
yayaya: bets $3
RSA53: calls $3
*** TURN *** [2h 2c Jc] [Th]
yayaya: bets $6
RSA53: raises $6 to $12
yayaya: folds
Uncalled bet ($6) returned to RSA53
RSA53 collected $29.50 from pot
*** SUMMARY ***
Total pot $30 | Rake $0.50
Board [2h 2c Jc Th]
Seat 1: yayaya (big blind) folded on the Turn
Seat 5: RSA53 (button) (small blind) collected ($29.50)


PokerStars Hand #172204087210:  Hold'em Limit ($3/$6 USD) - 2017/06/24 23:11:29 ET
Table 'Helionape' 6-max Seat #1 is the button
Seat 1: yayaya ($212.60 in chips)
Seat 5: RSA53 ($152.15 in chips)
yayaya: posts small blind $1
RSA53: posts big blind $3
*** HOLE CARDS ***
yayaya: raises $3 to $6
RSA53: folds
Uncalled bet ($3) returned to yayaya
yayaya collected $6 from pot
yayaya: doesn't show hand
*** SUMMARY ***
Total pot $6 | Rake $0
Seat 1: yayaya (button) (small blind) collected ($6)
Seat 5: RSA53 (big blind) folded before Flop


PokerStars Hand #172204083264:  Hold'em Limit ($3/$6 USD) - 2017/06/24 23:11:16 ET
Table 'Helionape' 6-max Seat #5 is the button
Seat 1: yayaya ($198.10 in chips)
Seat 5: RSA53 ($167.15 in chips)
RSA53: posts small blind $1
yayaya: posts big blind $3
*** HOLE CARDS ***
RSA53: calls $2
yayaya: checks
*** FLOP *** [Ah 8d 6d]
yayaya: checks
RSA53: checks
*** TURN *** [Ah 8d 6d] [9h]
yayaya: checks
RSA53: bets $6
yayaya: calls $6
*** RIVER *** [Ah 8d 6d 9h] [2s]
yayaya: checks
RSA53: bets $6
yayaya: calls $6
*** SHOW DOWN ***
RSA53: shows [Kc 7s] (high card Ace)
yayaya: shows [6s Qh] (a pair of Sixes)
yayaya collected $29.50 from pot
*** SUMMARY ***
Total pot $30 | Rake $0.50
Board [Ah 8d 6d 9h 2s]
Seat 1: yayaya (big blind) showed [6s Qh] and won ($29.50) with a pair of Sixes
Seat 5: RSA53 (button) (small blind) showed [Kc 7s] and lost with high card Ace


PokerStars Hand #172204081990:  Hold'em Limit ($3/$6 USD) - 2017/06/24 23:11:11 ET
Table 'Helionape' 6-max Seat #1 is the button
Seat 1: yayaya ($199.10 in chips)
Seat 5: RSA53 ($166.15 in chips)
yayaya: posts small blind $1
RSA53: posts big blind $3
*** HOLE CARDS ***
yayaya: folds
Uncalled bet ($2) returned to RSA53
RSA53 collected $2 from pot
*** SUMMARY ***
Total pot $2 | Rake $0
Seat 1: yayaya (button) (small blind) folded before Flop
Seat 5: RSA53 (big blind) collected ($2)


PokerStars Hand #172204078844:  Hold'em Limit ($3/$6 USD) - 2017/06/24 23:11:01 ET
Table 'Helionape' 6-max Seat #5 is the button
Seat 1: yayaya ($193.34 in chips)
Seat 5: RSA53 ($172.15 in chips)
RSA53: posts small blind $1
yayaya: posts big blind $3
*** HOLE CARDS ***
RSA53: calls $2
yayaya: raises $3 to $6
RSA53: calls $3
*** FLOP *** [Qh 9s 4h]
yayaya: bets $3
RSA53: folds
Uncalled bet ($3) returned to yayaya
yayaya collected $11.76 from pot
yayaya: doesn't show hand
*** SUMMARY ***
Total pot $12 | Rake $0.24
Board [Qh 9s 4h]
Seat 1: yayaya (big blind) collected ($11.76)
Seat 5: RSA53 (button) (small blind) folded on the Flop


PokerStars Hand #172204098384:  Hold'em Limit ($3/$6 USD) - 2017/06/24 23:12:07 ET
Table 'Helionape' 6-max Seat #1 is the button
Seat 1: yayaya ($195.60 in chips)
Seat 5: RSA53 ($168.41 in chips)
yayaya: posts small blind $1
RSA53: posts big blind $3
*** HOLE CARDS ***
yayaya: folds
Uncalled bet ($2) returned to RSA53
RSA53 collected $2 from pot
*** SUMMARY ***
Total pot $2 | Rake $0
Seat 1: yayaya (button) (small blind) folded before Flop
Seat 5: RSA53 (big blind) collected ($2)


PokerStars Hand #172204096581:  Hold'em Limit ($3/$6 USD) - 2017/06/24 23:12:01 ET
Table 'Helionape' 6-max Seat #5 is the button
Seat 1: yayaya ($194.60 in chips)
Seat 5: RSA53 ($169.41 in chips)
RSA53: posts small blind $1
yayaya: posts big blind $3
*** HOLE CARDS ***
RSA53: folds
Uncalled bet ($2) returned to yayaya
yayaya collected $2 from pot
*** SUMMARY ***
Total pot $2 | Rake $0
Seat 1: yayaya (big blind) collected ($2)
Seat 5: RSA53 (button) (small blind) folded before Flop


PokerStars Hand #172204092832:  Hold'em Limit ($3/$6 USD) - 2017/06/24 23:11:48 ET
Table 'Helionape' 6-max Seat #1 is the button
Seat 1: yayaya ($200.60 in chips)
Seat 5: RSA53 ($163.65 in chips)
yayaya: posts small blind $1
RSA53: posts big blind $3
*** HOLE CARDS ***
yayaya: raises $3 to $6
RSA53: calls $3
*** FLOP *** [8d 8s 4c]
RSA53: checks
yayaya: checks
*** TURN *** [8d 8s 4c] [6h]
RSA53: checks
yayaya: checks
*** RIVER *** [8d 8s 4c 6h] [Kc]
RSA53: bets $6
yayaya: folds
Uncalled bet ($6) returned to RSA53
RSA53 collected $11.76 from pot
*** SUMMARY ***
Total pot $12 | Rake $0.24
Board [8d 8s 4c 6h Kc]
Seat 1: yayaya (button) (small blind) folded on the River
Seat 5: RSA53 (big blind) collected ($11.76)


PokerStars Hand #172204105338:  Hold'em Limit ($3/$6 USD) - 2017/06/24 23:12:30 ET
Table 'Helionape' 6-max Seat #1 is the button
Seat 1: yayaya ($185.60 in chips)
Seat 5: RSA53 ($178.05 in chips)
yayaya: posts small blind $1
RSA53: posts big blind $3
*** HOLE CARDS ***
yayaya: raises $3 to $6
RSA53: calls $3
*** FLOP *** [7s Jc 8d]
RSA53: checks
yayaya: bets $3
RSA53: calls $3
*** TURN *** [7s Jc 8d] [3c]
RSA53: checks
yayaya: bets $6
RSA53: folds
Uncalled bet ($6) returned to yayaya
yayaya collected $17.64 from pot
*** SUMMARY ***
Total pot $18 | Rake $0.36
Board [7s Jc 8d 3c]
Seat 1: yayaya (button) (small blind) collected ($17.64)
Seat 5: RSA53 (big blind) folded on the Turn


PokerStars Hand #172204099788:  Hold'em Limit ($3/$6 USD) - 2017/06/24 23:12:11 ET
Table 'Helionape' 6-max Seat #5 is the button
Seat 1: yayaya ($194.60 in chips)
Seat 5: RSA53 ($169.41 in chips)
RSA53: posts small blind $1
yayaya: posts big blind $3
*** HOLE CARDS ***
RSA53: calls $2
yayaya: checks
*** FLOP *** [2d As 8d]
yayaya: checks
RSA53: checks
*** TURN *** [2d As 8d] [Ks]
yayaya: bets $6
RSA53: calls $6
*** RIVER *** [2d As 8d Ks] [3h]
yayaya: checks
RSA53: bets $6
yayaya: folds
Uncalled bet ($6) returned to RSA53
RSA53 collected $17.64 from pot
*** SUMMARY ***
Total pot $18 | Rake $0.36
Board [2d As 8d Ks 3h]
Seat 1: yayaya (big blind) folded on the River
Seat 5: RSA53 (button) (small blind) collected ($17.64)


PokerStars Hand #172204123555:  Hold'em Limit ($3/$6 USD) - 2017/06/24 23:13:14 ET
Table 'Helionape' 6-max Seat #5 is the button
Seat 1: yayaya ($170.12 in chips)
Seat 5: RSA53 ($192.55 in chips)
RSA53: posts small blind $1
yayaya: posts big blind $3
*** HOLE CARDS ***
RSA53: calls $2
yayaya: checks
*** FLOP *** [Jh 9h Kh]
yayaya: bets $3
RSA53: calls $3
*** TURN *** [Jh 9h Kh] [2d]
yayaya: bets $6
RSA53: raises $6 to $12
yayaya: folds
Uncalled bet ($6) returned to RSA53
RSA53 collected $23.52 from pot
*** SUMMARY ***
Total pot $24 | Rake $0.48
Board [Jh 9h Kh 2d]
Seat 1: yayaya (big blind) folded on the Turn
Seat 5: RSA53 (button) (small blind) collected ($23.52)


PokerStars Hand #172204114059:  Hold'em Limit ($3/$6 USD) - 2017/06/24 23:13:00 ET
Table 'Helionape' 6-max Seat #1 is the button
Seat 1: yayaya ($197.12 in chips)
Seat 5: RSA53 ($166.05 in chips)
yayaya: posts small blind $1
RSA53: posts big blind $3
*** HOLE CARDS ***
yayaya: raises $3 to $6
RSA53: calls $3
*** FLOP *** [3s Qs Ts]
RSA53: checks
yayaya: bets $3
RSA53: calls $3
*** TURN *** [3s Qs Ts] [2c]
RSA53: checks
yayaya: bets $6
RSA53: raises $6 to $12
yayaya: calls $6
*** RIVER *** [3s Qs Ts 2c] [Jc]
RSA53: bets $6
yayaya: calls $6
*** SHOW DOWN ***
RSA53: shows [Js 9s] (a flush, Queen high)
yayaya: mucks hand
RSA53 collected $53.50 from pot
*** SUMMARY ***
Total pot $54 | Rake $0.50
Board [3s Qs Ts 2c Jc]
Seat 1: yayaya (button) (small blind) mucked
Seat 5: RSA53 (big blind) showed [Js 9s] and won ($53.50) with a flush, Queen high


PokerStars Hand #172204111666:  Hold'em Limit ($3/$6 USD) - 2017/06/24 23:12:51 ET
Table 'Helionape' 6-max Seat #5 is the button
Seat 1: yayaya ($194.24 in chips)
Seat 5: RSA53 ($169.05 in chips)
RSA53: posts small blind $1
yayaya: posts big blind $3
*** HOLE CARDS ***
RSA53: calls $2
yayaya: checks
*** FLOP *** [Ad 2s 9h]
yayaya: bets $3
RSA53: folds
Uncalled bet ($3) returned to yayaya
yayaya collected $5.88 from pot
yayaya: doesn't show hand
*** SUMMARY ***
Total pot $6 | Rake $0.12
Board [Ad 2s 9h]
Seat 1: yayaya (big blind) collected ($5.88)
Seat 5: RSA53 (button) (small blind) folded on the Flop


PokerStars Hand #172204133723:  Hold'em Limit ($3/$6 USD) - 2017/06/24 23:13:49 ET
Table 'Helionape' 6-max Seat #1 is the button
Seat 1: yayaya ($150.12 in chips)
Seat 5: RSA53 ($211.71 in chips)
yayaya: posts small blind $1
RSA53: posts big blind $3
*** HOLE CARDS ***
yayaya: folds
Uncalled bet ($2) returned to RSA53
RSA53 collected $2 from pot
*** SUMMARY ***
Total pot $2 | Rake $0
Seat 1: yayaya (button) (small blind) folded before Flop
Seat 5: RSA53 (big blind) collected ($2)


PokerStars Hand #172204132351:  Hold'em Limit ($3/$6 USD) - 2017/06/24 23:13:44 ET
Table 'Helionape' 6-max Seat #5 is the button
Seat 1: yayaya ($149.12 in chips)
Seat 5: RSA53 ($212.71 in chips)
RSA53: posts small blind $1
yayaya: posts big blind $3
*** HOLE CARDS ***
RSA53: folds
Uncalled bet ($2) returned to yayaya
yayaya collected $2 from pot
*** SUMMARY ***
Total pot $2 | Rake $0
Seat 1: yayaya (big blind) collected ($2)
Seat 5: RSA53 (button) (small blind) folded before Flop


PokerStars Hand #172204127578:  Hold'em Limit ($3/$6 USD) - 2017/06/24 23:13:28 ET
Table 'Helionape' 6-max Seat #1 is the button
Seat 1: yayaya ($158.12 in chips)
Seat 5: RSA53 ($204.07 in chips)
yayaya: posts small blind $1
RSA53: posts big blind $3
*** HOLE CARDS ***
yayaya: raises $3 to $6
RSA53: calls $3
*** FLOP *** [9s 7h Js]
RSA53: checks
yayaya: bets $3
RSA53: calls $3
*** TURN *** [9s 7h Js] [5s]
RSA53: checks
yayaya: checks
*** RIVER *** [9s 7h Js 5s] [Ah]
RSA53: bets $6
yayaya: folds
Uncalled bet ($6) returned to RSA53
RSA53 collected $17.64 from pot
*** SUMMARY ***
Total pot $18 | Rake $0.36
Board [9s 7h Js 5s Ah]
Seat 1: yayaya (button) (small blind) folded on the River
Seat 5: RSA53 (big blind) collected ($17.64)


PokerStars Hand #172205157666:  Hold'em Limit ($3/$6 USD) - 2017/06/25 0:15:43 ET
Table 'Helionape' 6-max Seat #6 is the button
Seat 1: RSA53 ($142.29 in chips)
Seat 6: LifeisagameX ($84 in chips)
LifeisagameX: posts small blind $1
RSA53: posts big blind $3
*** HOLE CARDS ***
LifeisagameX: raises $3 to $6
RSA53: calls $3
*** FLOP *** [Ts Kc Ah]
RSA53: checks
LifeisagameX: bets $3
RSA53: folds
Uncalled bet ($3) returned to LifeisagameX
LifeisagameX collected $11.76 from pot
LifeisagameX: doesn't show hand
*** SUMMARY ***
Total pot $12 | Rake $0.24
Board [Ts Kc Ah]
Seat 1: RSA53 (big blind) folded on the Flop
Seat 6: LifeisagameX (button) (small blind) collected ($11.76)


PokerStars Hand #172205176949:  Hold'em Limit ($3/$6 USD) - 2017/06/25 0:16:55 ET
Table 'Helionape' 6-max Seat #6 is the button
Seat 1: RSA53 ($130.29 in chips)
Seat 6: LifeisagameX ($95.52 in chips)
LifeisagameX: posts small blind $1
RSA53: posts big blind $3
*** HOLE CARDS ***
LifeisagameX: raises $3 to $6
RSA53: calls $3
*** FLOP *** [Qh Th 4c]
RSA53: checks
LifeisagameX: bets $3
RSA53: folds
Uncalled bet ($3) returned to LifeisagameX
LifeisagameX collected $11.76 from pot
LifeisagameX: doesn't show hand
*** SUMMARY ***
Total pot $12 | Rake $0.24
Board [Qh Th 4c]
Seat 1: RSA53 (big blind) folded on the Flop
Seat 6: LifeisagameX (button) (small blind) collected ($11.76)


PokerStars Hand #172205168461:  Hold'em Limit ($3/$6 USD) - 2017/06/25 0:16:24 ET
Table 'Helionape' 6-max Seat #1 is the button
Seat 1: RSA53 ($136.29 in chips)
Seat 6: LifeisagameX ($89.76 in chips)
RSA53: posts small blind $1
LifeisagameX: posts big blind $3
*** HOLE CARDS ***
RSA53: calls $2
LifeisagameX: raises $3 to $6
RSA53: calls $3
*** FLOP *** [8c 6c 7s]
LifeisagameX: bets $3
RSA53: folds
Uncalled bet ($3) returned to LifeisagameX
LifeisagameX collected $11.76 from pot
LifeisagameX: doesn't show hand
*** SUMMARY ***
Total pot $12 | Rake $0.24
Board [8c 6c 7s]
Seat 1: RSA53 (button) (small blind) folded on the Flop
Seat 6: LifeisagameX (big blind) collected ($11.76)


PokerStars Hand #172205187071:  Hold'em Limit ($3/$6 USD) - 2017/06/25 0:17:34 ET
Table 'Helionape' 6-max Seat #1 is the button
Seat 1: RSA53 ($124.29 in chips)
Seat 6: LifeisagameX ($101.28 in chips)
RSA53: posts small blind $1
LifeisagameX: posts big blind $3
*** HOLE CARDS ***
RSA53: calls $2
LifeisagameX: checks
*** FLOP *** [As Ad 5s]
LifeisagameX: checks
RSA53: checks
*** TURN *** [As Ad 5s] [7h]
LifeisagameX: checks
RSA53: checks
*** RIVER *** [As Ad 5s 7h] [Td]
LifeisagameX: bets $6
RSA53: calls $6
*** SHOW DOWN ***
LifeisagameX: shows [Ah 2h] (three of a kind, Aces)
RSA53: mucks hand
LifeisagameX collected $17.64 from pot
*** SUMMARY ***
Total pot $18 | Rake $0.36
Board [As Ad 5s 7h Td]
Seat 1: RSA53 (button) (small blind) mucked
Seat 6: LifeisagameX (big blind) showed [Ah 2h] and won ($17.64) with three of a kind, Aces


PokerStars Hand #172205208485:  Hold'em Limit ($3/$6 USD) - 2017/06/25 0:18:54 ET
Table 'Helionape' 6-max Seat #6 is the button
Seat 1: RSA53 ($99.29 in chips)
Seat 6: LifeisagameX ($125.42 in chips)
LifeisagameX: posts small blind $1
RSA53: posts big blind $3
*** HOLE CARDS ***
LifeisagameX: folds
Uncalled bet ($2) returned to RSA53
RSA53 collected $2 from pot
*** SUMMARY ***
Total pot $2 | Rake $0
Seat 1: RSA53 (big blind) collected ($2)
Seat 6: LifeisagameX (button) (small blind) folded before Flop


PokerStars Hand #172205206939:  Hold'em Limit ($3/$6 USD) - 2017/06/25 0:18:48 ET
Table 'Helionape' 6-max Seat #1 is the button
Seat 1: RSA53 ($100.29 in chips)
Seat 6: LifeisagameX ($124.42 in chips)
RSA53: posts small blind $1
LifeisagameX: posts big blind $3
*** HOLE CARDS ***
RSA53: folds
Uncalled bet ($2) returned to LifeisagameX
LifeisagameX collected $2 from pot
LifeisagameX: doesn't show hand
*** SUMMARY ***
Total pot $2 | Rake $0
Seat 1: RSA53 (button) (small blind) folded before Flop
Seat 6: LifeisagameX (big blind) collected ($2)


PokerStars Hand #172205213076:  Hold'em Limit ($3/$6 USD) - 2017/06/25 0:19:12 ET
Table 'Helionape' 6-max Seat #1 is the button
Seat 1: RSA53 ($100.29 in chips)
Seat 6: LifeisagameX ($124.42 in chips)
RSA53: posts small blind $1
LifeisagameX: posts big blind $3
*** HOLE CARDS ***
RSA53: calls $2
LifeisagameX: checks
*** FLOP *** [7h 2h 4c]
LifeisagameX: checks
RSA53: checks
*** TURN *** [7h 2h 4c] [9s]
LifeisagameX: checks
RSA53: checks
*** RIVER *** [7h 2h 4c 9s] [4s]
LifeisagameX: checks
RSA53: checks
*** SHOW DOWN ***
LifeisagameX: shows [Ks 5d] (a pair of Fours)
RSA53: shows [Kh Qd] (a pair of Fours - King+Queen kicker)
RSA53 collected $5.88 from pot
*** SUMMARY ***
Total pot $6 | Rake $0.12
Board [7h 2h 4c 9s 4s]
Seat 1: RSA53 (button) (small blind) showed [Kh Qd] and won ($5.88) with a pair of Fours
Seat 6: LifeisagameX (big blind) showed [Ks 5d] and lost with a pair of Fours


PokerStars Hand #172205211610:  Hold'em Limit ($3/$6 USD) - 2017/06/25 0:19:06 ET
Table 'Helionape' 6-max Seat #6 is the button
Seat 1: RSA53 ($99.29 in chips)
Seat 6: LifeisagameX ($125.42 in chips)
LifeisagameX: posts small blind $1
RSA53: posts big blind $3
*** HOLE CARDS ***
LifeisagameX: folds
Uncalled bet ($2) returned to RSA53
RSA53 collected $2 from pot
*** SUMMARY ***
Total pot $2 | Rake $0
Seat 1: RSA53 (big blind) collected ($2)
Seat 6: LifeisagameX (button) (small blind) folded before Flop


PokerStars Hand #172205210165:  Hold'em Limit ($3/$6 USD) - 2017/06/25 0:19:01 ET
Table 'Helionape' 6-max Seat #1 is the button
Seat 1: RSA53 ($100.29 in chips)
Seat 6: LifeisagameX ($124.42 in chips)
RSA53: posts small blind $1
LifeisagameX: posts big blind $3
*** HOLE CARDS ***
RSA53: folds
Uncalled bet ($2) returned to LifeisagameX
LifeisagameX collected $2 from pot
LifeisagameX: doesn't show hand
*** SUMMARY ***
Total pot $2 | Rake $0
Seat 1: RSA53 (button) (small blind) folded before Flop
Seat 6: LifeisagameX (big blind) collected ($2)


PokerStars Hand #172205201083:  Hold'em Limit ($3/$6 USD) - 2017/06/25 0:18:26 ET
Table 'Helionape' 6-max Seat #6 is the button
Seat 1: RSA53 ($115.29 in chips)
Seat 6: LifeisagameX ($109.92 in chips)
LifeisagameX: posts small blind $1
RSA53: posts big blind $3
*** HOLE CARDS ***
LifeisagameX: raises $3 to $6
RSA53: calls $3
*** FLOP *** [Td Jd Jc]
RSA53: checks
LifeisagameX: bets $3
RSA53: calls $3
*** TURN *** [Td Jd Jc] [2d]
RSA53: checks
LifeisagameX: bets $6
RSA53: calls $6
*** RIVER *** [Td Jd Jc 2d] [6c]
RSA53: checks
LifeisagameX: bets $6
RSA53: folds
Uncalled bet ($6) returned to LifeisagameX
LifeisagameX collected $29.50 from pot
LifeisagameX: doesn't show hand
*** SUMMARY ***
Total pot $30 | Rake $0.50
Board [Td Jd Jc 2d 6c]
Seat 1: RSA53 (big blind) folded on the River
Seat 6: LifeisagameX (button) (small blind) collected ($29.50)


PokerStars Hand #172205222549:  Hold'em Limit ($3/$6 USD) - 2017/06/25 0:19:48 ET
Table 'Helionape' 6-max Seat #1 is the button
Seat 1: RSA53 ($100.17 in chips)
Seat 6: LifeisagameX ($124.42 in chips)
RSA53: posts small blind $1
LifeisagameX: posts big blind $3
*** HOLE CARDS ***
RSA53: folds
Uncalled bet ($2) returned to LifeisagameX
LifeisagameX collected $2 from pot
LifeisagameX: doesn't show hand
*** SUMMARY ***
Total pot $2 | Rake $0
Seat 1: RSA53 (button) (small blind) folded before Flop
Seat 6: LifeisagameX (big blind) collected ($2)


PokerStars Hand #172205220825:  Hold'em Limit ($3/$6 USD) - 2017/06/25 0:19:41 ET
Table 'Helionape' 6-max Seat #6 is the button
Seat 1: RSA53 ($103.17 in chips)
Seat 6: LifeisagameX ($121.42 in chips)
LifeisagameX: posts small blind $1
RSA53: posts big blind $3
*** HOLE CARDS ***
LifeisagameX: raises $3 to $6
RSA53: folds
Uncalled bet ($3) returned to LifeisagameX
LifeisagameX collected $6 from pot
LifeisagameX: doesn't show hand
*** SUMMARY ***
Total pot $6 | Rake $0
Seat 1: RSA53 (big blind) folded before Flop
Seat 6: LifeisagameX (button) (small blind) collected ($6)


PokerStars Hand #172205235314:  Hold'em Limit ($3/$6 USD) - 2017/06/25 0:20:36 ET
Table 'Helionape' 6-max Seat #6 is the button
Seat 1: RSA53 ($69.17 in chips)
Seat 6: LifeisagameX ($154.92 in chips)
LifeisagameX: posts small blind $1
RSA53: posts big blind $3
*** HOLE CARDS ***
LifeisagameX: folds
Uncalled bet ($2) returned to RSA53
RSA53 collected $2 from pot
*** SUMMARY ***
Total pot $2 | Rake $0
Seat 1: RSA53 (big blind) collected ($2)
Seat 6: LifeisagameX (button) (small blind) folded before Flop


PokerStars Hand #172205225649:  Hold'em Limit ($3/$6 USD) - 2017/06/25 0:20:00 ET
Table 'Helionape' 6-max Seat #1 is the button
Seat 1: RSA53 ($96.17 in chips)
Seat 6: LifeisagameX ($128.42 in chips)
RSA53: posts small blind $1
LifeisagameX: posts big blind $3
*** HOLE CARDS ***
RSA53: calls $2
LifeisagameX: raises $3 to $6
RSA53: calls $3
*** FLOP *** [5c 3c 5d]
LifeisagameX: bets $3
RSA53: calls $3
*** TURN *** [5c 3c 5d] [7s]
LifeisagameX: checks
RSA53: bets $6
LifeisagameX: raises $6 to $12
RSA53: calls $6
*** RIVER *** [5c 3c 5d 7s] [Ks]
LifeisagameX: bets $6
RSA53: calls $6
*** SHOW DOWN ***
LifeisagameX: shows [Kd Kh] (a full house, Kings full of Fives)
Fantomet joins the table at seat #2
RSA53: mucks hand
LifeisagameX collected $53.50 from pot
*** SUMMARY ***
Total pot $54 | Rake $0.50
Board [5c 3c 5d 7s Ks]
Seat 1: RSA53 (button) (small blind) mucked
Seat 6: LifeisagameX (big blind) showed [Kd Kh] and won ($53.50) with a full house, Kings full of Fives


PokerStars Hand #172205223902:  Hold'em Limit ($3/$6 USD) - 2017/06/25 0:19:53 ET
Table 'Helionape' 6-max Seat #6 is the button
Seat 1: RSA53 ($99.17 in chips)
Seat 6: LifeisagameX ($125.42 in chips)
LifeisagameX: posts small blind $1
RSA53: posts big blind $3
*** HOLE CARDS ***
LifeisagameX: raises $3 to $6
RSA53: folds
Uncalled bet ($3) returned to LifeisagameX
LifeisagameX collected $6 from pot
LifeisagameX: doesn't show hand
*** SUMMARY ***
Total pot $6 | Rake $0
Seat 1: RSA53 (big blind) folded before Flop
Seat 6: LifeisagameX (button) (small blind) collected ($6)


PokerStars Hand #172205256794:  Hold'em Limit ($3/$6 USD) - 2017/06/25 0:21:59 ET
Table 'Helionape' 6-max Seat #1 is the button
Seat 1: RSA53 ($84.24 in chips)
Seat 2: Fantomet ($71.45 in chips)
RSA53: posts small blind $1
LifeisagameX leaves the table
Fantomet: posts big blind $3
*** HOLE CARDS ***
RSA53: raises $3 to $6
Fantomet: calls $3
*** FLOP *** [9d 8c 3c]
Fantomet: checks
RSA53: checks
*** TURN *** [9d 8c 3c] [Qs]
Fantomet: bets $6
RSA53: calls $6
*** RIVER *** [9d 8c 3c Qs] [Kc]
Fantomet: bets $6
RSA53: calls $6
*** SHOW DOWN ***
Fantomet: shows [Jd Qd] (a pair of Queens)
RSA53: shows [Ks Ts] (a pair of Kings)
RSA53 collected $35.50 from pot
*** SUMMARY ***
Total pot $36 | Rake $0.50
Board [9d 8c 3c Qs Kc]
Seat 1: RSA53 (button) (small blind) showed [Ks Ts] and won ($35.50) with a pair of Kings
Seat 2: Fantomet (big blind) showed [Jd Qd] and lost with a pair of Queens


PokerStars Hand #172205273618:  Hold'em Limit ($3/$6 USD) - 2017/06/25 0:23:04 ET
Table 'Helionape' 6-max Seat #2 is the button
Seat 1: RSA53 ($110.26 in chips)
Seat 2: Fantomet ($44.33 in chips)
Fantomet: posts small blind $1
RSA53: posts big blind $3
*** HOLE CARDS ***
Fantomet: folds
Uncalled bet ($2) returned to RSA53
RSA53 collected $2 from pot
*** SUMMARY ***
Total pot $2 | Rake $0
Seat 1: RSA53 (big blind) collected ($2)
Seat 2: Fantomet (button) (small blind) folded before Flop


PokerStars Hand #172205263222:  Hold'em Limit ($3/$6 USD) - 2017/06/25 0:22:24 ET
Table 'Helionape' 6-max Seat #2 is the button
Seat 1: RSA53 ($101.74 in chips)
Seat 2: Fantomet ($53.45 in chips)
Fantomet: posts small blind $1
RSA53: posts big blind $3
*** HOLE CARDS ***
Fantomet: raises $3 to $6
RSA53: calls $3
*** FLOP *** [Jh 7h 2s]
RSA53: checks
Fantomet: bets $3
RSA53: raises $3 to $6
Fantomet: calls $3
*** TURN *** [Jh 7h 2s] [Jd]
RSA53: bets $6
Fantomet: folds
Uncalled bet ($6) returned to RSA53
RSA53 collected $23.52 from pot
*** SUMMARY ***
Total pot $24 | Rake $0.48
Board [Jh 7h 2s Jd]
Seat 1: RSA53 (big blind) collected ($23.52)
Seat 2: Fantomet (button) (small blind) folded on the Turn


PokerStars Hand #172205268731:  Hold'em Limit ($3/$6 USD) - 2017/06/25 0:22:45 ET
Table 'Helionape' 6-max Seat #1 is the button
Seat 1: RSA53 ($113.26 in chips)
Seat 2: Fantomet ($41.45 in chips)
RSA53: posts small blind $1
Fantomet: posts big blind $3
*** HOLE CARDS ***
RSA53: calls $2
Fantomet: checks
*** FLOP *** [2d 2s 8h]
Fantomet: checks
RSA53: checks
*** TURN *** [2d 2s 8h] [3c]
Fantomet: bets $6
RSA53: folds
Uncalled bet ($6) returned to Fantomet
Fantomet collected $5.88 from pot
*** SUMMARY ***
Total pot $6 | Rake $0.12
Board [2d 2s 8h 3c]
Seat 1: RSA53 (button) (small blind) folded on the Turn
Seat 2: Fantomet (big blind) collected ($5.88)


PokerStars Hand #172205275736:  Hold'em Limit ($3/$6 USD) - 2017/06/25 0:23:12 ET
Table 'Helionape' 6-max Seat #1 is the button
Seat 1: RSA53 ($111.26 in chips)
Seat 2: Fantomet ($43.33 in chips)
RSA53: posts small blind $1
Fantomet: posts big blind $3
*** HOLE CARDS ***
RSA53: calls $2
Fantomet: checks
*** FLOP *** [Kh Ac 5h]
Fantomet: checks
RSA53: bets $3
Fantomet: folds
Uncalled bet ($3) returned to RSA53
RSA53 collected $5.88 from pot
*** SUMMARY ***
Total pot $6 | Rake $0.12
Board [Kh Ac 5h]
Seat 1: RSA53 (button) (small blind) collected ($5.88)
Seat 2: Fantomet (big blind) folded on the Flop


