PokerStars Hand #160140952437:  Hold'em Limit ($3/$6 USD) - 2016/10/19 7:24:47 ET
Table 'Helionape' 6-max Seat #4 is the button
Seat 4: Actionni13 ($178.26 in chips)
Seat 6: crybaby000 ($67.90 in chips)
Actionni13: posts small blind $1
crybaby000: posts big blind $3
*** HOLE CARDS ***
Actionni13: folds
Uncalled bet ($2) returned to crybaby000
crybaby000 collected $2 from pot
crybaby000: doesn't show hand
*** SUMMARY ***
Total pot $2 | Rake $0
Seat 4: Actionni13 (button) (small blind) folded before Flop
Seat 6: crybaby000 (big blind) collected ($2)


PokerStars Hand #160140946760:  Hold'em Limit ($3/$6 USD) - 2016/10/19 7:24:35 ET
Table 'Helionape' 6-max Seat #6 is the button
Seat 4: Actionni13 ($172.50 in chips)
Seat 6: crybaby000 ($73.90 in chips)
crybaby000: posts small blind $1
Actionni13: posts big blind $3
*** HOLE CARDS ***
crybaby000: calls $2
Actionni13: raises $3 to $6
crybaby000: calls $3
*** FLOP *** [As 5c Td]
Actionni13: bets $3
crybaby000: folds
Uncalled bet ($3) returned to Actionni13
Actionni13 collected $11.76 from pot
Actionni13: doesn't show hand
*** SUMMARY ***
Total pot $12 | Rake $0.24
Board [As 5c Td]
Seat 4: Actionni13 (big blind) collected ($11.76)
Seat 6: crybaby000 (button) (small blind) folded on the Flop


PokerStars Hand #160140943712:  Hold'em Limit ($3/$6 USD) - 2016/10/19 7:24:28 ET
Table 'Helionape' 6-max Seat #4 is the button
Seat 4: Actionni13 ($173.50 in chips)
Seat 6: crybaby000 ($72.90 in chips)
Actionni13: posts small blind $1
crybaby000: posts big blind $3
*** HOLE CARDS ***
Actionni13: folds
Uncalled bet ($2) returned to crybaby000
crybaby000 collected $2 from pot
crybaby000: doesn't show hand
*** SUMMARY ***
Total pot $2 | Rake $0
Seat 4: Actionni13 (button) (small blind) folded before Flop
Seat 6: crybaby000 (big blind) collected ($2)


PokerStars Hand #160140934354:  Hold'em Limit ($3/$6 USD) - 2016/10/19 7:24:07 ET
Table 'Helionape' 6-max Seat #6 is the button
Seat 4: Actionni13 ($150 in chips)
Seat 6: crybaby000 ($96.90 in chips)
crybaby000: posts small blind $1
Actionni13: posts big blind $3
*** HOLE CARDS ***
crybaby000: raises $3 to $6
Actionni13: raises $3 to $9
crybaby000: calls $3
*** FLOP *** [3s 7s 7d]
Actionni13: bets $3
crybaby000: calls $3
*** TURN *** [3s 7s 7d] [6s]
Actionni13: bets $6
crybaby000: calls $6
*** RIVER *** [3s 7s 7d 6s] [8d]
Actionni13: bets $6
crybaby000: calls $6
*** SHOW DOWN ***
Actionni13: shows [Ks Kh] (two pair, Kings and Sevens)
crybaby000: mucks hand
Actionni13 collected $47.50 from pot
*** SUMMARY ***
Total pot $48 | Rake $0.50
Board [3s 7s 7d 6s 8d]
Seat 4: Actionni13 (big blind) showed [Ks Kh] and won ($47.50) with two pair, Kings and Sevens
Seat 6: crybaby000 (button) (small blind) mucked


PokerStars Hand #160140960221:  Hold'em Limit ($3/$6 USD) - 2016/10/19 7:25:05 ET
Table 'Helionape' 6-max Seat #4 is the button
Seat 4: Actionni13 ($183.02 in chips)
Seat 6: crybaby000 ($62.90 in chips)
Actionni13: posts small blind $1
crybaby000: posts big blind $3
*** HOLE CARDS ***
Actionni13: folds
Uncalled bet ($2) returned to crybaby000
crybaby000 collected $2 from pot
crybaby000: doesn't show hand
*** SUMMARY ***
Total pot $2 | Rake $0
Seat 4: Actionni13 (button) (small blind) folded before Flop
Seat 6: crybaby000 (big blind) collected ($2)


PokerStars Hand #160140954769:  Hold'em Limit ($3/$6 USD) - 2016/10/19 7:24:53 ET
Table 'Helionape' 6-max Seat #6 is the button
Seat 4: Actionni13 ($177.26 in chips)
Seat 6: crybaby000 ($68.90 in chips)
crybaby000: posts small blind $1
Actionni13: posts big blind $3
*** HOLE CARDS ***
crybaby000: calls $2
Actionni13: raises $3 to $6
crybaby000: calls $3
*** FLOP *** [Tc 3d 6h]
Actionni13: bets $3
crybaby000: folds
Uncalled bet ($3) returned to Actionni13
Actionni13 collected $11.76 from pot
Actionni13: doesn't show hand
*** SUMMARY ***
Total pot $12 | Rake $0.24
Board [Tc 3d 6h]
Seat 4: Actionni13 (big blind) collected ($11.76)
Seat 6: crybaby000 (button) (small blind) folded on the Flop


PokerStars Hand #160140965234:  Hold'em Limit ($3/$6 USD) - 2016/10/19 7:25:16 ET
Table 'Helionape' 6-max Seat #4 is the button
Seat 4: Actionni13 ($183.02 in chips)
Seat 6: crybaby000 ($62.90 in chips)
Actionni13: posts small blind $1
crybaby000: posts big blind $3
*** HOLE CARDS ***
hoguro joins the table at seat #3
Actionni13: raises $3 to $6
crybaby000: folds
Uncalled bet ($3) returned to Actionni13
Actionni13 collected $6 from pot
Actionni13: doesn't show hand
*** SUMMARY ***
Total pot $6 | Rake $0
Seat 4: Actionni13 (button) (small blind) collected ($6)
Seat 6: crybaby000 (big blind) folded before Flop


PokerStars Hand #160140962587:  Hold'em Limit ($3/$6 USD) - 2016/10/19 7:25:10 ET
Table 'Helionape' 6-max Seat #6 is the button
Seat 4: Actionni13 ($182.02 in chips)
Seat 6: crybaby000 ($63.90 in chips)
crybaby000: posts small blind $1
Actionni13: posts big blind $3
*** HOLE CARDS ***
crybaby000: folds
Uncalled bet ($2) returned to Actionni13
Actionni13 collected $2 from pot
Actionni13: doesn't show hand
*** SUMMARY ***
Total pot $2 | Rake $0
Seat 4: Actionni13 (big blind) collected ($2)
Seat 6: crybaby000 (button) (small blind) folded before Flop


PokerStars Hand #160141061522:  Hold'em Limit ($3/$6 USD) - 2016/10/19 7:28:47 ET
Table 'Helionape' 6-max Seat #3 is the button
Seat 3: hoguro ($131.44 in chips)
Seat 4: Actionni13 ($218.52 in chips)
hoguro: posts small blind $1
Actionni13: posts big blind $3
*** HOLE CARDS ***
hoguro: folds
Uncalled bet ($2) returned to Actionni13
Actionni13 collected $2 from pot
Actionni13: doesn't show hand
*** SUMMARY ***
Total pot $2 | Rake $0
Seat 3: hoguro (button) (small blind) folded before Flop
Seat 4: Actionni13 (big blind) collected ($2)


PokerStars Hand #160141052098:  Hold'em Limit ($3/$6 USD) - 2016/10/19 7:28:26 ET
Table 'Helionape' 6-max Seat #4 is the button
Seat 3: hoguro ($158.44 in chips)
Seat 4: Actionni13 ($192.02 in chips)
Actionni13: posts small blind $1
hoguro: posts big blind $3
*** HOLE CARDS ***
Actionni13: raises $3 to $6
hoguro: calls $3
*** FLOP *** [Ks Th 6d]
TheU10 joins the table at seat #5
hoguro: checks
Actionni13: bets $3
hoguro: calls $3
*** TURN *** [Ks Th 6d] [As]
hoguro: checks
Actionni13: bets $6
hoguro: raises $6 to $12
Actionni13: calls $6
*** RIVER *** [Ks Th 6d As] [4c]
hoguro: bets $6
Actionni13: calls $6
*** SHOW DOWN ***
hoguro: shows [7s 9d] (high card Ace)
Actionni13: shows [7c Ad] (a pair of Aces)
Actionni13 collected $53.50 from pot
*** SUMMARY ***
Total pot $54 | Rake $0.50
Board [Ks Th 6d As 4c]
Seat 3: hoguro (big blind) showed [7s 9d] and lost with high card Ace
Seat 4: Actionni13 (button) (small blind) showed [7c Ad] and won ($53.50) with a pair of Aces


PokerStars Hand #160141048688:  Hold'em Limit ($3/$6 USD) - 2016/10/19 7:28:19 ET
Table 'Helionape' 6-max Seat #3 is the button
Seat 3: hoguro ($159.44 in chips)
Seat 4: Actionni13 ($191.02 in chips)
hoguro: posts small blind $1
Actionni13: posts big blind $3
*** HOLE CARDS ***
hoguro: folds
Uncalled bet ($2) returned to Actionni13
Actionni13 collected $2 from pot
Actionni13: doesn't show hand
*** SUMMARY ***
Total pot $2 | Rake $0
Seat 3: hoguro (button) (small blind) folded before Flop
Seat 4: Actionni13 (big blind) collected ($2)


PokerStars Hand #160141254164:  Hold'em Limit ($3/$6 USD) - 2016/10/19 7:35:48 ET
Table 'Helionape' 6-max Seat #5 is the button
Seat 3: hoguro ($121.47 in chips)
Seat 5: TheU10 ($148.27 in chips)
TheU10: posts small blind $1
hoguro: posts big blind $3
*** HOLE CARDS ***
TheU10: raises $3 to $6
hoguro: folds
Uncalled bet ($3) returned to TheU10
TheU10 collected $6 from pot
TheU10: doesn't show hand
*** SUMMARY ***
Total pot $6 | Rake $0
Seat 3: hoguro (big blind) folded before Flop
Seat 5: TheU10 (button) (small blind) collected ($6)


PokerStars Hand #160141248383:  Hold'em Limit ($3/$6 USD) - 2016/10/19 7:35:35 ET
Table 'Helionape' 6-max Seat #3 is the button
Seat 3: hoguro ($115.71 in chips)
Seat 5: TheU10 ($154.27 in chips)
hoguro: posts small blind $1
Actionni13: is sitting out
TheU10: posts big blind $3
*** HOLE CARDS ***
hoguro: raises $3 to $6
TheU10: calls $3
*** FLOP *** [Kc Ah 4c]
TheU10: checks
hoguro: bets $3
TheU10: folds
Uncalled bet ($3) returned to hoguro
hoguro collected $11.76 from pot
hoguro: doesn't show hand
*** SUMMARY ***
Total pot $12 | Rake $0.24
Board [Kc Ah 4c]
Seat 3: hoguro (button) (small blind) collected ($11.76)
Seat 5: TheU10 (big blind) folded on the Flop


PokerStars Hand #160141260049:  Hold'em Limit ($3/$6 USD) - 2016/10/19 7:36:00 ET
Table 'Helionape' 6-max Seat #5 is the button
Seat 3: hoguro ($117.47 in chips)
Seat 5: TheU10 ($152.27 in chips)
TheU10: posts small blind $1
hoguro: posts big blind $3
*** HOLE CARDS ***
TheU10: raises $3 to $6
hoguro: folds
Uncalled bet ($3) returned to TheU10
hoguro leaves the table
TheU10 collected $6 from pot
TheU10: doesn't show hand
*** SUMMARY ***
Total pot $6 | Rake $0
Seat 3: hoguro (big blind) folded before Flop
Seat 5: TheU10 (button) (small blind) collected ($6)


PokerStars Hand #160141257559:  Hold'em Limit ($3/$6 USD) - 2016/10/19 7:35:55 ET
Table 'Helionape' 6-max Seat #3 is the button
Seat 3: hoguro ($118.47 in chips)
Seat 5: TheU10 ($151.27 in chips)
hoguro: posts small blind $1
TheU10: posts big blind $3
*** HOLE CARDS ***
hoguro: folds
Uncalled bet ($2) returned to TheU10
TheU10 collected $2 from pot
TheU10: doesn't show hand
*** SUMMARY ***
Total pot $2 | Rake $0
Seat 3: hoguro (button) (small blind) folded before Flop
Seat 5: TheU10 (big blind) collected ($2)


PokerStars Hand #160144617119:  Hold'em Limit ($3/$6 USD) - 2016/10/19 9:27:54 ET
Table 'Helionape' 6-max Seat #3 is the button
Seat 1: TinaTurner72 ($120 in chips)
Seat 3: Chuckles1337 ($155.04 in chips)
Chuckles1337: posts small blind $1
TinaTurner72: posts big blind $3
*** HOLE CARDS ***
Chuckles1337: raises $3 to $6
belik555 joins the table at seat #4
TinaTurner72: calls $3
*** FLOP *** [5d 2s 3s]
TinaTurner72: checks
Chuckles1337: bets $3
TinaTurner72: raises $3 to $6
Chuckles1337: raises $3 to $9
TinaTurner72: calls $3
*** TURN *** [5d 2s 3s] [2d]
TinaTurner72: checks
Chuckles1337: bets $6
TinaTurner72: folds
Uncalled bet ($6) returned to Chuckles1337
Chuckles1337 collected $29.50 from pot
Chuckles1337: doesn't show hand
*** SUMMARY ***
Total pot $30 | Rake $0.50
Board [5d 2s 3s 2d]
Seat 1: TinaTurner72 (big blind) folded on the Turn
Seat 3: Chuckles1337 (button) (small blind) collected ($29.50)


PokerStars Hand #160144628256:  Hold'em Limit ($3/$6 USD) - 2016/10/19 9:28:14 ET
Table 'Helionape' 6-max Seat #1 is the button
Seat 1: TinaTurner72 ($105 in chips)
Seat 3: Chuckles1337 ($169.54 in chips)
TinaTurner72: posts small blind $1
Chuckles1337: posts big blind $3
*** HOLE CARDS ***
TinaTurner72: folds
Uncalled bet ($2) returned to Chuckles1337
Chuckles1337 collected $2 from pot
Chuckles1337: doesn't show hand
*** SUMMARY ***
Total pot $2 | Rake $0
Seat 1: TinaTurner72 (button) (small blind) folded before Flop
Seat 3: Chuckles1337 (big blind) collected ($2)


PokerStars Hand #160144641342:  Hold'em Limit ($3/$6 USD) - 2016/10/19 9:28:38 ET
Table 'Helionape' 6-max Seat #4 is the button
Seat 3: Chuckles1337 ($169.54 in chips)
Seat 4: belik555 ($81.43 in chips)
belik555: posts small blind $1
TinaTurner72: is sitting out
Chuckles1337: posts big blind $3
*** HOLE CARDS ***
TinaTurner72 leaves the table
belik555: raises $3 to $6
Chuckles1337: calls $3
*** FLOP *** [7s Kc 8h]
Chuckles1337: checks
belik555: bets $3
Chuckles1337: folds
Uncalled bet ($3) returned to belik555
belik555 collected $11.76 from pot
belik555: doesn't show hand
*** SUMMARY ***
Total pot $12 | Rake $0.24
Board [7s Kc 8h]
Seat 3: Chuckles1337 (big blind) folded on the Flop
Seat 4: belik555 (button) (small blind) collected ($11.76)


PokerStars Hand #160144647913:  Hold'em Limit ($3/$6 USD) - 2016/10/19 9:28:49 ET
Table 'Helionape' 6-max Seat #3 is the button
Seat 3: Chuckles1337 ($163.54 in chips)
Seat 4: belik555 ($87.19 in chips)
Chuckles1337: posts small blind $1
belik555: posts big blind $3
*** HOLE CARDS ***
Chuckles1337: raises $3 to $6
belik555: raises $3 to $9
Chuckles1337: calls $3
*** FLOP *** [Jd 4c 5s]
belik555: bets $3
Chuckles1337: folds
Uncalled bet ($3) returned to belik555
belik555 collected $17.64 from pot
belik555: doesn't show hand
*** SUMMARY ***
Total pot $18 | Rake $0.36
Board [Jd 4c 5s]
Seat 3: Chuckles1337 (button) (small blind) folded on the Flop
Seat 4: belik555 (big blind) collected ($17.64)


PokerStars Hand #160144656625:  Hold'em Limit ($3/$6 USD) - 2016/10/19 9:29:05 ET
Table 'Helionape' 6-max Seat #4 is the button
Seat 3: Chuckles1337 ($154.54 in chips)
Seat 4: belik555 ($95.83 in chips)
belik555: posts small blind $1
Chuckles1337: posts big blind $3
*** HOLE CARDS ***
belik555: raises $3 to $6
Chuckles1337: calls $3
*** FLOP *** [3d 5c Ac]
Chuckles1337: checks
belik555: bets $3
Chuckles1337: calls $3
*** TURN *** [3d 5c Ac] [9c]
Chuckles1337: checks
belik555: checks
*** RIVER *** [3d 5c Ac 9c] [Ks]
Chuckles1337: bets $6
belik555: calls $6
*** SHOW DOWN ***
Chuckles1337: shows [9s Qc] (a pair of Nines)
belik555: mucks hand
Chuckles1337 collected $29.50 from pot
*** SUMMARY ***
Total pot $30 | Rake $0.50
Board [3d 5c Ac 9c Ks]
Seat 3: Chuckles1337 (big blind) showed [9s Qc] and won ($29.50) with a pair of Nines
Seat 4: belik555 (button) (small blind) mucked


PokerStars Hand #160144670226:  Hold'em Limit ($3/$6 USD) - 2016/10/19 9:29:29 ET
Table 'Helionape' 6-max Seat #3 is the button
Seat 3: Chuckles1337 ($169.04 in chips)
Seat 4: belik555 ($80.83 in chips)
Chuckles1337: posts small blind $1
belik555: posts big blind $3
*** HOLE CARDS ***
Chuckles1337: raises $3 to $6
belik555: calls $3
*** FLOP *** [7s Kh 2d]
belik555: checks
Chuckles1337: checks
*** TURN *** [7s Kh 2d] [9c]
belik555: bets $6
Chuckles1337: folds
Uncalled bet ($6) returned to belik555
belik555 collected $11.76 from pot
belik555: doesn't show hand
*** SUMMARY ***
Total pot $12 | Rake $0.24
Board [7s Kh 2d 9c]
Seat 3: Chuckles1337 (button) (small blind) folded on the Turn
Seat 4: belik555 (big blind) collected ($11.76)


PokerStars Hand #160144684957:  Hold'em Limit ($3/$6 USD) - 2016/10/19 9:29:49 ET
Table 'Helionape' 6-max Seat #4 is the button
Seat 3: Chuckles1337 ($163.04 in chips)
Seat 4: belik555 ($86.59 in chips)
belik555: posts small blind $1
Chuckles1337: posts big blind $3
*** HOLE CARDS ***
belik555: raises $3 to $6
Chuckles1337: calls $3
*** FLOP *** [9s 9h 4d]
Chuckles1337: checks
belik555: bets $3
Chuckles1337: calls $3
*** TURN *** [9s 9h 4d] [3c]
Chuckles1337: checks
belik555: bets $6
Chuckles1337: raises $6 to $12
belik555: calls $6
*** RIVER *** [9s 9h 4d 3c] [6d]
Chuckles1337: bets $6
belik555: calls $6
*** SHOW DOWN ***
Chuckles1337: shows [7s 6h] (two pair, Nines and Sixes)
belik555: mucks hand
Chuckles1337 collected $53.50 from pot
*** SUMMARY ***
Total pot $54 | Rake $0.50
Board [9s 9h 4d 3c 6d]
Seat 3: Chuckles1337 (big blind) showed [7s 6h] and won ($53.50) with two pair, Nines and Sixes
Seat 4: belik555 (button) (small blind) mucked


PokerStars Hand #160144699319:  Hold'em Limit ($3/$6 USD) - 2016/10/19 9:30:14 ET
Table 'Helionape' 6-max Seat #3 is the button
Seat 3: Chuckles1337 ($189.54 in chips)
Seat 4: belik555 ($72 in chips)
Chuckles1337: posts small blind $1
belik555: posts big blind $3
*** HOLE CARDS ***
Chuckles1337: raises $3 to $6
belik555: calls $3
*** FLOP *** [3h 4c 5d]
belik555: checks
Chuckles1337: bets $3
belik555: calls $3
*** TURN *** [3h 4c 5d] [9c]
belik555: checks
Chuckles1337: checks
*** RIVER *** [3h 4c 5d 9c] [Th]
belik555: checks
Chuckles1337: checks
*** SHOW DOWN ***
belik555: shows [Js 8h] (high card Jack)
Chuckles1337: shows [Kd 2d] (high card King)
Chuckles1337 collected $17.64 from pot
*** SUMMARY ***
Total pot $18 | Rake $0.36
Board [3h 4c 5d 9c Th]
Seat 3: Chuckles1337 (button) (small blind) showed [Kd 2d] and won ($17.64) with high card King
Seat 4: belik555 (big blind) showed [Js 8h] and lost with high card Jack


PokerStars Hand #160144718676:  Hold'em Limit ($3/$6 USD) - 2016/10/19 9:30:49 ET
Table 'Helionape' 6-max Seat #4 is the button
Seat 3: Chuckles1337 ($198.18 in chips)
Seat 4: belik555 ($72 in chips)
belik555: posts small blind $1
Chuckles1337: posts big blind $3
*** HOLE CARDS ***
belik555: raises $3 to $6
Chuckles1337: calls $3
*** FLOP *** [5c Ac 4c]
Chuckles1337: checks
belik555: bets $3
Chuckles1337: calls $3
*** TURN *** [5c Ac 4c] [Js]
Chuckles1337: checks
belik555: checks
*** RIVER *** [5c Ac 4c Js] [Ks]
Chuckles1337: bets $6
belik555: calls $6
*** SHOW DOWN ***
Chuckles1337: shows [7h 6s] (high card Ace)
belik555: shows [9c Kd] (a pair of Kings)
belik555 collected $29.50 from pot
*** SUMMARY ***
Total pot $30 | Rake $0.50
Board [5c Ac 4c Js Ks]
Seat 3: Chuckles1337 (big blind) showed [7h 6s] and lost with high card Ace
Seat 4: belik555 (button) (small blind) showed [9c Kd] and won ($29.50) with a pair of Kings


PokerStars Hand #160144729576:  Hold'em Limit ($3/$6 USD) - 2016/10/19 9:31:08 ET
Table 'Helionape' 6-max Seat #3 is the button
Seat 3: Chuckles1337 ($183.18 in chips)
Seat 4: belik555 ($86.50 in chips)
Chuckles1337: posts small blind $1
belik555: posts big blind $3
*** HOLE CARDS ***
Chuckles1337: raises $3 to $6
belik555: raises $3 to $9
Chuckles1337: calls $3
*** FLOP *** [5s 4h Td]
belik555: bets $3
Chuckles1337: calls $3
*** TURN *** [5s 4h Td] [Kc]
belik555: bets $6
Chuckles1337: calls $6
*** RIVER *** [5s 4h Td Kc] [7d]
belik555: checks
Chuckles1337: bets $6
belik555: folds
Uncalled bet ($6) returned to Chuckles1337
Chuckles1337 collected $35.50 from pot
Chuckles1337: doesn't show hand
*** SUMMARY ***
Total pot $36 | Rake $0.50
Board [5s 4h Td Kc 7d]
Seat 3: Chuckles1337 (button) (small blind) collected ($35.50)
Seat 4: belik555 (big blind) folded on the River


PokerStars Hand #160144746992:  Hold'em Limit ($3/$6 USD) - 2016/10/19 9:31:40 ET
Table 'Helionape' 6-max Seat #4 is the button
Seat 3: Chuckles1337 ($200.68 in chips)
Seat 4: belik555 ($72 in chips)
belik555: posts small blind $1
Chuckles1337: posts big blind $3
*** HOLE CARDS ***
belik555: raises $3 to $6
Chuckles1337: calls $3
*** FLOP *** [3d Kc 9c]
Chuckles1337: checks
belik555: bets $3
Chuckles1337: folds
Uncalled bet ($3) returned to belik555
belik555 collected $11.76 from pot
belik555: doesn't show hand
*** SUMMARY ***
Total pot $12 | Rake $0.24
Board [3d Kc 9c]
Seat 3: Chuckles1337 (big blind) folded on the Flop
Seat 4: belik555 (button) (small blind) collected ($11.76)


PokerStars Hand #160144756799:  Hold'em Limit ($3/$6 USD) - 2016/10/19 9:31:57 ET
Table 'Helionape' 6-max Seat #3 is the button
Seat 3: Chuckles1337 ($194.68 in chips)
Seat 4: belik555 ($77.76 in chips)
Chuckles1337: posts small blind $1
belik555: posts big blind $3
*** HOLE CARDS ***
Chuckles1337: raises $3 to $6
belik555: calls $3
*** FLOP *** [5c Ac 9c]
belik555: checks
Chuckles1337: bets $3
belik555: raises $3 to $6
Chuckles1337: calls $3
*** TURN *** [5c Ac 9c] [9s]
belik555: bets $6
Chuckles1337: calls $6
*** RIVER *** [5c Ac 9c 9s] [4s]
belik555: bets $6
Chuckles1337: calls $6
*** SHOW DOWN ***
belik555: shows [9h 8c] (three of a kind, Nines)
Chuckles1337: mucks hand
belik555 collected $47.50 from pot
*** SUMMARY ***
Total pot $48 | Rake $0.50
Board [5c Ac 9c 9s 4s]
Seat 3: Chuckles1337 (button) (small blind) mucked
Seat 4: belik555 (big blind) showed [9h 8c] and won ($47.50) with three of a kind, Nines


PokerStars Hand #160144781709:  Hold'em Limit ($3/$6 USD) - 2016/10/19 9:32:42 ET
Table 'Helionape' 6-max Seat #4 is the button
Seat 3: Chuckles1337 ($170.68 in chips)
Seat 4: belik555 ($101.26 in chips)
belik555: posts small blind $1
Chuckles1337: posts big blind $3
*** HOLE CARDS ***
belik555: raises $3 to $6
Chuckles1337: folds
Uncalled bet ($3) returned to belik555
miezemuis joins the table at seat #2
belik555 collected $6 from pot
belik555: doesn't show hand
*** SUMMARY ***
Total pot $6 | Rake $0
Seat 3: Chuckles1337 (big blind) folded before Flop
Seat 4: belik555 (button) (small blind) collected ($6)


PokerStars Hand #160144787462:  Hold'em Limit ($3/$6 USD) - 2016/10/19 9:32:52 ET
Table 'Helionape' 6-max Seat #3 is the button
Seat 3: Chuckles1337 ($167.68 in chips)
Seat 4: belik555 ($104.26 in chips)
Chuckles1337: posts small blind $1
belik555: posts big blind $3
*** HOLE CARDS ***
Chuckles1337: raises $3 to $6
belik555: calls $3
*** FLOP *** [7s 4c Ad]
belik555: checks
Chuckles1337: bets $3
belik555: raises $3 to $6
Chuckles1337: calls $3
*** TURN *** [7s 4c Ad] [9h]
belik555: checks
Chuckles1337: checks
*** RIVER *** [7s 4c Ad 9h] [Ah]
belik555: checks
Chuckles1337: bets $6
belik555: folds
Uncalled bet ($6) returned to Chuckles1337
Chuckles1337 collected $23.52 from pot
Chuckles1337: doesn't show hand
*** SUMMARY ***
Total pot $24 | Rake $0.48
Board [7s 4c Ad 9h Ah]
Seat 3: Chuckles1337 (button) (small blind) collected ($23.52)
Seat 4: belik555 (big blind) folded on the River


PokerStars Hand #160145071410:  Hold'em Limit ($3/$6 USD) - 2016/10/19 9:41:17 ET
Table 'Helionape' 6-max Seat #4 is the button
Seat 3: Chuckles1337 ($159.17 in chips)
Seat 4: belik555 ($115.46 in chips)
belik555: posts small blind $1
TinaTurner72: is sitting out
Chuckles1337: posts big blind $3
*** HOLE CARDS ***
belik555: raises $3 to $6
Chuckles1337: folds
Uncalled bet ($3) returned to belik555
TinaTurner72 leaves the table
belik555 collected $6 from pot
belik555: doesn't show hand
*** SUMMARY ***
Total pot $6 | Rake $0
Seat 3: Chuckles1337 (big blind) folded before Flop
Seat 4: belik555 (button) (small blind) collected ($6)


PokerStars Hand #160145096149:  Hold'em Limit ($3/$6 USD) - 2016/10/19 9:42:01 ET
Table 'Helionape' 6-max Seat #4 is the button
Seat 3: Chuckles1337 ($170.67 in chips)
Seat 4: belik555 ($103.46 in chips)
belik555: posts small blind $1
Chuckles1337: posts big blind $3
*** HOLE CARDS ***
belik555: raises $3 to $6
Chuckles1337: calls $3
*** FLOP *** [9c 8h 5c]
Chuckles1337: checks
belik555: bets $3
Chuckles1337: raises $3 to $6
belik555: calls $3
*** TURN *** [9c 8h 5c] [Ac]
Chuckles1337: bets $6
belik555: calls $6
*** RIVER *** [9c 8h 5c Ac] [8c]
Chuckles1337: bets $6
belik555: calls $6
*** SHOW DOWN ***
Chuckles1337: shows [4c Kc] (a flush, Ace high)
belik555: mucks hand
Chuckles1337 collected $47.50 from pot
*** SUMMARY ***
Total pot $48 | Rake $0.50
Board [9c 8h 5c Ac 8c]
Seat 3: Chuckles1337 (big blind) showed [4c Kc] and won ($47.50) with a flush, Ace high
Seat 4: belik555 (button) (small blind) mucked


PokerStars Hand #160145075100:  Hold'em Limit ($3/$6 USD) - 2016/10/19 9:41:24 ET
Table 'Helionape' 6-max Seat #3 is the button
Seat 3: Chuckles1337 ($156.17 in chips)
Seat 4: belik555 ($118.46 in chips)
Chuckles1337: posts small blind $1
belik555: posts big blind $3
*** HOLE CARDS ***
Chuckles1337: raises $3 to $6
belik555: calls $3
*** FLOP *** [Qh 6s 2s]
belik555: checks
Chuckles1337: bets $3
belik555: calls $3
*** TURN *** [Qh 6s 2s] [7s]
belik555: checks
Chuckles1337: bets $6
belik555: calls $6
*** RIVER *** [Qh 6s 2s 7s] [3c]
belik555: checks
Chuckles1337: bets $6
belik555: folds
Uncalled bet ($6) returned to Chuckles1337
Chuckles1337 collected $29.50 from pot
Chuckles1337: doesn't show hand
*** SUMMARY ***
Total pot $30 | Rake $0.50
Board [Qh 6s 2s 7s 3c]
Seat 3: Chuckles1337 (button) (small blind) collected ($29.50)
Seat 4: belik555 (big blind) folded on the River


PokerStars Hand #160145109197:  Hold'em Limit ($3/$6 USD) - 2016/10/19 9:42:24 ET
Table 'Helionape' 6-max Seat #3 is the button
Seat 3: Chuckles1337 ($194.17 in chips)
Seat 4: belik555 ($79.46 in chips)
Chuckles1337: posts small blind $1
belik555: posts big blind $3
*** HOLE CARDS ***
Chuckles1337: raises $3 to $6
belik555: raises $3 to $9
Chuckles1337: calls $3
*** FLOP *** [Ah Qd Qc]
belik555: bets $3
Chuckles1337: calls $3
*** TURN *** [Ah Qd Qc] [Td]
belik555: checks
Chuckles1337: checks
*** RIVER *** [Ah Qd Qc Td] [Ad]
belik555: checks
Chuckles1337: bets $6
belik555: calls $6
*** SHOW DOWN ***
Chuckles1337: shows [8h Qh] (a full house, Queens full of Aces)
belik555: mucks hand
Chuckles1337 collected $35.50 from pot
*** SUMMARY ***
Total pot $36 | Rake $0.50
Board [Ah Qd Qc Td Ad]
Seat 3: Chuckles1337 (button) (small blind) showed [8h Qh] and won ($35.50) with a full house, Queens full of Aces
Seat 4: belik555 (big blind) mucked


PokerStars Hand #160145141024:  Hold'em Limit ($3/$6 USD) - 2016/10/19 9:43:21 ET
Table 'Helionape' 6-max Seat #3 is the button
Seat 3: Chuckles1337 ($198.67 in chips)
Seat 4: belik555 ($84.52 in chips)
Great_Kang joins the table at seat #5
Chuckles1337: posts small blind $1
belik555: posts big blind $3
*** HOLE CARDS ***
Chuckles1337: raises $3 to $6
belik555: folds
Uncalled bet ($3) returned to Chuckles1337
Chuckles1337 collected $6 from pot
Chuckles1337: doesn't show hand
*** SUMMARY ***
Total pot $6 | Rake $0
Seat 3: Chuckles1337 (button) (small blind) collected ($6)
Seat 4: belik555 (big blind) folded before Flop


PokerStars Hand #160145134395:  Hold'em Limit ($3/$6 USD) - 2016/10/19 9:43:09 ET
Table 'Helionape' 6-max Seat #4 is the button
Seat 3: Chuckles1337 ($204.67 in chips)
Seat 4: belik555 ($78.76 in chips)
belik555: posts small blind $1
Chuckles1337: posts big blind $3
*** HOLE CARDS ***
belik555: raises $3 to $6
Chuckles1337: calls $3
*** FLOP *** [8d Js Td]
Chuckles1337: checks
belik555: bets $3
Chuckles1337: folds
Uncalled bet ($3) returned to belik555
belik555 collected $11.76 from pot
belik555: doesn't show hand
*** SUMMARY ***
Total pot $12 | Rake $0.24
Board [8d Js Td]
Seat 3: Chuckles1337 (big blind) folded on the Flop
Seat 4: belik555 (button) (small blind) collected ($11.76)


PokerStars Hand #160145131632:  Hold'em Limit ($3/$6 USD) - 2016/10/19 9:43:04 ET
Table 'Helionape' 6-max Seat #3 is the button
Seat 3: Chuckles1337 ($205.67 in chips)
Seat 4: belik555 ($77.76 in chips)
Chuckles1337: posts small blind $1
belik555: posts big blind $3
*** HOLE CARDS ***
Chuckles1337: folds
Uncalled bet ($2) returned to belik555
belik555 collected $2 from pot
belik555: doesn't show hand
*** SUMMARY ***
Total pot $2 | Rake $0
Seat 3: Chuckles1337 (button) (small blind) folded before Flop
Seat 4: belik555 (big blind) collected ($2)


PokerStars Hand #160145125227:  Hold'em Limit ($3/$6 USD) - 2016/10/19 9:42:53 ET
Table 'Helionape' 6-max Seat #4 is the button
Seat 3: Chuckles1337 ($211.67 in chips)
Seat 4: belik555 ($72 in chips)
belik555: posts small blind $1
Chuckles1337: posts big blind $3
*** HOLE CARDS ***
belik555: raises $3 to $6
Chuckles1337: calls $3
*** FLOP *** [Ac 2d Qc]
Chuckles1337: checks
belik555: bets $3
Chuckles1337: folds
Uncalled bet ($3) returned to belik555
belik555 collected $11.76 from pot
belik555: doesn't show hand
*** SUMMARY ***
Total pot $12 | Rake $0.24
Board [Ac 2d Qc]
Seat 3: Chuckles1337 (big blind) folded on the Flop
Seat 4: belik555 (button) (small blind) collected ($11.76)


PokerStars Hand #160145658874:  Hold'em Limit ($3/$6 USD) - 2016/10/19 9:58:30 ET
Table 'Helionape' 6-max Seat #1 is the button
Seat 1: skilledyou ($102.27 in chips)
Seat 5: Great_Kang ($136.72 in chips)
skilledyou: posts small blind $1
Great_Kang: posts big blind $3
*** HOLE CARDS ***
skilledyou: raises $3 to $6
Chuckles1337 leaves the table
Great_Kang: calls $3
*** FLOP *** [8h Tc Th]
Great_Kang: checks
skilledyou: bets $3
Great_Kang: calls $3
*** TURN *** [8h Tc Th] [2h]
Great_Kang: checks
skilledyou: bets $6
Great_Kang: folds
Uncalled bet ($6) returned to skilledyou
skilledyou collected $17.64 from pot
skilledyou: doesn't show hand
*** SUMMARY ***
Total pot $18 | Rake $0.36
Board [8h Tc Th 2h]
Seat 1: skilledyou (button) (small blind) collected ($17.64)
Seat 5: Great_Kang (big blind) folded on the Turn


PokerStars Hand #160145673217:  Hold'em Limit ($3/$6 USD) - 2016/10/19 9:58:59 ET
Table 'Helionape' 6-max Seat #5 is the button
Seat 1: skilledyou ($110.91 in chips)
Seat 5: Great_Kang ($127.72 in chips)
Great_Kang: posts small blind $1
skilledyou: posts big blind $3
*** HOLE CARDS ***
Great_Kang: raises $3 to $6
skilledyou: calls $3
*** FLOP *** [Jh 7s 9h]
skilledyou: checks
Great_Kang: bets $3
skilledyou: raises $3 to $6
Great_Kang: calls $3
*** TURN *** [Jh 7s 9h] [8d]
skilledyou: bets $6
Great_Kang: raises $6 to $12
skilledyou: calls $6
*** RIVER *** [Jh 7s 9h 8d] [Ah]
skilledyou: checks
Great_Kang: bets $6
skilledyou: calls $6
*** SHOW DOWN ***
Great_Kang: shows [6s Td] (a straight, Seven to Jack)
skilledyou: mucks hand
Great_Kang collected $59.50 from pot
*** SUMMARY ***
Total pot $60 | Rake $0.50
Board [Jh 7s 9h 8d Ah]
Seat 1: skilledyou (big blind) mucked
Seat 5: Great_Kang (button) (small blind) showed [6s Td] and won ($59.50) with a straight, Seven to Jack


PokerStars Hand #160145701499:  Hold'em Limit ($3/$6 USD) - 2016/10/19 9:59:55 ET
Table 'Helionape' 6-max Seat #1 is the button
Seat 1: skilledyou ($80.91 in chips)
Seat 5: Great_Kang ($157.22 in chips)
skilledyou: posts small blind $1
Great_Kang: posts big blind $3
*** HOLE CARDS ***
skilledyou: raises $3 to $6
Great_Kang: raises $3 to $9
skilledyou: calls $3
*** FLOP *** [Jd Jh 6c]
Great_Kang: bets $3
skilledyou: calls $3
*** TURN *** [Jd Jh 6c] [8d]
Great_Kang: bets $6
skilledyou: calls $6
*** RIVER *** [Jd Jh 6c 8d] [3h]
Great_Kang: bets $6
skilledyou: calls $6
*** SHOW DOWN ***
Great_Kang: shows [Js Jc] (four of a kind, Jacks)
skilledyou: mucks hand
Great_Kang collected $47.50 from pot
*** SUMMARY ***
Total pot $48 | Rake $0.50
Board [Jd Jh 6c 8d 3h]
Seat 1: skilledyou (button) (small blind) mucked
Seat 5: Great_Kang (big blind) showed [Js Jc] and won ($47.50) with four of a kind, Jacks


