PokerStars Hand #149057169138:  Hold'em Limit ($3/$6 USD) - 2016/02/19 7:41:26 ET
Table 'Helionape' 6-max Seat #1 is the button
Seat 1: VolkovDmitri ($143.50 in chips)
Seat 2: Cigarete94 ($97.08 in chips)
VolkovDmitri: posts small blind $1
Cigarete94: posts big blind $3
*** HOLE CARDS ***
VolkovDmitri: raises $3 to $6
Cigarete94: calls $3
*** FLOP *** [4c 2s 5h]
Cigarete94: bets $3
VolkovDmitri: calls $3
*** TURN *** [4c 2s 5h] [6s]
Cigarete94: bets $6
ECP1955 joins the table at seat #4
VolkovDmitri: folds
Uncalled bet ($6) returned to Cigarete94
Cigarete94 collected $17.64 from pot
Cigarete94: doesn't show hand
*** SUMMARY ***
Total pot $18 | Rake $0.36
Board [4c 2s 5h 6s]
Seat 1: VolkovDmitri (button) (small blind) folded on the Turn
Seat 2: Cigarete94 (big blind) collected ($17.64)


PokerStars Hand #149060001082:  Hold'em Limit ($3/$6 USD) - 2016/02/19 8:55:47 ET
Table 'Helionape' 6-max Seat #6 is the button
Seat 5: birmancat44 ($135.68 in chips)
Seat 6: aless284 ($64.21 in chips)
aless284: posts small blind $1
birmancat44: posts big blind $3
*** HOLE CARDS ***
SmellyToes4u joins the table at seat #1
B_loJkl joins the table at seat #2
aless284: folds
Uncalled bet ($2) returned to birmancat44
birmancat44 collected $2 from pot
*** SUMMARY ***
Total pot $2 | Rake $0
Seat 5: birmancat44 (big blind) collected ($2)
Seat 6: aless284 (button) (small blind) folded before Flop


PokerStars Hand #149060005360:  Hold'em Limit ($3/$6 USD) - 2016/02/19 8:55:54 ET
Table 'Helionape' 6-max Seat #5 is the button
Seat 5: birmancat44 ($136.68 in chips)
Seat 6: aless284 ($63.21 in chips)
birmancat44: posts small blind $1
aless284: posts big blind $3
*** HOLE CARDS ***
birmancat44: calls $2
aless284: checks
*** FLOP *** [Ac 7d 2s]
aless284: checks
birmancat44: bets $3
aless284: folds
Uncalled bet ($3) returned to birmancat44
birmancat44 collected $5.88 from pot
birmancat44: doesn't show hand
*** SUMMARY ***
Total pot $6 | Rake $0.12
Board [Ac 7d 2s]
Seat 5: birmancat44 (button) (small blind) collected ($5.88)
Seat 6: aless284 (big blind) folded on the Flop


PokerStars Hand #149060944652:  Hold'em Limit ($3/$6 USD) - 2016/02/19 9:18:57 ET
Table 'Helionape' 6-max Seat #6 is the button
Seat 3: Arsenavet ($132.79 in chips)
Seat 6: aless284 ($164.83 in chips)
aless284: posts small blind $1
SmellyToes4u: is sitting out
B_loJkl: is sitting out
Arsenavet: posts big blind $3
*** HOLE CARDS ***
aless284: raises $3 to $6
Arsenavet: folds
Uncalled bet ($3) returned to aless284
aless284 collected $6 from pot
aless284: doesn't show hand
B_loJkl leaves the table
*** SUMMARY ***
Total pot $6 | Rake $0
Seat 3: Arsenavet (big blind) folded before Flop
Seat 6: aless284 (button) (small blind) collected ($6)


