PokerStars Hand #175663676699:  Hold'em Limit ($3/$6 USD) - 2017/09/15 4:00:18 ET
Table 'Helionape' 6-max Seat #3 is the button
Seat 3: Kosova1968 ($123.50 in chips)
Seat 4: Agrotait ($61.50 in chips)
Kosova1968: posts small blind $1
Agrotait: posts big blind $3
*** HOLE CARDS ***
Kosova1968: folds
Uncalled bet ($2) returned to Agrotait
Agrotait collected $2 from pot
Agrotait: doesn't show hand
*** SUMMARY ***
Total pot $2 | Rake $0
Seat 3: Kosova1968 (button) (small blind) folded before Flop
Seat 4: Agrotait (big blind) collected ($2)


PokerStars Hand #175663675297:  Hold'em Limit ($3/$6 USD) - 2017/09/15 4:00:13 ET
Table 'Helionape' 6-max Seat #4 is the button
Seat 3: Kosova1968 ($122.50 in chips)
Seat 4: Agrotait ($62.50 in chips)
Agrotait: posts small blind $1
Kosova1968: posts big blind $3
*** HOLE CARDS ***
Agrotait: folds
Uncalled bet ($2) returned to Kosova1968
Kosova1968 collected $2 from pot
*** SUMMARY ***
Total pot $2 | Rake $0
Seat 3: Kosova1968 (big blind) collected ($2)
Seat 4: Agrotait (button) (small blind) folded before Flop


PokerStars Hand #175663673361:  Hold'em Limit ($3/$6 USD) - 2017/09/15 4:00:06 ET
Table 'Helionape' 6-max Seat #3 is the button
Seat 3: Kosova1968 ($119.50 in chips)
Seat 4: Agrotait ($65.50 in chips)
Kosova1968: posts small blind $1
Agrotait: posts big blind $3
*** HOLE CARDS ***
Kosova1968: raises $3 to $6
Agrotait: folds
Uncalled bet ($3) returned to Kosova1968
Kosova1968 collected $6 from pot
*** SUMMARY ***
Total pot $6 | Rake $0
Seat 3: Kosova1968 (button) (small blind) collected ($6)
Seat 4: Agrotait (big blind) folded before Flop


PokerStars Hand #175663663543:  Hold'em Limit ($3/$6 USD) - 2017/09/15 3:59:28 ET
Table 'Helionape' 6-max Seat #4 is the button
Seat 3: Kosova1968 ($102 in chips)
Seat 4: Agrotait ($83.50 in chips)
Agrotait: posts small blind $1
Kosova1968: posts big blind $3
*** HOLE CARDS ***
Agrotait: raises $3 to $6
Kosova1968: calls $3
*** FLOP *** [3s 6d 9d]
Kosova1968: checks
Agrotait: checks
*** TURN *** [3s 6d 9d] [5c]
Kosova1968: bets $6
Agrotait: calls $6
*** RIVER *** [3s 6d 9d 5c] [Tc]
Kosova1968: bets $6
Agrotait: calls $6
*** SHOW DOWN ***
Kosova1968: shows [Kd 9h] (a pair of Nines)
Agrotait: mucks hand
Kosova1968 collected $35.50 from pot
*** SUMMARY ***
Total pot $36 | Rake $0.50
Board [3s 6d 9d 5c Tc]
Seat 3: Kosova1968 (big blind) showed [Kd 9h] and won ($35.50) with a pair of Nines
Seat 4: Agrotait (button) (small blind) mucked


PokerStars Hand #175663655964:  Hold'em Limit ($3/$6 USD) - 2017/09/15 3:58:58 ET
Table 'Helionape' 6-max Seat #3 is the button
Seat 3: Kosova1968 ($120 in chips)
Seat 4: Agrotait ($66 in chips)
Kosova1968: posts small blind $1
Agrotait: posts big blind $3
*** HOLE CARDS ***
Kosova1968: raises $3 to $6
Agrotait: calls $3
*** FLOP *** [3c 7c Ac]
Agrotait: checks
Kosova1968: checks
*** TURN *** [3c 7c Ac] [3d]
Agrotait: bets $6
Kosova1968: calls $6
*** RIVER *** [3c 7c Ac 3d] [9h]
Agrotait: bets $6
Kosova1968: calls $6
*** SHOW DOWN ***
Agrotait: shows [3s 5s] (three of a kind, Threes)
Kosova1968: shows [7s 9c] (two pair, Nines and Sevens)
Agrotait collected $35.50 from pot
*** SUMMARY ***
Total pot $36 | Rake $0.50
Board [3c 7c Ac 3d 9h]
Seat 3: Kosova1968 (button) (small blind) showed [7s 9c] and lost with two pair, Nines and Sevens
Seat 4: Agrotait (big blind) showed [3s 5s] and won ($35.50) with three of a kind, Threes


PokerStars Hand #175663680992:  Hold'em Limit ($3/$6 USD) - 2017/09/15 4:00:35 ET
Table 'Helionape' 6-max Seat #4 is the button
Seat 3: Kosova1968 ($122.50 in chips)
Seat 4: Agrotait ($62.50 in chips)
Agrotait: posts small blind $1
Kosova1968: posts big blind $3
*** HOLE CARDS ***
Agrotait: raises $3 to $6
Kosova1968: calls $3
*** FLOP *** [4c 7c 9h]
Kosova1968: checks
Agrotait: bets $3
Kosova1968: calls $3
*** TURN *** [4c 7c 9h] [3h]
Kosova1968: checks
Agrotait: bets $6
Anchig joins the table at seat #5
Kosova1968: calls $6
*** RIVER *** [4c 7c 9h 3h] [4d]
Kosova1968: checks
Agrotait: checks
*** SHOW DOWN ***
Kosova1968: shows [6d Tc] (a pair of Fours)
Agrotait: shows [2c Ad] (a pair of Fours - Ace kicker)
Agrotait collected $29.50 from pot
*** SUMMARY ***
Total pot $30 | Rake $0.50
Board [4c 7c 9h 3h 4d]
Seat 3: Kosova1968 (big blind) showed [6d Tc] and lost with a pair of Fours
Seat 4: Agrotait (button) (small blind) showed [2c Ad] and won ($29.50) with a pair of Fours


PokerStars Hand #175663679505:  Hold'em Limit ($3/$6 USD) - 2017/09/15 4:00:29 ET
Table 'Helionape' 6-max Seat #3 is the button
Seat 3: Kosova1968 ($123.50 in chips)
Seat 4: Agrotait ($61.50 in chips)
Kosova1968: posts small blind $1
Agrotait: posts big blind $3
*** HOLE CARDS ***
Kosova1968: folds
Uncalled bet ($2) returned to Agrotait
Agrotait collected $2 from pot
Agrotait: doesn't show hand
*** SUMMARY ***
Total pot $2 | Rake $0
Seat 3: Kosova1968 (button) (small blind) folded before Flop
Seat 4: Agrotait (big blind) collected ($2)


PokerStars Hand #175663678135:  Hold'em Limit ($3/$6 USD) - 2017/09/15 4:00:24 ET
Table 'Helionape' 6-max Seat #4 is the button
Seat 3: Kosova1968 ($122.50 in chips)
Seat 4: Agrotait ($62.50 in chips)
Agrotait: posts small blind $1
Kosova1968: posts big blind $3
*** HOLE CARDS ***
Agrotait: folds
Uncalled bet ($2) returned to Kosova1968
Kosova1968 collected $2 from pot
*** SUMMARY ***
Total pot $2 | Rake $0
Seat 3: Kosova1968 (big blind) collected ($2)
Seat 4: Agrotait (button) (small blind) folded before Flop


PokerStars Hand #175663690793:  Hold'em Limit ($3/$6 USD) - 2017/09/15 4:01:11 ET
Table 'Helionape' 6-max Seat #3 is the button
Seat 3: Kosova1968 ($107.50 in chips)
Seat 4: Agrotait ($77 in chips)
Kosova1968: posts small blind $1
Agrotait: posts big blind $3
*** HOLE CARDS ***
Kosova1968: raises $3 to $6
Agrotait: calls $3
*** FLOP *** [9c 2d 4s]
Agrotait: checks
Kosova1968: bets $3
Agrotait: calls $3
*** TURN *** [9c 2d 4s] [6c]
Agrotait: checks
Kosova1968: bets $6
Agrotait: calls $6
*** RIVER *** [9c 2d 4s 6c] [2s]
Agrotait: checks
Kosova1968: bets $6
Agrotait: raises $6 to $12
Kosova1968: calls $6
*** SHOW DOWN ***
Agrotait: shows [2c Js] (three of a kind, Deuces)
Kosova1968: shows [Td Ts] (two pair, Tens and Deuces)
Agrotait collected $53.50 from pot
*** SUMMARY ***
Total pot $54 | Rake $0.50
Board [9c 2d 4s 6c 2s]
Seat 3: Kosova1968 (button) (small blind) showed [Td Ts] and lost with two pair, Tens and Deuces
Seat 4: Agrotait (big blind) showed [2c Js] and won ($53.50) with three of a kind, Deuces


PokerStars Hand #175663858803:  Hold'em Limit ($3/$6 USD) - 2017/09/15 4:11:09 ET
Table 'Helionape' 6-max Seat #4 is the button
Seat 3: Kosova1968 ($93.11 in chips)
Seat 4: Agrotait ($137.31 in chips)
Agrotait: posts small blind $1
Anchig: is sitting out
Kosova1968: posts big blind $3
*** HOLE CARDS ***
Agrotait: folds
Uncalled bet ($2) returned to Kosova1968
Kosova1968 collected $2 from pot
*** SUMMARY ***
Total pot $2 | Rake $0
Seat 3: Kosova1968 (big blind) collected ($2)
Seat 4: Agrotait (button) (small blind) folded before Flop


PokerStars Hand #175663869044:  Hold'em Limit ($3/$6 USD) - 2017/09/15 4:11:45 ET
Table 'Helionape' 6-max Seat #4 is the button
Seat 3: Kosova1968 ($85.11 in chips)
Seat 4: Agrotait ($144.95 in chips)
Agrotait: posts small blind $1
Kosova1968: posts big blind $3
*** HOLE CARDS ***
Agrotait: folds
Uncalled bet ($2) returned to Kosova1968
Kosova1968 collected $2 from pot
*** SUMMARY ***
Total pot $2 | Rake $0
Seat 3: Kosova1968 (big blind) collected ($2)
Seat 4: Agrotait (button) (small blind) folded before Flop


PokerStars Hand #175663860979:  Hold'em Limit ($3/$6 USD) - 2017/09/15 4:11:17 ET
Table 'Helionape' 6-max Seat #3 is the button
Seat 3: Kosova1968 ($94.11 in chips)
Seat 4: Agrotait ($136.31 in chips)
Kosova1968: posts small blind $1
Agrotait: posts big blind $3
*** HOLE CARDS ***
Kosova1968: raises $3 to $6
Agrotait: raises $3 to $9
Kosova1968: calls $3
*** FLOP *** [6d 9h Jh]
Agrotait: bets $3
Kosova1968: folds
Uncalled bet ($3) returned to Agrotait
Agrotait collected $17.64 from pot
Agrotait: doesn't show hand
*** SUMMARY ***
Total pot $18 | Rake $0.36
Board [6d 9h Jh]
Seat 3: Kosova1968 (button) (small blind) folded on the Flop
Seat 4: Agrotait (big blind) collected ($17.64)


PokerStars Hand #175663870599:  Hold'em Limit ($3/$6 USD) - 2017/09/15 4:11:50 ET
Table 'Helionape' 6-max Seat #3 is the button
Seat 3: Kosova1968 ($86.11 in chips)
Seat 4: Agrotait ($143.95 in chips)
Kosova1968: posts small blind $1
Agrotait: posts big blind $3
*** HOLE CARDS ***
Kosova1968: raises $3 to $6
Agrotait: calls $3
*** FLOP *** [3s 7c Qd]
Agrotait: checks
Kosova1968: checks
*** TURN *** [3s 7c Qd] [7s]
Agrotait: bets $6
Kosova1968: calls $6
*** RIVER *** [3s 7c Qd 7s] [6c]
Agrotait: bets $6
Kosova1968: calls $6
*** SHOW DOWN ***
Agrotait: shows [Qs Tc] (two pair, Queens and Sevens)
Kosova1968: mucks hand
Agrotait collected $35.50 from pot
*** SUMMARY ***
Total pot $36 | Rake $0.50
Board [3s 7c Qd 7s 6c]
Seat 3: Kosova1968 (button) (small blind) mucked
Seat 4: Agrotait (big blind) showed [Qs Tc] and won ($35.50) with two pair, Queens and Sevens


PokerStars Hand #175663881100:  Hold'em Limit ($3/$6 USD) - 2017/09/15 4:12:26 ET
Table 'Helionape' 6-max Seat #4 is the button
Seat 3: Kosova1968 ($68.11 in chips)
Seat 4: Agrotait ($161.45 in chips)
Agrotait: posts small blind $1
Kosova1968: posts big blind $3
*** HOLE CARDS ***
Agrotait: raises $3 to $6
Kosova1968: calls $3
*** FLOP *** [Kd Kh Tc]
Kosova1968: checks
Agrotait: bets $3
Kosova1968: calls $3
*** TURN *** [Kd Kh Tc] [Ah]
Kosova1968: checks
Agrotait: checks
*** RIVER *** [Kd Kh Tc Ah] [6h]
Kosova1968: bets $6
Agrotait: folds
Uncalled bet ($6) returned to Kosova1968
Kosova1968 collected $17.64 from pot
*** SUMMARY ***
Total pot $18 | Rake $0.36
Board [Kd Kh Tc Ah 6h]
Seat 3: Kosova1968 (big blind) collected ($17.64)
Seat 4: Agrotait (button) (small blind) folded on the River


PokerStars Hand #175663894724:  Hold'em Limit ($3/$6 USD) - 2017/09/15 4:13:14 ET
Table 'Helionape' 6-max Seat #3 is the button
Seat 3: Kosova1968 ($76.75 in chips)
Seat 4: Agrotait ($152.45 in chips)
Kosova1968: posts small blind $1
Agrotait: posts big blind $3
*** HOLE CARDS ***
Kosova1968: raises $3 to $6
Agrotait: calls $3
*** FLOP *** [8c 7s Qc]
Agrotait: checks
Kosova1968: checks
*** TURN *** [8c 7s Qc] [5c]
Agrotait: checks
Kosova1968: bets $6
Agrotait: folds
Uncalled bet ($6) returned to Kosova1968
Kosova1968 collected $11.76 from pot
*** SUMMARY ***
Total pot $12 | Rake $0.24
Board [8c 7s Qc 5c]
Seat 3: Kosova1968 (button) (small blind) collected ($11.76)
Seat 4: Agrotait (big blind) folded on the Turn


PokerStars Hand #175663900227:  Hold'em Limit ($3/$6 USD) - 2017/09/15 4:13:33 ET
Table 'Helionape' 6-max Seat #4 is the button
Seat 3: Kosova1968 ($82.51 in chips)
Seat 4: Agrotait ($146.45 in chips)
Agrotait: posts small blind $1
Kosova1968: posts big blind $3
*** HOLE CARDS ***
Agrotait: raises $3 to $6
Kosova1968: calls $3
*** FLOP *** [3c 4h 3s]
Kosova1968: checks
Agrotait: bets $3
Mordnilap joins the table at seat #6
Kosova1968: calls $3
*** TURN *** [3c 4h 3s] [5c]
Kosova1968: checks
Agrotait: bets $6
Kosova1968: folds
Uncalled bet ($6) returned to Agrotait
Agrotait collected $17.64 from pot
Agrotait: doesn't show hand
*** SUMMARY ***
Total pot $18 | Rake $0.36
Board [3c 4h 3s 5c]
Seat 3: Kosova1968 (big blind) folded on the Turn
Seat 4: Agrotait (button) (small blind) collected ($17.64)


PokerStars Hand #175663912741:  Hold'em Limit ($3/$6 USD) - 2017/09/15 4:14:17 ET
Table 'Helionape' 6-max Seat #3 is the button
Seat 3: Kosova1968 ($73.51 in chips)
Seat 4: Agrotait ($155.09 in chips)
Kosova1968: posts small blind $1
Agrotait: posts big blind $3
*** HOLE CARDS ***
Kosova1968: raises $3 to $6
Agrotait: raises $3 to $9
Kosova1968: calls $3
*** FLOP *** [7d Qc 4h]
Agrotait: bets $3
Kosova1968: calls $3
*** TURN *** [7d Qc 4h] [Qd]
Agrotait: bets $6
Kosova1968 is disconnected
Kosova1968 has timed out while disconnected
Kosova1968: folds
Uncalled bet ($6) returned to Agrotait
Agrotait collected $23.52 from pot
Agrotait: doesn't show hand
*** SUMMARY ***
Total pot $24 | Rake $0.48
Board [7d Qc 4h Qd]
Seat 3: Kosova1968 (button) (small blind) folded on the Turn
Seat 4: Agrotait (big blind) collected ($23.52)


PokerStars Hand #175663938581:  Hold'em Limit ($3/$6 USD) - 2017/09/15 4:15:46 ET
Table 'Helionape' 6-max Seat #4 is the button
Seat 4: Agrotait ($166.61 in chips)
Seat 6: Mordnilap ($72 in chips)
Agrotait: posts small blind $1
Mordnilap: posts big blind $3
*** HOLE CARDS ***
Agrotait: raises $3 to $6
Mordnilap: calls $3
*** FLOP *** [2c 6c 8d]
Mordnilap: checks
Agrotait: bets $3
Mordnilap: raises $3 to $6
Agrotait: calls $3
*** TURN *** [2c 6c 8d] [5h]
Mordnilap: bets $6
Agrotait: calls $6
*** RIVER *** [2c 6c 8d 5h] [Qh]
Mordnilap: bets $6
Agrotait: calls $6
*** SHOW DOWN ***
Mordnilap: shows [6h Ac] (a pair of Sixes)
Agrotait: mucks hand
Mordnilap collected $47.50 from pot
*** SUMMARY ***
Total pot $48 | Rake $0.50
Board [2c 6c 8d 5h Qh]
Seat 4: Agrotait (button) (small blind) mucked
Seat 6: Mordnilap (big blind) showed [6h Ac] and won ($47.50) with a pair of Sixes


PokerStars Hand #175664075337:  Hold'em Limit ($3/$6 USD) - 2017/09/15 4:23:41 ET
Table 'Helionape' 6-max Seat #4 is the button
Seat 4: Agrotait ($165.13 in chips)
Seat 6: Mordnilap ($125.47 in chips)
Agrotait: posts small blind $1
Mordnilap: posts big blind $3
*** HOLE CARDS ***
Agrotait: raises $3 to $6
Mordnilap: raises $3 to $9
Agrotait: calls $3
*** FLOP *** [7s 6d Qd]
Mordnilap: bets $3
Agrotait: calls $3
*** TURN *** [7s 6d Qd] [8s]
Mordnilap: bets $6
Agrotait: calls $6
*** RIVER *** [7s 6d Qd 8s] [Tc]
Mordnilap: bets $6
Agrotait: calls $6
*** SHOW DOWN ***
Mordnilap: shows [7c 8c] (two pair, Eights and Sevens)
Agrotait: shows [Td Ts] (three of a kind, Tens)
Agrotait collected $47.50 from pot
*** SUMMARY ***
Total pot $48 | Rake $0.50
Board [7s 6d Qd 8s Tc]
Seat 4: Agrotait (button) (small blind) showed [Td Ts] and won ($47.50) with three of a kind, Tens
Seat 6: Mordnilap (big blind) showed [7c 8c] and lost with two pair, Eights and Sevens


PokerStars Hand #175664407803:  Hold'em Limit ($3/$6 USD) - 2017/09/15 4:42:18 ET
Table 'Helionape' 6-max Seat #5 is the button
Seat 2: davyyyyyyy ($264.70 in chips)
Seat 5: Pelurile ($85.74 in chips)
krossguard will be allowed to play after the button
Pelurile: posts small blind $1
davyyyyyyy: posts big blind $3
*** HOLE CARDS ***
Pelurile: folds
Uncalled bet ($2) returned to davyyyyyyy
davyyyyyyy collected $2 from pot
*** SUMMARY ***
Total pot $2 | Rake $0
Seat 2: davyyyyyyy (big blind) collected ($2)
Seat 5: Pelurile (button) (small blind) folded before Flop


PokerStars Hand #175665184576:  Hold'em Limit ($3/$6 USD) - 2017/09/15 5:23:08 ET
Table 'Helionape' 6-max Seat #2 is the button
Seat 2: Helseløs ($325.60 in chips)
Seat 4: ABATAPP ($122.04 in chips)
Helseløs: posts small blind $1
ABATAPP: posts big blind $3
*** HOLE CARDS ***
Helseløs: raises $3 to $6
ABATAPP: folds
Uncalled bet ($3) returned to Helseløs
Helseløs collected $6 from pot
*** SUMMARY ***
Total pot $6 | Rake $0
Seat 2: Helseløs (button) (small blind) collected ($6)
Seat 4: ABATAPP (big blind) folded before Flop


PokerStars Hand #175665182904:  Hold'em Limit ($3/$6 USD) - 2017/09/15 5:23:03 ET
Table 'Helionape' 6-max Seat #4 is the button
Seat 2: Helseløs ($324.60 in chips)
Seat 4: ABATAPP ($123.04 in chips)
ABATAPP: posts small blind $1
rascal_319: is sitting out
Helseløs: posts big blind $3
*** HOLE CARDS ***
ABATAPP: folds
Uncalled bet ($2) returned to Helseløs
Helseløs collected $2 from pot
*** SUMMARY ***
Total pot $2 | Rake $0
Seat 2: Helseløs (big blind) collected ($2)
Seat 4: ABATAPP (button) (small blind) folded before Flop


PokerStars Hand #175665211928:  Hold'em Limit ($3/$6 USD) - 2017/09/15 5:24:28 ET
Table 'Helionape' 6-max Seat #2 is the button
Seat 2: Helseløs ($323.12 in chips)
Seat 4: ABATAPP ($123.32 in chips)
Helseløs: posts small blind $1
ABATAPP: posts big blind $3
*** HOLE CARDS ***
Helseløs: raises $3 to $6
ABATAPP: folds
Uncalled bet ($3) returned to Helseløs
Helseløs collected $6 from pot
*** SUMMARY ***
Total pot $6 | Rake $0
Seat 2: Helseløs (button) (small blind) collected ($6)
Seat 4: ABATAPP (big blind) folded before Flop


PokerStars Hand #175665210250:  Hold'em Limit ($3/$6 USD) - 2017/09/15 5:24:23 ET
Table 'Helionape' 6-max Seat #4 is the button
Seat 2: Helseløs ($322.12 in chips)
Seat 4: ABATAPP ($124.32 in chips)
ABATAPP: posts small blind $1
Ale4o was removed from the table for failing to post
Helseløs: posts big blind $3
*** HOLE CARDS ***
ABATAPP: folds
Uncalled bet ($2) returned to Helseløs
Helseløs collected $2 from pot
*** SUMMARY ***
Total pot $2 | Rake $0
Seat 2: Helseløs (big blind) collected ($2)
Seat 4: ABATAPP (button) (small blind) folded before Flop


PokerStars Hand #175665194521:  Hold'em Limit ($3/$6 USD) - 2017/09/15 5:23:37 ET
Table 'Helionape' 6-max Seat #2 is the button
Seat 2: Helseløs ($319.60 in chips)
Seat 4: ABATAPP ($127.68 in chips)
Helseløs: posts small blind $1
ABATAPP: posts big blind $3
*** HOLE CARDS ***
Helseløs: raises $3 to $6
ABATAPP: raises $3 to $9
Helseløs: calls $3
*** FLOP *** [3d 9d 8d]
rascal_319 is disconnected
ABATAPP: bets $3
Helseløs: folds
Uncalled bet ($3) returned to ABATAPP
ABATAPP collected $17.64 from pot
ABATAPP: doesn't show hand
*** SUMMARY ***
Total pot $18 | Rake $0.36
Board [3d 9d 8d]
Seat 2: Helseløs (button) (small blind) folded on the Flop
Seat 4: ABATAPP (big blind) collected ($17.64)


PokerStars Hand #175665205832:  Hold'em Limit ($3/$6 USD) - 2017/09/15 5:24:10 ET
Table 'Helionape' 6-max Seat #2 is the button
Seat 2: Helseløs ($316.36 in chips)
Seat 4: ABATAPP ($130.32 in chips)
Helseløs: posts small blind $1
Kosova1968 was removed from the table for failing to post
ABATAPP: posts big blind $3
*** HOLE CARDS ***
Helseløs: raises $3 to $6
ABATAPP: calls $3
*** FLOP *** [7s 8c 7h]
ABATAPP: checks
Helseløs: bets $3
ABATAPP: folds
Uncalled bet ($3) returned to Helseløs
Helseløs collected $11.76 from pot
*** SUMMARY ***
Total pot $12 | Rake $0.24
Board [7s 8c 7h]
Seat 2: Helseløs (button) (small blind) collected ($11.76)
Seat 4: ABATAPP (big blind) folded on the Flop


PokerStars Hand #175665199206:  Hold'em Limit ($3/$6 USD) - 2017/09/15 5:23:50 ET
Table 'Helionape' 6-max Seat #4 is the button
Seat 2: Helseløs ($310.60 in chips)
Seat 4: ABATAPP ($136.32 in chips)
ABATAPP: posts small blind $1
Helseløs: posts big blind $3
*** HOLE CARDS ***
ABATAPP: raises $3 to $6
Helseløs: calls $3
*** FLOP *** [5h 7h 6h]
Helseløs: checks
ABATAPP: checks
*** TURN *** [5h 7h 6h] [5s]
Helseløs: bets $6
ABATAPP: folds
Uncalled bet ($6) returned to Helseløs
Helseløs collected $11.76 from pot
Helseløs: shows [8h Th] (a flush, Ten high)
*** SUMMARY ***
Total pot $12 | Rake $0.24
Board [5h 7h 6h 5s]
Seat 2: Helseløs (big blind) collected ($11.76)
Seat 4: ABATAPP (button) (small blind) folded on the Turn


PokerStars Hand #175665221119:  Hold'em Limit ($3/$6 USD) - 2017/09/15 5:24:55 ET
Table 'Helionape' 6-max Seat #4 is the button
Seat 2: Helseløs ($331.12 in chips)
Seat 4: ABATAPP ($115.32 in chips)
ABATAPP: posts small blind $1
Helseløs: posts big blind $3
*** HOLE CARDS ***
ABATAPP: raises $3 to $6
Helseløs: calls $3
*** FLOP *** [4h 9c Jc]
Helseløs: checks
ABATAPP: checks
*** TURN *** [4h 9c Jc] [Jd]
Helseløs: checks
ABATAPP: bets $6
Helseløs: folds
Uncalled bet ($6) returned to ABATAPP
ABATAPP collected $11.76 from pot
ABATAPP: doesn't show hand
*** SUMMARY ***
Total pot $12 | Rake $0.24
Board [4h 9c Jc Jd]
Seat 2: Helseløs (big blind) folded on the Turn
Seat 4: ABATAPP (button) (small blind) collected ($11.76)


PokerStars Hand #175665218855:  Hold'em Limit ($3/$6 USD) - 2017/09/15 5:24:48 ET
Table 'Helionape' 6-max Seat #2 is the button
Seat 2: Helseløs ($332.12 in chips)
Seat 4: ABATAPP ($114.32 in chips)
Helseløs: posts small blind $1
ABATAPP: posts big blind $3
*** HOLE CARDS ***
Helseløs: folds
Uncalled bet ($2) returned to ABATAPP
ABATAPP collected $2 from pot
ABATAPP: doesn't show hand
*** SUMMARY ***
Total pot $2 | Rake $0
Seat 2: Helseløs (button) (small blind) folded before Flop
Seat 4: ABATAPP (big blind) collected ($2)


PokerStars Hand #175665213983:  Hold'em Limit ($3/$6 USD) - 2017/09/15 5:24:34 ET
Table 'Helionape' 6-max Seat #4 is the button
Seat 2: Helseløs ($326.12 in chips)
Seat 4: ABATAPP ($120.32 in chips)
ABATAPP: posts small blind $1
Helseløs: posts big blind $3
*** HOLE CARDS ***
ABATAPP: raises $3 to $6
Helseløs: raises $3 to $9
ABATAPP: folds
Uncalled bet ($3) returned to Helseløs
Helseløs collected $12 from pot
*** SUMMARY ***
Total pot $12 | Rake $0
Seat 2: Helseløs (big blind) collected ($12)
Seat 4: ABATAPP (button) (small blind) folded before Flop


PokerStars Hand #175665227468:  Hold'em Limit ($3/$6 USD) - 2017/09/15 5:25:13 ET
Table 'Helionape' 6-max Seat #2 is the button
Seat 2: Helseløs ($325.12 in chips)
Seat 4: ABATAPP ($121.08 in chips)
Helseløs: posts small blind $1
ABATAPP: posts big blind $3
*** HOLE CARDS ***
Helseløs: raises $3 to $6
ABATAPP: calls $3
*** FLOP *** [2c Kd 7h]
ABATAPP: checks
Helseløs: checks
*** TURN *** [2c Kd 7h] [Ac]
ABATAPP: bets $6
Helseløs: folds
Uncalled bet ($6) returned to ABATAPP
ABATAPP collected $11.76 from pot
ABATAPP: doesn't show hand
*** SUMMARY ***
Total pot $12 | Rake $0.24
Board [2c Kd 7h Ac]
Seat 2: Helseløs (button) (small blind) folded on the Turn
Seat 4: ABATAPP (big blind) collected ($11.76)


