PokerStars Hand #152959738257:  Hold'em Limit ($3/$6 USD) - 2016/05/06 23:06:26 ET
Table 'Helionape' 6-max Seat #2 is the button
Seat 2: LOOSECRAB ($137.09 in chips)
Seat 4: VolkovDmitri ($120 in chips)
LOOSECRAB: posts small blind $1
VolkovDmitri: posts big blind $3
*** HOLE CARDS ***
LOOSECRAB: calls $2
VolkovDmitri: checks
*** FLOP *** [6h Qs 2d]
VolkovDmitri: bets $3
LOOSECRAB: folds
Uncalled bet ($3) returned to VolkovDmitri
VolkovDmitri collected $5.88 from pot
VolkovDmitri: doesn't show hand
*** SUMMARY ***
Total pot $6 | Rake $0.12
Board [6h Qs 2d]
Seat 2: LOOSECRAB (button) (small blind) folded on the Flop
Seat 4: VolkovDmitri (big blind) collected ($5.88)


PokerStars Hand #152959744293:  Hold'em Limit ($3/$6 USD) - 2016/05/06 23:06:45 ET
Table 'Helionape' 6-max Seat #4 is the button
Seat 2: LOOSECRAB ($134.09 in chips)
Seat 4: VolkovDmitri ($122.88 in chips)
VolkovDmitri: posts small blind $1
LOOSECRAB: posts big blind $3
*** HOLE CARDS ***
VolkovDmitri: raises $3 to $6
LOOSECRAB: folds
Uncalled bet ($3) returned to VolkovDmitri
VolkovDmitri collected $6 from pot
VolkovDmitri: doesn't show hand
*** SUMMARY ***
Total pot $6 | Rake $0
Seat 2: LOOSECRAB (big blind) folded before Flop
Seat 4: VolkovDmitri (button) (small blind) collected ($6)


PokerStars Hand #152959747575:  Hold'em Limit ($3/$6 USD) - 2016/05/06 23:06:55 ET
Table 'Helionape' 6-max Seat #2 is the button
Seat 2: LOOSECRAB ($131.09 in chips)
Seat 4: VolkovDmitri ($125.88 in chips)
LOOSECRAB: posts small blind $1
VolkovDmitri: posts big blind $3
*** HOLE CARDS ***
LOOSECRAB: calls $2
VolkovDmitri: checks
*** FLOP *** [9s 2d Ad]
VolkovDmitri: bets $3
icussam joins the table at seat #5
BuzovaPro joins the table at seat #3
LOOSECRAB: folds
Uncalled bet ($3) returned to VolkovDmitri
VolkovDmitri collected $5.88 from pot
VolkovDmitri: doesn't show hand
*** SUMMARY ***
Total pot $6 | Rake $0.12
Board [9s 2d Ad]
Seat 2: LOOSECRAB (button) (small blind) folded on the Flop
Seat 4: VolkovDmitri (big blind) collected ($5.88)


PokerStars Hand #152960858594:  Hold'em Limit ($3/$6 USD) - 2016/05/07 0:09:32 ET
Table 'Helionape' 6-max Seat #2 is the button
Seat 1: yman_0802 ($489.30 in chips)
Seat 2: KingKroniKK ($166.22 in chips)
KingKroniKK: posts small blind $1
VolkovDmitri: is sitting out
belik555: is sitting out
yman_0802: posts big blind $3
*** HOLE CARDS ***
belik555 leaves the table
VolkovDmitri leaves the table
KingKroniKK: folds
Uncalled bet ($2) returned to yman_0802
yman_0802 collected $2 from pot
*** SUMMARY ***
Total pot $2 | Rake $0
Seat 1: yman_0802 (big blind) collected ($2)
Seat 2: KingKroniKK (button) (small blind) folded before Flop


PokerStars Hand #152960861477:  Hold'em Limit ($3/$6 USD) - 2016/05/07 0:09:43 ET
Table 'Helionape' 6-max Seat #1 is the button
Seat 1: yman_0802 ($490.30 in chips)
Seat 2: KingKroniKK ($165.22 in chips)
yman_0802: posts small blind $1
KingKroniKK: posts big blind $3
*** HOLE CARDS ***
yman_0802: raises $3 to $6
KingKroniKK: folds
Uncalled bet ($3) returned to yman_0802
yman_0802 collected $6 from pot
*** SUMMARY ***
Total pot $6 | Rake $0
Seat 1: yman_0802 (button) (small blind) collected ($6)
Seat 2: KingKroniKK (big blind) folded before Flop


