PokerStars Hand #174333109101:  Hold'em Limit ($3/$6 USD) - 2017/08/14 15:06:47 ET
Table 'Helma II' 6-max Seat #1 is the button
Seat 1: anebodil ($137.81 in chips)
Seat 2: vestimokrec ($120 in chips)
anebodil: posts small blind $1
vestimokrec: posts big blind $3
*** HOLE CARDS ***
anebodil: calls $2
vestimokrec: checks
*** FLOP *** [2s Tc Js]
vestimokrec: checks
anebodil: checks
*** TURN *** [2s Tc Js] [8s]
vestimokrec: checks
anebodil: bets $6
vestimokrec: calls $6
*** RIVER *** [2s Tc Js 8s] [Qc]
vestimokrec: checks
anebodil: bets $6
vestimokrec: folds
Uncalled bet ($6) returned to anebodil
anebodil collected $17.64 from pot
*** SUMMARY ***
Total pot $18 | Rake $0.36
Board [2s Tc Js 8s Qc]
Seat 1: anebodil (button) (small blind) collected ($17.64)
Seat 2: vestimokrec (big blind) folded on the River


PokerStars Hand #174333128793:  Hold'em Limit ($3/$6 USD) - 2017/08/14 15:07:14 ET
Table 'Helma II' 6-max Seat #2 is the button
Seat 1: anebodil ($146.45 in chips)
Seat 2: vestimokrec ($111 in chips)
vestimokrec: posts small blind $1
anebodil: posts big blind $3
*** HOLE CARDS ***
vestimokrec: raises $3 to $6
anebodil: folds
Uncalled bet ($3) returned to vestimokrec
vestimokrec collected $6 from pot
vestimokrec: doesn't show hand
*** SUMMARY ***
Total pot $6 | Rake $0
Seat 1: anebodil (big blind) folded before Flop
Seat 2: vestimokrec (button) (small blind) collected ($6)


PokerStars Hand #174333133033:  Hold'em Limit ($3/$6 USD) - 2017/08/14 15:07:20 ET
Table 'Helma II' 6-max Seat #1 is the button
Seat 1: anebodil ($143.45 in chips)
Seat 2: vestimokrec ($114 in chips)
anebodil: posts small blind $1
vestimokrec: posts big blind $3
*** HOLE CARDS ***
anebodil: folds
Uncalled bet ($2) returned to vestimokrec
vestimokrec collected $2 from pot
vestimokrec: doesn't show hand
*** SUMMARY ***
Total pot $2 | Rake $0
Seat 1: anebodil (button) (small blind) folded before Flop
Seat 2: vestimokrec (big blind) collected ($2)


PokerStars Hand #174333136464:  Hold'em Limit ($3/$6 USD) - 2017/08/14 15:07:25 ET
Table 'Helma II' 6-max Seat #2 is the button
Seat 1: anebodil ($142.45 in chips)
Seat 2: vestimokrec ($115 in chips)
vestimokrec: posts small blind $1
anebodil: posts big blind $3
*** HOLE CARDS ***
vestimokrec: raises $3 to $6
GoliafUa leaves the table
anebodil: calls $3
*** FLOP *** [4s 9s 6h]
anebodil: bets $3
vestimokrec: calls $3
*** TURN *** [4s 9s 6h] [8c]
anebodil: bets $6
vestimokrec: calls $6
*** RIVER *** [4s 9s 6h 8c] [3d]
anebodil: bets $6
vestimokrec: calls $6
*** SHOW DOWN ***
anebodil: shows [9h 8s] (two pair, Nines and Eights)
vestimokrec: mucks hand
anebodil collected $41.50 from pot
*** SUMMARY ***
Total pot $42 | Rake $0.50
Board [4s 9s 6h 8c 3d]
Seat 1: anebodil (big blind) showed [9h 8s] and won ($41.50) with two pair, Nines and Eights
Seat 2: vestimokrec (button) (small blind) mucked


PokerStars Hand #174333155360:  Hold'em Limit ($3/$6 USD) - 2017/08/14 15:07:50 ET
Table 'Helma II' 6-max Seat #1 is the button
Seat 1: anebodil ($162.95 in chips)
Seat 2: vestimokrec ($94 in chips)
anebodil: posts small blind $1
vestimokrec: posts big blind $3
*** HOLE CARDS ***
anebodil: calls $2
vestimokrec: raises $3 to $6
anebodil: calls $3
*** FLOP *** [5s As 6h]
vestimokrec: bets $3
anebodil: calls $3
*** TURN *** [5s As 6h] [3s]
vestimokrec: checks
anebodil: checks
*** RIVER *** [5s As 6h 3s] [5c]
vestimokrec: checks
anebodil: checks
*** SHOW DOWN ***
vestimokrec: shows [Qh Kh] (a pair of Fives)
anebodil: mucks hand
vestimokrec collected $17.64 from pot
*** SUMMARY ***
Total pot $18 | Rake $0.36
Board [5s As 6h 3s 5c]
Seat 1: anebodil (button) (small blind) mucked
Seat 2: vestimokrec (big blind) showed [Qh Kh] and won ($17.64) with a pair of Fives


PokerStars Hand #174333191964:  Hold'em Limit ($3/$6 USD) - 2017/08/14 15:08:40 ET
Table 'Helma II' 6-max Seat #2 is the button
Seat 1: anebodil ($153.95 in chips)
Seat 2: vestimokrec ($102.64 in chips)
vestimokrec: posts small blind $1
anebodil: posts big blind $3
*** HOLE CARDS ***
vestimokrec: raises $3 to $6
anebodil: calls $3
*** FLOP *** [3h Ac 5s]
anebodil: checks
vestimokrec: bets $3
anebodil: calls $3
*** TURN *** [3h Ac 5s] [6d]
anebodil: bets $6
vestimokrec: raises $6 to $12
anebodil: calls $6
*** RIVER *** [3h Ac 5s 6d] [8s]
anebodil: checks
vestimokrec: bets $6
anebodil: calls $6
*** SHOW DOWN ***
vestimokrec: shows [3c 3s] (three of a kind, Threes)
anebodil: mucks hand
vestimokrec collected $53.50 from pot
*** SUMMARY ***
Total pot $54 | Rake $0.50
Board [3h Ac 5s 6d 8s]
Seat 1: anebodil (big blind) mucked
Seat 2: vestimokrec (button) (small blind) showed [3c 3s] and won ($53.50) with three of a kind, Threes


PokerStars Hand #174333271766:  Hold'em Limit ($3/$6 USD) - 2017/08/14 15:10:28 ET
Table 'Helma II' 6-max Seat #1 is the button
Seat 1: anebodil ($126.83 in chips)
Seat 2: vestimokrec ($129.14 in chips)
anebodil: posts small blind $1
vestimokrec: posts big blind $3
*** HOLE CARDS ***
anebodil: raises $3 to $6
vestimokrec: calls $3
*** FLOP *** [2s 8d 7s]
vestimokrec: checks
anebodil: bets $3
vestimokrec: raises $3 to $6
anebodil: calls $3
*** TURN *** [2s 8d 7s] [3c]
vestimokrec: bets $6
anebodil: calls $6
*** RIVER *** [2s 8d 7s 3c] [9d]
vestimokrec: bets $6
anebodil: calls $6
*** SHOW DOWN ***
vestimokrec: shows [5h 7d] (a pair of Sevens)
anebodil: shows [7h Kc] (a pair of Sevens - King kicker)
anebodil collected $47.50 from pot
*** SUMMARY ***
Total pot $48 | Rake $0.50
Board [2s 8d 7s 3c 9d]
Seat 1: anebodil (button) (small blind) showed [7h Kc] and won ($47.50) with a pair of Sevens
Seat 2: vestimokrec (big blind) showed [5h 7d] and lost with a pair of Sevens


PokerStars Hand #174333223577:  Hold'em Limit ($3/$6 USD) - 2017/08/14 15:09:23 ET
Table 'Helma II' 6-max Seat #1 is the button
Seat 1: anebodil ($126.95 in chips)
Seat 2: vestimokrec ($129.14 in chips)
anebodil: posts small blind $1
vestimokrec: posts big blind $3
*** HOLE CARDS ***
anebodil: calls $2
vestimokrec: checks
*** FLOP *** [6s 7h 9s]
vestimokrec: checks
anebodil: checks
*** TURN *** [6s 7h 9s] [Kh]
vestimokrec: checks
anebodil: checks
*** RIVER *** [6s 7h 9s Kh] [6c]
vestimokrec: checks
anebodil: bets $6
vestimokrec: folds
Uncalled bet ($6) returned to anebodil
anebodil collected $5.88 from pot
*** SUMMARY ***
Total pot $6 | Rake $0.12
Board [6s 7h 9s Kh 6c]
Seat 1: anebodil (button) (small blind) collected ($5.88)
Seat 2: vestimokrec (big blind) folded on the River


PokerStars Hand #174333268373:  Hold'em Limit ($3/$6 USD) - 2017/08/14 15:10:23 ET
Table 'Helma II' 6-max Seat #2 is the button
Seat 1: anebodil ($129.83 in chips)
Seat 2: vestimokrec ($126.14 in chips)
vestimokrec: posts small blind $1
anebodil: posts big blind $3
*** HOLE CARDS ***
vestimokrec: raises $3 to $6
anebodil: folds
Uncalled bet ($3) returned to vestimokrec
vestimokrec collected $6 from pot
vestimokrec: doesn't show hand
*** SUMMARY ***
Total pot $6 | Rake $0
Seat 1: anebodil (big blind) folded before Flop
Seat 2: vestimokrec (button) (small blind) collected ($6)


PokerStars Hand #174333326559:  Hold'em Limit ($3/$6 USD) - 2017/08/14 15:11:43 ET
Table 'Helma II' 6-max Seat #2 is the button
Seat 1: anebodil ($137.33 in chips)
Seat 2: vestimokrec ($117.66 in chips)
vestimokrec: posts small blind $1
anebodil: posts big blind $3
*** HOLE CARDS ***
vestimokrec: raises $3 to $6
anebodil: calls $3
*** FLOP *** [9h 4s 7s]
anebodil: checks
vestimokrec: bets $3
anebodil: calls $3
*** TURN *** [9h 4s 7s] [Kc]
anebodil: checks
vestimokrec: bets $6
anebodil: folds
Uncalled bet ($6) returned to vestimokrec
vestimokrec collected $17.64 from pot
vestimokrec: doesn't show hand
*** SUMMARY ***
Total pot $18 | Rake $0.36
Board [9h 4s 7s Kc]
Seat 1: anebodil (big blind) folded on the Turn
Seat 2: vestimokrec (button) (small blind) collected ($17.64)


PokerStars Hand #174333321604:  Hold'em Limit ($3/$6 USD) - 2017/08/14 15:11:36 ET
Table 'Helma II' 6-max Seat #1 is the button
Seat 1: anebodil ($138.33 in chips)
Seat 2: vestimokrec ($116.66 in chips)
anebodil: posts small blind $1
vestimokrec: posts big blind $3
*** HOLE CARDS ***
anebodil: folds
Uncalled bet ($2) returned to vestimokrec
vestimokrec collected $2 from pot
vestimokrec: doesn't show hand
*** SUMMARY ***
Total pot $2 | Rake $0
Seat 1: anebodil (button) (small blind) folded before Flop
Seat 2: vestimokrec (big blind) collected ($2)


PokerStars Hand #174333293381:  Hold'em Limit ($3/$6 USD) - 2017/08/14 15:10:58 ET
Table 'Helma II' 6-max Seat #2 is the button
Seat 1: anebodil ($150.33 in chips)
Seat 2: vestimokrec ($105.14 in chips)
vestimokrec: posts small blind $1
anebodil: posts big blind $3
*** HOLE CARDS ***
vestimokrec: raises $3 to $6
anebodil: calls $3
*** FLOP *** [Th 2c 9c]
anebodil: checks
vestimokrec: checks
*** TURN *** [Th 2c 9c] [6c]
anebodil: bets $6
vestimokrec: calls $6
*** RIVER *** [Th 2c 9c 6c] [9d]
anebodil: checks
vestimokrec: checks
*** SHOW DOWN ***
anebodil: shows [7d Qh] (a pair of Nines)
vestimokrec: shows [Kh Js] (a pair of Nines - King kicker)
vestimokrec collected $23.52 from pot
*** SUMMARY ***
Total pot $24 | Rake $0.48
Board [Th 2c 9c 6c 9d]
Seat 1: anebodil (big blind) showed [7d Qh] and lost with a pair of Nines
Seat 2: vestimokrec (button) (small blind) showed [Kh Js] and won ($23.52) with a pair of Nines


PokerStars Hand #174333365205:  Hold'em Limit ($3/$6 USD) - 2017/08/14 15:12:36 ET
Table 'Helma II' 6-max Seat #2 is the button
Seat 1: anebodil ($148.83 in chips)
Seat 2: vestimokrec ($105.30 in chips)
vestimokrec: posts small blind $1
anebodil: posts big blind $3
*** HOLE CARDS ***
vestimokrec: raises $3 to $6
anebodil: folds
Uncalled bet ($3) returned to vestimokrec
vestimokrec collected $6 from pot
vestimokrec: doesn't show hand
*** SUMMARY ***
Total pot $6 | Rake $0
Seat 1: anebodil (big blind) folded before Flop
Seat 2: vestimokrec (button) (small blind) collected ($6)


PokerStars Hand #174333342514:  Hold'em Limit ($3/$6 USD) - 2017/08/14 15:12:05 ET
Table 'Helma II' 6-max Seat #1 is the button
Seat 1: anebodil ($128.33 in chips)
Seat 2: vestimokrec ($126.30 in chips)
anebodil: posts small blind $1
vestimokrec: posts big blind $3
*** HOLE CARDS ***
anebodil: raises $3 to $6
vestimokrec: calls $3
*** FLOP *** [3h Tc Ac]
vestimokrec: checks
anebodil: bets $3
vestimokrec: calls $3
*** TURN *** [3h Tc Ac] [2c]
vestimokrec: checks
anebodil: bets $6
vestimokrec: calls $6
*** RIVER *** [3h Tc Ac 2c] [6h]
vestimokrec: checks
anebodil: bets $6
vestimokrec: calls $6
*** SHOW DOWN ***
anebodil: shows [As 5c] (a pair of Aces)
vestimokrec: mucks hand
anebodil collected $41.50 from pot
*** SUMMARY ***
Total pot $42 | Rake $0.50
Board [3h Tc Ac 2c 6h]
Seat 1: anebodil (button) (small blind) showed [As 5c] and won ($41.50) with a pair of Aces
Seat 2: vestimokrec (big blind) mucked


PokerStars Hand #174333369174:  Hold'em Limit ($3/$6 USD) - 2017/08/14 15:12:41 ET
Table 'Helma II' 6-max Seat #1 is the button
Seat 1: anebodil ($145.83 in chips)
Seat 2: vestimokrec ($108.30 in chips)
anebodil: posts small blind $1
vestimokrec: posts big blind $3
*** HOLE CARDS ***
anebodil: calls $2
vestimokrec: checks
*** FLOP *** [6s Kd Jc]
vestimokrec: checks
anebodil: checks
*** TURN *** [6s Kd Jc] [8s]
vestimokrec: checks
anebodil: checks
*** RIVER *** [6s Kd Jc 8s] [3h]
vestimokrec: checks
anebodil: checks
*** SHOW DOWN ***
vestimokrec: shows [2d 9d] (high card King)
anebodil: shows [4d Td] (high card King - Jack+Ten kicker)
anebodil collected $5.88 from pot
*** SUMMARY ***
Total pot $6 | Rake $0.12
Board [6s Kd Jc 8s 3h]
Seat 1: anebodil (button) (small blind) showed [4d Td] and won ($5.88) with high card King
Seat 2: vestimokrec (big blind) showed [2d 9d] and lost with high card King


PokerStars Hand #174333387253:  Hold'em Limit ($3/$6 USD) - 2017/08/14 15:13:05 ET
Table 'Helma II' 6-max Seat #2 is the button
Seat 1: anebodil ($148.71 in chips)
Seat 2: vestimokrec ($105.30 in chips)
vestimokrec: posts small blind $1
anebodil: posts big blind $3
*** HOLE CARDS ***
vestimokrec: raises $3 to $6
anebodil: calls $3
*** FLOP *** [Ah 8c Jh]
anebodil: checks
vestimokrec: bets $3
anebodil: calls $3
*** TURN *** [Ah 8c Jh] [Qd]
anebodil: checks
vestimokrec: bets $6
anebodil: calls $6
*** RIVER *** [Ah 8c Jh Qd] [3d]
anebodil: checks
vestimokrec: bets $6
anebodil: calls $6
*** SHOW DOWN ***
vestimokrec: shows [As Kh] (a pair of Aces)
anebodil: mucks hand
vestimokrec collected $41.50 from pot
*** SUMMARY ***
Total pot $42 | Rake $0.50
Board [Ah 8c Jh Qd 3d]
Seat 1: anebodil (big blind) mucked
Seat 2: vestimokrec (button) (small blind) showed [As Kh] and won ($41.50) with a pair of Aces


PokerStars Hand #174333408583:  Hold'em Limit ($3/$6 USD) - 2017/08/14 15:13:34 ET
Table 'Helma II' 6-max Seat #1 is the button
Seat 1: anebodil ($127.71 in chips)
Seat 2: vestimokrec ($125.80 in chips)
anebodil: posts small blind $1
vestimokrec: posts big blind $3
*** HOLE CARDS ***
anebodil: raises $3 to $6
vestimokrec: calls $3
*** FLOP *** [7c 3s 5d]
vestimokrec: checks
anebodil: checks
*** TURN *** [7c 3s 5d] [3d]
vestimokrec: bets $6
anebodil: calls $6
*** RIVER *** [7c 3s 5d 3d] [Qs]
vestimokrec: bets $6
anebodil: calls $6
*** SHOW DOWN ***
vestimokrec: shows [Jc 5h] (two pair, Fives and Threes)
anebodil: mucks hand
vestimokrec collected $35.50 from pot
*** SUMMARY ***
Total pot $36 | Rake $0.50
Board [7c 3s 5d 3d Qs]
Seat 1: anebodil (button) (small blind) mucked
Seat 2: vestimokrec (big blind) showed [Jc 5h] and won ($35.50) with two pair, Fives and Threes


PokerStars Hand #174333426799:  Hold'em Limit ($3/$6 USD) - 2017/08/14 15:13:59 ET
Table 'Helma II' 6-max Seat #1 is the button
Seat 1: anebodil ($110.71 in chips)
Seat 2: vestimokrec ($142.30 in chips)
anebodil: posts small blind $1
vestimokrec: posts big blind $3
*** HOLE CARDS ***
anebodil: folds
Uncalled bet ($2) returned to vestimokrec
vestimokrec collected $2 from pot
vestimokrec: doesn't show hand
*** SUMMARY ***
Total pot $2 | Rake $0
Seat 1: anebodil (button) (small blind) folded before Flop
Seat 2: vestimokrec (big blind) collected ($2)


PokerStars Hand #174333423406:  Hold'em Limit ($3/$6 USD) - 2017/08/14 15:13:55 ET
Table 'Helma II' 6-max Seat #2 is the button
Seat 1: anebodil ($109.71 in chips)
Seat 2: vestimokrec ($143.30 in chips)
vestimokrec: posts small blind $1
anebodil: posts big blind $3
*** HOLE CARDS ***
vestimokrec: folds
Uncalled bet ($2) returned to anebodil
anebodil collected $2 from pot
*** SUMMARY ***
Total pot $2 | Rake $0
Seat 1: anebodil (big blind) collected ($2)
Seat 2: vestimokrec (button) (small blind) folded before Flop


PokerStars Hand #174333431273:  Hold'em Limit ($3/$6 USD) - 2017/08/14 15:14:05 ET
Table 'Helma II' 6-max Seat #2 is the button
Seat 1: anebodil ($109.71 in chips)
Seat 2: vestimokrec ($143.30 in chips)
vestimokrec: posts small blind $1
anebodil: posts big blind $3
*** HOLE CARDS ***
vestimokrec: raises $3 to $6
anebodil: calls $3
*** FLOP *** [6d 4d 2h]
anebodil: bets $3
vestimokrec: calls $3
*** TURN *** [6d 4d 2h] [Tc]
anebodil: bets $6
vestimokrec: calls $6
*** RIVER *** [6d 4d 2h Tc] [2c]
anebodil: bets $6
vestimokrec: calls $6
*** SHOW DOWN ***
anebodil: shows [5c 6s] (two pair, Sixes and Deuces)
vestimokrec: mucks hand
anebodil collected $41.50 from pot
*** SUMMARY ***
Total pot $42 | Rake $0.50
Board [6d 4d 2h Tc 2c]
Seat 1: anebodil (big blind) showed [5c 6s] and won ($41.50) with two pair, Sixes and Deuces
Seat 2: vestimokrec (button) (small blind) mucked


PokerStars Hand #174333456601:  Hold'em Limit ($3/$6 USD) - 2017/08/14 15:14:40 ET
Table 'Helma II' 6-max Seat #1 is the button
Seat 1: anebodil ($130.21 in chips)
Seat 2: vestimokrec ($122.30 in chips)
anebodil: posts small blind $1
vestimokrec: posts big blind $3
*** HOLE CARDS ***
anebodil: raises $3 to $6
vestimokrec: calls $3
*** FLOP *** [Ac 3d 4h]
vestimokrec: checks
anebodil: bets $3
vestimokrec: folds
Uncalled bet ($3) returned to anebodil
anebodil collected $11.76 from pot
*** SUMMARY ***
Total pot $12 | Rake $0.24
Board [Ac 3d 4h]
Seat 1: anebodil (button) (small blind) collected ($11.76)
Seat 2: vestimokrec (big blind) folded on the Flop


PokerStars Hand #174333469795:  Hold'em Limit ($3/$6 USD) - 2017/08/14 15:14:58 ET
Table 'Helma II' 6-max Seat #1 is the button
Seat 1: anebodil ($132.97 in chips)
Seat 2: vestimokrec ($119.30 in chips)
anebodil: posts small blind $1
vestimokrec: posts big blind $3
*** HOLE CARDS ***
anebodil: folds
Uncalled bet ($2) returned to vestimokrec
vestimokrec collected $2 from pot
vestimokrec: doesn't show hand
*** SUMMARY ***
Total pot $2 | Rake $0
Seat 1: anebodil (button) (small blind) folded before Flop
Seat 2: vestimokrec (big blind) collected ($2)


PokerStars Hand #174333465585:  Hold'em Limit ($3/$6 USD) - 2017/08/14 15:14:52 ET
Table 'Helma II' 6-max Seat #2 is the button
Seat 1: anebodil ($135.97 in chips)
Seat 2: vestimokrec ($116.30 in chips)
vestimokrec: posts small blind $1
anebodil: posts big blind $3
*** HOLE CARDS ***
vestimokrec: raises $3 to $6
anebodil: folds
Uncalled bet ($3) returned to vestimokrec
vestimokrec collected $6 from pot
vestimokrec: doesn't show hand
*** SUMMARY ***
Total pot $6 | Rake $0
Seat 1: anebodil (big blind) folded before Flop
Seat 2: vestimokrec (button) (small blind) collected ($6)


PokerStars Hand #174333475781:  Hold'em Limit ($3/$6 USD) - 2017/08/14 15:15:06 ET
Table 'Helma II' 6-max Seat #2 is the button
Seat 1: anebodil ($131.97 in chips)
Seat 2: vestimokrec ($120.30 in chips)
vestimokrec: posts small blind $1
anebodil: posts big blind $3
*** HOLE CARDS ***
vestimokrec: raises $3 to $6
anebodil: calls $3
*** FLOP *** [5s 9h 8h]
anebodil: checks
vestimokrec: bets $3
anebodil: calls $3
*** TURN *** [5s 9h 8h] [Jh]
anebodil: bets $6
vestimokrec: raises $6 to $12
anebodil: calls $6
*** RIVER *** [5s 9h 8h Jh] [Th]
anebodil: bets $6
vestimokrec: folds
Uncalled bet ($6) returned to anebodil
anebodil collected $41.50 from pot
*** SUMMARY ***
Total pot $42 | Rake $0.50
Board [5s 9h 8h Jh Th]
Seat 1: anebodil (big blind) collected ($41.50)
Seat 2: vestimokrec (button) (small blind) folded on the River


PokerStars Hand #174333497941:  Hold'em Limit ($3/$6 USD) - 2017/08/14 15:15:36 ET
Table 'Helma II' 6-max Seat #1 is the button
Seat 1: anebodil ($152.47 in chips)
Seat 2: vestimokrec ($99.30 in chips)
anebodil: posts small blind $1
vestimokrec: posts big blind $3
*** HOLE CARDS ***
anebodil: folds
Uncalled bet ($2) returned to vestimokrec
vestimokrec collected $2 from pot
vestimokrec: doesn't show hand
*** SUMMARY ***
Total pot $2 | Rake $0
Seat 1: anebodil (button) (small blind) folded before Flop
Seat 2: vestimokrec (big blind) collected ($2)


PokerStars Hand #174333524570:  Hold'em Limit ($3/$6 USD) - 2017/08/14 15:16:11 ET
Table 'Helma II' 6-max Seat #1 is the button
Seat 1: anebodil ($127.47 in chips)
Seat 2: vestimokrec ($123.80 in chips)
anebodil: posts small blind $1
vestimokrec: posts big blind $3
*** HOLE CARDS ***
anebodil: folds
Uncalled bet ($2) returned to vestimokrec
vestimokrec collected $2 from pot
vestimokrec: doesn't show hand
*** SUMMARY ***
Total pot $2 | Rake $0
Seat 1: anebodil (button) (small blind) folded before Flop
Seat 2: vestimokrec (big blind) collected ($2)


PokerStars Hand #174333502199:  Hold'em Limit ($3/$6 USD) - 2017/08/14 15:15:42 ET
Table 'Helma II' 6-max Seat #2 is the button
Seat 1: anebodil ($151.47 in chips)
Seat 2: vestimokrec ($100.30 in chips)
vestimokrec: posts small blind $1
anebodil: posts big blind $3
*** HOLE CARDS ***
vestimokrec: raises $3 to $6
anebodil: calls $3
*** FLOP *** [5c 8h Ac]
anebodil: checks
vestimokrec: bets $3
anebodil: raises $3 to $6
vestimokrec: calls $3
*** TURN *** [5c 8h Ac] [7s]
anebodil: bets $6
vestimokrec: raises $6 to $12
anebodil: calls $6
*** RIVER *** [5c 8h Ac 7s] [Qd]
anebodil: checks
vestimokrec: checks
*** SHOW DOWN ***
anebodil: shows [Tc 8c] (a pair of Eights)
vestimokrec: shows [As 6h] (a pair of Aces)
vestimokrec collected $47.50 from pot
*** SUMMARY ***
Total pot $48 | Rake $0.50
Board [5c 8h Ac 7s Qd]
Seat 1: anebodil (big blind) showed [Tc 8c] and lost with a pair of Eights
Seat 2: vestimokrec (button) (small blind) showed [As 6h] and won ($47.50) with a pair of Aces


PokerStars Hand #174333528212:  Hold'em Limit ($3/$6 USD) - 2017/08/14 15:16:16 ET
Table 'Helma II' 6-max Seat #2 is the button
Seat 1: anebodil ($126.47 in chips)
Seat 2: vestimokrec ($124.80 in chips)
vestimokrec: posts small blind $1
anebodil: posts big blind $3
*** HOLE CARDS ***
vestimokrec: raises $3 to $6
anebodil: calls $3
*** FLOP *** [Jd Ah Ad]
anebodil: checks
vestimokrec: bets $3
anebodil: calls $3
*** TURN *** [Jd Ah Ad] [6s]
anebodil: checks
vestimokrec: checks
*** RIVER *** [Jd Ah Ad 6s] [6h]
anebodil: bets $6
vestimokrec: folds
Uncalled bet ($6) returned to anebodil
anebodil collected $17.64 from pot
*** SUMMARY ***
Total pot $18 | Rake $0.36
Board [Jd Ah Ad 6s 6h]
Seat 1: anebodil (big blind) collected ($17.64)
Seat 2: vestimokrec (button) (small blind) folded on the River


PokerStars Hand #174333546690:  Hold'em Limit ($3/$6 USD) - 2017/08/14 15:16:41 ET
Table 'Helma II' 6-max Seat #1 is the button
Seat 1: anebodil ($135.11 in chips)
Seat 2: vestimokrec ($115.80 in chips)
anebodil: posts small blind $1
vestimokrec: posts big blind $3
*** HOLE CARDS ***
anebodil: calls $2
vestimokrec: checks
*** FLOP *** [8c 5d 8h]
vestimokrec: checks
anebodil: checks
*** TURN *** [8c 5d 8h] [9h]
vestimokrec: bets $6
anebodil: calls $6
*** RIVER *** [8c 5d 8h 9h] [6c]
vestimokrec: bets $6
anebodil: raises $6 to $12
vestimokrec: raises $6 to $18
anebodil: calls $6
*** SHOW DOWN ***
vestimokrec: shows [8d 9c] (a full house, Eights full of Nines)
anebodil: mucks hand
vestimokrec collected $53.50 from pot
*** SUMMARY ***
Total pot $54 | Rake $0.50
Board [8c 5d 8h 9h 6c]
Seat 1: anebodil (button) (small blind) mucked
Seat 2: vestimokrec (big blind) showed [8d 9c] and won ($53.50) with a full house, Eights full of Nines


PokerStars Hand #174333604695:  Hold'em Limit ($3/$6 USD) - 2017/08/14 15:17:58 ET
Table 'Helma II' 6-max Seat #2 is the button
Seat 1: anebodil ($86.11 in chips)
Seat 2: vestimokrec ($163.80 in chips)
vestimokrec: posts small blind $1
anebodil: posts big blind $3
*** HOLE CARDS ***
vestimokrec: raises $3 to $6
anebodil: folds
Uncalled bet ($3) returned to vestimokrec
vestimokrec collected $6 from pot
vestimokrec: doesn't show hand
*** SUMMARY ***
Total pot $6 | Rake $0
Seat 1: anebodil (big blind) folded before Flop
Seat 2: vestimokrec (button) (small blind) collected ($6)


PokerStars Hand #174333601001:  Hold'em Limit ($3/$6 USD) - 2017/08/14 15:17:54 ET
Table 'Helma II' 6-max Seat #1 is the button
Seat 1: anebodil ($87.11 in chips)
Seat 2: vestimokrec ($162.80 in chips)
anebodil: posts small blind $1
vestimokrec: posts big blind $3
*** HOLE CARDS ***
anebodil: folds
Uncalled bet ($2) returned to vestimokrec
vestimokrec collected $2 from pot
vestimokrec: doesn't show hand
*** SUMMARY ***
Total pot $2 | Rake $0
Seat 1: anebodil (button) (small blind) folded before Flop
Seat 2: vestimokrec (big blind) collected ($2)


PokerStars Hand #174333574956:  Hold'em Limit ($3/$6 USD) - 2017/08/14 15:17:19 ET
Table 'Helma II' 6-max Seat #2 is the button
Seat 1: anebodil ($108.11 in chips)
Seat 2: vestimokrec ($142.30 in chips)
vestimokrec: posts small blind $1
anebodil: posts big blind $3
*** HOLE CARDS ***
vestimokrec: raises $3 to $6
anebodil: calls $3
*** FLOP *** [2s Kd 7s]
anebodil: checks
vestimokrec: bets $3
anebodil: calls $3
*** TURN *** [2s Kd 7s] [Td]
anebodil: checks
vestimokrec: bets $6
anebodil: calls $6
*** RIVER *** [2s Kd 7s Td] [Kc]
anebodil: checks
vestimokrec: bets $6
anebodil: calls $6
*** SHOW DOWN ***
vestimokrec: shows [7h 4d] (two pair, Kings and Sevens)
anebodil: mucks hand
vestimokrec collected $41.50 from pot
*** SUMMARY ***
Total pot $42 | Rake $0.50
Board [2s Kd 7s Td Kc]
Seat 1: anebodil (big blind) mucked
Seat 2: vestimokrec (button) (small blind) showed [7h 4d] and won ($41.50) with two pair, Kings and Sevens


PokerStars Hand #174333608445:  Hold'em Limit ($3/$6 USD) - 2017/08/14 15:18:04 ET
Table 'Helma II' 6-max Seat #1 is the button
Seat 1: anebodil ($83.11 in chips)
Seat 2: vestimokrec ($166.80 in chips)
anebodil: posts small blind $1
vestimokrec: posts big blind $3
*** HOLE CARDS ***
anebodil: raises $3 to $6
vestimokrec: calls $3
*** FLOP *** [8d 2h 4s]
vestimokrec: checks
anebodil: checks
*** TURN *** [8d 2h 4s] [Kh]
vestimokrec: bets $6
anebodil: calls $6
*** RIVER *** [8d 2h 4s Kh] [Qs]
vestimokrec: bets $6
anebodil: raises $6 to $12
vestimokrec: folds
Uncalled bet ($6) returned to anebodil
anebodil collected $35.50 from pot
*** SUMMARY ***
Total pot $36 | Rake $0.50
Board [8d 2h 4s Kh Qs]
Seat 1: anebodil (button) (small blind) collected ($35.50)
Seat 2: vestimokrec (big blind) folded on the River


PokerStars Hand #174333627470:  Hold'em Limit ($3/$6 USD) - 2017/08/14 15:18:29 ET
Table 'Helma II' 6-max Seat #2 is the button
Seat 1: anebodil ($100.61 in chips)
Seat 2: vestimokrec ($148.80 in chips)
vestimokrec: posts small blind $1
anebodil: posts big blind $3
*** HOLE CARDS ***
vestimokrec: raises $3 to $6
anebodil: calls $3
*** FLOP *** [8c Ad 6h]
anebodil: checks
vestimokrec: bets $3
anebodil: folds
Uncalled bet ($3) returned to vestimokrec
vestimokrec collected $11.76 from pot
vestimokrec: doesn't show hand
*** SUMMARY ***
Total pot $12 | Rake $0.24
Board [8c Ad 6h]
Seat 1: anebodil (big blind) folded on the Flop
Seat 2: vestimokrec (button) (small blind) collected ($11.76)


PokerStars Hand #174333644868:  Hold'em Limit ($3/$6 USD) - 2017/08/14 15:18:53 ET
Table 'Helma II' 6-max Seat #1 is the button
Seat 1: anebodil ($90.61 in chips)
Seat 2: vestimokrec ($158.56 in chips)
anebodil: posts small blind $1
vestimokrec: posts big blind $3
*** HOLE CARDS ***
anebodil: folds
Uncalled bet ($2) returned to vestimokrec
vestimokrec collected $2 from pot
vestimokrec: doesn't show hand
*** SUMMARY ***
Total pot $2 | Rake $0
Seat 1: anebodil (button) (small blind) folded before Flop
Seat 2: vestimokrec (big blind) collected ($2)


PokerStars Hand #174333641179:  Hold'em Limit ($3/$6 USD) - 2017/08/14 15:18:48 ET
Table 'Helma II' 6-max Seat #2 is the button
Seat 1: anebodil ($93.61 in chips)
Seat 2: vestimokrec ($155.56 in chips)
vestimokrec: posts small blind $1
anebodil: posts big blind $3
*** HOLE CARDS ***
vestimokrec: raises $3 to $6
anebodil: folds
Uncalled bet ($3) returned to vestimokrec
vestimokrec collected $6 from pot
vestimokrec: doesn't show hand
*** SUMMARY ***
Total pot $6 | Rake $0
Seat 1: anebodil (big blind) folded before Flop
Seat 2: vestimokrec (button) (small blind) collected ($6)


PokerStars Hand #174333637021:  Hold'em Limit ($3/$6 USD) - 2017/08/14 15:18:42 ET
Table 'Helma II' 6-max Seat #1 is the button
Seat 1: anebodil ($94.61 in chips)
Seat 2: vestimokrec ($154.56 in chips)
anebodil: posts small blind $1
vestimokrec: posts big blind $3
*** HOLE CARDS ***
anebodil: folds
Uncalled bet ($2) returned to vestimokrec
vestimokrec collected $2 from pot
vestimokrec: doesn't show hand
*** SUMMARY ***
Total pot $2 | Rake $0
Seat 1: anebodil (button) (small blind) folded before Flop
Seat 2: vestimokrec (big blind) collected ($2)


PokerStars Hand #174333648749:  Hold'em Limit ($3/$6 USD) - 2017/08/14 15:18:58 ET
Table 'Helma II' 6-max Seat #2 is the button
Seat 1: anebodil ($89.61 in chips)
Seat 2: vestimokrec ($159.56 in chips)
vestimokrec: posts small blind $1
anebodil: posts big blind $3
*** HOLE CARDS ***
vestimokrec: raises $3 to $6
anebodil: calls $3
*** FLOP *** [3s 7s Kh]
anebodil: checks
vestimokrec: bets $3
anebodil: calls $3
*** TURN *** [3s 7s Kh] [9c]
anebodil: checks
vestimokrec: checks
*** RIVER *** [3s 7s Kh 9c] [6d]
anebodil: bets $6
vestimokrec: folds
Uncalled bet ($6) returned to anebodil
anebodil collected $17.64 from pot
*** SUMMARY ***
Total pot $18 | Rake $0.36
Board [3s 7s Kh 9c 6d]
Seat 1: anebodil (big blind) collected ($17.64)
Seat 2: vestimokrec (button) (small blind) folded on the River


PokerStars Hand #174333669691:  Hold'em Limit ($3/$6 USD) - 2017/08/14 15:19:26 ET
Table 'Helma II' 6-max Seat #1 is the button
Seat 1: anebodil ($98.25 in chips)
Seat 2: vestimokrec ($150.56 in chips)
anebodil: posts small blind $1
vestimokrec: posts big blind $3
*** HOLE CARDS ***
anebodil: raises $3 to $6
vestimokrec: calls $3
*** FLOP *** [2h Th 7h]
vestimokrec: checks
anebodil: bets $3
vestimokrec: calls $3
*** TURN *** [2h Th 7h] [7c]
vestimokrec: checks
anebodil: bets $6
vestimokrec: folds
Uncalled bet ($6) returned to anebodil
anebodil collected $17.64 from pot
*** SUMMARY ***
Total pot $18 | Rake $0.36
Board [2h Th 7h 7c]
Seat 1: anebodil (button) (small blind) collected ($17.64)
Seat 2: vestimokrec (big blind) folded on the Turn


PokerStars Hand #174333723981:  Hold'em Limit ($3/$6 USD) - 2017/08/14 15:20:38 ET
Table 'Helma II' 6-max Seat #1 is the button
Seat 1: anebodil ($115.53 in chips)
Seat 2: vestimokrec ($132.56 in chips)
anebodil: posts small blind $1
vestimokrec: posts big blind $3
*** HOLE CARDS ***
anebodil: raises $3 to $6
vestimokrec: calls $3
*** FLOP *** [2s 8s 3s]
vestimokrec: checks
anebodil: bets $3
vestimokrec: calls $3
*** TURN *** [2s 8s 3s] [Kd]
vestimokrec: checks
anebodil: bets $6
vestimokrec: calls $6
*** RIVER *** [2s 8s 3s Kd] [2h]
vestimokrec: checks
anebodil: checks
*** SHOW DOWN ***
vestimokrec: shows [6c 9s] (a pair of Deuces)
anebodil: shows [As Jd] (a pair of Deuces - Ace kicker)
anebodil collected $29.50 from pot
*** SUMMARY ***
Total pot $30 | Rake $0.50
Board [2s 8s 3s Kd 2h]
Seat 1: anebodil (button) (small blind) showed [As Jd] and won ($29.50) with a pair of Deuces
Seat 2: vestimokrec (big blind) showed [6c 9s] and lost with a pair of Deuces


PokerStars Hand #174333698075:  Hold'em Limit ($3/$6 USD) - 2017/08/14 15:20:03 ET
Table 'Helma II' 6-max Seat #2 is the button
Seat 1: anebodil ($106.89 in chips)
Seat 2: vestimokrec ($141.56 in chips)
vestimokrec: posts small blind $1
anebodil: posts big blind $3
*** HOLE CARDS ***
vestimokrec: raises $3 to $6
anebodil: calls $3
*** FLOP *** [Qd 3d 6s]
anebodil: checks
vestimokrec: bets $3
anebodil: calls $3
*** TURN *** [Qd 3d 6s] [Ad]
anebodil: checks
vestimokrec: checks
*** RIVER *** [Qd 3d 6s Ad] [5s]
anebodil: bets $6
vestimokrec: folds
Uncalled bet ($6) returned to anebodil
anebodil collected $17.64 from pot
*** SUMMARY ***
Total pot $18 | Rake $0.36
Board [Qd 3d 6s Ad 5s]
Seat 1: anebodil (big blind) collected ($17.64)
Seat 2: vestimokrec (button) (small blind) folded on the River


PokerStars Hand #174333761107:  Hold'em Limit ($3/$6 USD) - 2017/08/14 15:21:27 ET
Table 'Helma II' 6-max Seat #1 is the button
Seat 1: anebodil ($117.03 in chips)
Seat 2: vestimokrec ($130.20 in chips)
anebodil: posts small blind $1
vestimokrec: posts big blind $3
*** HOLE CARDS ***
anebodil: raises $3 to $6
vestimokrec: calls $3
*** FLOP *** [7d 6d 8h]
vestimokrec: checks
anebodil: bets $3
vestimokrec: calls $3
*** TURN *** [7d 6d 8h] [Qd]
vestimokrec: checks
anebodil: bets $6
vestimokrec: calls $6
*** RIVER *** [7d 6d 8h Qd] [4s]
vestimokrec: checks
anebodil: bets $6
vestimokrec: raises $6 to $12
anebodil: calls $6
*** SHOW DOWN ***
vestimokrec: shows [Js 5s] (a straight, Four to Eight)
anebodil: mucks hand
vestimokrec collected $53.50 from pot
*** SUMMARY ***
Total pot $54 | Rake $0.50
Board [7d 6d 8h Qd 4s]
Seat 1: anebodil (button) (small blind) mucked
Seat 2: vestimokrec (big blind) showed [Js 5s] and won ($53.50) with a straight, Four to Eight


PokerStars Hand #174333757066:  Hold'em Limit ($3/$6 USD) - 2017/08/14 15:21:22 ET
Table 'Helma II' 6-max Seat #2 is the button
Seat 1: anebodil ($120.03 in chips)
Seat 2: vestimokrec ($127.20 in chips)
vestimokrec: posts small blind $1
anebodil: posts big blind $3
*** HOLE CARDS ***
vestimokrec: raises $3 to $6
anebodil: folds
Uncalled bet ($3) returned to vestimokrec
vestimokrec collected $6 from pot
vestimokrec: doesn't show hand
*** SUMMARY ***
Total pot $6 | Rake $0
Seat 1: anebodil (big blind) folded before Flop
Seat 2: vestimokrec (button) (small blind) collected ($6)


PokerStars Hand #174333753838:  Hold'em Limit ($3/$6 USD) - 2017/08/14 15:21:17 ET
Table 'Helma II' 6-max Seat #1 is the button
Seat 1: anebodil ($121.03 in chips)
Seat 2: vestimokrec ($126.20 in chips)
anebodil: posts small blind $1
vestimokrec: posts big blind $3
*** HOLE CARDS ***
anebodil: folds
Uncalled bet ($2) returned to vestimokrec
vestimokrec collected $2 from pot
vestimokrec: doesn't show hand
*** SUMMARY ***
Total pot $2 | Rake $0
Seat 1: anebodil (button) (small blind) folded before Flop
Seat 2: vestimokrec (big blind) collected ($2)


PokerStars Hand #174333741239:  Hold'em Limit ($3/$6 USD) - 2017/08/14 15:21:00 ET
Table 'Helma II' 6-max Seat #2 is the button
Seat 1: anebodil ($130.03 in chips)
Seat 2: vestimokrec ($117.56 in chips)
vestimokrec: posts small blind $1
anebodil: posts big blind $3
*** HOLE CARDS ***
vestimokrec: raises $3 to $6
anebodil: calls $3
*** FLOP *** [Ah 4h 7c]
anebodil: checks
vestimokrec: bets $3
anebodil: calls $3
*** TURN *** [Ah 4h 7c] [Tc]
anebodil: checks
vestimokrec: bets $6
anebodil: folds
Uncalled bet ($6) returned to vestimokrec
vestimokrec collected $17.64 from pot
vestimokrec: doesn't show hand
*** SUMMARY ***
Total pot $18 | Rake $0.36
Board [Ah 4h 7c Tc]
Seat 1: anebodil (big blind) folded on the Turn
Seat 2: vestimokrec (button) (small blind) collected ($17.64)


PokerStars Hand #174333825584:  Hold'em Limit ($3/$6 USD) - 2017/08/14 15:22:54 ET
Table 'Helma II' 6-max Seat #1 is the button
Seat 1: anebodil ($76.67 in chips)
Seat 2: vestimokrec ($169.20 in chips)
anebodil: posts small blind $1
vestimokrec: posts big blind $3
*** HOLE CARDS ***
anebodil: calls $2
vestimokrec: checks
*** FLOP *** [Tc 8c Jc]
vestimokrec: bets $3
anebodil: folds
Uncalled bet ($3) returned to vestimokrec
vestimokrec collected $5.88 from pot
vestimokrec: doesn't show hand
*** SUMMARY ***
Total pot $6 | Rake $0.12
Board [Tc 8c Jc]
Seat 1: anebodil (button) (small blind) folded on the Flop
Seat 2: vestimokrec (big blind) collected ($5.88)


PokerStars Hand #174333807386:  Hold'em Limit ($3/$6 USD) - 2017/08/14 15:22:29 ET
Table 'Helma II' 6-max Seat #2 is the button
Seat 1: anebodil ($68.03 in chips)
Seat 2: vestimokrec ($178.20 in chips)
vestimokrec: posts small blind $1
anebodil: posts big blind $3
*** HOLE CARDS ***
vestimokrec: raises $3 to $6
anebodil: calls $3
*** FLOP *** [6h Kc Kd]
anebodil: checks
vestimokrec: bets $3
anebodil: calls $3
*** TURN *** [6h Kc Kd] [7c]
anebodil: bets $6
vestimokrec: folds
Uncalled bet ($6) returned to anebodil
anebodil collected $17.64 from pot
*** SUMMARY ***
Total pot $18 | Rake $0.36
Board [6h Kc Kd 7c]
Seat 1: anebodil (big blind) collected ($17.64)
Seat 2: vestimokrec (button) (small blind) folded on the Turn


PokerStars Hand #174333803564:  Hold'em Limit ($3/$6 USD) - 2017/08/14 15:22:24 ET
Table 'Helma II' 6-max Seat #1 is the button
Seat 1: anebodil ($69.03 in chips)
Seat 2: vestimokrec ($177.20 in chips)
anebodil: posts small blind $1
vestimokrec: posts big blind $3
*** HOLE CARDS ***
anebodil: folds
Uncalled bet ($2) returned to vestimokrec
vestimokrec collected $2 from pot
vestimokrec: doesn't show hand
*** SUMMARY ***
Total pot $2 | Rake $0
Seat 1: anebodil (button) (small blind) folded before Flop
Seat 2: vestimokrec (big blind) collected ($2)


PokerStars Hand #174333782212:  Hold'em Limit ($3/$6 USD) - 2017/08/14 15:21:55 ET
Table 'Helma II' 6-max Seat #2 is the button
Seat 1: anebodil ($90.03 in chips)
Seat 2: vestimokrec ($156.70 in chips)
vestimokrec: posts small blind $1
anebodil: posts big blind $3
*** HOLE CARDS ***
vestimokrec: raises $3 to $6
anebodil: calls $3
*** FLOP *** [Ac 4c Jc]
anebodil: checks
vestimokrec: bets $3
anebodil: calls $3
*** TURN *** [Ac 4c Jc] [3h]
anebodil: checks
vestimokrec: checks
*** RIVER *** [Ac 4c Jc 3h] [5s]
anebodil: bets $6
vestimokrec: raises $6 to $12
anebodil: calls $6
*** SHOW DOWN ***
vestimokrec: shows [Ts 2d] (a straight, Ace to Five)
anebodil: mucks hand
vestimokrec collected $41.50 from pot
*** SUMMARY ***
Total pot $42 | Rake $0.50
Board [Ac 4c Jc 3h 5s]
Seat 1: anebodil (big blind) mucked
Seat 2: vestimokrec (button) (small blind) showed [Ts 2d] and won ($41.50) with a straight, Ace to Five


PokerStars Hand #174333871342:  Hold'em Limit ($3/$6 USD) - 2017/08/14 15:23:49 ET
Table 'Helma II' 6-max Seat #2 is the button
Seat 1: anebodil ($64.17 in chips)
Seat 2: vestimokrec ($180.58 in chips)
vestimokrec: posts small blind $1
anebodil: posts big blind $3
*** HOLE CARDS ***
vestimokrec: raises $3 to $6
anebodil: folds
Uncalled bet ($3) returned to vestimokrec
vestimokrec collected $6 from pot
vestimokrec: doesn't show hand
*** SUMMARY ***
Total pot $6 | Rake $0
Seat 1: anebodil (big blind) folded before Flop
Seat 2: vestimokrec (button) (small blind) collected ($6)


PokerStars Hand #174333850305:  Hold'em Limit ($3/$6 USD) - 2017/08/14 15:23:27 ET
Table 'Helma II' 6-max Seat #1 is the button
Seat 1: anebodil ($46.67 in chips)
Seat 2: vestimokrec ($198.58 in chips)
anebodil: posts small blind $1
vestimokrec: posts big blind $3
*** HOLE CARDS ***
anebodil: raises $3 to $6
vestimokrec: calls $3
*** FLOP *** [Jh 4c 3c]
vestimokrec: checks
anebodil: checks
*** TURN *** [Jh 4c 3c] [5c]
vestimokrec: bets $6
anebodil: calls $6
*** RIVER *** [Jh 4c 3c 5c] [9c]
vestimokrec: checks
anebodil: bets $6
vestimokrec: calls $6
*** SHOW DOWN ***
anebodil: shows [Ah Qc] (a flush, Queen high)
vestimokrec: mucks hand
anebodil collected $35.50 from pot
*** SUMMARY ***
Total pot $36 | Rake $0.50
Board [Jh 4c 3c 5c 9c]
Seat 1: anebodil (button) (small blind) showed [Ah Qc] and won ($35.50) with a flush, Queen high
Seat 2: vestimokrec (big blind) mucked


PokerStars Hand #174333832977:  Hold'em Limit ($3/$6 USD) - 2017/08/14 15:23:04 ET
Table 'Helma II' 6-max Seat #2 is the button
Seat 1: anebodil ($73.67 in chips)
Seat 2: vestimokrec ($172.08 in chips)
vestimokrec: posts small blind $1
anebodil: posts big blind $3
*** HOLE CARDS ***
vestimokrec: raises $3 to $6
anebodil: calls $3
*** FLOP *** [3h 8d 9d]
anebodil: bets $3
vestimokrec: calls $3
*** TURN *** [3h 8d 9d] [2c]
anebodil: bets $6
vestimokrec: calls $6
*** RIVER *** [3h 8d 9d 2c] [6d]
anebodil: bets $6
vestimokrec: raises $6 to $12
anebodil: calls $6
*** SHOW DOWN ***
vestimokrec: shows [Tc 7c] (a straight, Six to Ten)
anebodil: mucks hand
vestimokrec collected $53.50 from pot
*** SUMMARY ***
Total pot $54 | Rake $0.50
Board [3h 8d 9d 2c 6d]
Seat 1: anebodil (big blind) mucked
Seat 2: vestimokrec (button) (small blind) showed [Tc 7c] and won ($53.50) with a straight, Six to Ten


PokerStars Hand #174333903887:  Hold'em Limit ($3/$6 USD) - 2017/08/14 15:24:33 ET
Table 'Helma II' 6-max Seat #1 is the button
Seat 1: anebodil ($46.17 in chips)
Seat 2: vestimokrec ($198.10 in chips)
anebodil: posts small blind $1
vestimokrec: posts big blind $3
*** HOLE CARDS ***
anebodil: raises $3 to $6
vestimokrec: calls $3
*** FLOP *** [Td 3s Ah]
vestimokrec: checks
anebodil: bets $3
vestimokrec: calls $3
*** TURN *** [Td 3s Ah] [Ad]
vestimokrec: checks
anebodil: checks
*** RIVER *** [Td 3s Ah Ad] [6h]
vestimokrec: bets $6
anebodil: folds
Uncalled bet ($6) returned to vestimokrec
vestimokrec collected $17.64 from pot
vestimokrec: doesn't show hand
*** SUMMARY ***
Total pot $18 | Rake $0.36
Board [Td 3s Ah Ad 6h]
Seat 1: anebodil (button) (small blind) folded on the River
Seat 2: vestimokrec (big blind) collected ($17.64)


PokerStars Hand #174333897688:  Hold'em Limit ($3/$6 USD) - 2017/08/14 15:24:24 ET
Table 'Helma II' 6-max Seat #2 is the button
Seat 1: anebodil ($49.17 in chips)
Seat 2: vestimokrec ($195.10 in chips)
vestimokrec: posts small blind $1
anebodil: posts big blind $3
*** HOLE CARDS ***
vestimokrec: raises $3 to $6
anebodil: folds
Uncalled bet ($3) returned to vestimokrec
vestimokrec collected $6 from pot
vestimokrec: doesn't show hand
*** SUMMARY ***
Total pot $6 | Rake $0
Seat 1: anebodil (big blind) folded before Flop
Seat 2: vestimokrec (button) (small blind) collected ($6)


PokerStars Hand #174333876896:  Hold'em Limit ($3/$6 USD) - 2017/08/14 15:23:56 ET
Table 'Helma II' 6-max Seat #1 is the button
Seat 1: anebodil ($61.17 in chips)
Seat 2: vestimokrec ($183.58 in chips)
anebodil: posts small blind $1
vestimokrec: posts big blind $3
*** HOLE CARDS ***
anebodil: raises $3 to $6
vestimokrec: calls $3
*** FLOP *** [Ts 2d 6c]
vestimokrec: checks
anebodil: checks
*** TURN *** [Ts 2d 6c] [8d]
vestimokrec: bets $6
anebodil: calls $6
*** RIVER *** [Ts 2d 6c 8d] [7s]
vestimokrec: checks
anebodil: checks
*** SHOW DOWN ***
vestimokrec: shows [3d 6d] (a pair of Sixes)
anebodil: mucks hand
vestimokrec collected $23.52 from pot
*** SUMMARY ***
Total pot $24 | Rake $0.48
Board [Ts 2d 6c 8d 7s]
Seat 1: anebodil (button) (small blind) mucked
Seat 2: vestimokrec (big blind) showed [3d 6d] and won ($23.52) with a pair of Sixes


PokerStars Hand #174333970549:  Hold'em Limit ($3/$6 USD) - 2017/08/14 15:26:02 ET
Table 'Helma II' 6-max Seat #2 is the button
Seat 1: anebodil ($45.67 in chips)
Seat 2: vestimokrec ($197.24 in chips)
vestimokrec: posts small blind $1
anebodil: posts big blind $3
*** HOLE CARDS ***
vestimokrec: raises $3 to $6
anebodil: folds
Uncalled bet ($3) returned to vestimokrec
vestimokrec collected $6 from pot
vestimokrec: doesn't show hand
*** SUMMARY ***
Total pot $6 | Rake $0
Seat 1: anebodil (big blind) folded before Flop
Seat 2: vestimokrec (button) (small blind) collected ($6)


PokerStars Hand #174333951379:  Hold'em Limit ($3/$6 USD) - 2017/08/14 15:25:36 ET
Table 'Helma II' 6-max Seat #1 is the button
Seat 1: anebodil ($60.67 in chips)
Seat 2: vestimokrec ($182.74 in chips)
anebodil: posts small blind $1
vestimokrec: posts big blind $3
*** HOLE CARDS ***
anebodil: raises $3 to $6
vestimokrec: calls $3
*** FLOP *** [8d 5c 7d]
vestimokrec: bets $3
anebodil: calls $3
*** TURN *** [8d 5c 7d] [8s]
vestimokrec: bets $6
anebodil: calls $6
*** RIVER *** [8d 5c 7d 8s] [2h]
vestimokrec: bets $6
anebodil: folds
Uncalled bet ($6) returned to vestimokrec
vestimokrec collected $29.50 from pot
vestimokrec: doesn't show hand
*** SUMMARY ***
Total pot $30 | Rake $0.50
Board [8d 5c 7d 8s 2h]
Seat 1: anebodil (button) (small blind) folded on the River
Seat 2: vestimokrec (big blind) collected ($29.50)


PokerStars Hand #174333927775:  Hold'em Limit ($3/$6 USD) - 2017/08/14 15:25:05 ET
Table 'Helma II' 6-max Seat #2 is the button
Seat 1: anebodil ($37.17 in chips)
Seat 2: vestimokrec ($206.74 in chips)
vestimokrec: posts small blind $1
anebodil: posts big blind $3
*** HOLE CARDS ***
vestimokrec: raises $3 to $6
anebodil: raises $3 to $9
vestimokrec: calls $3
*** FLOP *** [5s 4c 8h]
anebodil: bets $3
vestimokrec: calls $3
*** TURN *** [5s 4c 8h] [8s]
anebodil: bets $6
vestimokrec: calls $6
*** RIVER *** [5s 4c 8h 8s] [Tc]
anebodil: bets $6
vestimokrec: calls $6
*** SHOW DOWN ***
anebodil: shows [6h 6c] (two pair, Eights and Sixes)
vestimokrec: mucks hand
anebodil collected $47.50 from pot
*** SUMMARY ***
Total pot $48 | Rake $0.50
Board [5s 4c 8h 8s Tc]
Seat 1: anebodil (big blind) showed [6h 6c] and won ($47.50) with two pair, Eights and Sixes
Seat 2: vestimokrec (button) (small blind) mucked


PokerStars Hand #174333985875:  Hold'em Limit ($3/$6 USD) - 2017/08/14 15:26:22 ET
Table 'Helma II' 6-max Seat #2 is the button
Seat 1: anebodil ($48.43 in chips)
Seat 2: vestimokrec ($194.24 in chips)
vestimokrec: posts small blind $1
anebodil: posts big blind $3
*** HOLE CARDS ***
vestimokrec: raises $3 to $6
anebodil: calls $3
*** FLOP *** [6c Th Ah]
anebodil: checks
vestimokrec: bets $3
anebodil: calls $3
*** TURN *** [6c Th Ah] [5d]
anebodil: checks
vestimokrec: checks
*** RIVER *** [6c Th Ah 5d] [Kh]
anebodil: bets $6
vestimokrec: folds
Uncalled bet ($6) returned to anebodil
anebodil collected $17.64 from pot
*** SUMMARY ***
Total pot $18 | Rake $0.36
Board [6c Th Ah 5d Kh]
Seat 1: anebodil (big blind) collected ($17.64)
Seat 2: vestimokrec (button) (small blind) folded on the River


PokerStars Hand #174333974666:  Hold'em Limit ($3/$6 USD) - 2017/08/14 15:26:07 ET
Table 'Helma II' 6-max Seat #1 is the button
Seat 1: anebodil ($42.67 in chips)
Seat 2: vestimokrec ($200.24 in chips)
anebodil: posts small blind $1
vestimokrec: posts big blind $3
*** HOLE CARDS ***
anebodil: raises $3 to $6
vestimokrec: calls $3
*** FLOP *** [Ac Qd As]
vestimokrec: checks
anebodil: bets $3
vestimokrec: folds
Uncalled bet ($3) returned to anebodil
anebodil collected $11.76 from pot
*** SUMMARY ***
Total pot $12 | Rake $0.24
Board [Ac Qd As]
Seat 1: anebodil (button) (small blind) collected ($11.76)
Seat 2: vestimokrec (big blind) folded on the Flop


PokerStars Hand #174334035445:  Hold'em Limit ($3/$6 USD) - 2017/08/14 15:27:29 ET
Table 'Helma II' 6-max Seat #1 is the button
Seat 1: anebodil ($56.95 in chips)
Seat 2: vestimokrec ($185.24 in chips)
anebodil: posts small blind $1
vestimokrec: posts big blind $3
*** HOLE CARDS ***
anebodil: raises $3 to $6
vestimokrec: calls $3
*** FLOP *** [Ks 6s Kd]
vestimokrec: checks
anebodil: checks
*** TURN *** [Ks 6s Kd] [2h]
vestimokrec: bets $6
anebodil: folds
Uncalled bet ($6) returned to vestimokrec
vestimokrec collected $11.76 from pot
vestimokrec: doesn't show hand
*** SUMMARY ***
Total pot $12 | Rake $0.24
Board [Ks 6s Kd 2h]
Seat 1: anebodil (button) (small blind) folded on the Turn
Seat 2: vestimokrec (big blind) collected ($11.76)


PokerStars Hand #174334031493:  Hold'em Limit ($3/$6 USD) - 2017/08/14 15:27:24 ET
Table 'Helma II' 6-max Seat #2 is the button
Seat 1: anebodil ($59.95 in chips)
Seat 2: vestimokrec ($182.24 in chips)
vestimokrec: posts small blind $1
anebodil: posts big blind $3
*** HOLE CARDS ***
vestimokrec: raises $3 to $6
anebodil: folds
Uncalled bet ($3) returned to vestimokrec
vestimokrec collected $6 from pot
vestimokrec: doesn't show hand
*** SUMMARY ***
Total pot $6 | Rake $0
Seat 1: anebodil (big blind) folded before Flop
Seat 2: vestimokrec (button) (small blind) collected ($6)


PokerStars Hand #174334013116:  Hold'em Limit ($3/$6 USD) - 2017/08/14 15:26:59 ET
Table 'Helma II' 6-max Seat #1 is the button
Seat 1: anebodil ($57.07 in chips)
Seat 2: vestimokrec ($185.24 in chips)
anebodil: posts small blind $1
vestimokrec: posts big blind $3
*** HOLE CARDS ***
anebodil: calls $2
vestimokrec: checks
*** FLOP *** [3d 7s Jc]
vestimokrec: checks
anebodil: bets $3
vestimokrec: folds
Uncalled bet ($3) returned to anebodil
anebodil collected $5.88 from pot
*** SUMMARY ***
Total pot $6 | Rake $0.12
Board [3d 7s Jc]
Seat 1: anebodil (button) (small blind) collected ($5.88)
Seat 2: vestimokrec (big blind) folded on the Flop


PokerStars Hand #174334071032:  Hold'em Limit ($3/$6 USD) - 2017/08/14 15:28:18 ET
Table 'Helma II' 6-max Seat #1 is the button
Seat 1: anebodil ($59.59 in chips)
Seat 2: vestimokrec ($182 in chips)
anebodil: posts small blind $1
vestimokrec: posts big blind $3
*** HOLE CARDS ***
anebodil: calls $2
vestimokrec: checks
*** FLOP *** [Td 6d 3d]
vestimokrec: checks
anebodil: checks
*** TURN *** [Td 6d 3d] [8d]
vestimokrec: checks
anebodil: checks
*** RIVER *** [Td 6d 3d 8d] [Kc]
vestimokrec: bets $6
anebodil: folds
Uncalled bet ($6) returned to vestimokrec
vestimokrec collected $5.88 from pot
vestimokrec: doesn't show hand
*** SUMMARY ***
Total pot $6 | Rake $0.12
Board [Td 6d 3d 8d Kc]
Seat 1: anebodil (button) (small blind) folded on the River
Seat 2: vestimokrec (big blind) collected ($5.88)


PokerStars Hand #174334051705:  Hold'em Limit ($3/$6 USD) - 2017/08/14 15:27:51 ET
Table 'Helma II' 6-max Seat #2 is the button
Seat 1: anebodil ($50.95 in chips)
Seat 2: vestimokrec ($191 in chips)
vestimokrec: posts small blind $1
anebodil: posts big blind $3
*** HOLE CARDS ***
vestimokrec: raises $3 to $6
anebodil: calls $3
*** FLOP *** [Js As Td]
anebodil: checks
vestimokrec: bets $3
anebodil: calls $3
*** TURN *** [Js As Td] [9h]
anebodil: bets $6
vestimokrec: folds
Uncalled bet ($6) returned to anebodil
anebodil collected $17.64 from pot
*** SUMMARY ***
Total pot $18 | Rake $0.36
Board [Js As Td 9h]
Seat 1: anebodil (big blind) collected ($17.64)
Seat 2: vestimokrec (button) (small blind) folded on the Turn


PokerStars Hand #174334151559:  Hold'em Limit ($3/$6 USD) - 2017/08/14 15:30:05 ET
Table 'Helma II' 6-max Seat #1 is the button
Seat 1: anebodil ($39.23 in chips)
Seat 2: vestimokrec ($201.38 in chips)
anebodil: posts small blind $1
vestimokrec: posts big blind $3
*** HOLE CARDS ***
anebodil: folds
Uncalled bet ($2) returned to vestimokrec
vestimokrec collected $2 from pot
vestimokrec: doesn't show hand
*** SUMMARY ***
Total pot $2 | Rake $0
Seat 1: anebodil (button) (small blind) folded before Flop
Seat 2: vestimokrec (big blind) collected ($2)


PokerStars Hand #174334138454:  Hold'em Limit ($3/$6 USD) - 2017/08/14 15:29:48 ET
Table 'Helma II' 6-max Seat #2 is the button
Seat 1: anebodil ($30.59 in chips)
Seat 2: vestimokrec ($210.38 in chips)
vestimokrec: posts small blind $1
anebodil: posts big blind $3
*** HOLE CARDS ***
vestimokrec: raises $3 to $6
anebodil: raises $3 to $9
vestimokrec: calls $3
*** FLOP *** [Jd Qc Qs]
anebodil: bets $3
vestimokrec: folds
Uncalled bet ($3) returned to anebodil
anebodil collected $17.64 from pot
*** SUMMARY ***
Total pot $18 | Rake $0.36
Board [Jd Qc Qs]
Seat 1: anebodil (big blind) collected ($17.64)
Seat 2: vestimokrec (button) (small blind) folded on the Flop


PokerStars Hand #174334134039:  Hold'em Limit ($3/$6 USD) - 2017/08/14 15:29:42 ET
Table 'Helma II' 6-max Seat #1 is the button
Seat 1: anebodil ($31.59 in chips)
Seat 2: vestimokrec ($209.38 in chips)
anebodil: posts small blind $1
vestimokrec: posts big blind $3
*** HOLE CARDS ***
anebodil: folds
Uncalled bet ($2) returned to vestimokrec
vestimokrec collected $2 from pot
vestimokrec: doesn't show hand
*** SUMMARY ***
Total pot $2 | Rake $0
Seat 1: anebodil (button) (small blind) folded before Flop
Seat 2: vestimokrec (big blind) collected ($2)


PokerStars Hand #174334129623:  Hold'em Limit ($3/$6 USD) - 2017/08/14 15:29:36 ET
Table 'Helma II' 6-max Seat #2 is the button
Seat 1: anebodil ($34.59 in chips)
Seat 2: vestimokrec ($206.38 in chips)
vestimokrec: posts small blind $1
anebodil: posts big blind $3
*** HOLE CARDS ***
vestimokrec: raises $3 to $6
anebodil: folds
Uncalled bet ($3) returned to vestimokrec
vestimokrec collected $6 from pot
vestimokrec: doesn't show hand
*** SUMMARY ***
Total pot $6 | Rake $0
Seat 1: anebodil (big blind) folded before Flop
Seat 2: vestimokrec (button) (small blind) collected ($6)


PokerStars Hand #174334125561:  Hold'em Limit ($3/$6 USD) - 2017/08/14 15:29:31 ET
Table 'Helma II' 6-max Seat #1 is the button
Seat 1: anebodil ($35.59 in chips)
Seat 2: vestimokrec ($205.38 in chips)
anebodil: posts small blind $1
vestimokrec: posts big blind $3
*** HOLE CARDS ***
anebodil: folds
Uncalled bet ($2) returned to vestimokrec
vestimokrec collected $2 from pot
vestimokrec: doesn't show hand
*** SUMMARY ***
Total pot $2 | Rake $0
Seat 1: anebodil (button) (small blind) folded before Flop
Seat 2: vestimokrec (big blind) collected ($2)


PokerStars Hand #174334100173:  Hold'em Limit ($3/$6 USD) - 2017/08/14 15:28:57 ET
Table 'Helma II' 6-max Seat #2 is the button
Seat 1: anebodil ($56.59 in chips)
Seat 2: vestimokrec ($184.88 in chips)
vestimokrec: posts small blind $1
anebodil: posts big blind $3
*** HOLE CARDS ***
vestimokrec: raises $3 to $6
anebodil: calls $3
*** FLOP *** [Jd 2h 8c]
anebodil: checks
vestimokrec: bets $3
anebodil: calls $3
*** TURN *** [Jd 2h 8c] [9d]
anebodil: checks
vestimokrec: bets $6
anebodil: calls $6
*** RIVER *** [Jd 2h 8c 9d] [9s]
anebodil: checks
vestimokrec: bets $6
anebodil: calls $6
*** SHOW DOWN ***
vestimokrec: shows [4d Jh] (two pair, Jacks and Nines)
anebodil: mucks hand
vestimokrec collected $41.50 from pot
*** SUMMARY ***
Total pot $42 | Rake $0.50
Board [Jd 2h 8c 9d 9s]
Seat 1: anebodil (big blind) mucked
Seat 2: vestimokrec (button) (small blind) showed [4d Jh] and won ($41.50) with two pair, Jacks and Nines


PokerStars Hand #174334155571:  Hold'em Limit ($3/$6 USD) - 2017/08/14 15:30:11 ET
Table 'Helma II' 6-max Seat #2 is the button
Seat 1: anebodil ($38.23 in chips)
Seat 2: vestimokrec ($202.38 in chips)
vestimokrec: posts small blind $1
anebodil: posts big blind $3
*** HOLE CARDS ***
vestimokrec: raises $3 to $6
anebodil: calls $3
*** FLOP *** [2c Ac 3d]
anebodil: checks
vestimokrec: bets $3
anebodil: calls $3
*** TURN *** [2c Ac 3d] [Jd]
anebodil: bets $6
vestimokrec: folds
Uncalled bet ($6) returned to anebodil
anebodil collected $17.64 from pot
*** SUMMARY ***
Total pot $18 | Rake $0.36
Board [2c Ac 3d Jd]
Seat 1: anebodil (big blind) collected ($17.64)
Seat 2: vestimokrec (button) (small blind) folded on the Turn


PokerStars Hand #174334203131:  Hold'em Limit ($3/$6 USD) - 2017/08/14 15:31:15 ET
Table 'Helma II' 6-max Seat #2 is the button
Seat 1: anebodil ($64.37 in chips)
Seat 2: vestimokrec ($175.38 in chips)
vestimokrec: posts small blind $1
anebodil: posts big blind $3
*** HOLE CARDS ***
vestimokrec: raises $3 to $6
anebodil: calls $3
*** FLOP *** [5h 4c 7c]
anebodil: checks
vestimokrec: bets $3
anebodil: calls $3
*** TURN *** [5h 4c 7c] [9s]
anebodil: checks
vestimokrec: bets $6
anebodil: raises $6 to $12
vestimokrec: folds
Uncalled bet ($6) returned to anebodil
anebodil collected $29.50 from pot
*** SUMMARY ***
Total pot $30 | Rake $0.50
Board [5h 4c 7c 9s]
Seat 1: anebodil (big blind) collected ($29.50)
Seat 2: vestimokrec (button) (small blind) folded on the Turn


PokerStars Hand #174334173149:  Hold'em Limit ($3/$6 USD) - 2017/08/14 15:30:34 ET
Table 'Helma II' 6-max Seat #1 is the button
Seat 1: anebodil ($46.87 in chips)
Seat 2: vestimokrec ($193.38 in chips)
anebodil: posts small blind $1
vestimokrec: posts big blind $3
*** HOLE CARDS ***
anebodil: raises $3 to $6
vestimokrec: calls $3
*** FLOP *** [Ac 2h 3c]
vestimokrec: checks
anebodil: checks
*** TURN *** [Ac 2h 3c] [Kc]
vestimokrec: bets $6
anebodil: calls $6
*** RIVER *** [Ac 2h 3c Kc] [Td]
vestimokrec: checks
anebodil: bets $6
vestimokrec: calls $6
*** SHOW DOWN ***
anebodil: shows [Kh 9s] (a pair of Kings)
vestimokrec: mucks hand
anebodil collected $35.50 from pot
*** SUMMARY ***
Total pot $36 | Rake $0.50
Board [Ac 2h 3c Kc Td]
Seat 1: anebodil (button) (small blind) showed [Kh 9s] and won ($35.50) with a pair of Kings
Seat 2: vestimokrec (big blind) mucked


PokerStars Hand #174334253531:  Hold'em Limit ($3/$6 USD) - 2017/08/14 15:32:22 ET
Table 'Helma II' 6-max Seat #1 is the button
Seat 1: anebodil ($93.37 in chips)
Seat 2: vestimokrec ($145.38 in chips)
anebodil: posts small blind $1
vestimokrec: posts big blind $3
*** HOLE CARDS ***
anebodil: raises $3 to $6
vestimokrec: calls $3
*** FLOP *** [8d 5d 6h]
vestimokrec: checks
anebodil: bets $3
vestimokrec: calls $3
*** TURN *** [8d 5d 6h] [4c]
vestimokrec: checks
anebodil: bets $6
vestimokrec: calls $6
*** RIVER *** [8d 5d 6h 4c] [3c]
vestimokrec: checks
anebodil: bets $6
vestimokrec: folds
Uncalled bet ($6) returned to anebodil
anebodil collected $29.50 from pot
*** SUMMARY ***
Total pot $30 | Rake $0.50
Board [8d 5d 6h 4c 3c]
Seat 1: anebodil (button) (small blind) collected ($29.50)
Seat 2: vestimokrec (big blind) folded on the River


PokerStars Hand #174334249302:  Hold'em Limit ($3/$6 USD) - 2017/08/14 15:32:16 ET
Table 'Helma II' 6-max Seat #2 is the button
Seat 1: anebodil ($96.37 in chips)
Seat 2: vestimokrec ($142.38 in chips)
vestimokrec: posts small blind $1
anebodil: posts big blind $3
*** HOLE CARDS ***
vestimokrec: raises $3 to $6
anebodil: folds
Uncalled bet ($3) returned to vestimokrec
vestimokrec collected $6 from pot
vestimokrec: doesn't show hand
*** SUMMARY ***
Total pot $6 | Rake $0
Seat 1: anebodil (big blind) folded before Flop
Seat 2: vestimokrec (button) (small blind) collected ($6)


PokerStars Hand #174334226487:  Hold'em Limit ($3/$6 USD) - 2017/08/14 15:31:46 ET
Table 'Helma II' 6-max Seat #1 is the button
Seat 1: anebodil ($78.87 in chips)
Seat 2: vestimokrec ($160.38 in chips)
anebodil: posts small blind $1
vestimokrec: posts big blind $3
*** HOLE CARDS ***
anebodil: calls $2
vestimokrec: checks
*** FLOP *** [7d 8d Kh]
vestimokrec: checks
anebodil: bets $3
vestimokrec: calls $3
*** TURN *** [7d 8d Kh] [6c]
vestimokrec: checks
anebodil: bets $6
vestimokrec: calls $6
*** RIVER *** [7d 8d Kh 6c] [2c]
vestimokrec: checks
anebodil: bets $6
vestimokrec: calls $6
*** SHOW DOWN ***
anebodil: shows [7c 6d] (two pair, Sevens and Sixes)
vestimokrec: mucks hand
anebodil collected $35.50 from pot
*** SUMMARY ***
Total pot $36 | Rake $0.50
Board [7d 8d Kh 6c 2c]
Seat 1: anebodil (button) (small blind) showed [7c 6d] and won ($35.50) with two pair, Sevens and Sixes
Seat 2: vestimokrec (big blind) mucked


