PokerStars Hand #163318315203:  Hold'em Limit ($3/$6 USD) - 2016/12/21 18:49:46 ET
Table 'Helma' 6-max Seat #1 is the button
Seat 1: Cigarete94 ($127.64 in chips)
Seat 2: craaa ($112 in chips)
Cigarete94: posts small blind $1
craaa: posts big blind $3
*** HOLE CARDS ***
Cigarete94: folds
Uncalled bet ($2) returned to craaa
craaa collected $2 from pot
craaa: doesn't show hand
*** SUMMARY ***
Total pot $2 | Rake $0
Seat 1: Cigarete94 (button) (small blind) folded before Flop
Seat 2: craaa (big blind) collected ($2)


PokerStars Hand #163318290065:  Hold'em Limit ($3/$6 USD) - 2016/12/21 18:49:13 ET
Table 'Helma' 6-max Seat #2 is the button
Seat 1: Cigarete94 ($119 in chips)
Seat 2: craaa ($121 in chips)
craaa: posts small blind $1
Cigarete94: posts big blind $3
*** HOLE CARDS ***
craaa: raises $3 to $6
Cigarete94: calls $3
*** FLOP *** [6d 3c 9d]
Cigarete94: checks
craaa: bets $3
Cigarete94: calls $3
*** TURN *** [6d 3c 9d] [3s]
Cigarete94: checks
craaa: checks
*** RIVER *** [6d 3c 9d 3s] [Js]
Cigarete94: checks
craaa: checks
*** SHOW DOWN ***
Cigarete94: shows [Ts Ac] (a pair of Threes)
craaa: mucks hand
Cigarete94 collected $17.64 from pot
*** SUMMARY ***
Total pot $18 | Rake $0.36
Board [6d 3c 9d 3s Js]
Seat 1: Cigarete94 (big blind) showed [Ts Ac] and won ($17.64) with a pair of Threes
Seat 2: craaa (button) (small blind) mucked


PokerStars Hand #163318286413:  Hold'em Limit ($3/$6 USD) - 2016/12/21 18:49:08 ET
Table 'Helma' 6-max Seat #1 is the button
Seat 1: Cigarete94 ($120 in chips)
Seat 2: craaa ($120 in chips)
Cigarete94: posts small blind $1
craaa: posts big blind $3
*** HOLE CARDS ***
Cigarete94: folds
Uncalled bet ($2) returned to craaa
craaa collected $2 from pot
craaa: doesn't show hand
*** SUMMARY ***
Total pot $2 | Rake $0
Seat 1: Cigarete94 (button) (small blind) folded before Flop
Seat 2: craaa (big blind) collected ($2)


PokerStars Hand #163318334808:  Hold'em Limit ($3/$6 USD) - 2016/12/21 18:50:11 ET
Table 'Helma' 6-max Seat #1 is the button
Seat 1: Cigarete94 ($117.64 in chips)
Seat 2: craaa ($121.64 in chips)
Cigarete94: posts small blind $1
craaa: posts big blind $3
*** HOLE CARDS ***
Cigarete94 is disconnected
B_loJkl joins the table at seat #3
Cigarete94 has timed out while disconnected
Cigarete94: folds
Uncalled bet ($2) returned to craaa
craaa collected $2 from pot
craaa: doesn't show hand
*** SUMMARY ***
Total pot $2 | Rake $0
Seat 1: Cigarete94 (button) (small blind) folded before Flop
Seat 2: craaa (big blind) collected ($2)


PokerStars Hand #163318319221:  Hold'em Limit ($3/$6 USD) - 2016/12/21 18:49:51 ET
Table 'Helma' 6-max Seat #2 is the button
Seat 1: Cigarete94 ($126.64 in chips)
Seat 2: craaa ($113 in chips)
craaa: posts small blind $1
Cigarete94: posts big blind $3
*** HOLE CARDS ***
craaa: raises $3 to $6
Cigarete94: calls $3
*** FLOP *** [Kh Kd 3h]
Cigarete94: checks
craaa: bets $3
Cigarete94: calls $3
*** TURN *** [Kh Kd 3h] [Qh]
Cigarete94: checks
craaa: bets $6
Cigarete94: folds
Uncalled bet ($6) returned to craaa
craaa collected $17.64 from pot
craaa: doesn't show hand
*** SUMMARY ***
Total pot $18 | Rake $0.36
Board [Kh Kd 3h Qh]
Seat 1: Cigarete94 (big blind) folded on the Turn
Seat 2: craaa (button) (small blind) collected ($17.64)


PokerStars Hand #163318348645:  Hold'em Limit ($3/$6 USD) - 2016/12/21 18:50:29 ET
Table 'Helma' 6-max Seat #2 is the button
Seat 2: craaa ($122.64 in chips)
Seat 3: B_loJkl ($150 in chips)
craaa: posts small blind $1
B_loJkl: posts big blind $3
*** HOLE CARDS ***
craaa: raises $3 to $6
B_loJkl: calls $3
*** FLOP *** [Td Kh 8c]
B_loJkl: checks
craaa: bets $3
B_loJkl: raises $3 to $6
craaa: folds
Uncalled bet ($3) returned to B_loJkl
B_loJkl collected $17.64 from pot
B_loJkl: doesn't show hand
*** SUMMARY ***
Total pot $18 | Rake $0.36
Board [Td Kh 8c]
Seat 2: craaa (button) (small blind) folded on the Flop
Seat 3: B_loJkl (big blind) collected ($17.64)


PokerStars Hand #163318527124:  Hold'em Limit ($3/$6 USD) - 2016/12/21 18:54:16 ET
Table 'Helma' 6-max Seat #1 is the button
Seat 1: Cigarete94 ($129.74 in chips)
Seat 3: B_loJkl ($136.74 in chips)
LWNS will be allowed to play after the button
Cigarete94: posts small blind $1
craaa: is sitting out
B_loJkl: posts big blind $3
*** HOLE CARDS ***
Cigarete94: raises $3 to $6
B_loJkl: calls $3
*** FLOP *** [As Ts 9h]
B_loJkl: checks
Cigarete94: bets $3
LWNS leaves the table
B_loJkl: calls $3
*** TURN *** [As Ts 9h] [7d]
B_loJkl: checks
Cigarete94: checks
*** RIVER *** [As Ts 9h 7d] [Kd]
B_loJkl: bets $6
Cigarete94: folds
Uncalled bet ($6) returned to B_loJkl
B_loJkl collected $17.64 from pot
B_loJkl: doesn't show hand
*** SUMMARY ***
Total pot $18 | Rake $0.36
Board [As Ts 9h 7d Kd]
Seat 1: Cigarete94 (button) (small blind) folded on the River
Seat 3: B_loJkl (big blind) collected ($17.64)


PokerStars Hand #163318553164:  Hold'em Limit ($3/$6 USD) - 2016/12/21 18:54:51 ET
Table 'Helma' 6-max Seat #3 is the button
Seat 1: Cigarete94 ($120.74 in chips)
Seat 3: B_loJkl ($145.38 in chips)
B_loJkl: posts small blind $1
Cigarete94: posts big blind $3
*** HOLE CARDS ***
B_loJkl: raises $3 to $6
Cigarete94: folds
Uncalled bet ($3) returned to B_loJkl
B_loJkl collected $6 from pot
B_loJkl: doesn't show hand
*** SUMMARY ***
Total pot $6 | Rake $0
Seat 1: Cigarete94 (big blind) folded before Flop
Seat 3: B_loJkl (button) (small blind) collected ($6)


PokerStars Hand #163318557629:  Hold'em Limit ($3/$6 USD) - 2016/12/21 18:54:57 ET
Table 'Helma' 6-max Seat #1 is the button
Seat 1: Cigarete94 ($117.74 in chips)
Seat 3: B_loJkl ($148.38 in chips)
Cigarete94: posts small blind $1
B_loJkl: posts big blind $3
*** HOLE CARDS ***
Cigarete94: calls $2
craaa leaves the table
B_loJkl: checks
*** FLOP *** [5d 4d 2h]
B_loJkl: checks
Cigarete94: checks
*** TURN *** [5d 4d 2h] [Kh]
B_loJkl: bets $6
Cigarete94: folds
Uncalled bet ($6) returned to B_loJkl
B_loJkl collected $5.88 from pot
B_loJkl: doesn't show hand
*** SUMMARY ***
Total pot $6 | Rake $0.12
Board [5d 4d 2h Kh]
Seat 1: Cigarete94 (button) (small blind) folded on the Turn
Seat 3: B_loJkl (big blind) collected ($5.88)


PokerStars Hand #163318609236:  Hold'em Limit ($3/$6 USD) - 2016/12/21 18:56:19 ET
Table 'Helma' 6-max Seat #2 is the button
Seat 1: Cigarete94 ($120.38 in chips)
Seat 2: B_loJkl ($141 in chips)
B_loJkl: posts small blind $1
Cigarete94: posts big blind $3
*** HOLE CARDS ***
B_loJkl: raises $3 to $6
Cigarete94: folds
Uncalled bet ($3) returned to B_loJkl
B_loJkl collected $6 from pot
B_loJkl: doesn't show hand
*** SUMMARY ***
Total pot $6 | Rake $0
Seat 1: Cigarete94 (big blind) folded before Flop
Seat 2: B_loJkl (button) (small blind) collected ($6)


PokerStars Hand #163318584978:  Hold'em Limit ($3/$6 USD) - 2016/12/21 18:55:40 ET
Table 'Helma' 6-max Seat #1 is the button
Seat 1: Cigarete94 ($111.74 in chips)
Seat 2: B_loJkl ($150 in chips)
Cigarete94: posts small blind $1
B_loJkl: posts big blind $3
*** HOLE CARDS ***
Cigarete94: calls $2
B_loJkl: raises $3 to $6
Cigarete94: calls $3
*** FLOP *** [2h 4s 7d]
B_loJkl: bets $3
Cigarete94: calls $3
*** TURN *** [2h 4s 7d] [4d]
B_loJkl: checks
Cigarete94: bets $6
B_loJkl: folds
Uncalled bet ($6) returned to Cigarete94
Cigarete94 collected $17.64 from pot
Cigarete94: doesn't show hand
*** SUMMARY ***
Total pot $18 | Rake $0.36
Board [2h 4s 7d 4d]
Seat 1: Cigarete94 (button) (small blind) collected ($17.64)
Seat 2: B_loJkl (big blind) folded on the Turn


PokerStars Hand #163318640145:  Hold'em Limit ($3/$6 USD) - 2016/12/21 18:57:09 ET
Table 'Helma' 6-max Seat #2 is the button
Seat 1: Cigarete94 ($91.38 in chips)
Seat 2: B_loJkl ($169.50 in chips)
B_loJkl: posts small blind $1
Cigarete94: posts big blind $3
*** HOLE CARDS ***
B_loJkl: raises $3 to $6
Cigarete94: calls $3
*** FLOP *** [Kd Jc 9c]
Cigarete94: checks
B_loJkl: bets $3
Cigarete94: folds
Uncalled bet ($3) returned to B_loJkl
B_loJkl collected $11.76 from pot
B_loJkl: doesn't show hand
*** SUMMARY ***
Total pot $12 | Rake $0.24
Board [Kd Jc 9c]
Seat 1: Cigarete94 (big blind) folded on the Flop
Seat 2: B_loJkl (button) (small blind) collected ($11.76)


PokerStars Hand #163318618250:  Hold'em Limit ($3/$6 USD) - 2016/12/21 18:56:34 ET
Table 'Helma' 6-max Seat #2 is the button
Seat 1: Cigarete94 ($116.38 in chips)
Seat 2: B_loJkl ($145 in chips)
B_loJkl: posts small blind $1
Cigarete94: posts big blind $3
*** HOLE CARDS ***
B_loJkl: raises $3 to $6
Cigarete94: raises $3 to $9
B_loJkl: calls $3
*** FLOP *** [3d 4d 8h]
Cigarete94: bets $3
B_loJkl: calls $3
*** TURN *** [3d 4d 8h] [3c]
Cigarete94: bets $6
B_loJkl: calls $6
*** RIVER *** [3d 4d 8h 3c] [5c]
Cigarete94: bets $6
B_loJkl: calls $6
*** SHOW DOWN ***
Cigarete94: shows [9s Ts] (a pair of Threes)
B_loJkl: shows [6d 4s] (two pair, Fours and Threes)
B_loJkl collected $47.50 from pot
*** SUMMARY ***
Total pot $48 | Rake $0.50
Board [3d 4d 8h 3c 5c]
Seat 1: Cigarete94 (big blind) showed [9s Ts] and lost with a pair of Threes
Seat 2: B_loJkl (button) (small blind) showed [6d 4s] and won ($47.50) with two pair, Fours and Threes


PokerStars Hand #163318690466:  Hold'em Limit ($3/$6 USD) - 2016/12/21 18:58:31 ET
Table 'Helma' 6-max Seat #1 is the button
Seat 1: Cigarete94 ($99.78 in chips)
Seat 2: B_loJkl ($160.26 in chips)
Cigarete94: posts small blind $1
B_loJkl: posts big blind $3
*** HOLE CARDS ***
Cigarete94: calls $2
MiluPliskin joins the table at seat #6
B_loJkl: checks
*** FLOP *** [Ah 6c 5d]
B_loJkl: bets $3
Cigarete94: calls $3
*** TURN *** [Ah 6c 5d] [9s]
B_loJkl: bets $6
Cigarete94: folds
Uncalled bet ($6) returned to B_loJkl
B_loJkl collected $11.76 from pot
B_loJkl: doesn't show hand
*** SUMMARY ***
Total pot $12 | Rake $0.24
Board [Ah 6c 5d 9s]
Seat 1: Cigarete94 (button) (small blind) folded on the Turn
Seat 2: B_loJkl (big blind) collected ($11.76)


PokerStars Hand #163318673966:  Hold'em Limit ($3/$6 USD) - 2016/12/21 18:58:04 ET
Table 'Helma' 6-max Seat #2 is the button
Seat 1: Cigarete94 ($91.14 in chips)
Seat 2: B_loJkl ($169.26 in chips)
B_loJkl: posts small blind $1
Cigarete94: posts big blind $3
*** HOLE CARDS ***
B_loJkl: raises $3 to $6
Cigarete94: calls $3
*** FLOP *** [8d Ac 6c]
Cigarete94: checks
B_loJkl: bets $3
Cigarete94: calls $3
*** TURN *** [8d Ac 6c] [9c]
Cigarete94: checks
B_loJkl: checks
*** RIVER *** [8d Ac 6c 9c] [5s]
Cigarete94: bets $6
B_loJkl: folds
Uncalled bet ($6) returned to Cigarete94
Cigarete94 collected $17.64 from pot
Cigarete94: doesn't show hand
*** SUMMARY ***
Total pot $18 | Rake $0.36
Board [8d Ac 6c 9c 5s]
Seat 1: Cigarete94 (big blind) collected ($17.64)
Seat 2: B_loJkl (button) (small blind) folded on the River


PokerStars Hand #163318652565:  Hold'em Limit ($3/$6 USD) - 2016/12/21 18:57:29 ET
Table 'Helma' 6-max Seat #1 is the button
Seat 1: Cigarete94 ($85.38 in chips)
Seat 2: B_loJkl ($175.26 in chips)
Cigarete94: posts small blind $1
B_loJkl: posts big blind $3
*** HOLE CARDS ***
Cigarete94: raises $3 to $6
B_loJkl: calls $3
*** FLOP *** [8c Ac 9h]
B_loJkl: checks
Cigarete94: checks
*** TURN *** [8c Ac 9h] [6c]
B_loJkl: checks
Cigarete94: bets $6
B_loJkl: folds
Uncalled bet ($6) returned to Cigarete94
Cigarete94 collected $11.76 from pot
Cigarete94: doesn't show hand
*** SUMMARY ***
Total pot $12 | Rake $0.24
Board [8c Ac 9h 6c]
Seat 1: Cigarete94 (button) (small blind) collected ($11.76)
Seat 2: B_loJkl (big blind) folded on the Turn


