PokerStars Hand #151543120918:  Hold'em Limit ($3/$6 USD) - 2016/04/06 19:50:06 ET
Table 'Helma' 10-max Seat #10 is the button
Seat 6: TeamUrkel ($45.32 in chips)
Seat 10: anetkaapro ($79.76 in chips)
anetkaapro: posts small blind $1
TeamUrkel: posts big blind $3
*** HOLE CARDS ***
anetkaapro: folds
Uncalled bet ($2) returned to TeamUrkel
TeamUrkel collected $2 from pot
TeamUrkel: doesn't show hand
*** SUMMARY ***
Total pot $2 | Rake $0
Seat 6: TeamUrkel (big blind) collected ($2)
Seat 10: anetkaapro (button) (small blind) folded before Flop


PokerStars Hand #151543118173:  Hold'em Limit ($3/$6 USD) - 2016/04/06 19:50:01 ET
Table 'Helma' 10-max Seat #6 is the button
Seat 6: TeamUrkel ($46.32 in chips)
Seat 10: anetkaapro ($78.76 in chips)
TeamUrkel: posts small blind $1
anetkaapro: posts big blind $3
*** HOLE CARDS ***
TeamUrkel: folds
Uncalled bet ($2) returned to anetkaapro
anetkaapro collected $2 from pot
anetkaapro: doesn't show hand
*** SUMMARY ***
Total pot $2 | Rake $0
Seat 6: TeamUrkel (button) (small blind) folded before Flop
Seat 10: anetkaapro (big blind) collected ($2)


PokerStars Hand #151543109830:  Hold'em Limit ($3/$6 USD) - 2016/04/06 19:49:46 ET
Table 'Helma' 10-max Seat #10 is the button
Seat 6: TeamUrkel ($52.32 in chips)
Seat 10: anetkaapro ($73 in chips)
anetkaapro: posts small blind $1
TeamUrkel: posts big blind $3
*** HOLE CARDS ***
anetkaapro: raises $3 to $6
TeamUrkel: calls $3
*** FLOP *** [Kc Qh 7h]
TeamUrkel: checks
anetkaapro: bets $3
TeamUrkel: folds
Uncalled bet ($3) returned to anetkaapro
anetkaapro collected $11.76 from pot
anetkaapro: doesn't show hand
*** SUMMARY ***
Total pot $12 | Rake $0.24
Board [Kc Qh 7h]
Seat 6: TeamUrkel (big blind) folded on the Flop
Seat 10: anetkaapro (button) (small blind) collected ($11.76)


PokerStars Hand #151543107053:  Hold'em Limit ($3/$6 USD) - 2016/04/06 19:49:41 ET
Table 'Helma' 10-max Seat #6 is the button
Seat 6: TeamUrkel ($53.32 in chips)
Seat 10: anetkaapro ($72 in chips)
TeamUrkel: posts small blind $1
anetkaapro: posts big blind $3
*** HOLE CARDS ***
TeamUrkel: folds
Uncalled bet ($2) returned to anetkaapro
anetkaapro collected $2 from pot
anetkaapro: doesn't show hand
*** SUMMARY ***
Total pot $2 | Rake $0
Seat 6: TeamUrkel (button) (small blind) folded before Flop
Seat 10: anetkaapro (big blind) collected ($2)


PokerStars Hand #151543091849:  Hold'em Limit ($3/$6 USD) - 2016/04/06 19:49:13 ET
Table 'Helma' 10-max Seat #10 is the button
Seat 6: TeamUrkel ($44.68 in chips)
Seat 10: anetkaapro ($72 in chips)
anetkaapro: posts small blind $1
TeamUrkel: posts big blind $3
*** HOLE CARDS ***
anetkaapro: raises $3 to $6
TeamUrkel: calls $3
*** FLOP *** [5d Ah Ad]
TeamUrkel: checks
anetkaapro: bets $3
TeamUrkel: calls $3
*** TURN *** [5d Ah Ad] [Jh]
TeamUrkel: checks
anetkaapro: checks
*** RIVER *** [5d Ah Ad Jh] [9h]
TeamUrkel: bets $6
anetkaapro: folds
Uncalled bet ($6) returned to TeamUrkel
TeamUrkel collected $17.64 from pot
*** SUMMARY ***
Total pot $18 | Rake $0.36
Board [5d Ah Ad Jh 9h]
Seat 6: TeamUrkel (big blind) collected ($17.64)
Seat 10: anetkaapro (button) (small blind) folded on the River


PokerStars Hand #151543154881:  Hold'em Limit ($3/$6 USD) - 2016/04/06 19:50:59 ET
Table 'Helma' 10-max Seat #10 is the button
Seat 6: TeamUrkel ($54.82 in chips)
Seat 10: anetkaapro ($79.76 in chips)
anetkaapro: posts small blind $1
TeamUrkel: posts big blind $3
*** HOLE CARDS ***
anetkaapro: folds
Uncalled bet ($2) returned to TeamUrkel
TeamUrkel collected $2 from pot
*** SUMMARY ***
Total pot $2 | Rake $0
Seat 6: TeamUrkel (big blind) collected ($2)
Seat 10: anetkaapro (button) (small blind) folded before Flop


PokerStars Hand #151543152114:  Hold'em Limit ($3/$6 USD) - 2016/04/06 19:50:54 ET
Table 'Helma' 10-max Seat #6 is the button
Seat 6: TeamUrkel ($55.82 in chips)
Seat 10: anetkaapro ($78.76 in chips)
TeamUrkel: posts small blind $1
anetkaapro: posts big blind $3
*** HOLE CARDS ***
TeamUrkel: folds
Uncalled bet ($2) returned to anetkaapro
anetkaapro collected $2 from pot
anetkaapro: doesn't show hand
*** SUMMARY ***
Total pot $2 | Rake $0
Seat 6: TeamUrkel (button) (small blind) folded before Flop
Seat 10: anetkaapro (big blind) collected ($2)


PokerStars Hand #151543140555:  Hold'em Limit ($3/$6 USD) - 2016/04/06 19:50:42 ET
Table 'Helma' 10-max Seat #10 is the button
Seat 6: TeamUrkel ($61.82 in chips)
Seat 10: anetkaapro ($73 in chips)
anetkaapro: posts small blind $1
TeamUrkel: posts big blind $3
*** HOLE CARDS ***
anetkaapro: raises $3 to $6
TeamUrkel: calls $3
*** FLOP *** [4h 6s As]
TeamUrkel: checks
anetkaapro: bets $3
TeamUrkel: folds
Uncalled bet ($3) returned to anetkaapro
anetkaapro collected $11.76 from pot
anetkaapro: doesn't show hand
*** SUMMARY ***
Total pot $12 | Rake $0.24
Board [4h 6s As]
Seat 6: TeamUrkel (big blind) folded on the Flop
Seat 10: anetkaapro (button) (small blind) collected ($11.76)


PokerStars Hand #151543138356:  Hold'em Limit ($3/$6 USD) - 2016/04/06 19:50:38 ET
Table 'Helma' 10-max Seat #6 is the button
Seat 6: TeamUrkel ($62.82 in chips)
Seat 10: anetkaapro ($72 in chips)
TeamUrkel: posts small blind $1
anetkaapro: posts big blind $3
*** HOLE CARDS ***
TeamUrkel: folds
Uncalled bet ($2) returned to anetkaapro
anetkaapro collected $2 from pot
anetkaapro: doesn't show hand
*** SUMMARY ***
Total pot $2 | Rake $0
Seat 6: TeamUrkel (button) (small blind) folded before Flop
Seat 10: anetkaapro (big blind) collected ($2)


PokerStars Hand #151543127452:  Hold'em Limit ($3/$6 USD) - 2016/04/06 19:50:18 ET
Table 'Helma' 10-max Seat #10 is the button
Seat 6: TeamUrkel ($45.32 in chips)
Seat 10: anetkaapro ($79.76 in chips)
anetkaapro: posts small blind $1
TeamUrkel: posts big blind $3
*** HOLE CARDS ***
anetkaapro: raises $3 to $6
TeamUrkel: raises $3 to $9
anetkaapro: calls $3
*** FLOP *** [Ac 2s Kh]
TeamUrkel: bets $3
anetkaapro: calls $3
*** TURN *** [Ac 2s Kh] [7c]
TeamUrkel: bets $6
anetkaapro: calls $6
*** RIVER *** [Ac 2s Kh 7c] [9s]
TeamUrkel: bets $6
anetkaapro: folds
Uncalled bet ($6) returned to TeamUrkel
TeamUrkel collected $35.50 from pot
TeamUrkel: doesn't show hand
*** SUMMARY ***
Total pot $36 | Rake $0.50
Board [Ac 2s Kh 7c 9s]
Seat 6: TeamUrkel (big blind) collected ($35.50)
Seat 10: anetkaapro (button) (small blind) folded on the River


PokerStars Hand #151543124235:  Hold'em Limit ($3/$6 USD) - 2016/04/06 19:50:12 ET
Table 'Helma' 10-max Seat #6 is the button
Seat 6: TeamUrkel ($46.32 in chips)
Seat 10: anetkaapro ($78.76 in chips)
TeamUrkel: posts small blind $1
anetkaapro: posts big blind $3
*** HOLE CARDS ***
TeamUrkel: folds
Uncalled bet ($2) returned to anetkaapro
anetkaapro collected $2 from pot
anetkaapro: doesn't show hand
*** SUMMARY ***
Total pot $2 | Rake $0
Seat 6: TeamUrkel (button) (small blind) folded before Flop
Seat 10: anetkaapro (big blind) collected ($2)


PokerStars Hand #151543183427:  Hold'em Limit ($3/$6 USD) - 2016/04/06 19:51:51 ET
Table 'Helma' 10-max Seat #6 is the button
Seat 6: TeamUrkel ($58.34 in chips)
Seat 10: anetkaapro ($80.64 in chips)
TeamUrkel: posts small blind $1
anetkaapro: posts big blind $3
*** HOLE CARDS ***
TeamUrkel: raises $3 to $6
anetkaapro: folds
Uncalled bet ($3) returned to TeamUrkel
TeamUrkel collected $6 from pot
*** SUMMARY ***
Total pot $6 | Rake $0
Seat 6: TeamUrkel (button) (small blind) collected ($6)
Seat 10: anetkaapro (big blind) folded before Flop


PokerStars Hand #151543157443:  Hold'em Limit ($3/$6 USD) - 2016/04/06 19:51:03 ET
Table 'Helma' 10-max Seat #6 is the button
Seat 6: TeamUrkel ($55.82 in chips)
Seat 10: anetkaapro ($78.76 in chips)
TeamUrkel: posts small blind $1
anetkaapro: posts big blind $3
*** HOLE CARDS ***
TeamUrkel: calls $2
anetkaapro: raises $3 to $6
TeamUrkel: calls $3
*** FLOP *** [6c 8d 4h]
anetkaapro: bets $3
TeamUrkel: raises $3 to $6
anetkaapro: calls $3
*** TURN *** [6c 8d 4h] [9s]
anetkaapro: checks
TeamUrkel: checks
*** RIVER *** [6c 8d 4h 9s] [Ts]
anetkaapro: checks
TeamUrkel: checks
*** SHOW DOWN ***
anetkaapro: shows [Ac 3h] (high card Ace)
TeamUrkel: shows [Kd 8c] (a pair of Eights)
TeamUrkel collected $23.52 from pot
*** SUMMARY ***
Total pot $24 | Rake $0.48
Board [6c 8d 4h 9s Ts]
Seat 6: TeamUrkel (button) (small blind) showed [Kd 8c] and won ($23.52) with a pair of Eights
Seat 10: anetkaapro (big blind) showed [Ac 3h] and lost with high card Ace


PokerStars Hand #151543187435:  Hold'em Limit ($3/$6 USD) - 2016/04/06 19:51:58 ET
Table 'Helma' 10-max Seat #10 is the button
Seat 6: TeamUrkel ($61.34 in chips)
Seat 10: anetkaapro ($77.64 in chips)
anetkaapro: posts small blind $1
TeamUrkel: posts big blind $3
*** HOLE CARDS ***
anetkaapro: raises $3 to $6
TeamUrkel: calls $3
*** FLOP *** [Ks 9c 3s]
TeamUrkel: bets $3
anetkaapro: folds
Uncalled bet ($3) returned to TeamUrkel
TeamUrkel collected $11.76 from pot
*** SUMMARY ***
Total pot $12 | Rake $0.24
Board [Ks 9c 3s]
Seat 6: TeamUrkel (big blind) collected ($11.76)
Seat 10: anetkaapro (button) (small blind) folded on the Flop


PokerStars Hand #151543209353:  Hold'em Limit ($3/$6 USD) - 2016/04/06 19:52:38 ET
Table 'Helma' 10-max Seat #10 is the button
Seat 6: TeamUrkel ($52.10 in chips)
Seat 10: anetkaapro ($86.50 in chips)
anetkaapro: posts small blind $1
TeamUrkel: posts big blind $3
*** HOLE CARDS ***
anetkaapro: raises $3 to $6
TeamUrkel: calls $3
*** FLOP *** [3s Qs Kc]
TeamUrkel: checks
anetkaapro: bets $3
TeamUrkel: calls $3
*** TURN *** [3s Qs Kc] [Th]
TeamUrkel: checks
anetkaapro: bets $6
TeamUrkel: calls $6
*** RIVER *** [3s Qs Kc Th] [Td]
TeamUrkel: checks
anetkaapro: bets $6
TeamUrkel: calls $6
*** SHOW DOWN ***
anetkaapro: shows [Tc Qh] (a full house, Tens full of Queens)
TeamUrkel: mucks hand
anetkaapro collected $41.50 from pot
*** SUMMARY ***
Total pot $42 | Rake $0.50
Board [3s Qs Kc Th Td]
Seat 6: TeamUrkel (big blind) mucked
Seat 10: anetkaapro (button) (small blind) showed [Tc Qh] and won ($41.50) with a full house, Tens full of Queens


PokerStars Hand #151543197803:  Hold'em Limit ($3/$6 USD) - 2016/04/06 19:52:17 ET
Table 'Helma' 10-max Seat #6 is the button
Seat 6: TeamUrkel ($67.10 in chips)
Seat 10: anetkaapro ($72 in chips)
TeamUrkel: posts small blind $1
anetkaapro: posts big blind $3
*** HOLE CARDS ***
TeamUrkel: raises $3 to $6
anetkaapro: raises $3 to $9
TeamUrkel: calls $3
*** FLOP *** [4d Ah 8s]
anetkaapro: bets $3
TeamUrkel: raises $3 to $6
anetkaapro: raises $3 to $9
TeamUrkel: folds
Uncalled bet ($3) returned to anetkaapro
anetkaapro collected $29.50 from pot
anetkaapro: doesn't show hand
*** SUMMARY ***
Total pot $30 | Rake $0.50
Board [4d Ah 8s]
Seat 6: TeamUrkel (button) (small blind) folded on the Flop
Seat 10: anetkaapro (big blind) collected ($29.50)


PokerStars Hand #151543227180:  Hold'em Limit ($3/$6 USD) - 2016/04/06 19:53:11 ET
Table 'Helma' 10-max Seat #6 is the button
Seat 6: TeamUrkel ($31.10 in chips)
Seat 10: anetkaapro ($107 in chips)
TeamUrkel: posts small blind $1
anetkaapro: posts big blind $3
*** HOLE CARDS ***
TeamUrkel: raises $3 to $6
anetkaapro: calls $3
*** FLOP *** [8d 3s Kd]
anetkaapro: checks
TeamUrkel: bets $3
anetkaapro: raises $3 to $6
TeamUrkel: calls $3
*** TURN *** [8d 3s Kd] [Js]
anetkaapro: checks
TeamUrkel: checks
*** RIVER *** [8d 3s Kd Js] [7d]
anetkaapro: bets $6
TeamUrkel: folds
Uncalled bet ($6) returned to anetkaapro
anetkaapro collected $23.52 from pot
anetkaapro: doesn't show hand
*** SUMMARY ***
Total pot $24 | Rake $0.48
Board [8d 3s Kd Js 7d]
Seat 6: TeamUrkel (button) (small blind) folded on the River
Seat 10: anetkaapro (big blind) collected ($23.52)


PokerStars Hand #151543289292:  Hold'em Limit ($3/$6 USD) - 2016/04/06 19:55:08 ET
Table 'Helma' 10-max Seat #10 is the button
Seat 6: TeamUrkel ($25.38 in chips)
Seat 10: anetkaapro ($111.28 in chips)
anetkaapro: posts small blind $1
TeamUrkel: posts big blind $3
*** HOLE CARDS ***
anetkaapro: raises $3 to $6
TeamUrkel: folds
Uncalled bet ($3) returned to anetkaapro
anetkaapro collected $6 from pot
anetkaapro: doesn't show hand
*** SUMMARY ***
Total pot $6 | Rake $0
Seat 6: TeamUrkel (big blind) folded before Flop
Seat 10: anetkaapro (button) (small blind) collected ($6)


PokerStars Hand #151543283463:  Hold'em Limit ($3/$6 USD) - 2016/04/06 19:54:56 ET
Table 'Helma' 10-max Seat #10 is the button
Seat 6: TeamUrkel ($29.38 in chips)
Seat 10: anetkaapro ($107.28 in chips)
anetkaapro: posts small blind $1
TeamUrkel: posts big blind $3
*** HOLE CARDS ***
anetkaapro: raises $3 to $6
TeamUrkel: folds
Uncalled bet ($3) returned to anetkaapro
anetkaapro collected $6 from pot
anetkaapro: doesn't show hand
*** SUMMARY ***
Total pot $6 | Rake $0
Seat 6: TeamUrkel (big blind) folded before Flop
Seat 10: anetkaapro (button) (small blind) collected ($6)


PokerStars Hand #151543280927:  Hold'em Limit ($3/$6 USD) - 2016/04/06 19:54:52 ET
Table 'Helma' 10-max Seat #6 is the button
Seat 6: TeamUrkel ($30.38 in chips)
Seat 10: anetkaapro ($106.28 in chips)
TeamUrkel: posts small blind $1
anetkaapro: posts big blind $3
*** HOLE CARDS ***
TeamUrkel: folds
Uncalled bet ($2) returned to anetkaapro
anetkaapro collected $2 from pot
anetkaapro: doesn't show hand
*** SUMMARY ***
Total pot $2 | Rake $0
Seat 6: TeamUrkel (button) (small blind) folded before Flop
Seat 10: anetkaapro (big blind) collected ($2)


PokerStars Hand #151543270431:  Hold'em Limit ($3/$6 USD) - 2016/04/06 19:54:32 ET
Table 'Helma' 10-max Seat #10 is the button
Seat 6: TeamUrkel ($36.38 in chips)
Seat 10: anetkaapro ($100.52 in chips)
anetkaapro: posts small blind $1
TeamUrkel: posts big blind $3
*** HOLE CARDS ***
anetkaapro: raises $3 to $6
TeamUrkel: calls $3
*** FLOP *** [Kd 7c 8h]
TeamUrkel: checks
anetkaapro: bets $3
TeamUrkel: folds
Uncalled bet ($3) returned to anetkaapro
anetkaapro collected $11.76 from pot
anetkaapro: doesn't show hand
*** SUMMARY ***
Total pot $12 | Rake $0.24
Board [Kd 7c 8h]
Seat 6: TeamUrkel (big blind) folded on the Flop
Seat 10: anetkaapro (button) (small blind) collected ($11.76)


PokerStars Hand #151543262899:  Hold'em Limit ($3/$6 USD) - 2016/04/06 19:54:18 ET
Table 'Helma' 10-max Seat #6 is the button
Seat 6: TeamUrkel ($30.62 in chips)
Seat 10: anetkaapro ($106.52 in chips)
TeamUrkel: posts small blind $1
anetkaapro: posts big blind $3
*** HOLE CARDS ***
TeamUrkel: raises $3 to $6
anetkaapro: calls $3
*** FLOP *** [6s 8c 4s]
anetkaapro: checks
TeamUrkel: bets $3
anetkaapro: folds
Uncalled bet ($3) returned to TeamUrkel
TeamUrkel collected $11.76 from pot
*** SUMMARY ***
Total pot $12 | Rake $0.24
Board [6s 8c 4s]
Seat 6: TeamUrkel (button) (small blind) collected ($11.76)
Seat 10: anetkaapro (big blind) folded on the Flop


PokerStars Hand #151543248960:  Hold'em Limit ($3/$6 USD) - 2016/04/06 19:53:52 ET
Table 'Helma' 10-max Seat #10 is the button
Seat 6: TeamUrkel ($19.10 in chips)
Seat 10: anetkaapro ($118.52 in chips)
anetkaapro: posts small blind $1
TeamUrkel: posts big blind $3
*** HOLE CARDS ***
anetkaapro: raises $3 to $6
TeamUrkel: calls $3
*** FLOP *** [5c Jd 6s]
TeamUrkel: checks
anetkaapro: bets $3
TeamUrkel: raises $3 to $6
anetkaapro: calls $3
*** TURN *** [5c Jd 6s] [9h]
TeamUrkel: bets $6
anetkaapro: folds
Uncalled bet ($6) returned to TeamUrkel
TeamUrkel collected $23.52 from pot
*** SUMMARY ***
Total pot $24 | Rake $0.48
Board [5c Jd 6s 9h]
Seat 6: TeamUrkel (big blind) collected ($23.52)
Seat 10: anetkaapro (button) (small blind) folded on the Turn


PokerStars Hand #151543292086:  Hold'em Limit ($3/$6 USD) - 2016/04/06 19:55:14 ET
Table 'Helma' 10-max Seat #6 is the button
Seat 6: TeamUrkel ($22.38 in chips)
Seat 10: anetkaapro ($114.28 in chips)
TeamUrkel: posts small blind $1
anetkaapro: posts big blind $3
*** HOLE CARDS ***
TeamUrkel: raises $3 to $6
anetkaapro: calls $3
*** FLOP *** [2s 7h 2c]
anetkaapro: checks
TeamUrkel: bets $3
anetkaapro: folds
Uncalled bet ($3) returned to TeamUrkel
TeamUrkel collected $11.76 from pot
TeamUrkel: doesn't show hand
*** SUMMARY ***
Total pot $12 | Rake $0.24
Board [2s 7h 2c]
Seat 6: TeamUrkel (button) (small blind) collected ($11.76)
Seat 10: anetkaapro (big blind) folded on the Flop


PokerStars Hand #151543303300:  Hold'em Limit ($3/$6 USD) - 2016/04/06 19:55:39 ET
Table 'Helma' 10-max Seat #6 is the button
Seat 6: TeamUrkel ($29.14 in chips)
Seat 10: anetkaapro ($107.28 in chips)
TeamUrkel: posts small blind $1
anetkaapro: posts big blind $3
*** HOLE CARDS ***
TeamUrkel: raises $3 to $6
anetkaapro: raises $3 to $9
TeamUrkel: raises $3 to $12
Betting is capped
anetkaapro: calls $3
*** FLOP *** [6s 9h Jh]
anetkaapro: checks
TeamUrkel: bets $3
anetkaapro: calls $3
*** TURN *** [6s 9h Jh] [4s]
anetkaapro: checks
TeamUrkel: bets $6
anetkaapro: calls $6
*** RIVER *** [6s 9h Jh 4s] [6c]
anetkaapro: checks
TeamUrkel: bets $6
anetkaapro: folds
Uncalled bet ($6) returned to TeamUrkel
TeamUrkel collected $41.50 from pot
*** SUMMARY ***
Total pot $42 | Rake $0.50
Board [6s 9h Jh 4s 6c]
Seat 6: TeamUrkel (button) (small blind) collected ($41.50)
Seat 10: anetkaapro (big blind) folded on the River


PokerStars Hand #151543319756:  Hold'em Limit ($3/$6 USD) - 2016/04/06 19:56:17 ET
Table 'Helma' 10-max Seat #10 is the button
Seat 6: TeamUrkel ($49.64 in chips)
Seat 10: anetkaapro ($86.28 in chips)
anetkaapro: posts small blind $1
TeamUrkel: posts big blind $3
*** HOLE CARDS ***
anetkaapro: raises $3 to $6
TeamUrkel: calls $3
*** FLOP *** [3d 7c 6c]
TeamUrkel: bets $3
anetkaapro: calls $3
*** TURN *** [3d 7c 6c] [Th]
TeamUrkel: checks
anetkaapro: checks
*** RIVER *** [3d 7c 6c Th] [8s]
TeamUrkel: bets $6
anetkaapro: calls $6
*** SHOW DOWN ***
TeamUrkel: shows [8h 4h] (a pair of Eights)
anetkaapro: shows [8c Jh] (a pair of Eights - Jack kicker)
anetkaapro collected $29.50 from pot
*** SUMMARY ***
Total pot $30 | Rake $0.50
Board [3d 7c 6c Th 8s]
Seat 6: TeamUrkel (big blind) showed [8h 4h] and lost with a pair of Eights
Seat 10: anetkaapro (button) (small blind) showed [8c Jh] and won ($29.50) with a pair of Eights


PokerStars Hand #151543339155:  Hold'em Limit ($3/$6 USD) - 2016/04/06 19:57:01 ET
Table 'Helma' 10-max Seat #6 is the button
Seat 6: TeamUrkel ($34.64 in chips)
Seat 10: anetkaapro ($100.78 in chips)
TeamUrkel: posts small blind $1
anetkaapro: posts big blind $3
*** HOLE CARDS ***
TeamUrkel: calls $2
anetkaapro: checks
*** FLOP *** [Qh 6d 8d]
anetkaapro: bets $3
TeamUrkel: folds
Uncalled bet ($3) returned to anetkaapro
anetkaapro collected $5.88 from pot
anetkaapro: doesn't show hand
*** SUMMARY ***
Total pot $6 | Rake $0.12
Board [Qh 6d 8d]
Seat 6: TeamUrkel (button) (small blind) folded on the Flop
Seat 10: anetkaapro (big blind) collected ($5.88)


PokerStars Hand #151543352007:  Hold'em Limit ($3/$6 USD) - 2016/04/06 19:57:30 ET
Table 'Helma' 10-max Seat #10 is the button
Seat 6: TeamUrkel ($27.64 in chips)
Seat 10: anetkaapro ($107.66 in chips)
anetkaapro: posts small blind $1
TeamUrkel: posts big blind $3
*** HOLE CARDS ***
anetkaapro: raises $3 to $6
TeamUrkel: raises $3 to $9
anetkaapro: calls $3
*** FLOP *** [3s Jh 2s]
TeamUrkel: bets $3
anetkaapro: calls $3
*** TURN *** [3s Jh 2s] [4s]
TeamUrkel: bets $6
anetkaapro: raises $6 to $12
TeamUrkel: raises $3.64 to $15.64 and is all-in
anetkaapro: calls $3.64
*** RIVER *** [3s Jh 2s 4s] [Ks]
*** SHOW DOWN ***
TeamUrkel: shows [8h 8d] (a pair of Eights)
anetkaapro: shows [8s Jc] (a flush, King high)
anetkaapro collected $54.78 from pot
*** SUMMARY ***
Total pot $55.28 | Rake $0.50
Board [3s Jh 2s 4s Ks]
Seat 6: TeamUrkel (big blind) showed [8h 8d] and lost with a pair of Eights
Seat 10: anetkaapro (button) (small blind) showed [8s Jc] and won ($54.78) with a flush, King high


PokerStars Hand #151543349045:  Hold'em Limit ($3/$6 USD) - 2016/04/06 19:57:23 ET
Table 'Helma' 10-max Seat #6 is the button
Seat 6: TeamUrkel ($28.64 in chips)
Seat 10: anetkaapro ($106.66 in chips)
TeamUrkel: posts small blind $1
anetkaapro: posts big blind $3
*** HOLE CARDS ***
TeamUrkel: folds
Uncalled bet ($2) returned to anetkaapro
anetkaapro collected $2 from pot
anetkaapro: doesn't show hand
*** SUMMARY ***
Total pot $2 | Rake $0
Seat 6: TeamUrkel (button) (small blind) folded before Flop
Seat 10: anetkaapro (big blind) collected ($2)


PokerStars Hand #151543346198:  Hold'em Limit ($3/$6 USD) - 2016/04/06 19:57:17 ET
Table 'Helma' 10-max Seat #10 is the button
Seat 6: TeamUrkel ($31.64 in chips)
Seat 10: anetkaapro ($103.66 in chips)
anetkaapro: posts small blind $1
TeamUrkel: posts big blind $3
*** HOLE CARDS ***
anetkaapro: raises $3 to $6
TeamUrkel: folds
Uncalled bet ($3) returned to anetkaapro
anetkaapro collected $6 from pot
anetkaapro: doesn't show hand
*** SUMMARY ***
Total pot $6 | Rake $0
Seat 6: TeamUrkel (big blind) folded before Flop
Seat 10: anetkaapro (button) (small blind) collected ($6)


