PokerStars Hand #171123270405:  Hold'em Limit ($3/$6 USD) - 2017/05/30 14:45:07 ET
Table 'Helma' 10-max Seat #6 is the button
Seat 1: LifeisagameX ($87 in chips)
Seat 6: moveoverover ($101.61 in chips)
moveoverover: posts small blind $1
LifeisagameX: posts big blind $3
*** HOLE CARDS ***
moveoverover: raises $3 to $6
LifeisagameX: raises $3 to $9
moveoverover: calls $3
*** FLOP *** [6c Qd 5s]
LifeisagameX: bets $3
moveoverover: raises $3 to $6
LifeisagameX: calls $3
*** TURN *** [6c Qd 5s] [Jc]
LifeisagameX: checks
moveoverover: bets $6
LifeisagameX: raises $6 to $12
moveoverover: folds
Uncalled bet ($6) returned to LifeisagameX
LifeisagameX collected $41.50 from pot
LifeisagameX: doesn't show hand
*** SUMMARY ***
Total pot $42 | Rake $0.50
Board [6c Qd 5s Jc]
Seat 1: LifeisagameX (big blind) collected ($41.50)
Seat 6: moveoverover (button) (small blind) folded on the Turn


PokerStars Hand #171123305346:  Hold'em Limit ($3/$6 USD) - 2017/05/30 14:45:51 ET
Table 'Helma' 10-max Seat #6 is the button
Seat 1: LifeisagameX ($110.50 in chips)
Seat 6: moveoverover ($77.61 in chips)
moveoverover: posts small blind $1
perten joins the table at seat #2
LifeisagameX: posts big blind $3
*** HOLE CARDS ***
moveoverover: raises $3 to $6
LifeisagameX: calls $3
*** FLOP *** [2s 4h Kh]
LifeisagameX: checks
moveoverover: bets $3
LifeisagameX: folds
Uncalled bet ($3) returned to moveoverover
moveoverover collected $11.76 from pot
moveoverover: doesn't show hand
*** SUMMARY ***
Total pot $12 | Rake $0.24
Board [2s 4h Kh]
Seat 1: LifeisagameX (big blind) folded on the Flop
Seat 6: moveoverover (button) (small blind) collected ($11.76)


PokerStars Hand #171123297280:  Hold'em Limit ($3/$6 USD) - 2017/05/30 14:45:41 ET
Table 'Helma' 10-max Seat #1 is the button
Seat 1: LifeisagameX ($107.50 in chips)
Seat 6: moveoverover ($80.61 in chips)
LifeisagameX: posts small blind $1
moveoverover: posts big blind $3
*** HOLE CARDS ***
LifeisagameX: raises $3 to $6
moveoverover: folds
Uncalled bet ($3) returned to LifeisagameX
LifeisagameX collected $6 from pot
LifeisagameX: doesn't show hand
*** SUMMARY ***
Total pot $6 | Rake $0
Seat 1: LifeisagameX (button) (small blind) collected ($6)
Seat 6: moveoverover (big blind) folded before Flop


PokerStars Hand #171123370204:  Hold'em Limit ($3/$6 USD) - 2017/05/30 14:47:11 ET
Table 'Helma' 10-max Seat #2 is the button
Seat 1: LifeisagameX ($141.52 in chips)
Seat 2: perten ($44.51 in chips)
perten: posts small blind $1
LifeisagameX: posts big blind $3
*** HOLE CARDS ***
perten: calls $2
LifeisagameX: checks
*** FLOP *** [7h 8h Ad]
LifeisagameX: checks
perten: checks
*** TURN *** [7h 8h Ad] [6s]
LifeisagameX: checks
perten: checks
*** RIVER *** [7h 8h Ad 6s] [4d]
LifeisagameX: bets $6
perten: folds
Uncalled bet ($6) returned to LifeisagameX
LifeisagameX collected $5.88 from pot
LifeisagameX: doesn't show hand
*** SUMMARY ***
Total pot $6 | Rake $0.12
Board [7h 8h Ad 6s 4d]
Seat 1: LifeisagameX (big blind) collected ($5.88)
Seat 2: perten (button) (small blind) folded on the River


PokerStars Hand #171123396172:  Hold'em Limit ($3/$6 USD) - 2017/05/30 14:47:43 ET
Table 'Helma' 10-max Seat #1 is the button
Seat 1: LifeisagameX ($144.40 in chips)
Seat 2: perten ($41.51 in chips)
LifeisagameX: posts small blind $1
perten: posts big blind $3
*** HOLE CARDS ***
LifeisagameX: raises $3 to $6
perten: raises $3 to $9
LifeisagameX: calls $3
*** FLOP *** [6s 2c 3h]
perten: checks
LifeisagameX: checks
*** TURN *** [6s 2c 3h] [4s]
perten: bets $6
LifeisagameX: folds
Uncalled bet ($6) returned to perten
perten collected $17.64 from pot
perten: doesn't show hand
*** SUMMARY ***
Total pot $18 | Rake $0.36
Board [6s 2c 3h 4s]
Seat 1: LifeisagameX (button) (small blind) folded on the Turn
Seat 2: perten (big blind) collected ($17.64)


PokerStars Hand #171123436970:  Hold'em Limit ($3/$6 USD) - 2017/05/30 14:48:33 ET
Table 'Helma' 10-max Seat #2 is the button
Seat 1: LifeisagameX ($135.40 in chips)
Seat 2: perten ($50.15 in chips)
perten: posts small blind $1
LifeisagameX: posts big blind $3
*** HOLE CARDS ***
perten: raises $3 to $6
LifeisagameX: calls $3
*** FLOP *** [4s Ad 9s]
LifeisagameX: checks
perten: bets $3
LifeisagameX: folds
Uncalled bet ($3) returned to perten
perten collected $11.76 from pot
perten: doesn't show hand
*** SUMMARY ***
Total pot $12 | Rake $0.24
Board [4s Ad 9s]
Seat 1: LifeisagameX (big blind) folded on the Flop
Seat 2: perten (button) (small blind) collected ($11.76)


PokerStars Hand #171123454448:  Hold'em Limit ($3/$6 USD) - 2017/05/30 14:48:54 ET
Table 'Helma' 10-max Seat #1 is the button
Seat 1: LifeisagameX ($129.40 in chips)
Seat 2: perten ($55.91 in chips)
LifeisagameX: posts small blind $1
perten: posts big blind $3
*** HOLE CARDS ***
LifeisagameX: raises $3 to $6
perten: raises $3 to $9
LifeisagameX: calls $3
*** FLOP *** [2d 3c 9d]
perten: bets $3
LifeisagameX: raises $3 to $6
perten: calls $3
*** TURN *** [2d 3c 9d] [7d]
perten: checks
LifeisagameX: checks
*** RIVER *** [2d 3c 9d 7d] [Kd]
perten: checks
LifeisagameX: bets $6
perten: calls $6
*** SHOW DOWN ***
LifeisagameX: shows [Ac Kc] (a pair of Kings)
perten: shows [Ks 8d] (a flush, King high)
perten collected $41.50 from pot
*** SUMMARY ***
Total pot $42 | Rake $0.50
Board [2d 3c 9d 7d Kd]
Seat 1: LifeisagameX (button) (small blind) showed [Ac Kc] and lost with a pair of Kings
Seat 2: perten (big blind) showed [Ks 8d] and won ($41.50) with a flush, King high


PokerStars Hand #171123482643:  Hold'em Limit ($3/$6 USD) - 2017/05/30 14:49:29 ET
Table 'Helma' 10-max Seat #2 is the button
Seat 1: LifeisagameX ($108.40 in chips)
Seat 2: perten ($76.41 in chips)
perten: posts small blind $1
LifeisagameX: posts big blind $3
*** HOLE CARDS ***
perten: folds
Uncalled bet ($2) returned to LifeisagameX
LifeisagameX collected $2 from pot
*** SUMMARY ***
Total pot $2 | Rake $0
Seat 1: LifeisagameX (big blind) collected ($2)
Seat 2: perten (button) (small blind) folded before Flop


PokerStars Hand #171123502735:  Hold'em Limit ($3/$6 USD) - 2017/05/30 14:49:54 ET
Table 'Helma' 10-max Seat #2 is the button
Seat 1: LifeisagameX ($112.40 in chips)
Seat 2: perten ($72.41 in chips)
perten: posts small blind $1
LifeisagameX: posts big blind $3
*** HOLE CARDS ***
perten: folds
Uncalled bet ($2) returned to LifeisagameX
LifeisagameX collected $2 from pot
LifeisagameX: doesn't show hand
*** SUMMARY ***
Total pot $2 | Rake $0
Seat 1: LifeisagameX (big blind) collected ($2)
Seat 2: perten (button) (small blind) folded before Flop


PokerStars Hand #171123488011:  Hold'em Limit ($3/$6 USD) - 2017/05/30 14:49:36 ET
Table 'Helma' 10-max Seat #1 is the button
Seat 1: LifeisagameX ($109.40 in chips)
Seat 2: perten ($75.41 in chips)
LifeisagameX: posts small blind $1
perten: posts big blind $3
*** HOLE CARDS ***
LifeisagameX: raises $3 to $6
perten: folds
Uncalled bet ($3) returned to LifeisagameX
LifeisagameX collected $6 from pot
LifeisagameX: doesn't show hand
*** SUMMARY ***
Total pot $6 | Rake $0
Seat 1: LifeisagameX (button) (small blind) collected ($6)
Seat 2: perten (big blind) folded before Flop


PokerStars Hand #171123509236:  Hold'em Limit ($3/$6 USD) - 2017/05/30 14:50:02 ET
Table 'Helma' 10-max Seat #1 is the button
Seat 1: LifeisagameX ($113.40 in chips)
Seat 2: perten ($71.41 in chips)
LifeisagameX: posts small blind $1
perten: posts big blind $3
*** HOLE CARDS ***
LifeisagameX: raises $3 to $6
perten: folds
Uncalled bet ($3) returned to LifeisagameX
LifeisagameX collected $6 from pot
LifeisagameX: doesn't show hand
*** SUMMARY ***
Total pot $6 | Rake $0
Seat 1: LifeisagameX (button) (small blind) collected ($6)
Seat 2: perten (big blind) folded before Flop


PokerStars Hand #171123524103:  Hold'em Limit ($3/$6 USD) - 2017/05/30 14:50:20 ET
Table 'Helma' 10-max Seat #2 is the button
Seat 1: LifeisagameX ($116.40 in chips)
Seat 2: perten ($68.41 in chips)
perten: posts small blind $1
LifeisagameX: posts big blind $3
*** HOLE CARDS ***
perten: folds
Uncalled bet ($2) returned to LifeisagameX
LifeisagameX collected $2 from pot
LifeisagameX: doesn't show hand
*** SUMMARY ***
Total pot $2 | Rake $0
Seat 1: LifeisagameX (big blind) collected ($2)
Seat 2: perten (button) (small blind) folded before Flop


PokerStars Hand #171123542991:  Hold'em Limit ($3/$6 USD) - 2017/05/30 14:50:43 ET
Table 'Helma' 10-max Seat #2 is the button
Seat 1: LifeisagameX ($120.40 in chips)
Seat 2: perten ($64.41 in chips)
perten: posts small blind $1
LifeisagameX: posts big blind $3
*** HOLE CARDS ***
perten: folds
Uncalled bet ($2) returned to LifeisagameX
LifeisagameX collected $2 from pot
LifeisagameX: doesn't show hand
*** SUMMARY ***
Total pot $2 | Rake $0
Seat 1: LifeisagameX (big blind) collected ($2)
Seat 2: perten (button) (small blind) folded before Flop


PokerStars Hand #171123530160:  Hold'em Limit ($3/$6 USD) - 2017/05/30 14:50:28 ET
Table 'Helma' 10-max Seat #1 is the button
Seat 1: LifeisagameX ($117.40 in chips)
Seat 2: perten ($67.41 in chips)
LifeisagameX: posts small blind $1
perten: posts big blind $3
*** HOLE CARDS ***
LifeisagameX: raises $3 to $6
perten: folds
Uncalled bet ($3) returned to LifeisagameX
LifeisagameX collected $6 from pot
LifeisagameX: doesn't show hand
*** SUMMARY ***
Total pot $6 | Rake $0
Seat 1: LifeisagameX (button) (small blind) collected ($6)
Seat 2: perten (big blind) folded before Flop


PokerStars Hand #171123601853:  Hold'em Limit ($3/$6 USD) - 2017/05/30 14:51:56 ET
Table 'Helma' 10-max Seat #2 is the button
Seat 1: LifeisagameX ($97.40 in chips)
Seat 2: perten ($86.91 in chips)
perten: posts small blind $1
LifeisagameX: posts big blind $3
*** HOLE CARDS ***
perten: folds
Uncalled bet ($2) returned to LifeisagameX
LifeisagameX collected $2 from pot
LifeisagameX: doesn't show hand
*** SUMMARY ***
Total pot $2 | Rake $0
Seat 1: LifeisagameX (big blind) collected ($2)
Seat 2: perten (button) (small blind) folded before Flop


PokerStars Hand #171123548948:  Hold'em Limit ($3/$6 USD) - 2017/05/30 14:50:51 ET
Table 'Helma' 10-max Seat #1 is the button
Seat 1: LifeisagameX ($121.40 in chips)
Seat 2: perten ($63.41 in chips)
LifeisagameX: posts small blind $1
perten: posts big blind $3
*** HOLE CARDS ***
LifeisagameX: raises $3 to $6
perten: raises $3 to $9
LifeisagameX: calls $3
*** FLOP *** [Kh Qd 3c]
perten: bets $3
LifeisagameX: calls $3
*** TURN *** [Kh Qd 3c] [2h]
perten: bets $6
LifeisagameX: calls $6
*** RIVER *** [Kh Qd 3c 2h] [4s]
perten: checks
LifeisagameX: bets $6
perten: calls $6
*** SHOW DOWN ***
LifeisagameX: shows [Ah Tc] (high card Ace)
perten: shows [9h 9s] (a pair of Nines)
perten collected $47.50 from pot
*** SUMMARY ***
Total pot $48 | Rake $0.50
Board [Kh Qd 3c 2h 4s]
Seat 1: LifeisagameX (button) (small blind) showed [Ah Tc] and lost with high card Ace
Seat 2: perten (big blind) showed [9h 9s] and won ($47.50) with a pair of Nines


PokerStars Hand #171123607522:  Hold'em Limit ($3/$6 USD) - 2017/05/30 14:52:03 ET
Table 'Helma' 10-max Seat #1 is the button
Seat 1: LifeisagameX ($98.40 in chips)
Seat 2: perten ($85.91 in chips)
LifeisagameX: posts small blind $1
perten: posts big blind $3
*** HOLE CARDS ***
LifeisagameX: raises $3 to $6
perten: folds
Uncalled bet ($3) returned to LifeisagameX
LifeisagameX collected $6 from pot
LifeisagameX: doesn't show hand
*** SUMMARY ***
Total pot $6 | Rake $0
Seat 1: LifeisagameX (button) (small blind) collected ($6)
Seat 2: perten (big blind) folded before Flop


PokerStars Hand #171123615887:  Hold'em Limit ($3/$6 USD) - 2017/05/30 14:52:13 ET
Table 'Helma' 10-max Seat #2 is the button
Seat 1: LifeisagameX ($101.40 in chips)
Seat 2: perten ($82.91 in chips)
perten: posts small blind $1
LifeisagameX: posts big blind $3
*** HOLE CARDS ***
perten: raises $3 to $6
LifeisagameX: raises $3 to $9
perten: raises $3 to $12
Betting is capped
LifeisagameX: calls $3
*** FLOP *** [9s Ks As]
LifeisagameX: checks
perten: bets $3
LifeisagameX: folds
Uncalled bet ($3) returned to perten
perten collected $23.52 from pot
perten: doesn't show hand
*** SUMMARY ***
Total pot $24 | Rake $0.48
Board [9s Ks As]
Seat 1: LifeisagameX (big blind) folded on the Flop
Seat 2: perten (button) (small blind) collected ($23.52)


PokerStars Hand #171123642781:  Hold'em Limit ($3/$6 USD) - 2017/05/30 14:52:46 ET
Table 'Helma' 10-max Seat #2 is the button
Seat 1: LifeisagameX ($92.40 in chips)
Seat 2: perten ($91.43 in chips)
perten: posts small blind $1
LifeisagameX: posts big blind $3
*** HOLE CARDS ***
perten: folds
Uncalled bet ($2) returned to LifeisagameX
LifeisagameX collected $2 from pot
LifeisagameX: doesn't show hand
*** SUMMARY ***
Total pot $2 | Rake $0
Seat 1: LifeisagameX (big blind) collected ($2)
Seat 2: perten (button) (small blind) folded before Flop


PokerStars Hand #171123637521:  Hold'em Limit ($3/$6 USD) - 2017/05/30 14:52:40 ET
Table 'Helma' 10-max Seat #1 is the button
Seat 1: LifeisagameX ($89.40 in chips)
Seat 2: perten ($94.43 in chips)
LifeisagameX: posts small blind $1
perten: posts big blind $3
*** HOLE CARDS ***
LifeisagameX: raises $3 to $6
perten: folds
Uncalled bet ($3) returned to LifeisagameX
LifeisagameX collected $6 from pot
LifeisagameX: doesn't show hand
*** SUMMARY ***
Total pot $6 | Rake $0
Seat 1: LifeisagameX (button) (small blind) collected ($6)
Seat 2: perten (big blind) folded before Flop


PokerStars Hand #171123648478:  Hold'em Limit ($3/$6 USD) - 2017/05/30 14:52:53 ET
Table 'Helma' 10-max Seat #1 is the button
Seat 1: LifeisagameX ($93.40 in chips)
Seat 2: perten ($90.43 in chips)
LifeisagameX: posts small blind $1
perten: posts big blind $3
*** HOLE CARDS ***
LifeisagameX: raises $3 to $6
perten: raises $3 to $9
LifeisagameX: calls $3
*** FLOP *** [3d 9d Th]
perten: bets $3
LifeisagameX: calls $3
*** TURN *** [3d 9d Th] [5s]
perten: bets $6
LifeisagameX: raises $6 to $12
perten: calls $6
*** RIVER *** [3d 9d Th 5s] [5c]
perten: checks
LifeisagameX: bets $6
perten: folds
Uncalled bet ($6) returned to LifeisagameX
LifeisagameX collected $47.50 from pot
LifeisagameX: doesn't show hand
*** SUMMARY ***
Total pot $48 | Rake $0.50
Board [3d 9d Th 5s 5c]
Seat 1: LifeisagameX (button) (small blind) collected ($47.50)
Seat 2: perten (big blind) folded on the River


PokerStars Hand #171123683226:  Hold'em Limit ($3/$6 USD) - 2017/05/30 14:53:36 ET
Table 'Helma' 10-max Seat #2 is the button
Seat 1: LifeisagameX ($116.90 in chips)
Seat 2: perten ($66.43 in chips)
perten: posts small blind $1
LifeisagameX: posts big blind $3
*** HOLE CARDS ***
perten: calls $2
LifeisagameX: checks
*** FLOP *** [6c 8c Tc]
LifeisagameX: checks
perten: bets $3
LifeisagameX: raises $3 to $6
perten: calls $3
*** TURN *** [6c 8c Tc] [3c]
LifeisagameX: bets $6
perten: calls $6
*** RIVER *** [6c 8c Tc 3c] [Ah]
LifeisagameX: bets $6
perten: calls $6
*** SHOW DOWN ***
LifeisagameX: shows [Kc 4d] (a flush, King high)
perten: mucks hand
LifeisagameX collected $41.50 from pot
*** SUMMARY ***
Total pot $42 | Rake $0.50
Board [6c 8c Tc 3c Ah]
Seat 1: LifeisagameX (big blind) showed [Kc 4d] and won ($41.50) with a flush, King high
Seat 2: perten (button) (small blind) mucked


PokerStars Hand #171123726479:  Hold'em Limit ($3/$6 USD) - 2017/05/30 14:54:23 ET
Table 'Helma' 10-max Seat #1 is the button
Seat 1: LifeisagameX ($137.40 in chips)
Seat 2: perten ($45.43 in chips)
LifeisagameX: posts small blind $1
perten: posts big blind $3
*** HOLE CARDS ***
LifeisagameX: folds
Uncalled bet ($2) returned to perten
perten collected $2 from pot
perten: doesn't show hand
*** SUMMARY ***
Total pot $2 | Rake $0
Seat 1: LifeisagameX (button) (small blind) folded before Flop
Seat 2: perten (big blind) collected ($2)


PokerStars Hand #171123734499:  Hold'em Limit ($3/$6 USD) - 2017/05/30 14:54:33 ET
Table 'Helma' 10-max Seat #2 is the button
Seat 1: LifeisagameX ($136.40 in chips)
Seat 2: perten ($46.43 in chips)
perten: posts small blind $1
LifeisagameX: posts big blind $3
*** HOLE CARDS ***
perten: raises $3 to $6
LifeisagameX: calls $3
*** FLOP *** [6h Ts 9c]
LifeisagameX: checks
perten: bets $3
LifeisagameX: raises $3 to $6
perten: folds
Uncalled bet ($3) returned to LifeisagameX
LifeisagameX collected $17.64 from pot
LifeisagameX: doesn't show hand
*** SUMMARY ***
Total pot $18 | Rake $0.36
Board [6h Ts 9c]
Seat 1: LifeisagameX (big blind) collected ($17.64)
Seat 2: perten (button) (small blind) folded on the Flop


PokerStars Hand #171123791350:  Hold'em Limit ($3/$6 USD) - 2017/05/30 14:55:52 ET
Table 'Helma' 10-max Seat #2 is the button
Seat 1: LifeisagameX ($133.04 in chips)
Seat 2: perten ($48.95 in chips)
perten: posts small blind $1
LifeisagameX: posts big blind $3
*** HOLE CARDS ***
perten: calls $2
LifeisagameX: checks
*** FLOP *** [3d Ah 7d]
LifeisagameX: checks
perten: bets $3
LifeisagameX: raises $3 to $6
perten: calls $3
*** TURN *** [3d Ah 7d] [9c]
LifeisagameX: bets $6
perten: calls $6
*** RIVER *** [3d Ah 7d 9c] [9d]
LifeisagameX: bets $6
perten: calls $6
*** SHOW DOWN ***
LifeisagameX: shows [Qc 7h] (two pair, Nines and Sevens)
perten: shows [7s 8h] (two pair, Nines and Sevens)
LifeisagameX collected $20.75 from pot
perten collected $20.75 from pot
*** SUMMARY ***
Total pot $42 | Rake $0.50
Board [3d Ah 7d 9c 9d]
Seat 1: LifeisagameX (big blind) showed [Qc 7h] and won ($20.75) with two pair, Nines and Sevens
Seat 2: perten (button) (small blind) showed [7s 8h] and won ($20.75) with two pair, Nines and Sevens


PokerStars Hand #171123816189:  Hold'em Limit ($3/$6 USD) - 2017/05/30 14:56:30 ET
Table 'Helma' 10-max Seat #1 is the button
Seat 1: LifeisagameX ($132.79 in chips)
Seat 2: perten ($48.70 in chips)
LifeisagameX: posts small blind $1
perten: posts big blind $3
*** HOLE CARDS ***
LifeisagameX: raises $3 to $6
perten: folds
Uncalled bet ($3) returned to LifeisagameX
LifeisagameX collected $6 from pot
LifeisagameX: doesn't show hand
*** SUMMARY ***
Total pot $6 | Rake $0
Seat 1: LifeisagameX (button) (small blind) collected ($6)
Seat 2: perten (big blind) folded before Flop


PokerStars Hand #171123768340:  Hold'em Limit ($3/$6 USD) - 2017/05/30 14:55:17 ET
Table 'Helma' 10-max Seat #1 is the button
Seat 1: LifeisagameX ($145.04 in chips)
Seat 2: perten ($37.43 in chips)
LifeisagameX: posts small blind $1
perten: posts big blind $3
*** HOLE CARDS ***
LifeisagameX: raises $3 to $6
perten: raises $3 to $9
LifeisagameX: calls $3
*** FLOP *** [2c Ah 9s]
perten: bets $3
LifeisagameX: calls $3
*** TURN *** [2c Ah 9s] [Td]
perten: bets $6
LifeisagameX: folds
Uncalled bet ($6) returned to perten
perten collected $23.52 from pot
perten: doesn't show hand
*** SUMMARY ***
Total pot $24 | Rake $0.48
Board [2c Ah 9s Td]
Seat 1: LifeisagameX (button) (small blind) folded on the Turn
Seat 2: perten (big blind) collected ($23.52)


PokerStars Hand #171123827231:  Hold'em Limit ($3/$6 USD) - 2017/05/30 14:56:46 ET
Table 'Helma' 10-max Seat #1 is the button
Seat 1: LifeisagameX ($136.79 in chips)
Seat 2: perten ($44.70 in chips)
LifeisagameX: posts small blind $1
perten: posts big blind $3
*** HOLE CARDS ***
LifeisagameX: raises $3 to $6
perten: folds
Uncalled bet ($3) returned to LifeisagameX
LifeisagameX collected $6 from pot
*** SUMMARY ***
Total pot $6 | Rake $0
Seat 1: LifeisagameX (button) (small blind) collected ($6)
Seat 2: perten (big blind) folded before Flop


PokerStars Hand #171123820785:  Hold'em Limit ($3/$6 USD) - 2017/05/30 14:56:36 ET
Table 'Helma' 10-max Seat #2 is the button
Seat 1: LifeisagameX ($135.79 in chips)
Seat 2: perten ($45.70 in chips)
perten: posts small blind $1
LifeisagameX: posts big blind $3
*** HOLE CARDS ***
perten: folds
Uncalled bet ($2) returned to LifeisagameX
LifeisagameX collected $2 from pot
*** SUMMARY ***
Total pot $2 | Rake $0
Seat 1: LifeisagameX (big blind) collected ($2)
Seat 2: perten (button) (small blind) folded before Flop


PokerStars Hand #171123860982:  Hold'em Limit ($3/$6 USD) - 2017/05/30 14:57:36 ET
Table 'Helma' 10-max Seat #2 is the button
Seat 2: perten ($41.70 in chips)
Seat 3: kolaz03 ($72 in chips)
perten: posts small blind $1
kolaz03: posts big blind $3
*** HOLE CARDS ***
perten: raises $3 to $6
kolaz03: calls $3
*** FLOP *** [7s 4h Qc]
kolaz03: checks
perten: bets $3
kolaz03: raises $3 to $6
perten: calls $3
*** TURN *** [7s 4h Qc] [Kc]
kolaz03: bets $6
perten: folds
Uncalled bet ($6) returned to kolaz03
kolaz03 collected $23.52 from pot
kolaz03: doesn't show hand
*** SUMMARY ***
Total pot $24 | Rake $0.48
Board [7s 4h Qc Kc]
Seat 2: perten (button) (small blind) folded on the Turn
Seat 3: kolaz03 (big blind) collected ($23.52)


PokerStars Hand #171123940120:  Hold'em Limit ($3/$6 USD) - 2017/05/30 14:59:34 ET
Table 'Helma' 10-max Seat #2 is the button
Seat 2: perten ($26.70 in chips)
Seat 3: kolaz03 ($72 in chips)
perten: posts small blind $1
kolaz03: posts big blind $3
*** HOLE CARDS ***
perten: folds
Uncalled bet ($2) returned to kolaz03
kolaz03 collected $2 from pot
kolaz03: doesn't show hand
*** SUMMARY ***
Total pot $2 | Rake $0
Seat 2: perten (button) (small blind) folded before Flop
Seat 3: kolaz03 (big blind) collected ($2)


PokerStars Hand #171123944227:  Hold'em Limit ($3/$6 USD) - 2017/05/30 14:59:40 ET
Table 'Helma' 10-max Seat #3 is the button
Seat 2: perten ($25.70 in chips)
Seat 3: kolaz03 ($73 in chips)
kolaz03: posts small blind $1
perten: posts big blind $3
*** HOLE CARDS ***
kolaz03: raises $3 to $6
LifeisagameX leaves the table
perten: calls $3
*** FLOP *** [Kc 8s 9s]
perten: checks
kolaz03: bets $3
perten: folds
Uncalled bet ($3) returned to kolaz03
kolaz03 collected $11.76 from pot
kolaz03: doesn't show hand
*** SUMMARY ***
Total pot $12 | Rake $0.24
Board [Kc 8s 9s]
Seat 2: perten (big blind) folded on the Flop
Seat 3: kolaz03 (button) (small blind) collected ($11.76)


PokerStars Hand #171123955916:  Hold'em Limit ($3/$6 USD) - 2017/05/30 14:59:57 ET
Table 'Helma' 10-max Seat #2 is the button
Seat 2: perten ($19.70 in chips)
Seat 3: kolaz03 ($78.76 in chips)
perten: posts small blind $1
kolaz03: posts big blind $3
*** HOLE CARDS ***
perten: raises $3 to $6
kolaz03: calls $3
*** FLOP *** [Qs 3d 6s]
kolaz03: checks
perten: bets $3
kolaz03: raises $3 to $6
perten: folds
Uncalled bet ($3) returned to kolaz03
kolaz03 collected $17.64 from pot
kolaz03: doesn't show hand
*** SUMMARY ***
Total pot $18 | Rake $0.36
Board [Qs 3d 6s]
Seat 2: perten (button) (small blind) folded on the Flop
Seat 3: kolaz03 (big blind) collected ($17.64)


