PokerStars Hand #149614338690:  Hold'em Limit ($3/$6 USD) - 2016/02/29 10:41:23 ET
Table 'Helma' 6-max Seat #4 is the button
Seat 3: tweemeterzes ($102 in chips)
Seat 4: Mordnilap ($89.50 in chips)
Mordnilap: posts small blind $1
tweemeterzes: posts big blind $3
*** HOLE CARDS ***
Mordnilap: raises $3 to $6
tweemeterzes: raises $3 to $9
Mordnilap: calls $3
*** FLOP *** [Kh 9h Ac]
tweemeterzes: bets $3
Mordnilap: folds
Uncalled bet ($3) returned to tweemeterzes
tweemeterzes collected $17.64 from pot
tweemeterzes: doesn't show hand
*** SUMMARY ***
Total pot $18 | Rake $0.36
Board [Kh 9h Ac]
Seat 3: tweemeterzes (big blind) collected ($17.64)
Seat 4: Mordnilap (button) (small blind) folded on the Flop


PokerStars Hand #149614316711:  Hold'em Limit ($3/$6 USD) - 2016/02/29 10:40:55 ET
Table 'Helma' 6-max Seat #3 is the button
Seat 3: tweemeterzes ($120 in chips)
Seat 4: Mordnilap ($72 in chips)
tweemeterzes: posts small blind $1
Mordnilap: posts big blind $3
*** HOLE CARDS ***
tweemeterzes: calls $2
Mordnilap: checks
*** FLOP *** [2s 9s 6s]
Mordnilap: checks
tweemeterzes: bets $3
Mordnilap: calls $3
*** TURN *** [2s 9s 6s] [8d]
Mordnilap: checks
tweemeterzes: bets $6
Mordnilap: calls $6
*** RIVER *** [2s 9s 6s 8d] [Qc]
Mordnilap: checks
tweemeterzes: bets $6
Mordnilap: calls $6
*** SHOW DOWN ***
tweemeterzes: shows [Th Ks] (high card King)
Mordnilap: shows [7s 2c] (a pair of Deuces)
Mordnilap collected $35.50 from pot
*** SUMMARY ***
Total pot $36 | Rake $0.50
Board [2s 9s 6s 8d Qc]
Seat 3: tweemeterzes (button) (small blind) showed [Th Ks] and lost with high card King
Seat 4: Mordnilap (big blind) showed [7s 2c] and won ($35.50) with a pair of Deuces


PokerStars Hand #149614354177:  Hold'em Limit ($3/$6 USD) - 2016/02/29 10:41:43 ET
Table 'Helma' 6-max Seat #4 is the button
Seat 3: tweemeterzes ($109.64 in chips)
Seat 4: Mordnilap ($81.50 in chips)
Mordnilap: posts small blind $1
tweemeterzes: posts big blind $3
*** HOLE CARDS ***
Mordnilap: folds
Uncalled bet ($2) returned to tweemeterzes
tweemeterzes collected $2 from pot
tweemeterzes: doesn't show hand
*** SUMMARY ***
Total pot $2 | Rake $0
Seat 3: tweemeterzes (big blind) collected ($2)
Seat 4: Mordnilap (button) (small blind) folded before Flop


PokerStars Hand #149614348914:  Hold'em Limit ($3/$6 USD) - 2016/02/29 10:41:36 ET
Table 'Helma' 6-max Seat #3 is the button
Seat 3: tweemeterzes ($110.64 in chips)
Seat 4: Mordnilap ($80.50 in chips)
tweemeterzes: posts small blind $1
Mordnilap: posts big blind $3
*** HOLE CARDS ***
tweemeterzes: folds
Uncalled bet ($2) returned to Mordnilap
Mordnilap collected $2 from pot
Mordnilap: doesn't show hand
*** SUMMARY ***
Total pot $2 | Rake $0
Seat 3: tweemeterzes (button) (small blind) folded before Flop
Seat 4: Mordnilap (big blind) collected ($2)


PokerStars Hand #149614405267:  Hold'em Limit ($3/$6 USD) - 2016/02/29 10:42:48 ET
Table 'Helma' 6-max Seat #3 is the button
Seat 3: tweemeterzes ($122.14 in chips)
Seat 4: Mordnilap ($92.50 in chips)
tweemeterzes: posts small blind $1
Mordnilap: posts big blind $3
*** HOLE CARDS ***
tweemeterzes: folds
Uncalled bet ($2) returned to Mordnilap
Mordnilap collected $2 from pot
Mordnilap: doesn't show hand
drews351 joins the table at seat #5
*** SUMMARY ***
Total pot $2 | Rake $0
Seat 3: tweemeterzes (button) (small blind) folded before Flop
Seat 4: Mordnilap (big blind) collected ($2)


PokerStars Hand #149614379610:  Hold'em Limit ($3/$6 USD) - 2016/02/29 10:42:15 ET
Table 'Helma' 6-max Seat #4 is the button
Seat 3: tweemeterzes ($143.14 in chips)
Seat 4: Mordnilap ($72 in chips)
Mordnilap: posts small blind $1
tweemeterzes: posts big blind $3
*** HOLE CARDS ***
Mordnilap: raises $3 to $6
tweemeterzes: calls $3
*** FLOP *** [Js 4h 2h]
tweemeterzes: checks
Mordnilap: bets $3
tweemeterzes: calls $3
*** TURN *** [Js 4h 2h] [7s]
tweemeterzes: checks
Mordnilap: bets $6
tweemeterzes: calls $6
*** RIVER *** [Js 4h 2h 7s] [8h]
tweemeterzes: bets $6
Mordnilap: raises $6 to $12
tweemeterzes: folds
Uncalled bet ($6) returned to Mordnilap
Mordnilap collected $41.50 from pot
Mordnilap: doesn't show hand
*** SUMMARY ***
Total pot $42 | Rake $0.50
Board [Js 4h 2h 7s 8h]
Seat 3: tweemeterzes (big blind) folded on the River
Seat 4: Mordnilap (button) (small blind) collected ($41.50)


PokerStars Hand #149615187941:  Hold'em Limit ($3/$6 USD) - 2016/02/29 11:00:05 ET
Table 'Helma' 6-max Seat #4 is the button
Seat 3: tweemeterzes ($610.79 in chips)
Seat 4: Mordnilap ($94.83 in chips)
Mordnilap: posts small blind $1
B_loJkl: is sitting out
tweemeterzes: posts big blind $3
*** HOLE CARDS ***
Mordnilap: raises $3 to $6
tweemeterzes: calls $3
*** FLOP *** [8s Qd 9h]
tweemeterzes: checks
Mordnilap: bets $3
tweemeterzes: calls $3
*** TURN *** [8s Qd 9h] [6h]
tweemeterzes: checks
Mordnilap: bets $6
tweemeterzes: calls $6
*** RIVER *** [8s Qd 9h 6h] [8c]
tweemeterzes: checks
Mordnilap: bets $6
tweemeterzes: folds
Uncalled bet ($6) returned to Mordnilap
Mordnilap collected $29.50 from pot
Mordnilap: doesn't show hand
*** SUMMARY ***
Total pot $30 | Rake $0.50
Board [8s Qd 9h 6h 8c]
Seat 3: tweemeterzes (big blind) folded on the River
Seat 4: Mordnilap (button) (small blind) collected ($29.50)


PokerStars Hand #149615217971:  Hold'em Limit ($3/$6 USD) - 2016/02/29 11:00:48 ET
Table 'Helma' 6-max Seat #3 is the button
Seat 3: tweemeterzes ($595.79 in chips)
Seat 4: Mordnilap ($109.33 in chips)
tweemeterzes: posts small blind $1
Mordnilap: posts big blind $3
*** HOLE CARDS ***
tweemeterzes: calls $2
Mordnilap: raises $3 to $6
tweemeterzes: calls $3
*** FLOP *** [Th 5d 9s]
Mordnilap: checks
tweemeterzes: bets $3
Mordnilap: calls $3
*** TURN *** [Th 5d 9s] [6h]
Mordnilap: checks
tweemeterzes: bets $6
Mordnilap: calls $6
*** RIVER *** [Th 5d 9s 6h] [7s]
Mordnilap: checks
tweemeterzes: bets $6
Mordnilap: calls $6
*** SHOW DOWN ***
tweemeterzes: shows [5c 7c] (two pair, Sevens and Fives)
Mordnilap: mucks hand
tweemeterzes collected $41.50 from pot
*** SUMMARY ***
Total pot $42 | Rake $0.50
Board [Th 5d 9s 6h 7s]
Seat 3: tweemeterzes (button) (small blind) showed [5c 7c] and won ($41.50) with two pair, Sevens and Fives
Seat 4: Mordnilap (big blind) mucked


PokerStars Hand #149615239286:  Hold'em Limit ($3/$6 USD) - 2016/02/29 11:01:16 ET
Table 'Helma' 6-max Seat #4 is the button
Seat 3: tweemeterzes ($616.29 in chips)
Seat 4: Mordnilap ($88.33 in chips)
Mordnilap: posts small blind $1
tweemeterzes: posts big blind $3
*** HOLE CARDS ***
Mordnilap: raises $3 to $6
tweemeterzes: folds
Uncalled bet ($3) returned to Mordnilap
Mordnilap collected $6 from pot
Mordnilap: doesn't show hand
tweemeterzes leaves the table
*** SUMMARY ***
Total pot $6 | Rake $0
Seat 3: tweemeterzes (big blind) folded before Flop
Seat 4: Mordnilap (button) (small blind) collected ($6)


PokerStars Hand #149619305618:  Hold'em Limit ($3/$6 USD) - 2016/02/29 12:22:55 ET
Table 'Helma' 6-max Seat #4 is the button
Seat 3: tweemeterzes ($122.88 in chips)
Seat 4: AzureCaper ($72 in chips)
AzureCaper: posts small blind $1
tweemeterzes: posts big blind $3
*** HOLE CARDS ***
AzureCaper: raises $3 to $6
tweemeterzes: calls $3
*** FLOP *** [9c Kh Td]
tweemeterzes: bets $3
AzureCaper: raises $3 to $6
tweemeterzes: calls $3
*** TURN *** [9c Kh Td] [4c]
tweemeterzes: bets $6
AzureCaper: raises $6 to $12
tweemeterzes: calls $6
*** RIVER *** [9c Kh Td 4c] [4d]
tweemeterzes: checks
AzureCaper: bets $6
tweemeterzes: calls $6
*** SHOW DOWN ***
AzureCaper: shows [4h Ts] (a full house, Fours full of Tens)
tweemeterzes: mucks hand
AzureCaper collected $59.50 from pot
*** SUMMARY ***
Total pot $60 | Rake $0.50
Board [9c Kh Td 4c 4d]
Seat 3: tweemeterzes (big blind) mucked
Seat 4: AzureCaper (button) (small blind) showed [4h Ts] and won ($59.50) with a full house, Fours full of Tens


PokerStars Hand #149619286745:  Hold'em Limit ($3/$6 USD) - 2016/02/29 12:22:34 ET
Table 'Helma' 6-max Seat #3 is the button
Seat 3: tweemeterzes ($120 in chips)
Seat 4: AzureCaper ($72 in chips)
tweemeterzes: posts small blind $1
AzureCaper: posts big blind $3
*** HOLE CARDS ***
tweemeterzes: calls $2
AzureCaper: checks
*** FLOP *** [7d Qc Kd]
AzureCaper: checks
tweemeterzes: bets $3
GoliafUa joins the table at seat #5
AzureCaper: folds
Uncalled bet ($3) returned to tweemeterzes
tweemeterzes collected $5.88 from pot
tweemeterzes: doesn't show hand
*** SUMMARY ***
Total pot $6 | Rake $0.12
Board [7d Qc Kd]
Seat 3: tweemeterzes (button) (small blind) collected ($5.88)
Seat 4: AzureCaper (big blind) folded on the Flop


