PokerStars Hand #169105102049:  Hold'em Limit ($3/$6 USD) - 2017/04/16 0:39:03 ET
Table 'Helwerthia' 6-max Seat #3 is the button
Seat 3: habari786 ($60 in chips)
Seat 4: VolkovDmitri ($120 in chips)
habari786: posts small blind $1
VolkovDmitri: posts big blind $3
*** HOLE CARDS ***
habari786: folds
Uncalled bet ($2) returned to VolkovDmitri
VolkovDmitri collected $2 from pot
VolkovDmitri: doesn't show hand
*** SUMMARY ***
Total pot $2 | Rake $0
Seat 3: habari786 (button) (small blind) folded before Flop
Seat 4: VolkovDmitri (big blind) collected ($2)


PokerStars Hand #169105115737:  Hold'em Limit ($3/$6 USD) - 2017/04/16 0:39:53 ET
Table 'Helwerthia' 6-max Seat #3 is the button
Seat 3: habari786 ($70.52 in chips)
Seat 4: VolkovDmitri ($120 in chips)
habari786: posts small blind $1
VolkovDmitri: posts big blind $3
*** HOLE CARDS ***
habari786: folds
Uncalled bet ($2) returned to VolkovDmitri
VolkovDmitri collected $2 from pot
VolkovDmitri: doesn't show hand
*** SUMMARY ***
Total pot $2 | Rake $0
Seat 3: habari786 (button) (small blind) folded before Flop
Seat 4: VolkovDmitri (big blind) collected ($2)


PokerStars Hand #169105106615:  Hold'em Limit ($3/$6 USD) - 2017/04/16 0:39:20 ET
Table 'Helwerthia' 6-max Seat #4 is the button
Seat 3: habari786 ($59 in chips)
Seat 4: VolkovDmitri ($121 in chips)
VolkovDmitri: posts small blind $1
habari786: posts big blind $3
*** HOLE CARDS ***
VolkovDmitri: raises $3 to $6
habari786: calls $3
*** FLOP *** [5h 2h 3s]
habari786: checks
VolkovDmitri: checks
*** TURN *** [5h 2h 3s] [Ah]
habari786: bets $6
VolkovDmitri: calls $6
*** RIVER *** [5h 2h 3s Ah] [Ad]
habari786: checks
VolkovDmitri: checks
*** SHOW DOWN ***
habari786: shows [5d 7c] (two pair, Aces and Fives)
VolkovDmitri: mucks hand
habari786 collected $23.52 from pot
*** SUMMARY ***
Total pot $24 | Rake $0.48
Board [5h 2h 3s Ah Ad]
Seat 3: habari786 (big blind) showed [5d 7c] and won ($23.52) with two pair, Aces and Fives
Seat 4: VolkovDmitri (button) (small blind) mucked


PokerStars Hand #169105117184:  Hold'em Limit ($3/$6 USD) - 2017/04/16 0:39:58 ET
Table 'Helwerthia' 6-max Seat #4 is the button
Seat 3: habari786 ($69.52 in chips)
Seat 4: VolkovDmitri ($121 in chips)
VolkovDmitri: posts small blind $1
habari786: posts big blind $3
*** HOLE CARDS ***
VolkovDmitri: raises $3 to $6
habari786: folds
Uncalled bet ($3) returned to VolkovDmitri
VolkovDmitri collected $6 from pot
VolkovDmitri: doesn't show hand
*** SUMMARY ***
Total pot $6 | Rake $0
Seat 3: habari786 (big blind) folded before Flop
Seat 4: VolkovDmitri (button) (small blind) collected ($6)


PokerStars Hand #169105120366:  Hold'em Limit ($3/$6 USD) - 2017/04/16 0:40:10 ET
Table 'Helwerthia' 6-max Seat #3 is the button
Seat 3: habari786 ($66.52 in chips)
Seat 4: VolkovDmitri ($124 in chips)
habari786: posts small blind $1
VolkovDmitri: posts big blind $3
*** HOLE CARDS ***
habari786: raises $3 to $6
VolkovDmitri: calls $3
*** FLOP *** [2d 3d Jc]
VolkovDmitri: checks
habari786: bets $3
VolkovDmitri: calls $3
*** TURN *** [2d 3d Jc] [3c]
VolkovDmitri: checks
habari786: bets $6
VolkovDmitri: calls $6
*** RIVER *** [2d 3d Jc 3c] [Kd]
VolkovDmitri: checks
habari786: checks
*** SHOW DOWN ***
VolkovDmitri: shows [Kc 7d] (two pair, Kings and Threes)
habari786: mucks hand
VolkovDmitri collected $29.50 from pot
*** SUMMARY ***
Total pot $30 | Rake $0.50
Board [2d 3d Jc 3c Kd]
Seat 3: habari786 (button) (small blind) mucked
Seat 4: VolkovDmitri (big blind) showed [Kc 7d] and won ($29.50) with two pair, Kings and Threes


PokerStars Hand #169105146147:  Hold'em Limit ($3/$6 USD) - 2017/04/16 0:41:43 ET
Table 'Helwerthia' 6-max Seat #3 is the button
Seat 3: habari786 ($66.02 in chips)
Seat 4: VolkovDmitri ($123.50 in chips)
habari786: posts small blind $1
VolkovDmitri: posts big blind $3
*** HOLE CARDS ***
habari786: folds
Uncalled bet ($2) returned to VolkovDmitri
VolkovDmitri collected $2 from pot
VolkovDmitri: doesn't show hand
*** SUMMARY ***
Total pot $2 | Rake $0
Seat 3: habari786 (button) (small blind) folded before Flop
Seat 4: VolkovDmitri (big blind) collected ($2)


PokerStars Hand #169105141225:  Hold'em Limit ($3/$6 USD) - 2017/04/16 0:41:25 ET
Table 'Helwerthia' 6-max Seat #4 is the button
Seat 3: habari786 ($65.02 in chips)
Seat 4: VolkovDmitri ($124.50 in chips)
VolkovDmitri: posts small blind $1
habari786: posts big blind $3
*** HOLE CARDS ***
VolkovDmitri: folds
Uncalled bet ($2) returned to habari786
habari786 collected $2 from pot
habari786: doesn't show hand
*** SUMMARY ***
Total pot $2 | Rake $0
Seat 3: habari786 (big blind) collected ($2)
Seat 4: VolkovDmitri (button) (small blind) folded before Flop


PokerStars Hand #169105129019:  Hold'em Limit ($3/$6 USD) - 2017/04/16 0:40:42 ET
Table 'Helwerthia' 6-max Seat #4 is the button
Seat 3: habari786 ($51.52 in chips)
Seat 4: VolkovDmitri ($138.50 in chips)
VolkovDmitri: posts small blind $1
habari786: posts big blind $3
*** HOLE CARDS ***
VolkovDmitri: raises $3 to $6
habari786: raises $3 to $9
VolkovDmitri: calls $3
*** FLOP *** [Qc 5c Kh]
habari786: bets $3
VolkovDmitri: raises $3 to $6
habari786: calls $3
*** TURN *** [Qc 5c Kh] [Ah]
habari786: checks
VolkovDmitri: checks
*** RIVER *** [Qc 5c Kh Ah] [4s]
habari786: bets $6
VolkovDmitri: folds
Uncalled bet ($6) returned to habari786
habari786 collected $29.50 from pot
habari786: doesn't show hand
*** SUMMARY ***
Total pot $30 | Rake $0.50
Board [Qc 5c Kh Ah 4s]
Seat 3: habari786 (big blind) collected ($29.50)
Seat 4: VolkovDmitri (button) (small blind) folded on the River


PokerStars Hand #169105139897:  Hold'em Limit ($3/$6 USD) - 2017/04/16 0:41:20 ET
Table 'Helwerthia' 6-max Seat #3 is the button
Seat 3: habari786 ($66.02 in chips)
Seat 4: VolkovDmitri ($123.50 in chips)
habari786: posts small blind $1
VolkovDmitri: posts big blind $3
*** HOLE CARDS ***
habari786: folds
Uncalled bet ($2) returned to VolkovDmitri
VolkovDmitri collected $2 from pot
VolkovDmitri: doesn't show hand
*** SUMMARY ***
Total pot $2 | Rake $0
Seat 3: habari786 (button) (small blind) folded before Flop
Seat 4: VolkovDmitri (big blind) collected ($2)


PokerStars Hand #169105162745:  Hold'em Limit ($3/$6 USD) - 2017/04/16 0:42:42 ET
Table 'Helwerthia' 6-max Seat #4 is the button
Seat 3: habari786 ($68.66 in chips)
Seat 4: VolkovDmitri ($125 in chips)
VolkovDmitri: posts small blind $1
habari786: posts big blind $3
*** HOLE CARDS ***
VolkovDmitri: raises $3 to $6
habari786: folds
Uncalled bet ($3) returned to VolkovDmitri
VolkovDmitri collected $6 from pot
VolkovDmitri: doesn't show hand
*** SUMMARY ***
Total pot $6 | Rake $0
Seat 3: habari786 (big blind) folded before Flop
Seat 4: VolkovDmitri (button) (small blind) collected ($6)


PokerStars Hand #169105161415:  Hold'em Limit ($3/$6 USD) - 2017/04/16 0:42:38 ET
Table 'Helwerthia' 6-max Seat #3 is the button
Seat 3: habari786 ($69.66 in chips)
Seat 4: VolkovDmitri ($124 in chips)
habari786: posts small blind $1
VolkovDmitri: posts big blind $3
*** HOLE CARDS ***
habari786: folds
Uncalled bet ($2) returned to VolkovDmitri
VolkovDmitri collected $2 from pot
VolkovDmitri: doesn't show hand
*** SUMMARY ***
Total pot $2 | Rake $0
Seat 3: habari786 (button) (small blind) folded before Flop
Seat 4: VolkovDmitri (big blind) collected ($2)


PokerStars Hand #169105157076:  Hold'em Limit ($3/$6 USD) - 2017/04/16 0:42:22 ET
Table 'Helwerthia' 6-max Seat #3 is the button
Seat 3: habari786 ($73.66 in chips)
Seat 4: VolkovDmitri ($120 in chips)
habari786: posts small blind $1
VolkovDmitri: posts big blind $3
*** HOLE CARDS ***
habari786: folds
Uncalled bet ($2) returned to VolkovDmitri
VolkovDmitri collected $2 from pot
VolkovDmitri: doesn't show hand
*** SUMMARY ***
Total pot $2 | Rake $0
Seat 3: habari786 (button) (small blind) folded before Flop
Seat 4: VolkovDmitri (big blind) collected ($2)


PokerStars Hand #169105147479:  Hold'em Limit ($3/$6 USD) - 2017/04/16 0:41:48 ET
Table 'Helwerthia' 6-max Seat #4 is the button
Seat 3: habari786 ($65.02 in chips)
Seat 4: VolkovDmitri ($124.50 in chips)
VolkovDmitri: posts small blind $1
habari786: posts big blind $3
*** HOLE CARDS ***
VolkovDmitri: raises $3 to $6
habari786: calls $3
*** FLOP *** [5c 8s Ad]
habari786: checks
VolkovDmitri: bets $3
habari786: calls $3
*** TURN *** [5c 8s Ad] [Td]
habari786: checks
VolkovDmitri: checks
*** RIVER *** [5c 8s Ad Td] [Kh]
habari786: checks
VolkovDmitri: checks
*** SHOW DOWN ***
habari786: shows [8d Js] (a pair of Eights)
VolkovDmitri: mucks hand
habari786 collected $17.64 from pot
*** SUMMARY ***
Total pot $18 | Rake $0.36
Board [5c 8s Ad Td Kh]
Seat 3: habari786 (big blind) showed [8d Js] and won ($17.64) with a pair of Eights
Seat 4: VolkovDmitri (button) (small blind) mucked


PokerStars Hand #169105159374:  Hold'em Limit ($3/$6 USD) - 2017/04/16 0:42:30 ET
Table 'Helwerthia' 6-max Seat #4 is the button
Seat 3: habari786 ($72.66 in chips)
Seat 4: VolkovDmitri ($121 in chips)
VolkovDmitri: posts small blind $1
habari786: posts big blind $3
*** HOLE CARDS ***
VolkovDmitri: raises $3 to $6
habari786: folds
Uncalled bet ($3) returned to VolkovDmitri
VolkovDmitri collected $6 from pot
VolkovDmitri: doesn't show hand
*** SUMMARY ***
Total pot $6 | Rake $0
Seat 3: habari786 (big blind) folded before Flop
Seat 4: VolkovDmitri (button) (small blind) collected ($6)


PokerStars Hand #169105164747:  Hold'em Limit ($3/$6 USD) - 2017/04/16 0:42:49 ET
Table 'Helwerthia' 6-max Seat #3 is the button
Seat 3: habari786 ($65.66 in chips)
Seat 4: VolkovDmitri ($128 in chips)
habari786: posts small blind $1
VolkovDmitri: posts big blind $3
*** HOLE CARDS ***
habari786: raises $3 to $6
VolkovDmitri: calls $3
*** FLOP *** [Ac 4d 5h]
VolkovDmitri: checks
habari786: bets $3
VolkovDmitri: calls $3
*** TURN *** [Ac 4d 5h] [As]
VolkovDmitri: checks
habari786: checks
*** RIVER *** [Ac 4d 5h As] [3h]
VolkovDmitri: checks
habari786: checks
*** SHOW DOWN ***
VolkovDmitri: shows [3d Qd] (two pair, Aces and Threes)
habari786: mucks hand
VolkovDmitri collected $17.64 from pot
*** SUMMARY ***
Total pot $18 | Rake $0.36
Board [Ac 4d 5h As 3h]
Seat 3: habari786 (button) (small blind) mucked
Seat 4: VolkovDmitri (big blind) showed [3d Qd] and won ($17.64) with two pair, Aces and Threes


PokerStars Hand #169105172949:  Hold'em Limit ($3/$6 USD) - 2017/04/16 0:43:18 ET
Table 'Helwerthia' 6-max Seat #4 is the button
Seat 3: habari786 ($56.66 in chips)
Seat 4: VolkovDmitri ($136.64 in chips)
VolkovDmitri: posts small blind $1
habari786: posts big blind $3
*** HOLE CARDS ***
VolkovDmitri: raises $3 to $6
habari786: raises $3 to $9
VolkovDmitri: calls $3
*** FLOP *** [Ad 7c Tc]
habari786: bets $3
VolkovDmitri: folds
Uncalled bet ($3) returned to habari786
habari786 collected $17.64 from pot
habari786: doesn't show hand
*** SUMMARY ***
Total pot $18 | Rake $0.36
Board [Ad 7c Tc]
Seat 3: habari786 (big blind) collected ($17.64)
Seat 4: VolkovDmitri (button) (small blind) folded on the Flop


PokerStars Hand #169105192282:  Hold'em Limit ($3/$6 USD) - 2017/04/16 0:44:28 ET
Table 'Helwerthia' 6-max Seat #4 is the button
Seat 3: habari786 ($44.30 in chips)
Seat 4: VolkovDmitri ($148.14 in chips)
VolkovDmitri: posts small blind $1
habari786: posts big blind $3
*** HOLE CARDS ***
VolkovDmitri: raises $3 to $6
habari786: raises $3 to $9
VolkovDmitri: calls $3
*** FLOP *** [6d Jd 9d]
habari786: bets $3
VolkovDmitri: calls $3
*** TURN *** [6d Jd 9d] [Jc]
habari786: bets $6
VolkovDmitri: calls $6
*** RIVER *** [6d Jd 9d Jc] [Ks]
habari786: bets $6
VolkovDmitri: calls $6
*** SHOW DOWN ***
habari786: shows [Qh Qs] (two pair, Queens and Jacks)
VolkovDmitri: shows [Kc 9s] (two pair, Kings and Jacks)
VolkovDmitri collected $47.50 from pot
*** SUMMARY ***
Total pot $48 | Rake $0.50
Board [6d Jd 9d Jc Ks]
Seat 3: habari786 (big blind) showed [Qh Qs] and lost with two pair, Queens and Jacks
Seat 4: VolkovDmitri (button) (small blind) showed [Kc 9s] and won ($47.50) with two pair, Kings and Jacks


PokerStars Hand #169105204492:  Hold'em Limit ($3/$6 USD) - 2017/04/16 0:45:12 ET
Table 'Helwerthia' 6-max Seat #4 is the button
Seat 3: habari786 ($26.06 in chips)
Seat 4: VolkovDmitri ($165.64 in chips)
VolkovDmitri: posts small blind $1
habari786: posts big blind $3
*** HOLE CARDS ***
VolkovDmitri: folds
Uncalled bet ($2) returned to habari786
habari786 collected $2 from pot
habari786: doesn't show hand
*** SUMMARY ***
Total pot $2 | Rake $0
Seat 3: habari786 (big blind) collected ($2)
Seat 4: VolkovDmitri (button) (small blind) folded before Flop


PokerStars Hand #169105200570:  Hold'em Limit ($3/$6 USD) - 2017/04/16 0:44:58 ET
Table 'Helwerthia' 6-max Seat #3 is the button
Seat 3: habari786 ($20.30 in chips)
Seat 4: VolkovDmitri ($171.64 in chips)
habari786: posts small blind $1
VolkovDmitri: posts big blind $3
*** HOLE CARDS ***
habari786: raises $3 to $6
VolkovDmitri: calls $3
*** FLOP *** [3c Ks 6d]
VolkovDmitri: checks
habari786: bets $3
VolkovDmitri: folds
Uncalled bet ($3) returned to habari786
habari786 collected $11.76 from pot
habari786: doesn't show hand
*** SUMMARY ***
Total pot $12 | Rake $0.24
Board [3c Ks 6d]
Seat 3: habari786 (button) (small blind) collected ($11.76)
Seat 4: VolkovDmitri (big blind) folded on the Flop


PokerStars Hand #169105206809:  Hold'em Limit ($3/$6 USD) - 2017/04/16 0:45:20 ET
Table 'Helwerthia' 6-max Seat #3 is the button
Seat 3: habari786 ($27.06 in chips)
Seat 4: VolkovDmitri ($164.64 in chips)
habari786: posts small blind $1
VolkovDmitri: posts big blind $3
*** HOLE CARDS ***
habari786: raises $3 to $6
VolkovDmitri: folds
Uncalled bet ($3) returned to habari786
habari786 collected $6 from pot
habari786: doesn't show hand
*** SUMMARY ***
Total pot $6 | Rake $0
Seat 3: habari786 (button) (small blind) collected ($6)
Seat 4: VolkovDmitri (big blind) folded before Flop


PokerStars Hand #169105217986:  Hold'em Limit ($3/$6 USD) - 2017/04/16 0:46:00 ET
Table 'Helwerthia' 6-max Seat #4 is the button
Seat 3: habari786 ($44.46 in chips)
Seat 4: VolkovDmitri ($146.64 in chips)
VolkovDmitri: posts small blind $1
habari786: posts big blind $3
*** HOLE CARDS ***
VolkovDmitri: raises $3 to $6
habari786: folds
Uncalled bet ($3) returned to VolkovDmitri
VolkovDmitri collected $6 from pot
VolkovDmitri: doesn't show hand
*** SUMMARY ***
Total pot $6 | Rake $0
Seat 3: habari786 (big blind) folded before Flop
Seat 4: VolkovDmitri (button) (small blind) collected ($6)


PokerStars Hand #169105213870:  Hold'em Limit ($3/$6 USD) - 2017/04/16 0:45:46 ET
Table 'Helwerthia' 6-max Seat #3 is the button
Seat 3: habari786 ($38.70 in chips)
Seat 4: VolkovDmitri ($152.64 in chips)
habari786: posts small blind $1
VolkovDmitri: posts big blind $3
*** HOLE CARDS ***
habari786: raises $3 to $6
VolkovDmitri: calls $3
*** FLOP *** [Td Ks Kc]
VolkovDmitri: checks
habari786: bets $3
VolkovDmitri: folds
Uncalled bet ($3) returned to habari786
habari786 collected $11.76 from pot
habari786: doesn't show hand
*** SUMMARY ***
Total pot $12 | Rake $0.24
Board [Td Ks Kc]
Seat 3: habari786 (button) (small blind) collected ($11.76)
Seat 4: VolkovDmitri (big blind) folded on the Flop


PokerStars Hand #169105208543:  Hold'em Limit ($3/$6 USD) - 2017/04/16 0:45:27 ET
Table 'Helwerthia' 6-max Seat #4 is the button
Seat 3: habari786 ($30.06 in chips)
Seat 4: VolkovDmitri ($161.64 in chips)
VolkovDmitri: posts small blind $1
habari786: posts big blind $3
*** HOLE CARDS ***
VolkovDmitri: raises $3 to $6
habari786: calls $3
*** FLOP *** [Ks Qh 2h]
habari786: checks
VolkovDmitri: bets $3
habari786: raises $3 to $6
VolkovDmitri: folds
Uncalled bet ($3) returned to habari786
habari786 collected $17.64 from pot
habari786: doesn't show hand
*** SUMMARY ***
Total pot $18 | Rake $0.36
Board [Ks Qh 2h]
Seat 3: habari786 (big blind) collected ($17.64)
Seat 4: VolkovDmitri (button) (small blind) folded on the Flop


PokerStars Hand #169105233037:  Hold'em Limit ($3/$6 USD) - 2017/04/16 0:46:54 ET
Table 'Helwerthia' 6-max Seat #3 is the button
Seat 3: habari786 ($57.96 in chips)
Seat 4: VolkovDmitri ($132.64 in chips)
habari786: posts small blind $1
VolkovDmitri: posts big blind $3
*** HOLE CARDS ***
habari786: folds
Uncalled bet ($2) returned to VolkovDmitri
VolkovDmitri collected $2 from pot
VolkovDmitri: doesn't show hand
*** SUMMARY ***
Total pot $2 | Rake $0
Seat 3: habari786 (button) (small blind) folded before Flop
Seat 4: VolkovDmitri (big blind) collected ($2)


PokerStars Hand #169105222601:  Hold'em Limit ($3/$6 USD) - 2017/04/16 0:46:17 ET
Table 'Helwerthia' 6-max Seat #4 is the button
Seat 3: habari786 ($40.46 in chips)
Seat 4: VolkovDmitri ($150.64 in chips)
VolkovDmitri: posts small blind $1
habari786: posts big blind $3
*** HOLE CARDS ***
VolkovDmitri: raises $3 to $6
habari786: raises $3 to $9
VolkovDmitri: calls $3
*** FLOP *** [2h 2d 5s]
habari786: checks
VolkovDmitri: bets $3
habari786: calls $3
*** TURN *** [2h 2d 5s] [Qc]
habari786: checks
VolkovDmitri: checks
*** RIVER *** [2h 2d 5s Qc] [5d]
habari786: bets $6
VolkovDmitri: calls $6
*** SHOW DOWN ***
habari786: shows [Qh 8c] (two pair, Queens and Fives)
VolkovDmitri: mucks hand
habari786 collected $35.50 from pot
*** SUMMARY ***
Total pot $36 | Rake $0.50
Board [2h 2d 5s Qc 5d]
Seat 3: habari786 (big blind) showed [Qh 8c] and won ($35.50) with two pair, Queens and Fives
Seat 4: VolkovDmitri (button) (small blind) mucked


PokerStars Hand #169105220504:  Hold'em Limit ($3/$6 USD) - 2017/04/16 0:46:09 ET
Table 'Helwerthia' 6-max Seat #3 is the button
Seat 3: habari786 ($41.46 in chips)
Seat 4: VolkovDmitri ($149.64 in chips)
habari786: posts small blind $1
VolkovDmitri: posts big blind $3
*** HOLE CARDS ***
habari786: folds
Uncalled bet ($2) returned to VolkovDmitri
VolkovDmitri collected $2 from pot
VolkovDmitri: doesn't show hand
*** SUMMARY ***
Total pot $2 | Rake $0
Seat 3: habari786 (button) (small blind) folded before Flop
Seat 4: VolkovDmitri (big blind) collected ($2)


PokerStars Hand #169105234530:  Hold'em Limit ($3/$6 USD) - 2017/04/16 0:47:00 ET
Table 'Helwerthia' 6-max Seat #4 is the button
Seat 3: habari786 ($56.96 in chips)
Seat 4: VolkovDmitri ($133.64 in chips)
VolkovDmitri: posts small blind $1
habari786: posts big blind $3
*** HOLE CARDS ***
VolkovDmitri: raises $3 to $6
habari786: folds
Uncalled bet ($3) returned to VolkovDmitri
habari786 leaves the table
VolkovDmitri collected $6 from pot
VolkovDmitri: doesn't show hand
*** SUMMARY ***
Total pot $6 | Rake $0
Seat 3: habari786 (big blind) folded before Flop
Seat 4: VolkovDmitri (button) (small blind) collected ($6)


