PokerStars Hand #155517781412:  Hold'em Limit ($3/$6 USD) - 2016/07/03 14:33:21 ET
Table 'Helwerthia II' 6-max Seat #6 is the button
Seat 4: VolkovDmitri ($120 in chips)
Seat 6: pepponni ($59 in chips)
pepponni: posts small blind $1
VolkovDmitri: posts big blind $3
*** HOLE CARDS ***
pepponni: folds
Uncalled bet ($2) returned to VolkovDmitri
VolkovDmitri collected $2 from pot
VolkovDmitri: doesn't show hand
*** SUMMARY ***
Total pot $2 | Rake $0
Seat 4: VolkovDmitri (big blind) collected ($2)
Seat 6: pepponni (button) (small blind) folded before Flop


PokerStars Hand #155517751294:  Hold'em Limit ($3/$6 USD) - 2016/07/03 14:32:45 ET
Table 'Helwerthia II' 6-max Seat #4 is the button
Seat 4: VolkovDmitri ($120 in chips)
Seat 6: pepponni ($44.50 in chips)
VolkovDmitri: posts small blind $1
pepponni: posts big blind $3
*** HOLE CARDS ***
VolkovDmitri: raises $3 to $6
pepponni: calls $3
*** FLOP *** [Js Jh 2c]
pepponni: checks
VolkovDmitri: bets $3
pepponni: calls $3
*** TURN *** [Js Jh 2c] [4c]
pepponni: checks
VolkovDmitri: bets $6
pepponni: raises $6 to $12
VolkovDmitri: folds
Uncalled bet ($6) returned to pepponni
pepponni collected $29.50 from pot
*** SUMMARY ***
Total pot $30 | Rake $0.50
Board [Js Jh 2c 4c]
Seat 4: VolkovDmitri (button) (small blind) folded on the Turn
Seat 6: pepponni (big blind) collected ($29.50)


PokerStars Hand #155517785947:  Hold'em Limit ($3/$6 USD) - 2016/07/03 14:33:27 ET
Table 'Helwerthia II' 6-max Seat #4 is the button
Seat 4: VolkovDmitri ($121 in chips)
Seat 6: pepponni ($58 in chips)
VolkovDmitri: posts small blind $1
pepponni: posts big blind $3
*** HOLE CARDS ***
VolkovDmitri: raises $3 to $6
pepponni: calls $3
*** FLOP *** [Qh Td Jd]
pepponni: checks
VolkovDmitri: bets $3
pepponni: raises $3 to $6
VolkovDmitri: calls $3
*** TURN *** [Qh Td Jd] [Ks]
pepponni: checks
VolkovDmitri: checks
*** RIVER *** [Qh Td Jd Ks] [9d]
pepponni: checks
VolkovDmitri: checks
*** SHOW DOWN ***
pepponni: shows [Kc 9s] (a straight, Nine to King)
VolkovDmitri: shows [7c Tc] (a straight, Nine to King)
pepponni collected $11.76 from pot
VolkovDmitri collected $11.76 from pot
*** SUMMARY ***
Total pot $24 | Rake $0.48
Board [Qh Td Jd Ks 9d]
Seat 4: VolkovDmitri (button) (small blind) showed [7c Tc] and won ($11.76) with a straight, Nine to King
Seat 6: pepponni (big blind) showed [Kc 9s] and won ($11.76) with a straight, Nine to King


PokerStars Hand #155517888391:  Hold'em Limit ($3/$6 USD) - 2016/07/03 14:35:29 ET
Table 'Helwerthia II' 6-max Seat #4 is the button
Seat 4: VolkovDmitri ($161.78 in chips)
Seat 6: pepponni ($15.76 in chips)
VolkovDmitri: posts small blind $1
pepponni: posts big blind $3
*** HOLE CARDS ***
VolkovDmitri: folds
Uncalled bet ($2) returned to pepponni
pepponni collected $2 from pot
*** SUMMARY ***
Total pot $2 | Rake $0
Seat 4: VolkovDmitri (button) (small blind) folded before Flop
Seat 6: pepponni (big blind) collected ($2)


PokerStars Hand #155517865029:  Hold'em Limit ($3/$6 USD) - 2016/07/03 14:35:01 ET
Table 'Helwerthia II' 6-max Seat #6 is the button
Seat 4: VolkovDmitri ($150.26 in chips)
Seat 6: pepponni ($27.76 in chips)
pepponni: posts small blind $1
VolkovDmitri: posts big blind $3
*** HOLE CARDS ***
pepponni: raises $3 to $6
VolkovDmitri: raises $3 to $9
pepponni: calls $3
*** FLOP *** [4c 3s Js]
VolkovDmitri: bets $3
pepponni: calls $3
*** TURN *** [4c 3s Js] [3h]
VolkovDmitri: bets $6
pepponni: folds
Uncalled bet ($6) returned to VolkovDmitri
VolkovDmitri collected $23.52 from pot
VolkovDmitri: doesn't show hand
*** SUMMARY ***
Total pot $24 | Rake $0.48
Board [4c 3s Js 3h]
Seat 4: VolkovDmitri (big blind) collected ($23.52)
Seat 6: pepponni (button) (small blind) folded on the Turn


PokerStars Hand #155517859043:  Hold'em Limit ($3/$6 USD) - 2016/07/03 14:34:54 ET
Table 'Helwerthia II' 6-max Seat #4 is the button
Seat 4: VolkovDmitri ($147.26 in chips)
Seat 6: pepponni ($30.76 in chips)
VolkovDmitri: posts small blind $1
pepponni: posts big blind $3
*** HOLE CARDS ***
VolkovDmitri: raises $3 to $6
pepponni: folds
Uncalled bet ($3) returned to VolkovDmitri
VolkovDmitri collected $6 from pot
VolkovDmitri: doesn't show hand
*** SUMMARY ***
Total pot $6 | Rake $0
Seat 4: VolkovDmitri (button) (small blind) collected ($6)
Seat 6: pepponni (big blind) folded before Flop


PokerStars Hand #155517814140:  Hold'em Limit ($3/$6 USD) - 2016/07/03 14:34:00 ET
Table 'Helwerthia II' 6-max Seat #6 is the button
Seat 4: VolkovDmitri ($120.76 in chips)
Seat 6: pepponni ($57.76 in chips)
pepponni: posts small blind $1
VolkovDmitri: posts big blind $3
*** HOLE CARDS ***
pepponni: raises $3 to $6
VolkovDmitri: raises $3 to $9
pepponni: calls $3
*** FLOP *** [6d 5s 3h]
VolkovDmitri: bets $3
pepponni: raises $3 to $6
VolkovDmitri: calls $3
*** TURN *** [6d 5s 3h] [4s]
VolkovDmitri: bets $6
pepponni: calls $6
*** RIVER *** [6d 5s 3h 4s] [6s]
VolkovDmitri: bets $6
pepponni: calls $6
*** SHOW DOWN ***
VolkovDmitri: shows [Ac 7h] (a straight, Three to Seven)
pepponni: mucks hand
VolkovDmitri collected $53.50 from pot
*** SUMMARY ***
Total pot $54 | Rake $0.50
Board [6d 5s 3h 4s 6s]
Seat 4: VolkovDmitri (big blind) showed [Ac 7h] and won ($53.50) with a straight, Three to Seven
Seat 6: pepponni (button) (small blind) mucked


PokerStars Hand #155517920823:  Hold'em Limit ($3/$6 USD) - 2016/07/03 14:36:07 ET
Table 'Helwerthia II' 6-max Seat #4 is the button
Seat 4: VolkovDmitri ($144.02 in chips)
Seat 6: pepponni ($33.02 in chips)
VolkovDmitri: posts small blind $1
pepponni: posts big blind $3
*** HOLE CARDS ***
VolkovDmitri: raises $3 to $6
pepponni: folds
Uncalled bet ($3) returned to VolkovDmitri
VolkovDmitri collected $6 from pot
VolkovDmitri: doesn't show hand
*** SUMMARY ***
Total pot $6 | Rake $0
Seat 4: VolkovDmitri (button) (small blind) collected ($6)
Seat 6: pepponni (big blind) folded before Flop


PokerStars Hand #155517894177:  Hold'em Limit ($3/$6 USD) - 2016/07/03 14:35:36 ET
Table 'Helwerthia II' 6-max Seat #6 is the button
Seat 4: VolkovDmitri ($160.78 in chips)
Seat 6: pepponni ($16.76 in chips)
pepponni: posts small blind $1
VolkovDmitri: posts big blind $3
*** HOLE CARDS ***
pepponni: raises $3 to $6
VolkovDmitri: raises $3 to $9
pepponni: calls $3
*** FLOP *** [Jc Qs 4h]
VolkovDmitri: bets $3
pepponni: raises $3 to $6
VolkovDmitri: calls $3
*** TURN *** [Jc Qs 4h] [8d]
VolkovDmitri: bets $6
pepponni: calls $1.76 and is all-in
Uncalled bet ($4.24) returned to VolkovDmitri
*** RIVER *** [Jc Qs 4h 8d] [2d]
*** SHOW DOWN ***
VolkovDmitri: shows [Tc Ks] (high card King)
pepponni: shows [Jd 4d] (two pair, Jacks and Fours)
pepponni collected $33.02 from pot
*** SUMMARY ***
Total pot $33.52 | Rake $0.50
Board [Jc Qs 4h 8d 2d]
Seat 4: VolkovDmitri (big blind) showed [Tc Ks] and lost with high card King
Seat 6: pepponni (button) (small blind) showed [Jd 4d] and won ($33.02) with two pair, Jacks and Fours


PokerStars Hand #155517967865:  Hold'em Limit ($3/$6 USD) - 2016/07/03 14:37:02 ET
Table 'Helwerthia II' 6-max Seat #6 is the button
Seat 4: VolkovDmitri ($172.52 in chips)
Seat 6: pepponni ($4.02 in chips)
pepponni: posts small blind $1
VolkovDmitri: posts big blind $3
*** HOLE CARDS ***
pepponni: raises $1.02 to $4.02 and is all-in
VolkovDmitri: calls $1.02
*** FLOP *** [Ts 7s 8h]
*** TURN *** [Ts 7s 8h] [Qc]
*** RIVER *** [Ts 7s 8h Qc] [3d]
*** SHOW DOWN ***
VolkovDmitri: shows [2s 4d] (high card Queen)
pepponni: shows [9c 7c] (a pair of Sevens)
pepponni collected $7.88 from pot
*** SUMMARY ***
Total pot $8.04 | Rake $0.16
Board [Ts 7s 8h Qc 3d]
Seat 4: VolkovDmitri (big blind) showed [2s 4d] and lost with high card Queen
Seat 6: pepponni (button) (small blind) showed [9c 7c] and won ($7.88) with a pair of Sevens


PokerStars Hand #155517961233:  Hold'em Limit ($3/$6 USD) - 2016/07/03 14:36:54 ET
Table 'Helwerthia II' 6-max Seat #4 is the button
Seat 4: VolkovDmitri ($173.52 in chips)
Seat 6: pepponni ($3.02 in chips)
VolkovDmitri: posts small blind $1
pepponni: posts big blind $3
*** HOLE CARDS ***
VolkovDmitri: folds
Uncalled bet ($2) returned to pepponni
pepponni collected $2 from pot
*** SUMMARY ***
Total pot $2 | Rake $0
Seat 4: VolkovDmitri (button) (small blind) folded before Flop
Seat 6: pepponni (big blind) collected ($2)


PokerStars Hand #155517926069:  Hold'em Limit ($3/$6 USD) - 2016/07/03 14:36:13 ET
Table 'Helwerthia II' 6-max Seat #6 is the button
Seat 4: VolkovDmitri ($147.02 in chips)
Seat 6: pepponni ($30.02 in chips)
pepponni: posts small blind $1
VolkovDmitri: posts big blind $3
*** HOLE CARDS ***
pepponni: raises $3 to $6
VolkovDmitri: raises $3 to $9
pepponni: calls $3
*** FLOP *** [4s Kd 9s]
VolkovDmitri: bets $3
pepponni: raises $3 to $6
VolkovDmitri: calls $3
*** TURN *** [4s Kd 9s] [3c]
VolkovDmitri: checks
pepponni: bets $6
VolkovDmitri: calls $6
*** RIVER *** [4s Kd 9s 3c] [5c]
VolkovDmitri: checks
pepponni: bets $6
VolkovDmitri: calls $6
*** SHOW DOWN ***
pepponni: shows [Qd 8h] (high card King)
VolkovDmitri: shows [Td Ac] (high card Ace)
VolkovDmitri collected $53.50 from pot
*** SUMMARY ***
Total pot $54 | Rake $0.50
Board [4s Kd 9s 3c 5c]
Seat 4: VolkovDmitri (big blind) showed [Td Ac] and won ($53.50) with high card Ace
Seat 6: pepponni (button) (small blind) showed [Qd 8h] and lost with high card King


PokerStars Hand #155517979214:  Hold'em Limit ($3/$6 USD) - 2016/07/03 14:37:16 ET
Table 'Helwerthia II' 6-max Seat #4 is the button
Seat 4: VolkovDmitri ($168.50 in chips)
Seat 6: pepponni ($7.88 in chips)
VolkovDmitri: posts small blind $1
pepponni: posts big blind $3
*** HOLE CARDS ***
VolkovDmitri: raises $3 to $6
pepponni: raises $1.88 to $7.88 and is all-in
VolkovDmitri: calls $1.88
*** FLOP *** [Jh 8s Ad]
*** TURN *** [Jh 8s Ad] [Qc]
*** RIVER *** [Jh 8s Ad Qc] [8h]
*** SHOW DOWN ***
pepponni: shows [3s 2c] (a pair of Eights)
VolkovDmitri: shows [7d Ks] (a pair of Eights - Ace+King kicker)
pepponni leaves the table
VolkovDmitri collected $15.44 from pot
*** SUMMARY ***
Total pot $15.76 | Rake $0.32
Board [Jh 8s Ad Qc 8h]
Seat 4: VolkovDmitri (button) (small blind) showed [7d Ks] and won ($15.44) with a pair of Eights
Seat 6: pepponni (big blind) showed [3s 2c] and lost with a pair of Eights


