PokerStars Hand #173206560361:  Hold'em Limit ($3/$6 USD) - 2017/07/18 15:46:51 ET
Table 'Helwerthia' 10-max Seat #7 is the button
Seat 6: cuchuka ($157.18 in chips)
Seat 7: vestimokrec ($150.19 in chips)
vestimokrec: posts small blind $1
cuchuka: posts big blind $3
*** HOLE CARDS ***
vestimokrec: raises $3 to $6
barranqueiro leaves the table
cuchuka: folds
Uncalled bet ($3) returned to vestimokrec
vestimokrec collected $6 from pot
vestimokrec: doesn't show hand
*** SUMMARY ***
Total pot $6 | Rake $0
Seat 6: cuchuka (big blind) folded before Flop
Seat 7: vestimokrec (button) (small blind) collected ($6)


PokerStars Hand #173206566225:  Hold'em Limit ($3/$6 USD) - 2017/07/18 15:46:58 ET
Table 'Helwerthia' 10-max Seat #6 is the button
Seat 6: cuchuka ($154.18 in chips)
Seat 7: vestimokrec ($153.19 in chips)
cuchuka: posts small blind $1
vestimokrec: posts big blind $3
*** HOLE CARDS ***
cuchuka: raises $3 to $6
vestimokrec: calls $3
*** FLOP *** [7c Jh 9d]
vestimokrec: checks
cuchuka: bets $3
vestimokrec: calls $3
*** TURN *** [7c Jh 9d] [3h]
vestimokrec: checks
cuchuka: bets $6
vestimokrec: calls $6
*** RIVER *** [7c Jh 9d 3h] [Td]
vestimokrec: checks
cuchuka: bets $6
vestimokrec: folds
Uncalled bet ($6) returned to cuchuka
cuchuka collected $29.50 from pot
*** SUMMARY ***
Total pot $30 | Rake $0.50
Board [7c Jh 9d 3h Td]
Seat 6: cuchuka (button) (small blind) collected ($29.50)
Seat 7: vestimokrec (big blind) folded on the River


PokerStars Hand #173206636524:  Hold'em Limit ($3/$6 USD) - 2017/07/18 15:48:21 ET
Table 'Helwerthia' 10-max Seat #6 is the button
Seat 6: cuchuka ($186.18 in chips)
Seat 7: vestimokrec ($120.19 in chips)
cuchuka: posts small blind $1
vestimokrec: posts big blind $3
*** HOLE CARDS ***
cuchuka: folds
Uncalled bet ($2) returned to vestimokrec
vestimokrec collected $2 from pot
vestimokrec: doesn't show hand
*** SUMMARY ***
Total pot $2 | Rake $0
Seat 6: cuchuka (button) (small blind) folded before Flop
Seat 7: vestimokrec (big blind) collected ($2)


PokerStars Hand #173206606743:  Hold'em Limit ($3/$6 USD) - 2017/07/18 15:47:46 ET
Table 'Helwerthia' 10-max Seat #7 is the button
Seat 6: cuchuka ($168.68 in chips)
Seat 7: vestimokrec ($138.19 in chips)
vestimokrec: posts small blind $1
cuchuka: posts big blind $3
*** HOLE CARDS ***
vestimokrec: raises $3 to $6
cuchuka: calls $3
*** FLOP *** [4h 7h 4c]
cuchuka: checks
vestimokrec: bets $3
cuchuka: raises $3 to $6
vestimokrec: calls $3
*** TURN *** [4h 7h 4c] [8c]
cuchuka: bets $6
vestimokrec: calls $6
*** RIVER *** [4h 7h 4c 8c] [3c]
cuchuka: bets $6
vestimokrec: folds
Uncalled bet ($6) returned to cuchuka
cuchuka collected $35.50 from pot
*** SUMMARY ***
Total pot $36 | Rake $0.50
Board [4h 7h 4c 8c 3c]
Seat 6: cuchuka (big blind) collected ($35.50)
Seat 7: vestimokrec (button) (small blind) folded on the River


PokerStars Hand #173206644898:  Hold'em Limit ($3/$6 USD) - 2017/07/18 15:48:31 ET
Table 'Helwerthia' 10-max Seat #6 is the button
Seat 6: cuchuka ($186.18 in chips)
Seat 7: vestimokrec ($120.19 in chips)
cuchuka: posts small blind $1
vestimokrec: posts big blind $3
*** HOLE CARDS ***
cuchuka: raises $3 to $6
vestimokrec: calls $3
*** FLOP *** [Td As Kd]
vestimokrec: checks
cuchuka: bets $3
vestimokrec: raises $3 to $6
cuchuka: calls $3
*** TURN *** [Td As Kd] [3d]
vestimokrec: bets $6
cuchuka: calls $6
*** RIVER *** [Td As Kd 3d] [4d]
vestimokrec: bets $6
cuchuka: calls $6
*** SHOW DOWN ***
vestimokrec: shows [Ad 8d] (a flush, Ace high)
Zubasa07 joins the table at seat #8
cuchuka: mucks hand
vestimokrec collected $47.50 from pot
*** SUMMARY ***
Total pot $48 | Rake $0.50
Board [Td As Kd 3d 4d]
Seat 6: cuchuka (button) (small blind) mucked
Seat 7: vestimokrec (big blind) showed [Ad 8d] and won ($47.50) with a flush, Ace high


PokerStars Hand #173206640962:  Hold'em Limit ($3/$6 USD) - 2017/07/18 15:48:27 ET
Table 'Helwerthia' 10-max Seat #7 is the button
Seat 6: cuchuka ($185.18 in chips)
Seat 7: vestimokrec ($121.19 in chips)
vestimokrec: posts small blind $1
cuchuka: posts big blind $3
*** HOLE CARDS ***
vestimokrec: folds
Uncalled bet ($2) returned to cuchuka
cuchuka collected $2 from pot
*** SUMMARY ***
Total pot $2 | Rake $0
Seat 6: cuchuka (big blind) collected ($2)
Seat 7: vestimokrec (button) (small blind) folded before Flop


PokerStars Hand #173206694111:  Hold'em Limit ($3/$6 USD) - 2017/07/18 15:49:30 ET
Table 'Helwerthia' 10-max Seat #6 is the button
Seat 6: cuchuka ($170.82 in chips)
Seat 7: vestimokrec ($134.69 in chips)
cuchuka: posts small blind $1
vestimokrec: posts big blind $3
*** HOLE CARDS ***
cuchuka: raises $3 to $6
vestimokrec: calls $3
*** FLOP *** [4s 9s Kc]
vestimokrec: checks
cuchuka: bets $3
Faderen joins the table at seat #3
vestimokrec: raises $3 to $6
cuchuka: calls $3
*** TURN *** [4s 9s Kc] [As]
vestimokrec: checks
cuchuka: bets $6
vestimokrec: calls $6
*** RIVER *** [4s 9s Kc As] [Jd]
vestimokrec: checks
cuchuka: bets $6
vestimokrec: folds
Uncalled bet ($6) returned to cuchuka
cuchuka collected $35.50 from pot
*** SUMMARY ***
Total pot $36 | Rake $0.50
Board [4s 9s Kc As Jd]
Seat 6: cuchuka (button) (small blind) collected ($35.50)
Seat 7: vestimokrec (big blind) folded on the River


PokerStars Hand #173206679915:  Hold'em Limit ($3/$6 USD) - 2017/07/18 15:49:13 ET
Table 'Helwerthia' 10-max Seat #7 is the button
Seat 6: cuchuka ($162.18 in chips)
Seat 7: vestimokrec ($143.69 in chips)
vestimokrec: posts small blind $1
cuchuka: posts big blind $3
*** HOLE CARDS ***
vestimokrec: raises $3 to $6
cuchuka: raises $3 to $9
vestimokrec: calls $3
*** FLOP *** [5d 9h Ks]
cuchuka: bets $3
vestimokrec: folds
Uncalled bet ($3) returned to cuchuka
cuchuka collected $17.64 from pot
*** SUMMARY ***
Total pot $18 | Rake $0.36
Board [5d 9h Ks]
Seat 6: cuchuka (big blind) collected ($17.64)
Seat 7: vestimokrec (button) (small blind) folded on the Flop


