PokerStars Hand #155544412885:  Hold'em Limit ($3/$6 USD) - 2016/07/04 7:17:38 ET
Table 'Helwerthia' 6-max Seat #4 is the button
Seat 3: laci36 ($56.82 in chips)
Seat 4: TbIP-TbIP 88 ($72 in chips)
TbIP-TbIP 88: posts small blind $1
laci36: posts big blind $3
*** HOLE CARDS ***
TbIP-TbIP 88: raises $3 to $6
laci36: raises $3 to $9
TbIP-TbIP 88: calls $3
*** FLOP *** [7s 3h 8s]
laci36: bets $3
TbIP-TbIP 88: calls $3
*** TURN *** [7s 3h 8s] [Ad]
laci36: bets $6
TbIP-TbIP 88: folds
Uncalled bet ($6) returned to laci36
laci36 collected $23.52 from pot
laci36: doesn't show hand
*** SUMMARY ***
Total pot $24 | Rake $0.48
Board [7s 3h 8s Ad]
Seat 3: laci36 (big blind) collected ($23.52)
Seat 4: TbIP-TbIP 88 (button) (small blind) folded on the Turn


PokerStars Hand #155544406223:  Hold'em Limit ($3/$6 USD) - 2016/07/04 7:17:21 ET
Table 'Helwerthia' 6-max Seat #3 is the button
Seat 3: laci36 ($51.06 in chips)
Seat 4: TbIP-TbIP 88 ($72 in chips)
laci36: posts small blind $1
TbIP-TbIP 88: posts big blind $3
*** HOLE CARDS ***
laci36: raises $3 to $6
TbIP-TbIP 88: calls $3
*** FLOP *** [8c Qh 3h]
TbIP-TbIP 88: checks
laci36: bets $3
TbIP-TbIP 88: folds
Uncalled bet ($3) returned to laci36
laci36 collected $11.76 from pot
laci36: doesn't show hand
*** SUMMARY ***
Total pot $12 | Rake $0.24
Board [8c Qh 3h]
Seat 3: laci36 (button) (small blind) collected ($11.76)
Seat 4: TbIP-TbIP 88 (big blind) folded on the Flop


PokerStars Hand #155544420671:  Hold'em Limit ($3/$6 USD) - 2016/07/04 7:17:57 ET
Table 'Helwerthia' 6-max Seat #3 is the button
Seat 3: laci36 ($68.34 in chips)
Seat 4: TbIP-TbIP 88 ($72 in chips)
laci36: posts small blind $1
TbIP-TbIP 88: posts big blind $3
*** HOLE CARDS ***
laci36: calls $2
TbIP-TbIP 88: checks
*** FLOP *** [8s As 9s]
TbIP-TbIP 88: bets $3
laci36: calls $3
*** TURN *** [8s As 9s] [7h]
TbIP-TbIP 88: checks
laci36: checks
*** RIVER *** [8s As 9s 7h] [2d]
TbIP-TbIP 88: checks
megabaitt joins the table at seat #6
laci36: bets $6
TbIP-TbIP 88: calls $6
*** SHOW DOWN ***
laci36: shows [9c Qc] (a pair of Nines)
TbIP-TbIP 88: mucks hand
laci36 collected $23.52 from pot
*** SUMMARY ***
Total pot $24 | Rake $0.48
Board [8s As 9s 7h 2d]
Seat 3: laci36 (button) (small blind) showed [9c Qc] and won ($23.52) with a pair of Nines
Seat 4: TbIP-TbIP 88 (big blind) mucked


PokerStars Hand #155546045277:  Hold'em Limit ($3/$6 USD) - 2016/07/04 8:21:20 ET
Table 'Helwerthia' 6-max Seat #5 is the button
Seat 4: vitamin168 ($90.73 in chips)
Seat 5: Hodaczek ($231.48 in chips)
Hodaczek: posts small blind $1
vitamin168: posts big blind $3
*** HOLE CARDS ***
Hodaczek: raises $3 to $6
vitamin168: calls $3
*** FLOP *** [Qh 3h 6s]
vitamin168: checks
Hodaczek: bets $3
vitamin168: calls $3
*** TURN *** [Qh 3h 6s] [9h]
vitamin168: checks
Hodaczek: checks
*** RIVER *** [Qh 3h 6s 9h] [6c]
vitamin168: bets $6
Hodaczek: folds
Uncalled bet ($6) returned to vitamin168
laci36 joins the table at seat #3
vitamin168 collected $17.64 from pot
vitamin168: doesn't show hand
*** SUMMARY ***
Total pot $18 | Rake $0.36
Board [Qh 3h 6s 9h 6c]
Seat 4: vitamin168 (big blind) collected ($17.64)
Seat 5: Hodaczek (button) (small blind) folded on the River


PokerStars Hand #155546053175:  Hold'em Limit ($3/$6 USD) - 2016/07/04 8:21:38 ET
Table 'Helwerthia' 6-max Seat #4 is the button
Seat 4: vitamin168 ($99.37 in chips)
Seat 5: Hodaczek ($222.48 in chips)
vitamin168: posts small blind $1
Hodaczek: posts big blind $3
*** HOLE CARDS ***
vitamin168: raises $3 to $6
Hodaczek: calls $3
*** FLOP *** [Jc 8c 6h]
Hodaczek: checks
vitamin168: bets $3
Hodaczek: raises $3 to $6
vitamin168: raises $3 to $9
Hodaczek: calls $3
*** TURN *** [Jc 8c 6h] [3d]
Hodaczek: checks
vitamin168: checks
*** RIVER *** [Jc 8c 6h 3d] [Tc]
Hodaczek: bets $6
vitamin168: calls $6
*** SHOW DOWN ***
Hodaczek: shows [8s 5s] (a pair of Eights)
vitamin168: shows [Td Ad] (a pair of Tens)
vitamin168 collected $41.50 from pot
*** SUMMARY ***
Total pot $42 | Rake $0.50
Board [Jc 8c 6h 3d Tc]
Seat 4: vitamin168 (button) (small blind) showed [Td Ad] and won ($41.50) with a pair of Tens
Seat 5: Hodaczek (big blind) showed [8s 5s] and lost with a pair of Eights


PokerStars Hand #155546490232:  Hold'em Limit ($3/$6 USD) - 2016/07/04 8:37:13 ET
Table 'Helwerthia' 6-max Seat #3 is the button
Seat 3: laci36 ($173.93 in chips)
Seat 5: Hodaczek ($155.08 in chips)
laci36: posts small blind $1
Hodaczek: posts big blind $3
*** HOLE CARDS ***
laci36: folds
Uncalled bet ($2) returned to Hodaczek
Hodaczek collected $2 from pot
Hodaczek: doesn't show hand
*** SUMMARY ***
Total pot $2 | Rake $0
Seat 3: laci36 (button) (small blind) folded before Flop
Seat 5: Hodaczek (big blind) collected ($2)


PokerStars Hand #155546483195:  Hold'em Limit ($3/$6 USD) - 2016/07/04 8:36:58 ET
Table 'Helwerthia' 6-max Seat #5 is the button
Seat 3: laci36 ($194.93 in chips)
Seat 5: Hodaczek ($134.58 in chips)
Hodaczek: posts small blind $1
Jigorek1989: is sitting out
laci36: posts big blind $3
*** HOLE CARDS ***
Hodaczek: raises $3 to $6
laci36: calls $3
*** FLOP *** [8c 9d Ac]
laci36: checks
Hodaczek: bets $3
laci36: calls $3
*** TURN *** [8c 9d Ac] [4d]
laci36: checks
Hodaczek: bets $6
laci36: calls $6
*** RIVER *** [8c 9d Ac 4d] [7s]
laci36: checks
Hodaczek: bets $6
laci36: calls $6
*** SHOW DOWN ***
Hodaczek: shows [Qs Qh] (a pair of Queens)
laci36: mucks hand
Hodaczek collected $41.50 from pot
*** SUMMARY ***
Total pot $42 | Rake $0.50
Board [8c 9d Ac 4d 7s]
Seat 3: laci36 (big blind) mucked
Seat 5: Hodaczek (button) (small blind) showed [Qs Qh] and won ($41.50) with a pair of Queens


PokerStars Hand #155546492590:  Hold'em Limit ($3/$6 USD) - 2016/07/04 8:37:18 ET
Table 'Helwerthia' 6-max Seat #5 is the button
Seat 3: laci36 ($172.93 in chips)
Seat 5: Hodaczek ($156.08 in chips)
Hodaczek: posts small blind $1
laci36: posts big blind $3
*** HOLE CARDS ***
Hodaczek: raises $3 to $6
laci36: calls $3
*** FLOP *** [9s 9h 2h]
laci36: checks
Hodaczek: checks
*** TURN *** [9s 9h 2h] [4h]
laci36: bets $6
Hodaczek: calls $6
*** RIVER *** [9s 9h 2h 4h] [3c]
laci36: bets $6
Hodaczek: calls $6
*** SHOW DOWN ***
laci36: shows [8d 2s] (two pair, Nines and Deuces)
Hodaczek: shows [5h 3d] (two pair, Nines and Threes)
Hodaczek collected $35.50 from pot
*** SUMMARY ***
Total pot $36 | Rake $0.50
Board [9s 9h 2h 4h 3c]
Seat 3: laci36 (big blind) showed [8d 2s] and lost with two pair, Nines and Deuces
Seat 5: Hodaczek (button) (small blind) showed [5h 3d] and won ($35.50) with two pair, Nines and Threes


