PokerStars Hand #164623457312:  Hold'em Limit ($3/$6 USD) - 2017/01/15 12:54:23 ET
Table 'Henan' 6-max Seat #1 is the button
Seat 1: LifeisagameX ($84 in chips)
Seat 2: bongo65 ($120 in chips)
LifeisagameX: posts small blind $1
bongo65: posts big blind $3
*** HOLE CARDS ***
volkov277 joins the table at seat #3
LifeisagameX: raises $3 to $6
bongo65: calls $3
*** FLOP *** [7s Jd 8d]
bongo65: checks
LifeisagameX: bets $3
bongo65: calls $3
*** TURN *** [7s Jd 8d] [2h]
bongo65: checks
LifeisagameX: bets $6
bongo65: calls $6
*** RIVER *** [7s Jd 8d 2h] [7d]
bongo65: checks
LifeisagameX: bets $6
bongo65: raises $6 to $12
LifeisagameX: calls $6
*** SHOW DOWN ***
bongo65: shows [Td 5d] (a flush, Jack high)
LifeisagameX: mucks hand
bongo65 collected $53.50 from pot
*** SUMMARY ***
Total pot $54 | Rake $0.50
Board [7s Jd 8d 2h 7d]
Seat 1: LifeisagameX (button) (small blind) mucked
Seat 2: bongo65 (big blind) showed [Td 5d] and won ($53.50) with a flush, Jack high


PokerStars Hand #164623588646:  Hold'em Limit ($3/$6 USD) - 2017/01/15 12:56:58 ET
Table 'Henan' 6-max Seat #3 is the button
Seat 2: bongo65 ($152.79 in chips)
Seat 3: volkov277 ($62.93 in chips)
volkov277: posts small blind $1
bongo65: posts big blind $3
*** HOLE CARDS ***
volkov277: folds
Uncalled bet ($2) returned to bongo65
bongo65 collected $2 from pot
bongo65: doesn't show hand
*** SUMMARY ***
Total pot $2 | Rake $0
Seat 2: bongo65 (big blind) collected ($2)
Seat 3: volkov277 (button) (small blind) folded before Flop


PokerStars Hand #164623579987:  Hold'em Limit ($3/$6 USD) - 2017/01/15 12:56:47 ET
Table 'Henan' 6-max Seat #2 is the button
Seat 2: bongo65 ($153.79 in chips)
Seat 3: volkov277 ($61.93 in chips)
bongo65: posts small blind $1
volkov277: posts big blind $3
*** HOLE CARDS ***
LifeisagameX leaves the table
bongo65: folds
Uncalled bet ($2) returned to volkov277
volkov277 collected $2 from pot
*** SUMMARY ***
Total pot $2 | Rake $0
Seat 2: bongo65 (button) (small blind) folded before Flop
Seat 3: volkov277 (big blind) collected ($2)


PokerStars Hand #164623607517:  Hold'em Limit ($3/$6 USD) - 2017/01/15 12:57:22 ET
Table 'Henan' 6-max Seat #3 is the button
Seat 2: bongo65 ($135.79 in chips)
Seat 3: volkov277 ($79.43 in chips)
volkov277: posts small blind $1
bongo65: posts big blind $3
*** HOLE CARDS ***
volkov277: raises $3 to $6
bongo65: folds
Uncalled bet ($3) returned to volkov277
volkov277 collected $6 from pot
*** SUMMARY ***
Total pot $6 | Rake $0
Seat 2: bongo65 (big blind) folded before Flop
Seat 3: volkov277 (button) (small blind) collected ($6)


PokerStars Hand #164623593866:  Hold'em Limit ($3/$6 USD) - 2017/01/15 12:57:04 ET
Table 'Henan' 6-max Seat #2 is the button
Seat 2: bongo65 ($153.79 in chips)
Seat 3: volkov277 ($61.93 in chips)
bongo65: posts small blind $1
volkov277: posts big blind $3
*** HOLE CARDS ***
bongo65: raises $3 to $6
volkov277: calls $3
*** FLOP *** [Jh 4d Ac]
volkov277: checks
bongo65: checks
*** TURN *** [Jh 4d Ac] [2d]
volkov277: bets $6
bongo65: calls $6
*** RIVER *** [Jh 4d Ac 2d] [7s]
volkov277: bets $6
bongo65: calls $6
*** SHOW DOWN ***
volkov277: shows [Jd 2c] (two pair, Jacks and Deuces)
bongo65: mucks hand
volkov277 collected $35.50 from pot
*** SUMMARY ***
Total pot $36 | Rake $0.50
Board [Jh 4d Ac 2d 7s]
Seat 2: bongo65 (button) (small blind) mucked
Seat 3: volkov277 (big blind) showed [Jd 2c] and won ($35.50) with two pair, Jacks and Deuces


PokerStars Hand #164623614051:  Hold'em Limit ($3/$6 USD) - 2017/01/15 12:57:30 ET
Table 'Henan' 6-max Seat #2 is the button
Seat 2: bongo65 ($132.79 in chips)
Seat 3: volkov277 ($82.43 in chips)
bongo65: posts small blind $1
volkov277: posts big blind $3
*** HOLE CARDS ***
bongo65: raises $3 to $6
volkov277: calls $3
*** FLOP *** [Jh Js 9s]
volkov277: checks
bongo65: bets $3
volkov277: calls $3
*** TURN *** [Jh Js 9s] [4d]
volkov277: checks
bongo65: bets $6
volkov277: raises $6 to $12
bongo65: calls $6
*** RIVER *** [Jh Js 9s 4d] [4c]
volkov277: bets $6
bongo65: calls $6
*** SHOW DOWN ***
volkov277: shows [8h Jd] (a full house, Jacks full of Fours)
bongo65: mucks hand
volkov277 collected $53.50 from pot
*** SUMMARY ***
Total pot $54 | Rake $0.50
Board [Jh Js 9s 4d 4c]
Seat 2: bongo65 (button) (small blind) mucked
Seat 3: volkov277 (big blind) showed [8h Jd] and won ($53.50) with a full house, Jacks full of Fours


PokerStars Hand #164623648680:  Hold'em Limit ($3/$6 USD) - 2017/01/15 12:58:14 ET
Table 'Henan' 6-max Seat #2 is the button
Seat 2: bongo65 ($108.67 in chips)
Seat 3: volkov277 ($105.93 in chips)
bongo65: posts small blind $1
volkov277: posts big blind $3
*** HOLE CARDS ***
bongo65: calls $2
volkov277: checks
*** FLOP *** [Qd Ts 4d]
volkov277: checks
bongo65: checks
*** TURN *** [Qd Ts 4d] [5h]
volkov277: checks
bongo65: bets $6
volkov277: folds
Uncalled bet ($6) returned to bongo65
bongo65 collected $5.88 from pot
bongo65: doesn't show hand
*** SUMMARY ***
Total pot $6 | Rake $0.12
Board [Qd Ts 4d 5h]
Seat 2: bongo65 (button) (small blind) collected ($5.88)
Seat 3: volkov277 (big blind) folded on the Turn


PokerStars Hand #164623637064:  Hold'em Limit ($3/$6 USD) - 2017/01/15 12:57:59 ET
Table 'Henan' 6-max Seat #3 is the button
Seat 2: bongo65 ($105.79 in chips)
Seat 3: volkov277 ($108.93 in chips)
volkov277: posts small blind $1
bongo65: posts big blind $3
*** HOLE CARDS ***
volkov277: calls $2
Krazy90 joins the table at seat #4
bongo65: checks
*** FLOP *** [7s Kh Ah]
bongo65: bets $3
volkov277: folds
Uncalled bet ($3) returned to bongo65
bongo65 collected $5.88 from pot
bongo65: doesn't show hand
*** SUMMARY ***
Total pot $6 | Rake $0.12
Board [7s Kh Ah]
Seat 2: bongo65 (big blind) collected ($5.88)
Seat 3: volkov277 (button) (small blind) folded on the Flop


PokerStars Hand #164632009639:  Hold'em Limit ($3/$6 USD) - 2017/01/15 15:04:34 ET
Table 'Henan' 6-max Seat #2 is the button
Seat 2: Grieserix ($191.77 in chips)
Seat 4: Salkucard ($127.69 in chips)
Grieserix: posts small blind $1
Salkucard: posts big blind $3
*** HOLE CARDS ***
Grieserix: raises $3 to $6
Salkucard: calls $3
*** FLOP *** [Qd 9c Kc]
Great_Kang joins the table at seat #5
Salkucard: checks
Grieserix: bets $3
Salkucard: calls $3
*** TURN *** [Qd 9c Kc] [9h]
Salkucard: checks
Grieserix: bets $6
Salkucard: raises $6 to $12
Grieserix: raises $6 to $18
Salkucard: calls $6
*** RIVER *** [Qd 9c Kc 9h] [Jh]
Salkucard: checks
Grieserix: bets $6
Salkucard: calls $6
*** SHOW DOWN ***
Grieserix: shows [8c 9s] (three of a kind, Nines)
Salkucard: mucks hand
Grieserix collected $65.50 from pot
*** SUMMARY ***
Total pot $66 | Rake $0.50
Board [Qd 9c Kc 9h Jh]
Seat 2: Grieserix (button) (small blind) showed [8c 9s] and won ($65.50) with three of a kind, Nines
Seat 4: Salkucard (big blind) mucked


PokerStars Hand #164632152868:  Hold'em Limit ($3/$6 USD) - 2017/01/15 15:06:36 ET
Table 'Henan' 6-max Seat #2 is the button
Seat 2: Grieserix ($209.27 in chips)
Seat 4: Salkucard ($71.69 in chips)
Grieserix: posts small blind $1
Salkucard: posts big blind $3
*** HOLE CARDS ***
Grieserix: raises $3 to $6
Salkucard: folds
Uncalled bet ($3) returned to Grieserix
Grieserix collected $6 from pot
*** SUMMARY ***
Total pot $6 | Rake $0
Seat 2: Grieserix (button) (small blind) collected ($6)
Seat 4: Salkucard (big blind) folded before Flop


PokerStars Hand #164632159539:  Hold'em Limit ($3/$6 USD) - 2017/01/15 15:06:42 ET
Table 'Henan' 6-max Seat #4 is the button
Seat 2: Grieserix ($212.27 in chips)
Seat 4: Salkucard ($68.69 in chips)
Salkucard: posts small blind $1
Grieserix: posts big blind $3
*** HOLE CARDS ***
Salkucard: raises $3 to $6
Grieserix: calls $3
*** FLOP *** [9s 3d 7c]
Grieserix: checks
Salkucard: bets $3
Grieserix: calls $3
*** TURN *** [9s 3d 7c] [5h]
Yuriy Ceza11 leaves the table
Grieserix: checks
Salkucard: checks
*** RIVER *** [9s 3d 7c 5h] [3c]
Grieserix: bets $6
Salkucard: raises $6 to $12
Grieserix: folds
Uncalled bet ($6) returned to Salkucard
Salkucard collected $29.50 from pot
*** SUMMARY ***
Total pot $30 | Rake $0.50
Board [9s 3d 7c 5h 3c]
Seat 2: Grieserix (big blind) folded on the River
Seat 4: Salkucard (button) (small blind) collected ($29.50)


PokerStars Hand #164632177076:  Hold'em Limit ($3/$6 USD) - 2017/01/15 15:06:56 ET
Table 'Henan' 6-max Seat #2 is the button
Seat 2: Grieserix ($197.27 in chips)
Seat 4: Salkucard ($83.19 in chips)
Grieserix: posts small blind $1
Salkucard: posts big blind $3
*** HOLE CARDS ***
Grieserix: raises $3 to $6
Salkucard: calls $3
*** FLOP *** [Tc Qs 5d]
Salkucard: checks
Grieserix: checks
*** TURN *** [Tc Qs 5d] [8h]
Salkucard: checks
Grieserix: checks
*** RIVER *** [Tc Qs 5d 8h] [Ts]
Salkucard: checks
Grieserix: checks
*** SHOW DOWN ***
Salkucard: shows [7h 3c] (a pair of Tens)
Grieserix: shows [6h Jd] (a pair of Tens - Queen+Jack kicker)
Grieserix collected $11.76 from pot
*** SUMMARY ***
Total pot $12 | Rake $0.24
Board [Tc Qs 5d 8h Ts]
Seat 2: Grieserix (button) (small blind) showed [6h Jd] and won ($11.76) with a pair of Tens
Seat 4: Salkucard (big blind) showed [7h 3c] and lost with a pair of Tens


PokerStars Hand #164632206610:  Hold'em Limit ($3/$6 USD) - 2017/01/15 15:07:22 ET
Table 'Henan' 6-max Seat #2 is the button
Seat 2: Grieserix ($223.53 in chips)
Seat 4: Salkucard ($56.19 in chips)
Grieserix: posts small blind $1
Salkucard: posts big blind $3
*** HOLE CARDS ***
Grieserix: raises $3 to $6
Salkucard: calls $3
*** FLOP *** [4s 3s 7h]
Salkucard: checks
Grieserix: checks
*** TURN *** [4s 3s 7h] [3c]
Salkucard: bets $6
Grieserix: folds
Uncalled bet ($6) returned to Salkucard
Salkucard collected $11.76 from pot
*** SUMMARY ***
Total pot $12 | Rake $0.24
Board [4s 3s 7h 3c]
Seat 2: Grieserix (button) (small blind) folded on the Turn
Seat 4: Salkucard (big blind) collected ($11.76)


PokerStars Hand #164632190358:  Hold'em Limit ($3/$6 USD) - 2017/01/15 15:07:08 ET
Table 'Henan' 6-max Seat #4 is the button
Seat 2: Grieserix ($203.03 in chips)
Seat 4: Salkucard ($77.19 in chips)
Salkucard: posts small blind $1
Grieserix: posts big blind $3
*** HOLE CARDS ***
Salkucard: raises $3 to $6
Grieserix: calls $3
*** FLOP *** [2d 9d Qc]
Grieserix: bets $3
Salkucard: calls $3
*** TURN *** [2d 9d Qc] [Tc]
Grieserix: bets $6
Salkucard: calls $6
*** RIVER *** [2d 9d Qc Tc] [Th]
Grieserix: bets $6
Salkucard: calls $6
*** SHOW DOWN ***
Grieserix: shows [9c 7d] (two pair, Tens and Nines)
Salkucard: mucks hand
Grieserix collected $41.50 from pot
*** SUMMARY ***
Total pot $42 | Rake $0.50
Board [2d 9d Qc Tc Th]
Seat 2: Grieserix (big blind) showed [9c 7d] and won ($41.50) with two pair, Tens and Nines
Seat 4: Salkucard (button) (small blind) mucked


PokerStars Hand #164632231008:  Hold'em Limit ($3/$6 USD) - 2017/01/15 15:07:43 ET
Table 'Henan' 6-max Seat #2 is the button
Seat 2: Grieserix ($202.53 in chips)
Seat 4: Salkucard ($76.45 in chips)
Grieserix: posts small blind $1
Salkucard: posts big blind $3
*** HOLE CARDS ***
Grieserix: folds
Uncalled bet ($2) returned to Salkucard
Salkucard collected $2 from pot
thaspinx joins the table at seat #1
*** SUMMARY ***
Total pot $2 | Rake $0
Seat 2: Grieserix (button) (small blind) folded before Flop
Seat 4: Salkucard (big blind) collected ($2)


PokerStars Hand #164632216914:  Hold'em Limit ($3/$6 USD) - 2017/01/15 15:07:31 ET
Table 'Henan' 6-max Seat #4 is the button
Seat 2: Grieserix ($217.53 in chips)
Seat 4: Salkucard ($61.95 in chips)
Salkucard: posts small blind $1
Grieserix: posts big blind $3
*** HOLE CARDS ***
Salkucard: raises $3 to $6
Grieserix: raises $3 to $9
Salkucard: calls $3
*** FLOP *** [Ad 5h 4h]
Grieserix: bets $3
Salkucard: raises $3 to $6
Grieserix: calls $3
*** TURN *** [Ad 5h 4h] [9d]
Grieserix: checks
Salkucard: bets $6
Grieserix: folds
Uncalled bet ($6) returned to Salkucard
Salkucard collected $29.50 from pot
*** SUMMARY ***
Total pot $30 | Rake $0.50
Board [Ad 5h 4h 9d]
Seat 2: Grieserix (big blind) folded on the Turn
Seat 4: Salkucard (button) (small blind) collected ($29.50)


PokerStars Hand #164632284841:  Hold'em Limit ($3/$6 USD) - 2017/01/15 15:08:29 ET
Table 'Henan' 6-max Seat #4 is the button
Seat 1: thaspinx ($14 in chips)
Seat 4: Salkucard ($106.59 in chips)
Salkucard: posts small blind $1
thaspinx: posts big blind $3
*** HOLE CARDS ***
Salkucard: raises $3 to $6
thaspinx: raises $3 to $9
Salkucard: raises $3 to $12
Betting is capped
thaspinx: calls $3
*** FLOP *** [6c Ad 5d]
thaspinx: bets $2 and is all-in
Salkucard: calls $2
*** TURN *** [6c Ad 5d] [Jd]
*** RIVER *** [6c Ad 5d Jd] [8d]
*** SHOW DOWN ***
thaspinx: shows [Qc 8c] (a pair of Eights)
Salkucard: shows [As 9s] (a pair of Aces)
Salkucard collected $27.50 from pot
*** SUMMARY ***
Total pot $28 | Rake $0.50
Board [6c Ad 5d Jd 8d]
Seat 1: thaspinx (big blind) showed [Qc 8c] and lost with a pair of Eights
Seat 4: Salkucard (button) (small blind) showed [As 9s] and won ($27.50) with a pair of Aces


PokerStars Hand #164632313781:  Hold'em Limit ($3/$6 USD) - 2017/01/15 15:08:54 ET
Table 'Henan' 6-max Seat #5 is the button
Seat 4: Salkucard ($120.09 in chips)
Seat 5: Great_Kang ($120 in chips)
Great_Kang: posts small blind $1
Salkucard: posts big blind $3
*** HOLE CARDS ***
Great_Kang: raises $3 to $6
Salkucard: calls $3
*** FLOP *** [7d 6c 5c]
Salkucard: checks
Great_Kang: bets $3
Salkucard: calls $3
*** TURN *** [7d 6c 5c] [8s]
Salkucard: checks
Great_Kang: checks
*** RIVER *** [7d 6c 5c 8s] [2c]
Salkucard: bets $6
Great_Kang: calls $6
*** SHOW DOWN ***
Salkucard: shows [9d Qc] (a straight, Five to Nine)
Great_Kang: mucks hand
Salkucard collected $29.50 from pot
*** SUMMARY ***
Total pot $30 | Rake $0.50
Board [7d 6c 5c 8s 2c]
Seat 4: Salkucard (big blind) showed [9d Qc] and won ($29.50) with a straight, Five to Nine
Seat 5: Great_Kang (button) (small blind) mucked


PokerStars Hand #164632372734:  Hold'em Limit ($3/$6 USD) - 2017/01/15 15:09:45 ET
Table 'Henan' 6-max Seat #5 is the button
Seat 4: Salkucard ($122.59 in chips)
Seat 5: Great_Kang ($131.52 in chips)
Great_Kang: posts small blind $1
Salkucard: posts big blind $3
*** HOLE CARDS ***
Great_Kang: folds
Uncalled bet ($2) returned to Salkucard
Salkucard collected $2 from pot
*** SUMMARY ***
Total pot $2 | Rake $0
Seat 4: Salkucard (big blind) collected ($2)
Seat 5: Great_Kang (button) (small blind) folded before Flop


PokerStars Hand #164632339906:  Hold'em Limit ($3/$6 USD) - 2017/01/15 15:09:17 ET
Table 'Henan' 6-max Seat #4 is the button
Seat 4: Salkucard ($134.59 in chips)
Seat 5: Great_Kang ($120 in chips)
Salkucard: posts small blind $1
Great_Kang: posts big blind $3
*** HOLE CARDS ***
Salkucard: raises $3 to $6
Great_Kang: calls $3
*** FLOP *** [3c Jc 7d]
Great_Kang: checks
Salkucard: bets $3
Great_Kang: raises $3 to $6
Salkucard: calls $3
*** TURN *** [3c Jc 7d] [9c]
Great_Kang: bets $6
Salkucard: folds
Uncalled bet ($6) returned to Great_Kang
Great_Kang collected $23.52 from pot
Great_Kang: doesn't show hand
*** SUMMARY ***
Total pot $24 | Rake $0.48
Board [3c Jc 7d 9c]
Seat 4: Salkucard (button) (small blind) folded on the Turn
Seat 5: Great_Kang (big blind) collected ($23.52)


PokerStars Hand #164632381567:  Hold'em Limit ($3/$6 USD) - 2017/01/15 15:09:53 ET
Table 'Henan' 6-max Seat #4 is the button
Seat 4: Salkucard ($123.59 in chips)
Seat 5: Great_Kang ($130.52 in chips)
Salkucard: posts small blind $1
Great_Kang: posts big blind $3
*** HOLE CARDS ***
Salkucard: raises $3 to $6
Great_Kang: calls $3
*** FLOP *** [4d 9c 8h]
Great_Kang: checks
Salkucard: bets $3
Great_Kang: raises $3 to $6
Salkucard: raises $3 to $9
Great_Kang: calls $3
*** TURN *** [4d 9c 8h] [Jh]
Great_Kang: checks
Salkucard: bets $6
Great_Kang: calls $6
*** RIVER *** [4d 9c 8h Jh] [Qs]
Great_Kang: checks
Salkucard: checks
*** SHOW DOWN ***
Great_Kang: shows [8d 3d] (a pair of Eights)
Salkucard: mucks hand
Great_Kang collected $41.50 from pot
*** SUMMARY ***
Total pot $42 | Rake $0.50
Board [4d 9c 8h Jh Qs]
Seat 4: Salkucard (button) (small blind) mucked
Seat 5: Great_Kang (big blind) showed [8d 3d] and won ($41.50) with a pair of Eights


PokerStars Hand #164632431553:  Hold'em Limit ($3/$6 USD) - 2017/01/15 15:10:36 ET
Table 'Henan' 6-max Seat #4 is the button
Seat 4: Salkucard ($108.35 in chips)
Seat 5: Great_Kang ($145.02 in chips)
Salkucard: posts small blind $1
Great_Kang: posts big blind $3
*** HOLE CARDS ***
Salkucard: raises $3 to $6
Great_Kang: calls $3
*** FLOP *** [5s Ac Qs]
Great_Kang: checks
Salkucard: bets $3
Great_Kang: raises $3 to $6
Salkucard: folds
Uncalled bet ($3) returned to Great_Kang
Great_Kang collected $17.64 from pot
Great_Kang: doesn't show hand
*** SUMMARY ***
Total pot $18 | Rake $0.36
Board [5s Ac Qs]
Seat 4: Salkucard (button) (small blind) folded on the Flop
Seat 5: Great_Kang (big blind) collected ($17.64)


PokerStars Hand #164632451258:  Hold'em Limit ($3/$6 USD) - 2017/01/15 15:10:53 ET
Table 'Henan' 6-max Seat #5 is the button
Seat 4: Salkucard ($99.35 in chips)
Seat 5: Great_Kang ($153.66 in chips)
Great_Kang: posts small blind $1
Salkucard: posts big blind $3
*** HOLE CARDS ***
Great_Kang: raises $3 to $6
Salkucard: calls $3
*** FLOP *** [2c 7d 8c]
Salkucard: checks
Great_Kang: bets $3
Salkucard: calls $3
*** TURN *** [2c 7d 8c] [6h]
Salkucard: checks
Great_Kang: bets $6
Salkucard: raises $6 to $12
Great_Kang: calls $6
*** RIVER *** [2c 7d 8c 6h] [Qs]
Salkucard: bets $6
Great_Kang: calls $6
*** SHOW DOWN ***
Salkucard: shows [Kd 8h] (a pair of Eights)
Great_Kang: mucks hand
Salkucard collected $53.50 from pot
*** SUMMARY ***
Total pot $54 | Rake $0.50
Board [2c 7d 8c 6h Qs]
Seat 4: Salkucard (big blind) showed [Kd 8h] and won ($53.50) with a pair of Eights
Seat 5: Great_Kang (button) (small blind) mucked


PokerStars Hand #164632413247:  Hold'em Limit ($3/$6 USD) - 2017/01/15 15:10:20 ET
Table 'Henan' 6-max Seat #5 is the button
Seat 4: Salkucard ($102.59 in chips)
Seat 5: Great_Kang ($151.02 in chips)
Great_Kang: posts small blind $1
Salkucard: posts big blind $3
*** HOLE CARDS ***
Great_Kang: raises $3 to $6
Salkucard: calls $3
*** FLOP *** [6d 9h 3d]
Salkucard: checks
Great_Kang: checks
*** TURN *** [6d 9h 3d] [5h]
Salkucard: bets $6
Great_Kang: folds
Uncalled bet ($6) returned to Salkucard
Salkucard collected $11.76 from pot
*** SUMMARY ***
Total pot $12 | Rake $0.24
Board [6d 9h 3d 5h]
Seat 4: Salkucard (big blind) collected ($11.76)
Seat 5: Great_Kang (button) (small blind) folded on the Turn


PokerStars Hand #164632480849:  Hold'em Limit ($3/$6 USD) - 2017/01/15 15:11:19 ET
Table 'Henan' 6-max Seat #4 is the button
Seat 4: Salkucard ($125.85 in chips)
Seat 5: Great_Kang ($126.66 in chips)
Salkucard: posts small blind $1
Great_Kang: posts big blind $3
*** HOLE CARDS ***
Salkucard: raises $3 to $6
Great_Kang: raises $3 to $9
Salkucard: calls $3
*** FLOP *** [Qd Ts 6s]
Great_Kang: bets $3
Salkucard: raises $3 to $6
Great_Kang: calls $3
*** TURN *** [Qd Ts 6s] [Tc]
Great_Kang: checks
Salkucard: bets $6
Great_Kang: calls $6
*** RIVER *** [Qd Ts 6s Tc] [9s]
Great_Kang: checks
Salkucard: checks
*** SHOW DOWN ***
Great_Kang: shows [Jd Ac] (a pair of Tens)
Salkucard: shows [4h 4s] (two pair, Tens and Fours)
Salkucard collected $41.50 from pot
*** SUMMARY ***
Total pot $42 | Rake $0.50
Board [Qd Ts 6s Tc 9s]
Seat 4: Salkucard (button) (small blind) showed [4h 4s] and won ($41.50) with two pair, Tens and Fours
Seat 5: Great_Kang (big blind) showed [Jd Ac] and lost with a pair of Tens


PokerStars Hand #164632513860:  Hold'em Limit ($3/$6 USD) - 2017/01/15 15:11:48 ET
Table 'Henan' 6-max Seat #5 is the button
Seat 4: Salkucard ($146.35 in chips)
Seat 5: Great_Kang ($120 in chips)
Great_Kang: posts small blind $1
Salkucard: posts big blind $3
*** HOLE CARDS ***
Great_Kang: raises $3 to $6
Salkucard: calls $3
*** FLOP *** [Qs Jd Ac]
Salkucard: checks
Great_Kang: bets $3
Salkucard: calls $3
*** TURN *** [Qs Jd Ac] [9s]
Salkucard: checks
Great_Kang: checks
*** RIVER *** [Qs Jd Ac 9s] [Td]
Salkucard: bets $6
Great_Kang: raises $6 to $12
Salkucard: folds
Uncalled bet ($6) returned to Great_Kang
Great_Kang collected $29.50 from pot
Great_Kang: doesn't show hand
*** SUMMARY ***
Total pot $30 | Rake $0.50
Board [Qs Jd Ac 9s Td]
Seat 4: Salkucard (big blind) folded on the River
Seat 5: Great_Kang (button) (small blind) collected ($29.50)


PokerStars Hand #164632535149:  Hold'em Limit ($3/$6 USD) - 2017/01/15 15:12:06 ET
Table 'Henan' 6-max Seat #4 is the button
Seat 4: Salkucard ($131.35 in chips)
Seat 5: Great_Kang ($134.50 in chips)
Salkucard: posts small blind $1
Great_Kang: posts big blind $3
*** HOLE CARDS ***
Salkucard: raises $3 to $6
Great_Kang: calls $3
*** FLOP *** [6h 9d 2h]
Great_Kang: checks
Salkucard: bets $3
Great_Kang: folds
Uncalled bet ($3) returned to Salkucard
Salkucard collected $11.76 from pot
*** SUMMARY ***
Total pot $12 | Rake $0.24
Board [6h 9d 2h]
Seat 4: Salkucard (button) (small blind) collected ($11.76)
Seat 5: Great_Kang (big blind) folded on the Flop


PokerStars Hand #164632558444:  Hold'em Limit ($3/$6 USD) - 2017/01/15 15:12:27 ET
Table 'Henan' 6-max Seat #5 is the button
Seat 4: Salkucard ($137.11 in chips)
Seat 5: Great_Kang ($128.50 in chips)
Great_Kang: posts small blind $1
Salkucard: posts big blind $3
*** HOLE CARDS ***
Great_Kang: raises $3 to $6
Salkucard: calls $3
*** FLOP *** [9c 4s Ks]
Salkucard: checks
Great_Kang: bets $3
Salkucard: folds
Uncalled bet ($3) returned to Great_Kang
Great_Kang collected $11.76 from pot
Great_Kang: doesn't show hand
*** SUMMARY ***
Total pot $12 | Rake $0.24
Board [9c 4s Ks]
Seat 4: Salkucard (big blind) folded on the Flop
Seat 5: Great_Kang (button) (small blind) collected ($11.76)


PokerStars Hand #164632576084:  Hold'em Limit ($3/$6 USD) - 2017/01/15 15:12:42 ET
Table 'Henan' 6-max Seat #4 is the button
Seat 4: Salkucard ($131.11 in chips)
Seat 5: Great_Kang ($134.26 in chips)
Salkucard: posts small blind $1
Great_Kang: posts big blind $3
*** HOLE CARDS ***
Salkucard: raises $3 to $6
Great_Kang: calls $3
*** FLOP *** [9h Qs 5c]
Great_Kang: checks
Salkucard: checks
*** TURN *** [9h Qs 5c] [3h]
Great_Kang: checks
Salkucard: bets $6
Great_Kang: folds
Uncalled bet ($6) returned to Salkucard
Salkucard collected $11.76 from pot
*** SUMMARY ***
Total pot $12 | Rake $0.24
Board [9h Qs 5c 3h]
Seat 4: Salkucard (button) (small blind) collected ($11.76)
Seat 5: Great_Kang (big blind) folded on the Turn


PokerStars Hand #164632595732:  Hold'em Limit ($3/$6 USD) - 2017/01/15 15:12:59 ET
Table 'Henan' 6-max Seat #5 is the button
Seat 4: Salkucard ($136.87 in chips)
Seat 5: Great_Kang ($128.26 in chips)
Great_Kang: posts small blind $1
Salkucard: posts big blind $3
*** HOLE CARDS ***
Great_Kang: raises $3 to $6
Salkucard: raises $3 to $9
Great_Kang: calls $3
*** FLOP *** [7h Kc 4c]
Salkucard: bets $3
Great_Kang: folds
Uncalled bet ($3) returned to Salkucard
Salkucard collected $17.64 from pot
*** SUMMARY ***
Total pot $18 | Rake $0.36
Board [7h Kc 4c]
Seat 4: Salkucard (big blind) collected ($17.64)
Seat 5: Great_Kang (button) (small blind) folded on the Flop


PokerStars Hand #164632609422:  Hold'em Limit ($3/$6 USD) - 2017/01/15 15:13:11 ET
Table 'Henan' 6-max Seat #4 is the button
Seat 4: Salkucard ($145.51 in chips)
Seat 5: Great_Kang ($120 in chips)
Salkucard: posts small blind $1
Great_Kang: posts big blind $3
*** HOLE CARDS ***
Salkucard: raises $3 to $6
Great_Kang: calls $3
*** FLOP *** [Qc Ac Jc]
Great_Kang: checks
Salkucard: bets $3
Great_Kang: calls $3
*** TURN *** [Qc Ac Jc] [4h]
Great_Kang: checks
Salkucard: checks
*** RIVER *** [Qc Ac Jc 4h] [7c]
Great_Kang: checks
Salkucard: checks
*** SHOW DOWN ***
Great_Kang: shows [Qd 5c] (a flush, Ace high)
Salkucard: mucks hand
Great_Kang collected $17.64 from pot
*** SUMMARY ***
Total pot $18 | Rake $0.36
Board [Qc Ac Jc 4h 7c]
Seat 4: Salkucard (button) (small blind) mucked
Seat 5: Great_Kang (big blind) showed [Qd 5c] and won ($17.64) with a flush, Ace high


PokerStars Hand #164632629984:  Hold'em Limit ($3/$6 USD) - 2017/01/15 15:13:29 ET
Table 'Henan' 6-max Seat #5 is the button
Seat 4: Salkucard ($136.51 in chips)
Seat 5: Great_Kang ($128.64 in chips)
Great_Kang: posts small blind $1
Salkucard: posts big blind $3
*** HOLE CARDS ***
Great_Kang: raises $3 to $6
Salkucard: calls $3
*** FLOP *** [Qs Ad 9s]
Salkucard: checks
Great_Kang: bets $3
Salkucard: calls $3
*** TURN *** [Qs Ad 9s] [9h]
Salkucard: checks
Great_Kang: checks
*** RIVER *** [Qs Ad 9s 9h] [7c]
Salkucard: bets $6
Great_Kang: folds
Uncalled bet ($6) returned to Salkucard
Salkucard collected $17.64 from pot
*** SUMMARY ***
Total pot $18 | Rake $0.36
Board [Qs Ad 9s 9h 7c]
Seat 4: Salkucard (big blind) collected ($17.64)
Seat 5: Great_Kang (button) (small blind) folded on the River


PokerStars Hand #164632663925:  Hold'em Limit ($3/$6 USD) - 2017/01/15 15:13:58 ET
Table 'Henan' 6-max Seat #4 is the button
Seat 4: Salkucard ($145.15 in chips)
Seat 5: Great_Kang ($120 in chips)
Salkucard: posts small blind $1
Great_Kang: posts big blind $3
*** HOLE CARDS ***
Salkucard: raises $3 to $6
Great_Kang: raises $3 to $9
Salkucard: calls $3
*** FLOP *** [4d Js Ah]
bongo65 joins the table at seat #2
Great_Kang: bets $3
Salkucard: folds
Uncalled bet ($3) returned to Great_Kang
Great_Kang collected $17.64 from pot
Great_Kang: doesn't show hand
*** SUMMARY ***
Total pot $18 | Rake $0.36
Board [4d Js Ah]
Seat 4: Salkucard (button) (small blind) folded on the Flop
Seat 5: Great_Kang (big blind) collected ($17.64)


PokerStars Hand #164638559645:  Hold'em Limit ($3/$6 USD) - 2017/01/15 16:45:38 ET
Table 'Henan' 6-max Seat #3 is the button
Seat 2: maksi670 ($105.17 in chips)
Seat 3: Chessnok ($82.16 in chips)
Chessnok: posts small blind $1
maksi670: posts big blind $3
*** HOLE CARDS ***
Chessnok: folds
Uncalled bet ($2) returned to maksi670
maksi670 collected $2 from pot
*** SUMMARY ***
Total pot $2 | Rake $0
Seat 2: maksi670 (big blind) collected ($2)
Seat 3: Chessnok (button) (small blind) folded before Flop


PokerStars Hand #164638553559:  Hold'em Limit ($3/$6 USD) - 2017/01/15 16:45:32 ET
Table 'Henan' 6-max Seat #2 is the button
Seat 2: maksi670 ($106.17 in chips)
Seat 3: Chessnok ($81.16 in chips)
maksi670: posts small blind $1
Chessnok: posts big blind $3
*** HOLE CARDS ***
maksi670: folds
Uncalled bet ($2) returned to Chessnok
Chessnok collected $2 from pot
Chessnok: doesn't show hand
*** SUMMARY ***
Total pot $2 | Rake $0
Seat 2: maksi670 (button) (small blind) folded before Flop
Seat 3: Chessnok (big blind) collected ($2)


PokerStars Hand #164638532554:  Hold'em Limit ($3/$6 USD) - 2017/01/15 16:45:11 ET
Table 'Henan' 6-max Seat #3 is the button
Seat 2: maksi670 ($105.17 in chips)
Seat 3: Chessnok ($82.16 in chips)
Chessnok: posts small blind $1
maksi670: posts big blind $3
*** HOLE CARDS ***
Chessnok: folds
Uncalled bet ($2) returned to maksi670
maksi670 collected $2 from pot
*** SUMMARY ***
Total pot $2 | Rake $0
Seat 2: maksi670 (big blind) collected ($2)
Seat 3: Chessnok (button) (small blind) folded before Flop


PokerStars Hand #164638634106:  Hold'em Limit ($3/$6 USD) - 2017/01/15 16:46:52 ET
Table 'Henan' 6-max Seat #3 is the button
Seat 2: maksi670 ($99.69 in chips)
Seat 3: Chessnok ($86.66 in chips)
Chessnok: posts small blind $1
maksi670: posts big blind $3
*** HOLE CARDS ***
Chessnok: folds
Uncalled bet ($2) returned to maksi670
maksi670 collected $2 from pot
*** SUMMARY ***
Total pot $2 | Rake $0
Seat 2: maksi670 (big blind) collected ($2)
Seat 3: Chessnok (button) (small blind) folded before Flop


PokerStars Hand #164638628661:  Hold'em Limit ($3/$6 USD) - 2017/01/15 16:46:47 ET
Table 'Henan' 6-max Seat #2 is the button
Seat 2: maksi670 ($100.69 in chips)
Seat 3: Chessnok ($85.66 in chips)
maksi670: posts small blind $1
Chessnok: posts big blind $3
*** HOLE CARDS ***
maksi670: folds
Uncalled bet ($2) returned to Chessnok
Chessnok collected $2 from pot
Chessnok: doesn't show hand
*** SUMMARY ***
Total pot $2 | Rake $0
Seat 2: maksi670 (button) (small blind) folded before Flop
Seat 3: Chessnok (big blind) collected ($2)


PokerStars Hand #164638624268:  Hold'em Limit ($3/$6 USD) - 2017/01/15 16:46:42 ET
Table 'Henan' 6-max Seat #3 is the button
Seat 2: maksi670 ($99.69 in chips)
Seat 3: Chessnok ($86.66 in chips)
Chessnok: posts small blind $1
maksi670: posts big blind $3
*** HOLE CARDS ***
Chessnok: folds
Uncalled bet ($2) returned to maksi670
maksi670 collected $2 from pot
*** SUMMARY ***
Total pot $2 | Rake $0
Seat 2: maksi670 (big blind) collected ($2)
Seat 3: Chessnok (button) (small blind) folded before Flop


PokerStars Hand #164638600832:  Hold'em Limit ($3/$6 USD) - 2017/01/15 16:46:19 ET
Table 'Henan' 6-max Seat #2 is the button
Seat 2: maksi670 ($88.17 in chips)
Seat 3: Chessnok ($98.66 in chips)
maksi670: posts small blind $1
Chessnok: posts big blind $3
*** HOLE CARDS ***
maksi670: calls $2
Chessnok: checks
*** FLOP *** [Td Qd Qh]
Chessnok: bets $3
maksi670: calls $3
*** TURN *** [Td Qd Qh] [2c]
Chessnok: bets $6
maksi670: calls $6
*** RIVER *** [Td Qd Qh 2c] [8h]
Chessnok: checks
maksi670: checks
*** SHOW DOWN ***
Chessnok: shows [9c 2h] (two pair, Queens and Deuces)
maksi670: shows [5s 5c] (two pair, Queens and Fives)
maksi670 collected $23.52 from pot
*** SUMMARY ***
Total pot $24 | Rake $0.48
Board [Td Qd Qh 2c 8h]
Seat 2: maksi670 (button) (small blind) showed [5s 5c] and won ($23.52) with two pair, Queens and Fives
Seat 3: Chessnok (big blind) showed [9c 2h] and lost with two pair, Queens and Deuces


PokerStars Hand #164638595022:  Hold'em Limit ($3/$6 USD) - 2017/01/15 16:46:13 ET
Table 'Henan' 6-max Seat #3 is the button
Seat 2: maksi670 ($91.17 in chips)
Seat 3: Chessnok ($95.66 in chips)
Chessnok: posts small blind $1
maksi670: posts big blind $3
*** HOLE CARDS ***
Chessnok: raises $3 to $6
maksi670: folds
Uncalled bet ($3) returned to Chessnok
Chessnok collected $6 from pot
Chessnok: doesn't show hand
*** SUMMARY ***
Total pot $6 | Rake $0
Seat 2: maksi670 (big blind) folded before Flop
Seat 3: Chessnok (button) (small blind) collected ($6)


PokerStars Hand #164638566577:  Hold'em Limit ($3/$6 USD) - 2017/01/15 16:45:45 ET
Table 'Henan' 6-max Seat #2 is the button
Seat 2: maksi670 ($106.17 in chips)
Seat 3: Chessnok ($81.16 in chips)
maksi670: posts small blind $1
Chessnok: posts big blind $3
*** HOLE CARDS ***
maksi670: calls $2
Chessnok: raises $3 to $6
maksi670: calls $3
*** FLOP *** [7d Jh Ac]
Chessnok: bets $3
maksi670: calls $3
*** TURN *** [7d Jh Ac] [Js]
Chessnok: bets $6
maksi670: calls $6
*** RIVER *** [7d Jh Ac Js] [7h]
Chessnok: bets $6
maksi670: folds
Uncalled bet ($6) returned to Chessnok
Chessnok collected $29.50 from pot
Chessnok: doesn't show hand
*** SUMMARY ***
Total pot $30 | Rake $0.50
Board [7d Jh Ac Js 7h]
Seat 2: maksi670 (button) (small blind) folded on the River
Seat 3: Chessnok (big blind) collected ($29.50)


PokerStars Hand #164638638516:  Hold'em Limit ($3/$6 USD) - 2017/01/15 16:46:56 ET
Table 'Henan' 6-max Seat #2 is the button
Seat 2: maksi670 ($100.69 in chips)
Seat 3: Chessnok ($85.66 in chips)
maksi670: posts small blind $1
Chessnok: posts big blind $3
*** HOLE CARDS ***
maksi670: calls $2
Chessnok: raises $3 to $6
maksi670: calls $3
*** FLOP *** [Qc 3d Qd]
Chessnok: bets $3
maksi670: calls $3
*** TURN *** [Qc 3d Qd] [5s]
Chessnok: bets $6
maksi670: calls $6
*** RIVER *** [Qc 3d Qd 5s] [Qh]
Chessnok: checks
maksi670: checks
*** SHOW DOWN ***
Chessnok: shows [7d As] (three of a kind, Queens)
maksi670: shows [9s Ad] (three of a kind, Queens - Ace+Nine kicker)
maksi670 collected $29.50 from pot
*** SUMMARY ***
Total pot $30 | Rake $0.50
Board [Qc 3d Qd 5s Qh]
Seat 2: maksi670 (button) (small blind) showed [9s Ad] and won ($29.50) with three of a kind, Queens
Seat 3: Chessnok (big blind) showed [7d As] and lost with three of a kind, Queens


PokerStars Hand #164638671177:  Hold'em Limit ($3/$6 USD) - 2017/01/15 16:47:26 ET
Table 'Henan' 6-max Seat #3 is the button
Seat 2: maksi670 ($115.19 in chips)
Seat 3: Chessnok ($70.66 in chips)
Chessnok: posts small blind $1
maksi670: posts big blind $3
*** HOLE CARDS ***
Chessnok: raises $3 to $6
maksi670: calls $3
*** FLOP *** [3d 9s 9d]
maksi670: checks
Chessnok: bets $3
maksi670: calls $3
*** TURN *** [3d 9s 9d] [Qc]
maksi670: checks
Chessnok: bets $6
maksi670: folds
Uncalled bet ($6) returned to Chessnok
Chessnok collected $17.64 from pot
Chessnok: doesn't show hand
*** SUMMARY ***
Total pot $18 | Rake $0.36
Board [3d 9s 9d Qc]
Seat 2: maksi670 (big blind) folded on the Turn
Seat 3: Chessnok (button) (small blind) collected ($17.64)


PokerStars Hand #164638696551:  Hold'em Limit ($3/$6 USD) - 2017/01/15 16:47:49 ET
Table 'Henan' 6-max Seat #2 is the button
Seat 2: maksi670 ($106.19 in chips)
Seat 3: Chessnok ($79.30 in chips)
maksi670: posts small blind $1
Chessnok: posts big blind $3
*** HOLE CARDS ***
maksi670: calls $2
Chessnok: raises $3 to $6
maksi670: calls $3
*** FLOP *** [Jc Ad 2d]
Chessnok: bets $3
maksi670: calls $3
*** TURN *** [Jc Ad 2d] [As]
Chessnok: checks
maksi670: checks
*** RIVER *** [Jc Ad 2d As] [Kh]
Chessnok: checks
maksi670: checks
*** SHOW DOWN ***
Chessnok: shows [Ts 7d] (a pair of Aces)
maksi670: shows [Qc 9c] (a pair of Aces - King+Queen kicker)
maksi670 collected $17.64 from pot
*** SUMMARY ***
Total pot $18 | Rake $0.36
Board [Jc Ad 2d As Kh]
Seat 2: maksi670 (button) (small blind) showed [Qc 9c] and won ($17.64) with a pair of Aces
Seat 3: Chessnok (big blind) showed [Ts 7d] and lost with a pair of Aces


PokerStars Hand #164638721367:  Hold'em Limit ($3/$6 USD) - 2017/01/15 16:48:12 ET
Table 'Henan' 6-max Seat #3 is the button
Seat 2: maksi670 ($114.83 in chips)
Seat 3: Chessnok ($70.30 in chips)
Chessnok: posts small blind $1
maksi670: posts big blind $3
*** HOLE CARDS ***
Chessnok: raises $3 to $6
maksi670: raises $3 to $9
Chessnok: calls $3
*** FLOP *** [2c Ts 7s]
maksi670: bets $3
Chessnok: calls $3
*** TURN *** [2c Ts 7s] [9h]
maksi670: bets $6
Chessnok: calls $6
*** RIVER *** [2c Ts 7s 9h] [Jh]
maksi670: bets $6
Chessnok: calls $6
*** SHOW DOWN ***
maksi670: shows [9c As] (a pair of Nines)
Chessnok: mucks hand
maksi670 collected $47.50 from pot
*** SUMMARY ***
Total pot $48 | Rake $0.50
Board [2c Ts 7s 9h Jh]
Seat 2: maksi670 (big blind) showed [9c As] and won ($47.50) with a pair of Nines
Seat 3: Chessnok (button) (small blind) mucked


PokerStars Hand #164638751756:  Hold'em Limit ($3/$6 USD) - 2017/01/15 16:48:40 ET
Table 'Henan' 6-max Seat #2 is the button
Seat 2: maksi670 ($138.33 in chips)
Seat 3: Chessnok ($60 in chips)
maksi670: posts small blind $1
Chessnok: posts big blind $3
*** HOLE CARDS ***
maksi670: calls $2
Chessnok: raises $3 to $6
maksi670: calls $3
*** FLOP *** [5d 5s Td]
Chessnok: bets $3
maksi670: folds
Uncalled bet ($3) returned to Chessnok
Chessnok collected $11.76 from pot
Chessnok: doesn't show hand
*** SUMMARY ***
Total pot $12 | Rake $0.24
Board [5d 5s Td]
Seat 2: maksi670 (button) (small blind) folded on the Flop
Seat 3: Chessnok (big blind) collected ($11.76)


PokerStars Hand #164638777548:  Hold'em Limit ($3/$6 USD) - 2017/01/15 16:48:57 ET
Table 'Henan' 6-max Seat #3 is the button
Seat 2: maksi670 ($132.33 in chips)
Seat 3: Chessnok ($65.76 in chips)
Chessnok: posts small blind $1
maksi670: posts big blind $3
*** HOLE CARDS ***
Chessnok: raises $3 to $6
maksi670: calls $3
*** FLOP *** [8h 7h Jh]
maksi670: checks
Chessnok: bets $3
maksi670: calls $3
*** TURN *** [8h 7h Jh] [Jc]
maksi670: checks
Chessnok: bets $6
maksi670: raises $6 to $12
Chessnok: calls $6
*** RIVER *** [8h 7h Jh Jc] [2d]
maksi670: bets $6
Chessnok: calls $6
*** SHOW DOWN ***
maksi670: shows [9d Tc] (a straight, Seven to Jack)
Chessnok: mucks hand
maksi670 collected $53.50 from pot
*** SUMMARY ***
Total pot $54 | Rake $0.50
Board [8h 7h Jh Jc 2d]
Seat 2: maksi670 (big blind) showed [9d Tc] and won ($53.50) with a straight, Seven to Jack
Seat 3: Chessnok (button) (small blind) mucked


PokerStars Hand #164638808431:  Hold'em Limit ($3/$6 USD) - 2017/01/15 16:49:25 ET
Table 'Henan' 6-max Seat #2 is the button
Seat 2: maksi670 ($158.83 in chips)
Seat 3: Chessnok ($60 in chips)
maksi670: posts small blind $1
Chessnok: posts big blind $3
*** HOLE CARDS ***
maksi670: calls $2
Chessnok: raises $3 to $6
maksi670: calls $3
*** FLOP *** [6d 5c 4h]
Chessnok: bets $3
maksi670: calls $3
*** TURN *** [6d 5c 4h] [7c]
Chessnok: bets $6
maksi670: folds
Uncalled bet ($6) returned to Chessnok
Chessnok collected $17.64 from pot
Chessnok: doesn't show hand
*** SUMMARY ***
Total pot $18 | Rake $0.36
Board [6d 5c 4h 7c]
Seat 2: maksi670 (button) (small blind) folded on the Turn
Seat 3: Chessnok (big blind) collected ($17.64)


PokerStars Hand #164638834569:  Hold'em Limit ($3/$6 USD) - 2017/01/15 16:49:49 ET
Table 'Henan' 6-max Seat #2 is the button
Seat 2: maksi670 ($150.83 in chips)
Seat 3: Chessnok ($67.64 in chips)
maksi670: posts small blind $1
Chessnok: posts big blind $3
*** HOLE CARDS ***
maksi670: folds
Uncalled bet ($2) returned to Chessnok
Chessnok collected $2 from pot
Chessnok: doesn't show hand
*** SUMMARY ***
Total pot $2 | Rake $0
Seat 2: maksi670 (button) (small blind) folded before Flop
Seat 3: Chessnok (big blind) collected ($2)


PokerStars Hand #164638829431:  Hold'em Limit ($3/$6 USD) - 2017/01/15 16:49:44 ET
Table 'Henan' 6-max Seat #3 is the button
Seat 2: maksi670 ($149.83 in chips)
Seat 3: Chessnok ($68.64 in chips)
Chessnok: posts small blind $1
maksi670: posts big blind $3
*** HOLE CARDS ***
Chessnok: folds
Uncalled bet ($2) returned to maksi670
maksi670 collected $2 from pot
*** SUMMARY ***
Total pot $2 | Rake $0
Seat 2: maksi670 (big blind) collected ($2)
Seat 3: Chessnok (button) (small blind) folded before Flop


PokerStars Hand #164638841118:  Hold'em Limit ($3/$6 USD) - 2017/01/15 16:49:55 ET
Table 'Henan' 6-max Seat #3 is the button
Seat 2: maksi670 ($149.83 in chips)
Seat 3: Chessnok ($68.64 in chips)
Chessnok: posts small blind $1
maksi670: posts big blind $3
*** HOLE CARDS ***
Chessnok: raises $3 to $6
maksi670: calls $3
*** FLOP *** [As 6d 4h]
maksi670: checks
Chessnok: bets $3
maksi670: calls $3
*** TURN *** [As 6d 4h] [Ad]
maksi670: checks
Chessnok: bets $6
maksi670: folds
Uncalled bet ($6) returned to Chessnok
Chessnok collected $17.64 from pot
Chessnok: doesn't show hand
*** SUMMARY ***
Total pot $18 | Rake $0.36
Board [As 6d 4h Ad]
Seat 2: maksi670 (big blind) folded on the Turn
Seat 3: Chessnok (button) (small blind) collected ($17.64)


PokerStars Hand #164638860627:  Hold'em Limit ($3/$6 USD) - 2017/01/15 16:50:13 ET
Table 'Henan' 6-max Seat #2 is the button
Seat 2: maksi670 ($140.83 in chips)
Seat 3: Chessnok ($77.28 in chips)
maksi670: posts small blind $1
Chessnok: posts big blind $3
*** HOLE CARDS ***
maksi670: calls $2
Chessnok: raises $3 to $6
maksi670: raises $3 to $9
Chessnok: calls $3
*** FLOP *** [2s 9d 8c]
Chessnok: checks
maksi670: bets $3
Chessnok: calls $3
*** TURN *** [2s 9d 8c] [Kh]
Chessnok: checks
maksi670: bets $6
Chessnok: folds
Uncalled bet ($6) returned to maksi670
maksi670 collected $23.52 from pot
*** SUMMARY ***
Total pot $24 | Rake $0.48
Board [2s 9d 8c Kh]
Seat 2: maksi670 (button) (small blind) collected ($23.52)
Seat 3: Chessnok (big blind) folded on the Turn


PokerStars Hand #164638879690:  Hold'em Limit ($3/$6 USD) - 2017/01/15 16:50:30 ET
Table 'Henan' 6-max Seat #3 is the button
Seat 2: maksi670 ($152.35 in chips)
Seat 3: Chessnok ($65.28 in chips)
Chessnok: posts small blind $1
maksi670: posts big blind $3
*** HOLE CARDS ***
Chessnok: raises $3 to $6
maksi670: calls $3
*** FLOP *** [4c 9d Ah]
Zubasa07 joins the table at seat #4
maksi670: checks
Chessnok: bets $3
maksi670: calls $3
*** TURN *** [4c 9d Ah] [6d]
maksi670: checks
Chessnok: bets $6
maksi670: calls $6
*** RIVER *** [4c 9d Ah 6d] [2s]
maksi670: checks
Chessnok: checks
*** SHOW DOWN ***
maksi670: shows [7c 9h] (a pair of Nines)
Chessnok: mucks hand
maksi670 collected $29.50 from pot
*** SUMMARY ***
Total pot $30 | Rake $0.50
Board [4c 9d Ah 6d 2s]
Seat 2: maksi670 (big blind) showed [7c 9h] and won ($29.50) with a pair of Nines
Seat 3: Chessnok (button) (small blind) mucked


PokerStars Hand #164638899208:  Hold'em Limit ($3/$6 USD) - 2017/01/15 16:50:48 ET
Table 'Henan' 6-max Seat #2 is the button
Seat 2: maksi670 ($166.85 in chips)
Seat 3: Chessnok ($60 in chips)
maksi670: posts small blind $1
Chessnok: posts big blind $3
*** HOLE CARDS ***
maksi670: calls $2
Chessnok: checks
*** FLOP *** [Kd 5h Ad]
Chessnok: checks
maksi670: checks
*** TURN *** [Kd 5h Ad] [3d]
Chessnok: bets $6
maksi670: calls $6
*** RIVER *** [Kd 5h Ad 3d] [Qc]
Chessnok: checks
maksi670: checks
*** SHOW DOWN ***
Chessnok: shows [7s 8d] (high card Ace)
maksi670: shows [2c 3c] (a pair of Threes)
maksi670 collected $17.64 from pot
*** SUMMARY ***
Total pot $18 | Rake $0.36
Board [Kd 5h Ad 3d Qc]
Seat 2: maksi670 (button) (small blind) showed [2c 3c] and won ($17.64) with a pair of Threes
Seat 3: Chessnok (big blind) showed [7s 8d] and lost with high card Ace


