PokerStars Hand #148997954780:  Hold'em Limit ($3/$6 USD) - 2016/02/18 3:27:33 ET
Table 'Henan II' 6-max Seat #1 is the button
Seat 1: boarcastle ($120 in chips)
Seat 4: Agrotait ($72 in chips)
boarcastle: posts small blind $1
Agrotait: posts big blind $3
*** HOLE CARDS ***
boarcastle: raises $3 to $6
Agrotait: calls $3
*** FLOP *** [Ks Jc 2d]
Agrotait: checks
boarcastle: bets $3
Agrotait: folds
Uncalled bet ($3) returned to boarcastle
boarcastle collected $11.76 from pot
boarcastle: doesn't show hand
*** SUMMARY ***
Total pot $12 | Rake $0.24
Board [Ks Jc 2d]
Seat 1: boarcastle (button) (small blind) collected ($11.76)
Seat 4: Agrotait (big blind) folded on the Flop


PokerStars Hand #148997983924:  Hold'em Limit ($3/$6 USD) - 2016/02/18 3:28:58 ET
Table 'Henan II' 6-max Seat #1 is the button
Seat 1: boarcastle ($116.76 in chips)
Seat 4: Agrotait ($74.64 in chips)
boarcastle: posts small blind $1
Agrotait: posts big blind $3
*** HOLE CARDS ***
boarcastle: raises $3 to $6
Agrotait: folds
Uncalled bet ($3) returned to boarcastle
boarcastle collected $6 from pot
boarcastle: doesn't show hand
*** SUMMARY ***
Total pot $6 | Rake $0
Seat 1: boarcastle (button) (small blind) collected ($6)
Seat 4: Agrotait (big blind) folded before Flop


PokerStars Hand #148997968535:  Hold'em Limit ($3/$6 USD) - 2016/02/18 3:28:13 ET
Table 'Henan II' 6-max Seat #4 is the button
Seat 1: boarcastle ($125.76 in chips)
Seat 4: Agrotait ($66 in chips)
Agrotait: posts small blind $1
boarcastle: posts big blind $3
*** HOLE CARDS ***
Agrotait: raises $3 to $6
boarcastle: calls $3
*** FLOP *** [4d Jh 4h]
boarcastle: checks
Agrotait: bets $3
boarcastle: calls $3
*** TURN *** [4d Jh 4h] [2c]
boarcastle: checks
Agrotait: bets $6
boarcastle: folds
Uncalled bet ($6) returned to Agrotait
Agrotait collected $17.64 from pot
Agrotait: doesn't show hand
*** SUMMARY ***
Total pot $18 | Rake $0.36
Board [4d Jh 4h 2c]
Seat 1: boarcastle (big blind) folded on the Turn
Seat 4: Agrotait (button) (small blind) collected ($17.64)


PokerStars Hand #148998009254:  Hold'em Limit ($3/$6 USD) - 2016/02/18 3:30:12 ET
Table 'Henan II' 6-max Seat #4 is the button
Seat 1: boarcastle ($122.51 in chips)
Seat 4: Agrotait ($68.39 in chips)
Agrotait: posts small blind $1
boarcastle: posts big blind $3
*** HOLE CARDS ***
Agrotait: raises $3 to $6
boarcastle: folds
Uncalled bet ($3) returned to Agrotait
Agrotait collected $6 from pot
Agrotait: doesn't show hand
*** SUMMARY ***
Total pot $6 | Rake $0
Seat 1: boarcastle (big blind) folded before Flop
Seat 4: Agrotait (button) (small blind) collected ($6)


PokerStars Hand #148998006088:  Hold'em Limit ($3/$6 USD) - 2016/02/18 3:30:03 ET
Table 'Henan II' 6-max Seat #1 is the button
Seat 1: boarcastle ($119.51 in chips)
Seat 4: Agrotait ($71.39 in chips)
boarcastle: posts small blind $1
Agrotait: posts big blind $3
*** HOLE CARDS ***
boarcastle: raises $3 to $6
Agrotait: folds
Uncalled bet ($3) returned to boarcastle
boarcastle collected $6 from pot
boarcastle: doesn't show hand
*** SUMMARY ***
Total pot $6 | Rake $0
Seat 1: boarcastle (button) (small blind) collected ($6)
Seat 4: Agrotait (big blind) folded before Flop


PokerStars Hand #148998004087:  Hold'em Limit ($3/$6 USD) - 2016/02/18 3:29:58 ET
Table 'Henan II' 6-max Seat #4 is the button
Seat 1: boarcastle ($118.51 in chips)
Seat 4: Agrotait ($72.39 in chips)
Agrotait: posts small blind $1
boarcastle: posts big blind $3
*** HOLE CARDS ***
Agrotait: folds
Uncalled bet ($2) returned to boarcastle
boarcastle collected $2 from pot
boarcastle: doesn't show hand
*** SUMMARY ***
Total pot $2 | Rake $0
Seat 1: boarcastle (big blind) collected ($2)
Seat 4: Agrotait (button) (small blind) folded before Flop


PokerStars Hand #148998002301:  Hold'em Limit ($3/$6 USD) - 2016/02/18 3:29:52 ET
Table 'Henan II' 6-max Seat #1 is the button
Seat 1: boarcastle ($119.51 in chips)
Seat 4: Agrotait ($71.39 in chips)
boarcastle: posts small blind $1
Agrotait: posts big blind $3
*** HOLE CARDS ***
boarcastle: folds
Uncalled bet ($2) returned to Agrotait
Agrotait collected $2 from pot
Agrotait: doesn't show hand
*** SUMMARY ***
Total pot $2 | Rake $0
Seat 1: boarcastle (button) (small blind) folded before Flop
Seat 4: Agrotait (big blind) collected ($2)


PokerStars Hand #148997987436:  Hold'em Limit ($3/$6 USD) - 2016/02/18 3:29:09 ET
Table 'Henan II' 6-max Seat #4 is the button
Seat 1: boarcastle ($119.76 in chips)
Seat 4: Agrotait ($71.64 in chips)
Agrotait: posts small blind $1
boarcastle: posts big blind $3
*** HOLE CARDS ***
Agrotait: raises $3 to $6
boarcastle: calls $3
*** FLOP *** [3s 5c Qh]
boarcastle: bets $3
Agrotait: calls $3
*** TURN *** [3s 5c Qh] [Ks]
boarcastle: bets $6
Agrotait: calls $6
*** RIVER *** [3s 5c Qh Ks] [Kd]
boarcastle: checks
Agrotait: checks
*** SHOW DOWN ***
boarcastle: shows [7d 5h] (two pair, Kings and Fives)
Agrotait: shows [6h 5d] (two pair, Kings and Fives)
boarcastle collected $14.75 from pot
Agrotait collected $14.75 from pot
*** SUMMARY ***
Total pot $30 | Rake $0.50
Board [3s 5c Qh Ks Kd]
Seat 1: boarcastle (big blind) showed [7d 5h] and won ($14.75) with two pair, Kings and Fives
Seat 4: Agrotait (button) (small blind) showed [6h 5d] and won ($14.75) with two pair, Kings and Fives


PokerStars Hand #148998036209:  Hold'em Limit ($3/$6 USD) - 2016/02/18 3:31:30 ET
Table 'Henan II' 6-max Seat #4 is the button
Seat 1: boarcastle ($94.51 in chips)
Seat 4: Agrotait ($95.53 in chips)
Agrotait: posts small blind $1
boarcastle: posts big blind $3
*** HOLE CARDS ***
Agrotait: raises $3 to $6
boarcastle: calls $3
*** FLOP *** [Ts Js 9c]
boarcastle: checks
Agrotait: bets $3
gazzzzzza joins the table at seat #3
boarcastle: folds
Uncalled bet ($3) returned to Agrotait
Agrotait collected $11.76 from pot
Agrotait: doesn't show hand
*** SUMMARY ***
Total pot $12 | Rake $0.24
Board [Ts Js 9c]
Seat 1: boarcastle (big blind) folded on the Flop
Seat 4: Agrotait (button) (small blind) collected ($11.76)


PokerStars Hand #148998011610:  Hold'em Limit ($3/$6 USD) - 2016/02/18 3:30:19 ET
Table 'Henan II' 6-max Seat #1 is the button
Seat 1: boarcastle ($119.51 in chips)
Seat 4: Agrotait ($71.39 in chips)
boarcastle: posts small blind $1
Agrotait: posts big blind $3
*** HOLE CARDS ***
boarcastle: raises $3 to $6
Agrotait: calls $3
*** FLOP *** [4d 3c Qc]
Agrotait: checks
boarcastle: bets $3
Agrotait: calls $3
*** TURN *** [4d 3c Qc] [6d]
Agrotait: checks
boarcastle: bets $6
Agrotait: calls $6
*** RIVER *** [4d 3c Qc 6d] [7d]
Agrotait: bets $6
boarcastle: folds
Uncalled bet ($6) returned to Agrotait
Agrotait collected $29.50 from pot
Agrotait: doesn't show hand
*** SUMMARY ***
Total pot $30 | Rake $0.50
Board [4d 3c Qc 6d 7d]
Seat 1: boarcastle (button) (small blind) folded on the River
Seat 4: Agrotait (big blind) collected ($29.50)


PokerStars Hand #148998058674:  Hold'em Limit ($3/$6 USD) - 2016/02/18 3:32:34 ET
Table 'Henan II' 6-max Seat #4 is the button
Seat 3: gazzzzzza ($104 in chips)
Seat 4: Agrotait ($84.29 in chips)
Agrotait: posts small blind $1
boarcastle: is sitting out
gazzzzzza: posts big blind $3
*** HOLE CARDS ***
Agrotait: raises $3 to $6
boarcastle leaves the table
gazzzzzza: calls $3
*** FLOP *** [4c 9s 2c]
gazzzzzza: checks
Agrotait: bets $3
gazzzzzza: folds
Uncalled bet ($3) returned to Agrotait
Agrotait collected $11.76 from pot
Agrotait: doesn't show hand
*** SUMMARY ***
Total pot $12 | Rake $0.24
Board [4c 9s 2c]
Seat 3: gazzzzzza (big blind) folded on the Flop
Seat 4: Agrotait (button) (small blind) collected ($11.76)


