PokerStars Hand #145841466164:  Hold'em Limit ($3/$6 USD) - 2015/12/24 7:48:08 ET
Table 'Henan' 10-max Seat #5 is the button
Seat 5: ct-650 ($152.90 in chips)
Seat 6: ChasingAc918 ($53.06 in chips)
ct-650: posts small blind $1
ChasingAc918: posts big blind $3
*** HOLE CARDS ***
ct-650: raises $3 to $6
ChasingAc918: calls $3
*** FLOP *** [6d 5c Ac]
ChasingAc918: checks
ct-650: bets $3
ChasingAc918: calls $3
*** TURN *** [6d 5c Ac] [Th]
ChasingAc918: checks
ct-650: bets $6
ChasingAc918: calls $6
*** RIVER *** [6d 5c Ac Th] [9s]
ChasingAc918: checks
ct-650: bets $6
ChasingAc918: raises $6 to $12
ct-650: folds
Uncalled bet ($6) returned to ChasingAc918
ChasingAc918 collected $41.50 from pot
ChasingAc918: doesn't show hand
*** SUMMARY ***
Total pot $42 | Rake $0.50
Board [6d 5c Ac Th 9s]
Seat 5: ct-650 (button) (small blind) folded on the River
Seat 6: ChasingAc918 (big blind) collected ($41.50)


PokerStars Hand #145841477738:  Hold'em Limit ($3/$6 USD) - 2015/12/24 7:48:26 ET
Table 'Henan' 10-max Seat #6 is the button
Seat 5: ct-650 ($131.90 in chips)
Seat 6: ChasingAc918 ($73.56 in chips)
ChasingAc918: posts small blind $1
ct-650: posts big blind $3
*** HOLE CARDS ***
ChasingAc918: folds
Uncalled bet ($2) returned to ct-650
ct-650 collected $2 from pot
*** SUMMARY ***
Total pot $2 | Rake $0
Seat 5: ct-650 (big blind) collected ($2)
Seat 6: ChasingAc918 (button) (small blind) folded before Flop


PokerStars Hand #145843721629:  Hold'em Limit ($3/$6 USD) - 2015/12/24 8:46:46 ET
Table 'Henan' 10-max Seat #5 is the button
Seat 5: ct-650 ($124.90 in chips)
Seat 8: perten ($102.81 in chips)
ct-650: posts small blind $1
perten: posts big blind $3
*** HOLE CARDS ***
ct-650: raises $3 to $6
perten: raises $3 to $9
ct-650: calls $3
*** FLOP *** [5c 8s Ah]
perten: bets $3
ct-650: folds
Uncalled bet ($3) returned to perten
perten collected $17.64 from pot
perten: doesn't show hand
*** SUMMARY ***
Total pot $18 | Rake $0.36
Board [5c 8s Ah]
Seat 5: ct-650 (button) (small blind) folded on the Flop
Seat 8: perten (big blind) collected ($17.64)


PokerStars Hand #145843717981:  Hold'em Limit ($3/$6 USD) - 2015/12/24 8:46:41 ET
Table 'Henan' 10-max Seat #8 is the button
Seat 5: ct-650 ($123.90 in chips)
Seat 8: perten ($103.81 in chips)
perten: posts small blind $1
ct-650: posts big blind $3
*** HOLE CARDS ***
perten: folds
Uncalled bet ($2) returned to ct-650
ct-650 collected $2 from pot
*** SUMMARY ***
Total pot $2 | Rake $0
Seat 5: ct-650 (big blind) collected ($2)
Seat 8: perten (button) (small blind) folded before Flop


PokerStars Hand #145843730816:  Hold'em Limit ($3/$6 USD) - 2015/12/24 8:46:59 ET
Table 'Henan' 10-max Seat #5 is the button
Seat 5: ct-650 ($116.90 in chips)
Seat 8: perten ($110.45 in chips)
ct-650: posts small blind $1
perten: posts big blind $3
*** HOLE CARDS ***
ct-650: folds
Uncalled bet ($2) returned to perten
perten collected $2 from pot
perten: doesn't show hand
*** SUMMARY ***
Total pot $2 | Rake $0
Seat 5: ct-650 (button) (small blind) folded before Flop
Seat 8: perten (big blind) collected ($2)


PokerStars Hand #145843727229:  Hold'em Limit ($3/$6 USD) - 2015/12/24 8:46:54 ET
Table 'Henan' 10-max Seat #8 is the button
Seat 5: ct-650 ($115.90 in chips)
Seat 8: perten ($111.45 in chips)
perten: posts small blind $1
ct-650: posts big blind $3
*** HOLE CARDS ***
perten: folds
Uncalled bet ($2) returned to ct-650
ct-650 collected $2 from pot
*** SUMMARY ***
Total pot $2 | Rake $0
Seat 5: ct-650 (big blind) collected ($2)
Seat 8: perten (button) (small blind) folded before Flop


PokerStars Hand #145843744139:  Hold'em Limit ($3/$6 USD) - 2015/12/24 8:47:17 ET
Table 'Henan' 10-max Seat #5 is the button
Seat 5: ct-650 ($112.90 in chips)
Seat 8: perten ($114.45 in chips)
ct-650: posts small blind $1
perten: posts big blind $3
*** HOLE CARDS ***
ct-650: folds
Uncalled bet ($2) returned to perten
perten collected $2 from pot
perten: doesn't show hand
*** SUMMARY ***
Total pot $2 | Rake $0
Seat 5: ct-650 (button) (small blind) folded before Flop
Seat 8: perten (big blind) collected ($2)


PokerStars Hand #145843740249:  Hold'em Limit ($3/$6 USD) - 2015/12/24 8:47:12 ET
Table 'Henan' 10-max Seat #8 is the button
Seat 5: ct-650 ($115.90 in chips)
Seat 8: perten ($111.45 in chips)
perten: posts small blind $1
ct-650: posts big blind $3
*** HOLE CARDS ***
perten: raises $3 to $6
ct-650: folds
Uncalled bet ($3) returned to perten
perten collected $6 from pot
perten: doesn't show hand
*** SUMMARY ***
Total pot $6 | Rake $0
Seat 5: ct-650 (big blind) folded before Flop
Seat 8: perten (button) (small blind) collected ($6)


PokerStars Hand #145843747052:  Hold'em Limit ($3/$6 USD) - 2015/12/24 8:47:22 ET
Table 'Henan' 10-max Seat #8 is the button
Seat 5: ct-650 ($111.90 in chips)
Seat 8: perten ($115.45 in chips)
perten: posts small blind $1
ct-650: posts big blind $3
*** HOLE CARDS ***
perten: raises $3 to $6
ct-650: raises $3 to $9
perten: raises $3 to $12
Betting is capped
ct-650: calls $3
*** FLOP *** [3s Qs Kd]
ct-650: bets $3
perten: raises $3 to $6
ct-650: calls $3
*** TURN *** [3s Qs Kd] [Qh]
ct-650: checks
perten: bets $6
ct-650: calls $6
*** RIVER *** [3s Qs Kd Qh] [Jh]
ct-650: checks
perten: checks
*** SHOW DOWN ***
ct-650: shows [Jd Js] (a full house, Jacks full of Queens)
perten: mucks hand
ct-650 collected $47.50 from pot
*** SUMMARY ***
Total pot $48 | Rake $0.50
Board [3s Qs Kd Qh Jh]
Seat 5: ct-650 (big blind) showed [Jd Js] and won ($47.50) with a full house, Jacks full of Queens
Seat 8: perten (button) (small blind) mucked


PokerStars Hand #145843756586:  Hold'em Limit ($3/$6 USD) - 2015/12/24 8:47:35 ET
Table 'Henan' 10-max Seat #5 is the button
Seat 5: ct-650 ($135.40 in chips)
Seat 8: perten ($91.45 in chips)
ct-650: posts small blind $1
perten: posts big blind $3
*** HOLE CARDS ***
ct-650: folds
Uncalled bet ($2) returned to perten
perten collected $2 from pot
perten: doesn't show hand
*** SUMMARY ***
Total pot $2 | Rake $0
Seat 5: ct-650 (button) (small blind) folded before Flop
Seat 8: perten (big blind) collected ($2)


PokerStars Hand #145843759710:  Hold'em Limit ($3/$6 USD) - 2015/12/24 8:47:40 ET
Table 'Henan' 10-max Seat #8 is the button
Seat 5: ct-650 ($134.40 in chips)
Seat 8: perten ($92.45 in chips)
perten: posts small blind $1
ct-650: posts big blind $3
*** HOLE CARDS ***
perten: raises $3 to $6
ct-650: calls $3
*** FLOP *** [5h 2s Tc]
ct-650: checks
perten: bets $3
ct-650: calls $3
*** TURN *** [5h 2s Tc] [7h]
ct-650: checks
perten: bets $6
ct-650: raises $6 to $12
perten: calls $6
*** RIVER *** [5h 2s Tc 7h] [Kc]
ct-650: bets $6
perten: calls $6
*** SHOW DOWN ***
ct-650: shows [6c 8c] (high card King)
perten: shows [Qh Ts] (a pair of Tens)
perten collected $53.50 from pot
*** SUMMARY ***
Total pot $54 | Rake $0.50
Board [5h 2s Tc 7h Kc]
Seat 5: ct-650 (big blind) showed [6c 8c] and lost with high card King
Seat 8: perten (button) (small blind) showed [Qh Ts] and won ($53.50) with a pair of Tens


PokerStars Hand #145843736718:  Hold'em Limit ($3/$6 USD) - 2015/12/24 8:47:07 ET
Table 'Henan' 10-max Seat #5 is the button
Seat 5: ct-650 ($116.90 in chips)
Seat 8: perten ($110.45 in chips)
ct-650: posts small blind $1
perten: posts big blind $3
*** HOLE CARDS ***
ct-650: folds
Uncalled bet ($2) returned to perten
perten collected $2 from pot
perten: doesn't show hand
*** SUMMARY ***
Total pot $2 | Rake $0
Seat 5: ct-650 (button) (small blind) folded before Flop
Seat 8: perten (big blind) collected ($2)


PokerStars Hand #145843733716:  Hold'em Limit ($3/$6 USD) - 2015/12/24 8:47:03 ET
Table 'Henan' 10-max Seat #8 is the button
Seat 5: ct-650 ($115.90 in chips)
Seat 8: perten ($111.45 in chips)
perten: posts small blind $1
ct-650: posts big blind $3
*** HOLE CARDS ***
perten: folds
Uncalled bet ($2) returned to ct-650
ct-650 collected $2 from pot
*** SUMMARY ***
Total pot $2 | Rake $0
Seat 5: ct-650 (big blind) collected ($2)
Seat 8: perten (button) (small blind) folded before Flop


PokerStars Hand #145843782238:  Hold'em Limit ($3/$6 USD) - 2015/12/24 8:48:12 ET
Table 'Henan' 10-max Seat #8 is the button
Seat 5: ct-650 ($127.90 in chips)
Seat 8: perten ($97.95 in chips)
perten: posts small blind $1
ct-650: posts big blind $3
*** HOLE CARDS ***
perten: folds
Uncalled bet ($2) returned to ct-650
ct-650 collected $2 from pot
*** SUMMARY ***
Total pot $2 | Rake $0
Seat 5: ct-650 (big blind) collected ($2)
Seat 8: perten (button) (small blind) folded before Flop


PokerStars Hand #145843785657:  Hold'em Limit ($3/$6 USD) - 2015/12/24 8:48:17 ET
Table 'Henan' 10-max Seat #5 is the button
Seat 5: ct-650 ($128.90 in chips)
Seat 8: perten ($96.95 in chips)
ct-650: posts small blind $1
perten: posts big blind $3
*** HOLE CARDS ***
ct-650: raises $3 to $6
perten: raises $3 to $9
ct-650: calls $3
*** FLOP *** [Qc 9h 5d]
perten: bets $3
ct-650: calls $3
*** TURN *** [Qc 9h 5d] [Ks]
perten: bets $6
ct-650: calls $6
*** RIVER *** [Qc 9h 5d Ks] [Kd]
perten: checks
ct-650: checks
*** SHOW DOWN ***
perten: shows [8s 9c] (two pair, Kings and Nines)
ct-650: mucks hand
perten collected $35.50 from pot
*** SUMMARY ***
Total pot $36 | Rake $0.50
Board [Qc 9h 5d Ks Kd]
Seat 5: ct-650 (button) (small blind) mucked
Seat 8: perten (big blind) showed [8s 9c] and won ($35.50) with two pair, Kings and Nines


PokerStars Hand #145843800244:  Hold'em Limit ($3/$6 USD) - 2015/12/24 8:48:38 ET
Table 'Henan' 10-max Seat #5 is the button
Seat 5: ct-650 ($111.90 in chips)
Seat 8: perten ($113.45 in chips)
ct-650: posts small blind $1
perten: posts big blind $3
*** HOLE CARDS ***
ct-650: raises $3 to $6
perten: folds
Uncalled bet ($3) returned to ct-650
ct-650 collected $6 from pot
*** SUMMARY ***
Total pot $6 | Rake $0
Seat 5: ct-650 (button) (small blind) collected ($6)
Seat 8: perten (big blind) folded before Flop


PokerStars Hand #145843796841:  Hold'em Limit ($3/$6 USD) - 2015/12/24 8:48:33 ET
Table 'Henan' 10-max Seat #8 is the button
Seat 5: ct-650 ($110.90 in chips)
Seat 8: perten ($114.45 in chips)
perten: posts small blind $1
ct-650: posts big blind $3
*** HOLE CARDS ***
perten: folds
Uncalled bet ($2) returned to ct-650
ct-650 collected $2 from pot
*** SUMMARY ***
Total pot $2 | Rake $0
Seat 5: ct-650 (big blind) collected ($2)
Seat 8: perten (button) (small blind) folded before Flop


PokerStars Hand #145843803923:  Hold'em Limit ($3/$6 USD) - 2015/12/24 8:48:43 ET
Table 'Henan' 10-max Seat #8 is the button
Seat 5: ct-650 ($114.90 in chips)
Seat 8: perten ($110.45 in chips)
perten: posts small blind $1
ct-650: posts big blind $3
*** HOLE CARDS ***
perten: folds
Uncalled bet ($2) returned to ct-650
ct-650 collected $2 from pot
*** SUMMARY ***
Total pot $2 | Rake $0
Seat 5: ct-650 (big blind) collected ($2)
Seat 8: perten (button) (small blind) folded before Flop


PokerStars Hand #145843808631:  Hold'em Limit ($3/$6 USD) - 2015/12/24 8:48:50 ET
Table 'Henan' 10-max Seat #5 is the button
Seat 5: ct-650 ($115.90 in chips)
Seat 8: perten ($109.45 in chips)
ct-650: posts small blind $1
perten: posts big blind $3
*** HOLE CARDS ***
ct-650: raises $3 to $6
perten: raises $3 to $9
ct-650: calls $3
*** FLOP *** [9h 8h Kh]
perten: bets $3
ct-650: calls $3
*** TURN *** [9h 8h Kh] [4d]
perten: bets $6
ct-650: folds
Uncalled bet ($6) returned to perten
perten collected $23.52 from pot
perten: doesn't show hand
*** SUMMARY ***
Total pot $24 | Rake $0.48
Board [9h 8h Kh 4d]
Seat 5: ct-650 (button) (small blind) folded on the Turn
Seat 8: perten (big blind) collected ($23.52)


PokerStars Hand #145843773448:  Hold'em Limit ($3/$6 USD) - 2015/12/24 8:47:59 ET
Table 'Henan' 10-max Seat #5 is the button
Seat 5: ct-650 ($107.40 in chips)
Seat 8: perten ($118.95 in chips)
ct-650: posts small blind $1
perten: posts big blind $3
*** HOLE CARDS ***
ct-650: raises $3 to $6
perten: calls $3
*** FLOP *** [5c 6c 4s]
perten: checks
ct-650: bets $3
perten: calls $3
*** TURN *** [5c 6c 4s] [3c]
perten: checks
ct-650: bets $6
perten: calls $6
*** RIVER *** [5c 6c 4s 3c] [8d]
perten: checks
ct-650: bets $6
perten: calls $6
*** SHOW DOWN ***
ct-650: shows [Ah 2h] (a straight, Deuce to Six)
perten: mucks hand
ct-650 collected $41.50 from pot
*** SUMMARY ***
Total pot $42 | Rake $0.50
Board [5c 6c 4s 3c 8d]
Seat 5: ct-650 (button) (small blind) showed [Ah 2h] and won ($41.50) with a straight, Deuce to Six
Seat 8: perten (big blind) mucked


PokerStars Hand #145843825772:  Hold'em Limit ($3/$6 USD) - 2015/12/24 8:49:15 ET
Table 'Henan' 10-max Seat #8 is the button
Seat 5: ct-650 ($93.90 in chips)
Seat 8: perten ($130.61 in chips)
perten: posts small blind $1
ct-650: posts big blind $3
*** HOLE CARDS ***
perten: raises $3 to $6
ct-650: calls $3
*** FLOP *** [9s 7c Ks]
ct-650: checks
perten: bets $3
ct-650: calls $3
*** TURN *** [9s 7c Ks] [3d]
ct-650: checks
perten: checks
*** RIVER *** [9s 7c Ks 3d] [Qs]
ct-650: checks
perten: bets $6
ct-650: calls $6
*** SHOW DOWN ***
perten: shows [2c Jc] (high card King)
ct-650: shows [Ad 3c] (a pair of Threes)
ct-650 collected $29.50 from pot
*** SUMMARY ***
Total pot $30 | Rake $0.50
Board [9s 7c Ks 3d Qs]
Seat 5: ct-650 (big blind) showed [Ad 3c] and won ($29.50) with a pair of Threes
Seat 8: perten (button) (small blind) showed [2c Jc] and lost with high card King


PokerStars Hand #145843842646:  Hold'em Limit ($3/$6 USD) - 2015/12/24 8:49:39 ET
Table 'Henan' 10-max Seat #8 is the button
Seat 5: ct-650 ($90.40 in chips)
Seat 8: perten ($133.11 in chips)
perten: posts small blind $1
ct-650: posts big blind $3
*** HOLE CARDS ***
perten: folds
Uncalled bet ($2) returned to ct-650
ct-650 collected $2 from pot
*** SUMMARY ***
Total pot $2 | Rake $0
Seat 5: ct-650 (big blind) collected ($2)
Seat 8: perten (button) (small blind) folded before Flop


PokerStars Hand #145843834783:  Hold'em Limit ($3/$6 USD) - 2015/12/24 8:49:28 ET
Table 'Henan' 10-max Seat #5 is the button
Seat 5: ct-650 ($108.40 in chips)
Seat 8: perten ($115.61 in chips)
ct-650: posts small blind $1
perten: posts big blind $3
*** HOLE CARDS ***
ct-650: raises $3 to $6
perten: raises $3 to $9
ct-650: calls $3
*** FLOP *** [As Qs Ks]
perten: bets $3
ct-650: calls $3
*** TURN *** [As Qs Ks] [3d]
perten: bets $6
ct-650: calls $6
*** RIVER *** [As Qs Ks 3d] [2d]
perten: bets $6
ct-650: folds
Uncalled bet ($6) returned to perten
perten collected $35.50 from pot
perten: doesn't show hand
*** SUMMARY ***
Total pot $36 | Rake $0.50
Board [As Qs Ks 3d 2d]
Seat 5: ct-650 (button) (small blind) folded on the River
Seat 8: perten (big blind) collected ($35.50)


PokerStars Hand #145843846665:  Hold'em Limit ($3/$6 USD) - 2015/12/24 8:49:45 ET
Table 'Henan' 10-max Seat #5 is the button
Seat 5: ct-650 ($91.40 in chips)
Seat 8: perten ($132.11 in chips)
ct-650: posts small blind $1
perten: posts big blind $3
*** HOLE CARDS ***
ct-650: raises $3 to $6
perten: folds
Uncalled bet ($3) returned to ct-650
ct-650 collected $6 from pot
*** SUMMARY ***
Total pot $6 | Rake $0
Seat 5: ct-650 (button) (small blind) collected ($6)
Seat 8: perten (big blind) folded before Flop


PokerStars Hand #145843850205:  Hold'em Limit ($3/$6 USD) - 2015/12/24 8:49:50 ET
Table 'Henan' 10-max Seat #8 is the button
Seat 5: ct-650 ($94.40 in chips)
Seat 8: perten ($129.11 in chips)
perten: posts small blind $1
ct-650: posts big blind $3
*** HOLE CARDS ***
perten: raises $3 to $6
ct-650: calls $3
*** FLOP *** [7c Jh 4c]
ct-650: checks
perten: bets $3
ct-650: calls $3
*** TURN *** [7c Jh 4c] [8d]
ct-650: checks
perten: checks
*** RIVER *** [7c Jh 4c 8d] [8s]
ct-650: checks
perten: checks
*** SHOW DOWN ***
ct-650: shows [Kh 6d] (a pair of Eights)
perten: shows [5s Ks] (a pair of Eights)
ct-650 collected $8.82 from pot
perten collected $8.82 from pot
*** SUMMARY ***
Total pot $18 | Rake $0.36
Board [7c Jh 4c 8d 8s]
Seat 5: ct-650 (big blind) showed [Kh 6d] and won ($8.82) with a pair of Eights
Seat 8: perten (button) (small blind) showed [5s Ks] and won ($8.82) with a pair of Eights


PokerStars Hand #145843823040:  Hold'em Limit ($3/$6 USD) - 2015/12/24 8:49:11 ET
Table 'Henan' 10-max Seat #5 is the button
Seat 5: ct-650 ($94.90 in chips)
Seat 8: perten ($129.61 in chips)
ct-650: posts small blind $1
perten: posts big blind $3
*** HOLE CARDS ***
ct-650: folds
Uncalled bet ($2) returned to perten
perten collected $2 from pot
perten: doesn't show hand
*** SUMMARY ***
Total pot $2 | Rake $0
Seat 5: ct-650 (button) (small blind) folded before Flop
Seat 8: perten (big blind) collected ($2)


PokerStars Hand #145843814729:  Hold'em Limit ($3/$6 USD) - 2015/12/24 8:48:59 ET
Table 'Henan' 10-max Seat #8 is the button
Seat 5: ct-650 ($103.90 in chips)
Seat 8: perten ($120.97 in chips)
perten: posts small blind $1
ct-650: posts big blind $3
*** HOLE CARDS ***
perten: raises $3 to $6
ct-650: calls $3
*** FLOP *** [3d 6s Kc]
ct-650: checks
perten: bets $3
ct-650: calls $3
*** TURN *** [3d 6s Kc] [Ah]
ct-650: checks
perten: checks
*** RIVER *** [3d 6s Kc Ah] [3s]
ct-650: checks
perten: bets $6
ct-650: folds
Uncalled bet ($6) returned to perten
perten collected $17.64 from pot
perten: doesn't show hand
*** SUMMARY ***
Total pot $18 | Rake $0.36
Board [3d 6s Kc Ah 3s]
Seat 5: ct-650 (big blind) folded on the River
Seat 8: perten (button) (small blind) collected ($17.64)


PokerStars Hand #145843865448:  Hold'em Limit ($3/$6 USD) - 2015/12/24 8:50:12 ET
Table 'Henan' 10-max Seat #8 is the button
Seat 5: ct-650 ($102.86 in chips)
Seat 8: perten ($119.93 in chips)
perten: posts small blind $1
ct-650: posts big blind $3
*** HOLE CARDS ***
perten: raises $3 to $6
ct-650: calls $3
*** FLOP *** [3c Ac 7d]
ct-650: checks
perten: bets $3
ct-650: raises $3 to $6
perten: folds
Uncalled bet ($3) returned to ct-650
ct-650 collected $17.64 from pot
*** SUMMARY ***
Total pot $18 | Rake $0.36
Board [3c Ac 7d]
Seat 5: ct-650 (big blind) collected ($17.64)
Seat 8: perten (button) (small blind) folded on the Flop


PokerStars Hand #145843872073:  Hold'em Limit ($3/$6 USD) - 2015/12/24 8:50:22 ET
Table 'Henan' 10-max Seat #5 is the button
Seat 5: ct-650 ($111.50 in chips)
Seat 8: perten ($110.93 in chips)
ct-650: posts small blind $1
perten: posts big blind $3
*** HOLE CARDS ***
ct-650: raises $3 to $6
perten: raises $3 to $9
ct-650: calls $3
*** FLOP *** [5s 4s 4c]
perten: checks
ct-650: checks
*** TURN *** [5s 4s 4c] [Kh]
perten: checks
ct-650: checks
*** RIVER *** [5s 4s 4c Kh] [4d]
perten: bets $6
ct-650: folds
Uncalled bet ($6) returned to perten
perten collected $17.64 from pot
perten: doesn't show hand
*** SUMMARY ***
Total pot $18 | Rake $0.36
Board [5s 4s 4c Kh 4d]
Seat 5: ct-650 (button) (small blind) folded on the River
Seat 8: perten (big blind) collected ($17.64)


PokerStars Hand #145843881145:  Hold'em Limit ($3/$6 USD) - 2015/12/24 8:50:35 ET
Table 'Henan' 10-max Seat #8 is the button
Seat 5: ct-650 ($102.50 in chips)
Seat 8: perten ($119.57 in chips)
perten: posts small blind $1
ct-650: posts big blind $3
*** HOLE CARDS ***
perten: folds
Uncalled bet ($2) returned to ct-650
ct-650 collected $2 from pot
*** SUMMARY ***
Total pot $2 | Rake $0
Seat 5: ct-650 (big blind) collected ($2)
Seat 8: perten (button) (small blind) folded before Flop


PokerStars Hand #145843884674:  Hold'em Limit ($3/$6 USD) - 2015/12/24 8:50:40 ET
Table 'Henan' 10-max Seat #5 is the button
Seat 5: ct-650 ($103.50 in chips)
Seat 8: perten ($118.57 in chips)
ct-650: posts small blind $1
perten: posts big blind $3
*** HOLE CARDS ***
ct-650: raises $3 to $6
perten: calls $3
*** FLOP *** [3h 5h 8s]
perten: checks
ct-650: bets $3
perten: calls $3
*** TURN *** [3h 5h 8s] [Js]
perten: checks
ct-650: bets $6
perten: calls $6
*** RIVER *** [3h 5h 8s Js] [2h]
perten: checks
ct-650: bets $6
perten: calls $6
*** SHOW DOWN ***
ct-650: shows [Jc Ac] (a pair of Jacks)
perten: mucks hand
ct-650 collected $41.50 from pot
*** SUMMARY ***
Total pot $42 | Rake $0.50
Board [3h 5h 8s Js 2h]
Seat 5: ct-650 (button) (small blind) showed [Jc Ac] and won ($41.50) with a pair of Jacks
Seat 8: perten (big blind) mucked


PokerStars Hand #145843896472:  Hold'em Limit ($3/$6 USD) - 2015/12/24 8:50:57 ET
Table 'Henan' 10-max Seat #5 is the button
Seat 5: ct-650 ($125 in chips)
Seat 8: perten ($96.57 in chips)
ct-650: posts small blind $1
perten: posts big blind $3
*** HOLE CARDS ***
ct-650: raises $3 to $6
perten: folds
Uncalled bet ($3) returned to ct-650
ct-650 collected $6 from pot
*** SUMMARY ***
Total pot $6 | Rake $0
Seat 5: ct-650 (button) (small blind) collected ($6)
Seat 8: perten (big blind) folded before Flop


PokerStars Hand #145843893191:  Hold'em Limit ($3/$6 USD) - 2015/12/24 8:50:52 ET
Table 'Henan' 10-max Seat #8 is the button
Seat 5: ct-650 ($124 in chips)
Seat 8: perten ($97.57 in chips)
perten: posts small blind $1
ct-650: posts big blind $3
*** HOLE CARDS ***
perten: folds
Uncalled bet ($2) returned to ct-650
ct-650 collected $2 from pot
*** SUMMARY ***
Total pot $2 | Rake $0
Seat 5: ct-650 (big blind) collected ($2)
Seat 8: perten (button) (small blind) folded before Flop


PokerStars Hand #145843857882:  Hold'em Limit ($3/$6 USD) - 2015/12/24 8:50:01 ET
Table 'Henan' 10-max Seat #5 is the button
Seat 5: ct-650 ($94.22 in chips)
Seat 8: perten ($128.93 in chips)
ct-650: posts small blind $1
perten: posts big blind $3
*** HOLE CARDS ***
ct-650: raises $3 to $6
perten: calls $3
*** FLOP *** [Ks Ad Jc]
perten: checks
ct-650: bets $3
perten: calls $3
*** TURN *** [Ks Ad Jc] [As]
perten: checks
ct-650: checks
*** RIVER *** [Ks Ad Jc As] [4h]
perten: checks
ct-650: checks
*** SHOW DOWN ***
perten: shows [2d 2h] (two pair, Aces and Deuces)
ct-650: shows [3d 3s] (two pair, Aces and Threes)
ct-650 collected $17.64 from pot
*** SUMMARY ***
Total pot $18 | Rake $0.36
Board [Ks Ad Jc As 4h]
Seat 5: ct-650 (button) (small blind) showed [3d 3s] and won ($17.64) with two pair, Aces and Threes
Seat 8: perten (big blind) showed [2d 2h] and lost with two pair, Aces and Deuces


PokerStars Hand #145843906059:  Hold'em Limit ($3/$6 USD) - 2015/12/24 8:51:11 ET
Table 'Henan' 10-max Seat #5 is the button
Seat 5: ct-650 ($122 in chips)
Seat 8: perten ($99.33 in chips)
ct-650: posts small blind $1
perten: posts big blind $3
*** HOLE CARDS ***
ct-650: raises $3 to $6
perten: calls $3
*** FLOP *** [3h 2c Ts]
perten: checks
ct-650: bets $3
perten: calls $3
*** TURN *** [3h 2c Ts] [3c]
perten: checks
ct-650: checks
*** RIVER *** [3h 2c Ts 3c] [7c]
perten: bets $6
ct-650: calls $6
*** SHOW DOWN ***
perten: shows [5h 7h] (two pair, Sevens and Threes)
ct-650: shows [7d Kc] (two pair, Sevens and Threes - King kicker)
ct-650 collected $29.50 from pot
*** SUMMARY ***
Total pot $30 | Rake $0.50
Board [3h 2c Ts 3c 7c]
Seat 5: ct-650 (button) (small blind) showed [7d Kc] and won ($29.50) with two pair, Sevens and Threes
Seat 8: perten (big blind) showed [5h 7h] and lost with two pair, Sevens and Threes


PokerStars Hand #145843914710:  Hold'em Limit ($3/$6 USD) - 2015/12/24 8:51:24 ET
Table 'Henan' 10-max Seat #8 is the button
Seat 5: ct-650 ($136.50 in chips)
Seat 8: perten ($84.33 in chips)
perten: posts small blind $1
ct-650: posts big blind $3
*** HOLE CARDS ***
perten: raises $3 to $6
ct-650: calls $3
*** FLOP *** [2h 5c 5s]
ct-650: checks
perten: checks
*** TURN *** [2h 5c 5s] [7d]
ct-650: checks
perten: checks
*** RIVER *** [2h 5c 5s 7d] [2c]
ct-650: checks
perten: checks
*** SHOW DOWN ***
ct-650: shows [Kh 3s] (two pair, Fives and Deuces)
perten: mucks hand
ct-650 collected $11.76 from pot
*** SUMMARY ***
Total pot $12 | Rake $0.24
Board [2h 5c 5s 7d 2c]
Seat 5: ct-650 (big blind) showed [Kh 3s] and won ($11.76) with two pair, Fives and Deuces
Seat 8: perten (button) (small blind) mucked


PokerStars Hand #145843899602:  Hold'em Limit ($3/$6 USD) - 2015/12/24 8:51:02 ET
Table 'Henan' 10-max Seat #8 is the button
Seat 5: ct-650 ($128 in chips)
Seat 8: perten ($93.57 in chips)
perten: posts small blind $1
ct-650: posts big blind $3
*** HOLE CARDS ***
perten: raises $3 to $6
ct-650: calls $3
*** FLOP *** [As Js 5s]
ct-650: checks
perten: bets $3
ct-650: folds
Uncalled bet ($3) returned to perten
perten collected $11.76 from pot
perten: doesn't show hand
*** SUMMARY ***
Total pot $12 | Rake $0.24
Board [As Js 5s]
Seat 5: ct-650 (big blind) folded on the Flop
Seat 8: perten (button) (small blind) collected ($11.76)


PokerStars Hand #145843932255:  Hold'em Limit ($3/$6 USD) - 2015/12/24 8:51:49 ET
Table 'Henan' 10-max Seat #8 is the button
Seat 5: ct-650 ($118.26 in chips)
Seat 8: perten ($101.83 in chips)
perten: posts small blind $1
ct-650: posts big blind $3
*** HOLE CARDS ***
perten: folds
Uncalled bet ($2) returned to ct-650
ct-650 collected $2 from pot
*** SUMMARY ***
Total pot $2 | Rake $0
Seat 5: ct-650 (big blind) collected ($2)
Seat 8: perten (button) (small blind) folded before Flop


PokerStars Hand #145843922458:  Hold'em Limit ($3/$6 USD) - 2015/12/24 8:51:35 ET
Table 'Henan' 10-max Seat #5 is the button
Seat 5: ct-650 ($142.26 in chips)
Seat 8: perten ($78.33 in chips)
ct-650: posts small blind $1
perten: posts big blind $3
*** HOLE CARDS ***
ct-650: raises $3 to $6
perten: calls $3
*** FLOP *** [7h 7d 5s]
perten: checks
ct-650: bets $3
perten: raises $3 to $6
ct-650: calls $3
*** TURN *** [7h 7d 5s] [Kc]
perten: bets $6
ct-650: calls $6
*** RIVER *** [7h 7d 5s Kc] [Ad]
perten: bets $6
ct-650: calls $6
*** SHOW DOWN ***
perten: shows [7c Kh] (a full house, Sevens full of Kings)
ct-650: mucks hand
perten collected $47.50 from pot
*** SUMMARY ***
Total pot $48 | Rake $0.50
Board [7h 7d 5s Kc Ad]
Seat 5: ct-650 (button) (small blind) mucked
Seat 8: perten (big blind) showed [7c Kh] and won ($47.50) with a full house, Sevens full of Kings


PokerStars Hand #145843936548:  Hold'em Limit ($3/$6 USD) - 2015/12/24 8:51:55 ET
Table 'Henan' 10-max Seat #5 is the button
Seat 5: ct-650 ($119.26 in chips)
Seat 8: perten ($100.83 in chips)
ct-650: posts small blind $1
perten: posts big blind $3
*** HOLE CARDS ***
ct-650: raises $3 to $6
perten: raises $3 to $9
ct-650: calls $3
*** FLOP *** [Ac Qs 7s]
perten: bets $3
ct-650: folds
Uncalled bet ($3) returned to perten
perten collected $17.64 from pot
perten: doesn't show hand
*** SUMMARY ***
Total pot $18 | Rake $0.36
Board [Ac Qs 7s]
Seat 5: ct-650 (button) (small blind) folded on the Flop
Seat 8: perten (big blind) collected ($17.64)


PokerStars Hand #145843949501:  Hold'em Limit ($3/$6 USD) - 2015/12/24 8:52:14 ET
Table 'Henan' 10-max Seat #5 is the button
Seat 5: ct-650 ($116.02 in chips)
Seat 8: perten ($103.47 in chips)
ct-650: posts small blind $1
perten: posts big blind $3
*** HOLE CARDS ***
ct-650: raises $3 to $6
perten: raises $3 to $9
ct-650: calls $3
*** FLOP *** [4d Qh Ts]
perten: bets $3
ct-650: folds
Uncalled bet ($3) returned to perten
perten collected $17.64 from pot
perten: doesn't show hand
*** SUMMARY ***
Total pot $18 | Rake $0.36
Board [4d Qh Ts]
Seat 5: ct-650 (button) (small blind) folded on the Flop
Seat 8: perten (big blind) collected ($17.64)


PokerStars Hand #145843954329:  Hold'em Limit ($3/$6 USD) - 2015/12/24 8:52:21 ET
Table 'Henan' 10-max Seat #8 is the button
Seat 5: ct-650 ($107.02 in chips)
Seat 8: perten ($112.11 in chips)
perten: posts small blind $1
ct-650: posts big blind $3
*** HOLE CARDS ***
perten: raises $3 to $6
ct-650: calls $3
*** FLOP *** [2d Td As]
ct-650: checks
perten: bets $3
ct-650: calls $3
*** TURN *** [2d Td As] [5s]
ct-650: checks
perten: checks
*** RIVER *** [2d Td As 5s] [Qd]
ct-650: checks
perten: checks
*** SHOW DOWN ***
ct-650: shows [Ks 2s] (a pair of Deuces)
perten: shows [5h 9d] (a pair of Fives)
perten collected $17.64 from pot
*** SUMMARY ***
Total pot $18 | Rake $0.36
Board [2d Td As 5s Qd]
Seat 5: ct-650 (big blind) showed [Ks 2s] and lost with a pair of Deuces
Seat 8: perten (button) (small blind) showed [5h 9d] and won ($17.64) with a pair of Fives


PokerStars Hand #145843969387:  Hold'em Limit ($3/$6 USD) - 2015/12/24 8:52:42 ET
Table 'Henan' 10-max Seat #8 is the button
Seat 5: ct-650 ($112.52 in chips)
Seat 8: perten ($105.75 in chips)
perten: posts small blind $1
ct-650: posts big blind $3
*** HOLE CARDS ***
perten: folds
Uncalled bet ($2) returned to ct-650
ct-650 collected $2 from pot
*** SUMMARY ***
Total pot $2 | Rake $0
Seat 5: ct-650 (big blind) collected ($2)
Seat 8: perten (button) (small blind) folded before Flop


PokerStars Hand #145843961509:  Hold'em Limit ($3/$6 USD) - 2015/12/24 8:52:31 ET
Table 'Henan' 10-max Seat #5 is the button
Seat 5: ct-650 ($98.02 in chips)
Seat 8: perten ($120.75 in chips)
ct-650: posts small blind $1
perten: posts big blind $3
*** HOLE CARDS ***
ct-650: raises $3 to $6
perten: calls $3
*** FLOP *** [5d Tc Jh]
perten: checks
ct-650: bets $3
perten: calls $3
*** TURN *** [5d Tc Jh] [Qh]
perten: checks
ct-650: bets $6
perten: calls $6
*** RIVER *** [5d Tc Jh Qh] [4d]
perten: checks
ct-650: bets $6
perten: folds
Uncalled bet ($6) returned to ct-650
ct-650 collected $29.50 from pot
*** SUMMARY ***
Total pot $30 | Rake $0.50
Board [5d Tc Jh Qh 4d]
Seat 5: ct-650 (button) (small blind) collected ($29.50)
Seat 8: perten (big blind) folded on the River


PokerStars Hand #145843972357:  Hold'em Limit ($3/$6 USD) - 2015/12/24 8:52:47 ET
Table 'Henan' 10-max Seat #5 is the button
Seat 5: ct-650 ($113.52 in chips)
Seat 8: perten ($104.75 in chips)
ct-650: posts small blind $1
perten: posts big blind $3
*** HOLE CARDS ***
ct-650: raises $3 to $6
perten: raises $3 to $9
ct-650: calls $3
*** FLOP *** [3c 9s Qh]
perten: bets $3
ct-650: calls $3
*** TURN *** [3c 9s Qh] [4c]
perten: bets $6
ct-650: calls $6
*** RIVER *** [3c 9s Qh 4c] [4h]
perten: bets $6
ct-650: calls $6
*** SHOW DOWN ***
perten: shows [Ts Qd] (two pair, Queens and Fours)
ct-650: mucks hand
perten collected $47.50 from pot
*** SUMMARY ***
Total pot $48 | Rake $0.50
Board [3c 9s Qh 4c 4h]
Seat 5: ct-650 (button) (small blind) mucked
Seat 8: perten (big blind) showed [Ts Qd] and won ($47.50) with two pair, Queens and Fours


PokerStars Hand #145843941806:  Hold'em Limit ($3/$6 USD) - 2015/12/24 8:52:03 ET
Table 'Henan' 10-max Seat #8 is the button
Seat 5: ct-650 ($110.26 in chips)
Seat 8: perten ($109.47 in chips)
perten: posts small blind $1
ct-650: posts big blind $3
*** HOLE CARDS ***
perten: raises $3 to $6
ct-650: calls $3
*** FLOP *** [8c 8h 2c]
ct-650: checks
perten: checks
*** TURN *** [8c 8h 2c] [Qc]
ct-650: bets $6
perten: folds
Uncalled bet ($6) returned to ct-650
ct-650 collected $11.76 from pot
*** SUMMARY ***
Total pot $12 | Rake $0.24
Board [8c 8h 2c Qc]
Seat 5: ct-650 (big blind) collected ($11.76)
Seat 8: perten (button) (small blind) folded on the Turn


PokerStars Hand #145844021219:  Hold'em Limit ($3/$6 USD) - 2015/12/24 8:53:57 ET
Table 'Henan' 10-max Seat #5 is the button
Seat 5: ct-650 ($113.54 in chips)
Seat 8: perten ($103.25 in chips)
ct-650: posts small blind $1
perten: posts big blind $3
*** HOLE CARDS ***
ct-650: folds
Uncalled bet ($2) returned to perten
perten collected $2 from pot
perten: doesn't show hand
*** SUMMARY ***
Total pot $2 | Rake $0
Seat 5: ct-650 (button) (small blind) folded before Flop
Seat 8: perten (big blind) collected ($2)


PokerStars Hand #145844017887:  Hold'em Limit ($3/$6 USD) - 2015/12/24 8:53:52 ET
Table 'Henan' 10-max Seat #8 is the button
Seat 5: ct-650 ($116.54 in chips)
Seat 8: perten ($100.25 in chips)
perten: posts small blind $1
ct-650: posts big blind $3
*** HOLE CARDS ***
perten: raises $3 to $6
ct-650: folds
Uncalled bet ($3) returned to perten
perten collected $6 from pot
perten: doesn't show hand
*** SUMMARY ***
Total pot $6 | Rake $0
Seat 5: ct-650 (big blind) folded before Flop
Seat 8: perten (button) (small blind) collected ($6)


PokerStars Hand #145844014949:  Hold'em Limit ($3/$6 USD) - 2015/12/24 8:53:48 ET
Table 'Henan' 10-max Seat #5 is the button
Seat 5: ct-650 ($117.54 in chips)
Seat 8: perten ($99.25 in chips)
ct-650: posts small blind $1
perten: posts big blind $3
*** HOLE CARDS ***
ct-650: folds
Uncalled bet ($2) returned to perten
perten collected $2 from pot
perten: doesn't show hand
*** SUMMARY ***
Total pot $2 | Rake $0
Seat 5: ct-650 (button) (small blind) folded before Flop
Seat 8: perten (big blind) collected ($2)


PokerStars Hand #145844006356:  Hold'em Limit ($3/$6 USD) - 2015/12/24 8:53:36 ET
Table 'Henan' 10-max Seat #8 is the button
Seat 5: ct-650 ($100.04 in chips)
Seat 8: perten ($117.25 in chips)
perten: posts small blind $1
ct-650: posts big blind $3
*** HOLE CARDS ***
perten: raises $3 to $6
ct-650: calls $3
*** FLOP *** [5h 7h Kc]
ct-650: checks
perten: bets $3
ct-650: raises $3 to $6
perten: calls $3
*** TURN *** [5h 7h Kc] [Qc]
ct-650: bets $6
perten: calls $6
*** RIVER *** [5h 7h Kc Qc] [9d]
ct-650: bets $6
perten: folds
Uncalled bet ($6) returned to ct-650
ct-650 collected $35.50 from pot
*** SUMMARY ***
Total pot $36 | Rake $0.50
Board [5h 7h Kc Qc 9d]
Seat 5: ct-650 (big blind) collected ($35.50)
Seat 8: perten (button) (small blind) folded on the River


PokerStars Hand #145844002485:  Hold'em Limit ($3/$6 USD) - 2015/12/24 8:53:30 ET
Table 'Henan' 10-max Seat #5 is the button
Seat 5: ct-650 ($101.04 in chips)
Seat 8: perten ($116.25 in chips)
ct-650: posts small blind $1
perten: posts big blind $3
*** HOLE CARDS ***
ct-650: folds
Uncalled bet ($2) returned to perten
perten collected $2 from pot
perten: doesn't show hand
*** SUMMARY ***
Total pot $2 | Rake $0
Seat 5: ct-650 (button) (small blind) folded before Flop
Seat 8: perten (big blind) collected ($2)


PokerStars Hand #145843998937:  Hold'em Limit ($3/$6 USD) - 2015/12/24 8:53:25 ET
Table 'Henan' 10-max Seat #8 is the button
Seat 5: ct-650 ($104.04 in chips)
Seat 8: perten ($113.25 in chips)
perten: posts small blind $1
ct-650: posts big blind $3
*** HOLE CARDS ***
perten: raises $3 to $6
ct-650: folds
Uncalled bet ($3) returned to perten
perten collected $6 from pot
perten: doesn't show hand
*** SUMMARY ***
Total pot $6 | Rake $0
Seat 5: ct-650 (big blind) folded before Flop
Seat 8: perten (button) (small blind) collected ($6)


PokerStars Hand #145843995331:  Hold'em Limit ($3/$6 USD) - 2015/12/24 8:53:20 ET
Table 'Henan' 10-max Seat #5 is the button
Seat 5: ct-650 ($101.04 in chips)
Seat 8: perten ($116.25 in chips)
ct-650: posts small blind $1
perten: posts big blind $3
*** HOLE CARDS ***
ct-650: raises $3 to $6
perten: folds
Uncalled bet ($3) returned to ct-650
ct-650 collected $6 from pot
*** SUMMARY ***
Total pot $6 | Rake $0
Seat 5: ct-650 (button) (small blind) collected ($6)
Seat 8: perten (big blind) folded before Flop


PokerStars Hand #145843991473:  Hold'em Limit ($3/$6 USD) - 2015/12/24 8:53:14 ET
Table 'Henan' 10-max Seat #8 is the button
Seat 5: ct-650 ($100.04 in chips)
Seat 8: perten ($117.25 in chips)
perten: posts small blind $1
ct-650: posts big blind $3
*** HOLE CARDS ***
perten: folds
Uncalled bet ($2) returned to ct-650
ct-650 collected $2 from pot
*** SUMMARY ***
Total pot $2 | Rake $0
Seat 5: ct-650 (big blind) collected ($2)
Seat 8: perten (button) (small blind) folded before Flop


PokerStars Hand #145843988586:  Hold'em Limit ($3/$6 USD) - 2015/12/24 8:53:10 ET
Table 'Henan' 10-max Seat #5 is the button
Seat 5: ct-650 ($101.04 in chips)
Seat 8: perten ($116.25 in chips)
ct-650: posts small blind $1
perten: posts big blind $3
*** HOLE CARDS ***
ct-650: folds
Uncalled bet ($2) returned to perten
perten collected $2 from pot
perten: doesn't show hand
*** SUMMARY ***
Total pot $2 | Rake $0
Seat 5: ct-650 (button) (small blind) folded before Flop
Seat 8: perten (big blind) collected ($2)


PokerStars Hand #145843981318:  Hold'em Limit ($3/$6 USD) - 2015/12/24 8:53:00 ET
Table 'Henan' 10-max Seat #8 is the button
Seat 5: ct-650 ($89.52 in chips)
Seat 8: perten ($128.25 in chips)
perten: posts small blind $1
ct-650: posts big blind $3
*** HOLE CARDS ***
perten: raises $3 to $6
ct-650: raises $3 to $9
perten: calls $3
*** FLOP *** [5s 3c 8h]
ct-650: bets $3
perten: calls $3
*** TURN *** [5s 3c 8h] [Qd]
ct-650: bets $6
perten: folds
Uncalled bet ($6) returned to ct-650
ct-650 collected $23.52 from pot
*** SUMMARY ***
Total pot $24 | Rake $0.48
Board [5s 3c 8h Qd]
Seat 5: ct-650 (big blind) collected ($23.52)
Seat 8: perten (button) (small blind) folded on the Turn


PokerStars Hand #145844066220:  Hold'em Limit ($3/$6 USD) - 2015/12/24 8:55:01 ET
Table 'Henan' 10-max Seat #5 is the button
Seat 5: ct-650 ($106.80 in chips)
Seat 8: perten ($108.39 in chips)
ct-650: posts small blind $1
perten: posts big blind $3
*** HOLE CARDS ***
ct-650: raises $3 to $6
perten: folds
Uncalled bet ($3) returned to ct-650
ct-650 collected $6 from pot
*** SUMMARY ***
Total pot $6 | Rake $0
Seat 5: ct-650 (button) (small blind) collected ($6)
Seat 8: perten (big blind) folded before Flop


PokerStars Hand #145844060054:  Hold'em Limit ($3/$6 USD) - 2015/12/24 8:54:52 ET
Table 'Henan' 10-max Seat #8 is the button
Seat 5: ct-650 ($101.04 in chips)
Seat 8: perten ($114.39 in chips)
perten: posts small blind $1
ct-650: posts big blind $3
*** HOLE CARDS ***
perten: raises $3 to $6
ct-650: calls $3
*** FLOP *** [Jc 2s 4s]
ct-650: checks
perten: checks
*** TURN *** [Jc 2s 4s] [9h]
ct-650: bets $6
perten: folds
Uncalled bet ($6) returned to ct-650
ct-650 collected $11.76 from pot
*** SUMMARY ***
Total pot $12 | Rake $0.24
Board [Jc 2s 4s 9h]
Seat 5: ct-650 (big blind) collected ($11.76)
Seat 8: perten (button) (small blind) folded on the Turn


PokerStars Hand #145844050873:  Hold'em Limit ($3/$6 USD) - 2015/12/24 8:54:40 ET
Table 'Henan' 10-max Seat #5 is the button
Seat 5: ct-650 ($116.04 in chips)
Seat 8: perten ($99.89 in chips)
ct-650: posts small blind $1
perten: posts big blind $3
*** HOLE CARDS ***
ct-650: raises $3 to $6
perten: calls $3
*** FLOP *** [Th 3d 8c]
perten: checks
ct-650: bets $3
perten: calls $3
*** TURN *** [Th 3d 8c] [9h]
perten: checks
ct-650: bets $6
perten: calls $6
*** RIVER *** [Th 3d 8c 9h] [Ks]
perten: checks
ct-650: checks
*** SHOW DOWN ***
perten: shows [9d Kh] (two pair, Kings and Nines)
ct-650: mucks hand
perten collected $29.50 from pot
*** SUMMARY ***
Total pot $30 | Rake $0.50
Board [Th 3d 8c 9h Ks]
Seat 5: ct-650 (button) (small blind) mucked
Seat 8: perten (big blind) showed [9d Kh] and won ($29.50) with two pair, Kings and Nines


PokerStars Hand #145844042958:  Hold'em Limit ($3/$6 USD) - 2015/12/24 8:54:28 ET
Table 'Henan' 10-max Seat #8 is the button
Seat 5: ct-650 ($98.54 in chips)
Seat 8: perten ($117.89 in chips)
perten: posts small blind $1
ct-650: posts big blind $3
*** HOLE CARDS ***
perten: raises $3 to $6
ct-650: raises $3 to $9
perten: raises $3 to $12
Betting is capped
ct-650: calls $3
*** FLOP *** [7d 3d Th]
ct-650: bets $3
perten: raises $3 to $6
ct-650: raises $3 to $9
perten: folds
Uncalled bet ($3) returned to ct-650
ct-650 collected $35.50 from pot
*** SUMMARY ***
Total pot $36 | Rake $0.50
Board [7d 3d Th]
Seat 5: ct-650 (big blind) collected ($35.50)
Seat 8: perten (button) (small blind) folded on the Flop


PokerStars Hand #145844040231:  Hold'em Limit ($3/$6 USD) - 2015/12/24 8:54:24 ET
Table 'Henan' 10-max Seat #5 is the button
Seat 5: ct-650 ($99.54 in chips)
Seat 8: perten ($116.89 in chips)
ct-650: posts small blind $1
perten: posts big blind $3
*** HOLE CARDS ***
ct-650: folds
Uncalled bet ($2) returned to perten
perten collected $2 from pot
perten: doesn't show hand
*** SUMMARY ***
Total pot $2 | Rake $0
Seat 5: ct-650 (button) (small blind) folded before Flop
Seat 8: perten (big blind) collected ($2)


PokerStars Hand #145844036347:  Hold'em Limit ($3/$6 USD) - 2015/12/24 8:54:19 ET
Table 'Henan' 10-max Seat #8 is the button
Seat 5: ct-650 ($102.54 in chips)
Seat 8: perten ($113.89 in chips)
perten: posts small blind $1
ct-650: posts big blind $3
*** HOLE CARDS ***
perten: raises $3 to $6
ct-650: folds
Uncalled bet ($3) returned to perten
perten collected $6 from pot
perten: doesn't show hand
*** SUMMARY ***
Total pot $6 | Rake $0
Seat 5: ct-650 (big blind) folded before Flop
Seat 8: perten (button) (small blind) collected ($6)


PokerStars Hand #145844033484:  Hold'em Limit ($3/$6 USD) - 2015/12/24 8:54:15 ET
Table 'Henan' 10-max Seat #5 is the button
Seat 5: ct-650 ($103.54 in chips)
Seat 8: perten ($112.89 in chips)
ct-650: posts small blind $1
perten: posts big blind $3
*** HOLE CARDS ***
ct-650: folds
Uncalled bet ($2) returned to perten
perten collected $2 from pot
perten: doesn't show hand
*** SUMMARY ***
Total pot $2 | Rake $0
Seat 5: ct-650 (button) (small blind) folded before Flop
Seat 8: perten (big blind) collected ($2)


PokerStars Hand #145844023947:  Hold'em Limit ($3/$6 USD) - 2015/12/24 8:54:01 ET
Table 'Henan' 10-max Seat #8 is the button
Seat 5: ct-650 ($112.54 in chips)
Seat 8: perten ($104.25 in chips)
perten: posts small blind $1
ct-650: posts big blind $3
*** HOLE CARDS ***
perten: raises $3 to $6
ct-650: calls $3
*** FLOP *** [Tc Ac 9h]
ct-650: checks
perten: bets $3
ct-650: calls $3
*** TURN *** [Tc Ac 9h] [Ks]
ct-650: checks
perten: checks
*** RIVER *** [Tc Ac 9h Ks] [9s]
ct-650: checks
perten: bets $6
ct-650: folds
Uncalled bet ($6) returned to perten
perten collected $17.64 from pot
perten: doesn't show hand
*** SUMMARY ***
Total pot $18 | Rake $0.36
Board [Tc Ac 9h Ks 9s]
Seat 5: ct-650 (big blind) folded on the River
Seat 8: perten (button) (small blind) collected ($17.64)


PokerStars Hand #145844072393:  Hold'em Limit ($3/$6 USD) - 2015/12/24 8:55:11 ET
Table 'Henan' 10-max Seat #5 is the button
Seat 5: ct-650 ($110.80 in chips)
Seat 8: perten ($104.39 in chips)
ct-650: posts small blind $1
perten: posts big blind $3
*** HOLE CARDS ***
40 ft cliff joins the table at seat #1
ct-650: raises $3 to $6
perten: raises $3 to $9
ct-650: calls $3
*** FLOP *** [Ts Qs 6s]
perten: bets $3
ct-650: folds
Uncalled bet ($3) returned to perten
perten collected $17.64 from pot
perten: doesn't show hand
*** SUMMARY ***
Total pot $18 | Rake $0.36
Board [Ts Qs 6s]
Seat 5: ct-650 (button) (small blind) folded on the Flop
Seat 8: perten (big blind) collected ($17.64)


PokerStars Hand #145844069485:  Hold'em Limit ($3/$6 USD) - 2015/12/24 8:55:06 ET
Table 'Henan' 10-max Seat #8 is the button
Seat 5: ct-650 ($109.80 in chips)
Seat 8: perten ($105.39 in chips)
perten: posts small blind $1
ct-650: posts big blind $3
*** HOLE CARDS ***
perten: folds
Uncalled bet ($2) returned to ct-650
ct-650 collected $2 from pot
*** SUMMARY ***
Total pot $2 | Rake $0
Seat 5: ct-650 (big blind) collected ($2)
Seat 8: perten (button) (small blind) folded before Flop


PokerStars Hand #145844138006:  Hold'em Limit ($3/$6 USD) - 2015/12/24 8:57:01 ET
Table 'Henan' 10-max Seat #5 is the button
Seat 1: 40 ft cliff ($99.28 in chips)
Seat 5: ct-650 ($83.75 in chips)
ct-650: posts small blind $1
40 ft cliff: posts big blind $3
*** HOLE CARDS ***
ct-650: folds
Uncalled bet ($2) returned to 40 ft cliff
40 ft cliff collected $2 from pot
40 ft cliff: doesn't show hand
*** SUMMARY ***
Total pot $2 | Rake $0
Seat 1: 40 ft cliff (big blind) collected ($2)
Seat 5: ct-650 (button) (small blind) folded before Flop


PokerStars Hand #145844134192:  Hold'em Limit ($3/$6 USD) - 2015/12/24 8:56:55 ET
Table 'Henan' 10-max Seat #1 is the button
Seat 1: 40 ft cliff ($100.28 in chips)
Seat 5: ct-650 ($82.75 in chips)
40 ft cliff: posts small blind $1
ct-650: posts big blind $3
*** HOLE CARDS ***
40 ft cliff: folds
Uncalled bet ($2) returned to ct-650
ct-650 collected $2 from pot
*** SUMMARY ***
Total pot $2 | Rake $0
Seat 1: 40 ft cliff (button) (small blind) folded before Flop
Seat 5: ct-650 (big blind) collected ($2)


PokerStars Hand #145844124733:  Hold'em Limit ($3/$6 USD) - 2015/12/24 8:56:39 ET
Table 'Henan' 10-max Seat #5 is the button
Seat 1: 40 ft cliff ($112.28 in chips)
Seat 5: ct-650 ($71.23 in chips)
ct-650: posts small blind $1
perten: is sitting out
40 ft cliff: posts big blind $3
*** HOLE CARDS ***
ct-650: raises $3 to $6
40 ft cliff: raises $3 to $9
perten leaves the table
ct-650: calls $3
*** FLOP *** [Qd 3s Ts]
40 ft cliff: bets $3
ct-650: calls $3
*** TURN *** [Qd 3s Ts] [6d]
40 ft cliff: checks
ct-650: bets $6
40 ft cliff: folds
Uncalled bet ($6) returned to ct-650
ct-650 collected $23.52 from pot
*** SUMMARY ***
Total pot $24 | Rake $0.48
Board [Qd 3s Ts 6d]
Seat 1: 40 ft cliff (big blind) folded on the Turn
Seat 5: ct-650 (button) (small blind) collected ($23.52)


PokerStars Hand #145844169809:  Hold'em Limit ($3/$6 USD) - 2015/12/24 8:57:55 ET
Table 'Henan' 10-max Seat #1 is the button
Seat 1: 40 ft cliff ($110.44 in chips)
Seat 5: ct-650 ($71.75 in chips)
40 ft cliff: posts small blind $1
ct-650: posts big blind $3
*** HOLE CARDS ***
40 ft cliff: raises $3 to $6
ct-650: raises $3 to $9
40 ft cliff: calls $3
*** FLOP *** [9c 6h 4c]
ct-650: bets $3
40 ft cliff: folds
Uncalled bet ($3) returned to ct-650
ct-650 collected $17.64 from pot
*** SUMMARY ***
Total pot $18 | Rake $0.36
Board [9c 6h 4c]
Seat 1: 40 ft cliff (button) (small blind) folded on the Flop
Seat 5: ct-650 (big blind) collected ($17.64)


PokerStars Hand #145844166513:  Hold'em Limit ($3/$6 USD) - 2015/12/24 8:57:49 ET
Table 'Henan' 10-max Seat #5 is the button
Seat 1: 40 ft cliff ($113.44 in chips)
Seat 5: ct-650 ($68.75 in chips)
ct-650: posts small blind $1
40 ft cliff: posts big blind $3
*** HOLE CARDS ***
ct-650: raises $3 to $6
40 ft cliff: folds
Uncalled bet ($3) returned to ct-650
ct-650 collected $6 from pot
*** SUMMARY ***
Total pot $6 | Rake $0
Seat 1: 40 ft cliff (big blind) folded before Flop
Seat 5: ct-650 (button) (small blind) collected ($6)


PokerStars Hand #145844157597:  Hold'em Limit ($3/$6 USD) - 2015/12/24 8:57:34 ET
Table 'Henan' 10-max Seat #1 is the button
Seat 1: 40 ft cliff ($101.92 in chips)
Seat 5: ct-650 ($80.75 in chips)
40 ft cliff: posts small blind $1
ct-650: posts big blind $3
*** HOLE CARDS ***
40 ft cliff: raises $3 to $6
ct-650: calls $3
*** FLOP *** [Tc 8h 6c]
ct-650: checks
40 ft cliff: checks
*** TURN *** [Tc 8h 6c] [2c]
ct-650: checks
40 ft cliff: bets $6
ct-650: calls $6
*** RIVER *** [Tc 8h 6c 2c] [5s]
ct-650: checks
40 ft cliff: checks
*** SHOW DOWN ***
ct-650: shows [As 4c] (high card Ace)
40 ft cliff: shows [Ac 2h] (a pair of Deuces)
40 ft cliff collected $23.52 from pot
*** SUMMARY ***
Total pot $24 | Rake $0.48
Board [Tc 8h 6c 2c 5s]
Seat 1: 40 ft cliff (button) (small blind) showed [Ac 2h] and won ($23.52) with a pair of Deuces
Seat 5: ct-650 (big blind) showed [As 4c] and lost with high card Ace


PokerStars Hand #145844154280:  Hold'em Limit ($3/$6 USD) - 2015/12/24 8:57:28 ET
Table 'Henan' 10-max Seat #5 is the button
Seat 1: 40 ft cliff ($104.92 in chips)
Seat 5: ct-650 ($77.75 in chips)
ct-650: posts small blind $1
40 ft cliff: posts big blind $3
*** HOLE CARDS ***
ct-650: raises $3 to $6
40 ft cliff: folds
Uncalled bet ($3) returned to ct-650
ct-650 collected $6 from pot
*** SUMMARY ***
Total pot $6 | Rake $0
Seat 1: 40 ft cliff (big blind) folded before Flop
Seat 5: ct-650 (button) (small blind) collected ($6)


PokerStars Hand #145844146865:  Hold'em Limit ($3/$6 USD) - 2015/12/24 8:57:16 ET
Table 'Henan' 10-max Seat #1 is the button
Seat 1: 40 ft cliff ($96.28 in chips)
Seat 5: ct-650 ($86.75 in chips)
40 ft cliff: posts small blind $1
ct-650: posts big blind $3
*** HOLE CARDS ***
40 ft cliff: raises $3 to $6
ct-650: calls $3
*** FLOP *** [Qd 5s 4s]
ct-650: checks
40 ft cliff: bets $3
ct-650: calls $3
*** TURN *** [Qd 5s 4s] [Td]
ct-650: checks
40 ft cliff: bets $6
ct-650: folds
Uncalled bet ($6) returned to 40 ft cliff
40 ft cliff collected $17.64 from pot
40 ft cliff: doesn't show hand
*** SUMMARY ***
Total pot $18 | Rake $0.36
Board [Qd 5s 4s Td]
Seat 1: 40 ft cliff (button) (small blind) collected ($17.64)
Seat 5: ct-650 (big blind) folded on the Turn


PokerStars Hand #145844143603:  Hold'em Limit ($3/$6 USD) - 2015/12/24 8:57:11 ET
Table 'Henan' 10-max Seat #5 is the button
Seat 1: 40 ft cliff ($99.28 in chips)
Seat 5: ct-650 ($83.75 in chips)
ct-650: posts small blind $1
40 ft cliff: posts big blind $3
*** HOLE CARDS ***
ct-650: raises $3 to $6
40 ft cliff: folds
Uncalled bet ($3) returned to ct-650
ct-650 collected $6 from pot
*** SUMMARY ***
Total pot $6 | Rake $0
Seat 1: 40 ft cliff (big blind) folded before Flop
Seat 5: ct-650 (button) (small blind) collected ($6)


PokerStars Hand #145844140514:  Hold'em Limit ($3/$6 USD) - 2015/12/24 8:57:05 ET
Table 'Henan' 10-max Seat #1 is the button
Seat 1: 40 ft cliff ($100.28 in chips)
Seat 5: ct-650 ($82.75 in chips)
40 ft cliff: posts small blind $1
ct-650: posts big blind $3
*** HOLE CARDS ***
40 ft cliff: folds
Uncalled bet ($2) returned to ct-650
ct-650 collected $2 from pot
*** SUMMARY ***
Total pot $2 | Rake $0
Seat 1: 40 ft cliff (button) (small blind) folded before Flop
Seat 5: ct-650 (big blind) collected ($2)


PokerStars Hand #145844202922:  Hold'em Limit ($3/$6 USD) - 2015/12/24 8:58:50 ET
Table 'Henan' 10-max Seat #1 is the button
Seat 1: 40 ft cliff ($123.69 in chips)
Seat 5: ct-650 ($57.14 in chips)
40 ft cliff: posts small blind $1
ct-650: posts big blind $3
*** HOLE CARDS ***
40 ft cliff: folds
Uncalled bet ($2) returned to ct-650
ct-650 collected $2 from pot
*** SUMMARY ***
Total pot $2 | Rake $0
Seat 1: 40 ft cliff (button) (small blind) folded before Flop
Seat 5: ct-650 (big blind) collected ($2)


PokerStars Hand #145844193011:  Hold'em Limit ($3/$6 USD) - 2015/12/24 8:58:33 ET
Table 'Henan' 10-max Seat #5 is the button
Seat 1: 40 ft cliff ($100.19 in chips)
Seat 5: ct-650 ($81.14 in chips)
ct-650: posts small blind $1
40 ft cliff: posts big blind $3
*** HOLE CARDS ***
ct-650: raises $3 to $6
40 ft cliff: raises $3 to $9
ct-650: calls $3
*** FLOP *** [6s Kc 4s]
40 ft cliff: bets $3
ct-650: calls $3
*** TURN *** [6s Kc 4s] [8h]
40 ft cliff: bets $6
ct-650: calls $6
*** RIVER *** [6s Kc 4s 8h] [9d]
40 ft cliff: bets $6
ct-650: calls $6
*** SHOW DOWN ***
40 ft cliff: shows [4d Kd] (two pair, Kings and Fours)
ct-650: mucks hand
40 ft cliff collected $47.50 from pot
*** SUMMARY ***
Total pot $48 | Rake $0.50
Board [6s Kc 4s 8h 9d]
Seat 1: 40 ft cliff (big blind) showed [4d Kd] and won ($47.50) with two pair, Kings and Fours
Seat 5: ct-650 (button) (small blind) mucked


PokerStars Hand #145844189876:  Hold'em Limit ($3/$6 USD) - 2015/12/24 8:58:28 ET
Table 'Henan' 10-max Seat #1 is the button
Seat 1: 40 ft cliff ($101.19 in chips)
Seat 5: ct-650 ($80.14 in chips)
40 ft cliff: posts small blind $1
ct-650: posts big blind $3
*** HOLE CARDS ***
40 ft cliff: folds
Uncalled bet ($2) returned to ct-650
ct-650 collected $2 from pot
*** SUMMARY ***
Total pot $2 | Rake $0
Seat 1: 40 ft cliff (button) (small blind) folded before Flop
Seat 5: ct-650 (big blind) collected ($2)


PokerStars Hand #145844177014:  Hold'em Limit ($3/$6 USD) - 2015/12/24 8:58:07 ET
Table 'Henan' 10-max Seat #5 is the button
Seat 1: 40 ft cliff ($101.44 in chips)
Seat 5: ct-650 ($80.39 in chips)
ct-650: posts small blind $1
40 ft cliff: posts big blind $3
*** HOLE CARDS ***
ct-650: raises $3 to $6
40 ft cliff: calls $3
*** FLOP *** [2s 8d 3c]
40 ft cliff: checks
ct-650: checks
*** TURN *** [2s 8d 3c] [Ah]
40 ft cliff: checks
ct-650: bets $6
40 ft cliff: calls $6
*** RIVER *** [2s 8d 3c Ah] [5s]
40 ft cliff: checks
ct-650: bets $6
40 ft cliff: raises $6 to $12
ct-650: raises $6 to $18
40 ft cliff: raises $6 to $24
Betting is capped
ct-650: calls $6
*** SHOW DOWN ***
40 ft cliff: shows [4h Ac] (a straight, Ace to Five)
ct-650: shows [4c Th] (a straight, Ace to Five)
40 ft cliff collected $35.75 from pot
ct-650 collected $35.75 from pot
*** SUMMARY ***
Total pot $72 | Rake $0.50
Board [2s 8d 3c Ah 5s]
Seat 1: 40 ft cliff (big blind) showed [4h Ac] and won ($35.75) with a straight, Ace to Five
Seat 5: ct-650 (button) (small blind) showed [4c Th] and won ($35.75) with a straight, Ace to Five


PokerStars Hand #145844246535:  Hold'em Limit ($3/$6 USD) - 2015/12/24 9:00:03 ET
Table 'Henan' 10-max Seat #5 is the button
Seat 1: 40 ft cliff ($94.33 in chips)
Seat 5: ct-650 ($144.92 in chips)
ct-650: posts small blind $1
40 ft cliff: posts big blind $3
*** HOLE CARDS ***
ct-650: raises $3 to $6
40 ft cliff: folds
Uncalled bet ($3) returned to ct-650
ct-650 collected $6 from pot
*** SUMMARY ***
Total pot $6 | Rake $0
Seat 1: 40 ft cliff (big blind) folded before Flop
Seat 5: ct-650 (button) (small blind) collected ($6)


PokerStars Hand #145844239538:  Hold'em Limit ($3/$6 USD) - 2015/12/24 8:59:52 ET
Table 'Henan' 10-max Seat #1 is the button
Seat 1: 40 ft cliff ($103.33 in chips)
Seat 5: ct-650 ($136.28 in chips)
40 ft cliff: posts small blind $1
ct-650: posts big blind $3
*** HOLE CARDS ***
40 ft cliff: raises $3 to $6
ct-650: raises $3 to $9
40 ft cliff: calls $3
*** FLOP *** [3c 3s 2c]
ct-650: bets $3
40 ft cliff: folds
Uncalled bet ($3) returned to ct-650
ct-650 collected $17.64 from pot
*** SUMMARY ***
Total pot $18 | Rake $0.36
Board [3c 3s 2c]
Seat 1: 40 ft cliff (button) (small blind) folded on the Flop
Seat 5: ct-650 (big blind) collected ($17.64)


PokerStars Hand #145844233111:  Hold'em Limit ($3/$6 USD) - 2015/12/24 8:59:42 ET
Table 'Henan' 10-max Seat #5 is the button
Seat 1: 40 ft cliff ($94.69 in chips)
Seat 5: ct-650 ($145.28 in chips)
ct-650: posts small blind $1
40 ft cliff: posts big blind $3
*** HOLE CARDS ***
ct-650: raises $3 to $6
40 ft cliff: raises $3 to $9
ct-650: calls $3
*** FLOP *** [5h 6c 9s]
40 ft cliff: bets $3
ct-650: folds
Uncalled bet ($3) returned to 40 ft cliff
40 ft cliff collected $17.64 from pot
40 ft cliff: doesn't show hand
*** SUMMARY ***
Total pot $18 | Rake $0.36
Board [5h 6c 9s]
Seat 1: 40 ft cliff (big blind) collected ($17.64)
Seat 5: ct-650 (button) (small blind) folded on the Flop


PokerStars Hand #145844230168:  Hold'em Limit ($3/$6 USD) - 2015/12/24 8:59:36 ET
Table 'Henan' 10-max Seat #1 is the button
Seat 1: 40 ft cliff ($95.69 in chips)
Seat 5: ct-650 ($144.28 in chips)
40 ft cliff: posts small blind $1
ct-650: posts big blind $3
*** HOLE CARDS ***
40 ft cliff: folds
Uncalled bet ($2) returned to ct-650
ct-650 collected $2 from pot
*** SUMMARY ***
Total pot $2 | Rake $0
Seat 1: 40 ft cliff (button) (small blind) folded before Flop
Seat 5: ct-650 (big blind) collected ($2)


PokerStars Hand #145844227211:  Hold'em Limit ($3/$6 USD) - 2015/12/24 8:59:31 ET
Table 'Henan' 10-max Seat #5 is the button
Seat 1: 40 ft cliff ($98.69 in chips)
Seat 5: ct-650 ($141.28 in chips)
ct-650: posts small blind $1
40 ft cliff: posts big blind $3
*** HOLE CARDS ***
ct-650: raises $3 to $6
40 ft cliff: folds
Uncalled bet ($3) returned to ct-650
ct-650 collected $6 from pot
*** SUMMARY ***
Total pot $6 | Rake $0
Seat 1: 40 ft cliff (big blind) folded before Flop
Seat 5: ct-650 (button) (small blind) collected ($6)


PokerStars Hand #145844218807:  Hold'em Limit ($3/$6 USD) - 2015/12/24 8:59:18 ET
Table 'Henan' 10-max Seat #1 is the button
Seat 1: 40 ft cliff ($107.69 in chips)
Seat 5: ct-650 ($132.64 in chips)
40 ft cliff: posts small blind $1
ct-650: posts big blind $3
*** HOLE CARDS ***
40 ft cliff: raises $3 to $6
ct-650: raises $3 to $9
40 ft cliff: calls $3
*** FLOP *** [2c Qc Jh]
ct-650: bets $3
40 ft cliff: folds
Uncalled bet ($3) returned to ct-650
ct-650 collected $17.64 from pot
*** SUMMARY ***
Total pot $18 | Rake $0.36
Board [2c Qc Jh]
Seat 1: 40 ft cliff (button) (small blind) folded on the Flop
Seat 5: ct-650 (big blind) collected ($17.64)


PokerStars Hand #145844206084:  Hold'em Limit ($3/$6 USD) - 2015/12/24 8:58:55 ET
Table 'Henan' 10-max Seat #5 is the button
Seat 1: 40 ft cliff ($122.69 in chips)
Seat 5: ct-650 ($118.14 in chips)
ct-650: posts small blind $1
40 ft cliff: posts big blind $3
*** HOLE CARDS ***
ct-650: raises $3 to $6
40 ft cliff: calls $3
*** FLOP *** [3h 5c 8h]
40 ft cliff: checks
ct-650: bets $3
40 ft cliff: calls $3
*** TURN *** [3h 5c 8h] [7c]
40 ft cliff: checks
ct-650: bets $6
40 ft cliff: calls $6
*** RIVER *** [3h 5c 8h 7c] [9c]
40 ft cliff: checks
ct-650: bets $6
40 ft cliff: folds
Uncalled bet ($6) returned to ct-650
ct-650 collected $29.50 from pot
*** SUMMARY ***
Total pot $30 | Rake $0.50
Board [3h 5c 8h 7c 9c]
Seat 1: 40 ft cliff (big blind) folded on the River
Seat 5: ct-650 (button) (small blind) collected ($29.50)


PokerStars Hand #145844286078:  Hold'em Limit ($3/$6 USD) - 2015/12/24 9:01:03 ET
Table 'Henan' 10-max Seat #1 is the button
Seat 1: 40 ft cliff ($84.83 in chips)
Seat 5: ct-650 ($153.06 in chips)
40 ft cliff: posts small blind $1
ct-650: posts big blind $3
*** HOLE CARDS ***
40 ft cliff: folds
Uncalled bet ($2) returned to ct-650
ct-650 collected $2 from pot
*** SUMMARY ***
Total pot $2 | Rake $0
Seat 1: 40 ft cliff (button) (small blind) folded before Flop
Seat 5: ct-650 (big blind) collected ($2)


PokerStars Hand #145844275566:  Hold'em Limit ($3/$6 USD) - 2015/12/24 9:00:47 ET
Table 'Henan' 10-max Seat #5 is the button
Seat 1: 40 ft cliff ($93.83 in chips)
Seat 5: ct-650 ($144.42 in chips)
ct-650: posts small blind $1
40 ft cliff: posts big blind $3
*** HOLE CARDS ***
ct-650: raises $3 to $6
40 ft cliff: calls $3
*** FLOP *** [7c Qc 9d]
40 ft cliff: checks
ct-650: bets $3
40 ft cliff: calls $3
*** TURN *** [7c Qc 9d] [4h]
40 ft cliff: checks
ct-650: checks
*** RIVER *** [7c Qc 9d 4h] [3s]
40 ft cliff: checks
ct-650: checks
*** SHOW DOWN ***
40 ft cliff: shows [As 5s] (high card Ace)
ct-650: shows [Ah 3c] (a pair of Threes)
ct-650 collected $17.64 from pot
*** SUMMARY ***
Total pot $18 | Rake $0.36
Board [7c Qc 9d 4h 3s]
Seat 1: 40 ft cliff (big blind) showed [As 5s] and lost with high card Ace
Seat 5: ct-650 (button) (small blind) showed [Ah 3c] and won ($17.64) with a pair of Threes


PokerStars Hand #145844271822:  Hold'em Limit ($3/$6 USD) - 2015/12/24 9:00:41 ET
Table 'Henan' 10-max Seat #1 is the button
Seat 1: 40 ft cliff ($90.83 in chips)
Seat 5: ct-650 ($147.42 in chips)
40 ft cliff: posts small blind $1
ct-650: posts big blind $3
*** HOLE CARDS ***
40 ft cliff: raises $3 to $6
ct-650: folds
Uncalled bet ($3) returned to 40 ft cliff
40 ft cliff collected $6 from pot
40 ft cliff: doesn't show hand
*** SUMMARY ***
Total pot $6 | Rake $0
Seat 1: 40 ft cliff (button) (small blind) collected ($6)
Seat 5: ct-650 (big blind) folded before Flop


PokerStars Hand #145844262908:  Hold'em Limit ($3/$6 USD) - 2015/12/24 9:00:27 ET
Table 'Henan' 10-max Seat #5 is the button
Seat 1: 40 ft cliff ($73.33 in chips)
Seat 5: ct-650 ($165.42 in chips)
ct-650: posts small blind $1
40 ft cliff: posts big blind $3
*** HOLE CARDS ***
ct-650: raises $3 to $6
40 ft cliff: raises $3 to $9
ct-650: calls $3
*** FLOP *** [3s 9d 3d]
40 ft cliff: bets $3
ct-650: calls $3
*** TURN *** [3s 9d 3d] [2d]
40 ft cliff: bets $6
ct-650: calls $6
*** RIVER *** [3s 9d 3d 2d] [5h]
40 ft cliff: bets $6
ct-650: folds
Uncalled bet ($6) returned to 40 ft cliff
40 ft cliff collected $35.50 from pot
40 ft cliff: doesn't show hand
*** SUMMARY ***
Total pot $36 | Rake $0.50
Board [3s 9d 3d 2d 5h]
Seat 1: 40 ft cliff (big blind) collected ($35.50)
Seat 5: ct-650 (button) (small blind) folded on the River


PokerStars Hand #145844251164:  Hold'em Limit ($3/$6 USD) - 2015/12/24 9:00:09 ET
Table 'Henan' 10-max Seat #1 is the button
Seat 1: 40 ft cliff ($91.33 in chips)
Seat 5: ct-650 ($147.92 in chips)
40 ft cliff: posts small blind $1
ct-650: posts big blind $3
*** HOLE CARDS ***
40 ft cliff: raises $3 to $6
ct-650: calls $3
*** FLOP *** [6s 2s Tc]
ct-650: checks
40 ft cliff: bets $3
ct-650: raises $3 to $6
40 ft cliff: calls $3
*** TURN *** [6s 2s Tc] [9c]
ct-650: bets $6
40 ft cliff: calls $6
*** RIVER *** [6s 2s Tc 9c] [Ah]
ct-650: bets $6
40 ft cliff: folds
Uncalled bet ($6) returned to ct-650
ct-650 collected $35.50 from pot
*** SUMMARY ***
Total pot $36 | Rake $0.50
Board [6s 2s Tc 9c Ah]
Seat 1: 40 ft cliff (button) (small blind) folded on the River
Seat 5: ct-650 (big blind) collected ($35.50)


PokerStars Hand #145844322020:  Hold'em Limit ($3/$6 USD) - 2015/12/24 9:01:55 ET
Table 'Henan' 10-max Seat #5 is the button
Seat 1: 40 ft cliff ($89.23 in chips)
Seat 5: ct-650 ($147.82 in chips)
ct-650: posts small blind $1
40 ft cliff: posts big blind $3
*** HOLE CARDS ***
ct-650: raises $3 to $6
40 ft cliff: calls $3
*** FLOP *** [Ts 3h 9h]
40 ft cliff: checks
ct-650: bets $3
40 ft cliff: folds
Uncalled bet ($3) returned to ct-650
ct-650 collected $11.76 from pot
*** SUMMARY ***
Total pot $12 | Rake $0.24
Board [Ts 3h 9h]
Seat 1: 40 ft cliff (big blind) folded on the Flop
Seat 5: ct-650 (button) (small blind) collected ($11.76)


PokerStars Hand #145844313419:  Hold'em Limit ($3/$6 USD) - 2015/12/24 9:01:42 ET
Table 'Henan' 10-max Seat #1 is the button
Seat 1: 40 ft cliff ($80.59 in chips)
Seat 5: ct-650 ($156.82 in chips)
40 ft cliff: posts small blind $1
ct-650: posts big blind $3
*** HOLE CARDS ***
40 ft cliff: raises $3 to $6
ct-650: calls $3
*** FLOP *** [Kc 4h Qc]
ct-650: checks
40 ft cliff: bets $3
ct-650: calls $3
*** TURN *** [Kc 4h Qc] [Kh]
ct-650: checks
40 ft cliff: bets $6
ct-650: folds
Uncalled bet ($6) returned to 40 ft cliff
40 ft cliff collected $17.64 from pot
40 ft cliff: doesn't show hand
*** SUMMARY ***
Total pot $18 | Rake $0.36
Board [Kc 4h Qc Kh]
Seat 1: 40 ft cliff (button) (small blind) collected ($17.64)
Seat 5: ct-650 (big blind) folded on the Turn


PokerStars Hand #145844306764:  Hold'em Limit ($3/$6 USD) - 2015/12/24 9:01:33 ET
Table 'Henan' 10-max Seat #5 is the button
Seat 1: 40 ft cliff ($86.59 in chips)
Seat 5: ct-650 ($151.06 in chips)
ct-650: posts small blind $1
40 ft cliff: posts big blind $3
*** HOLE CARDS ***
ct-650: raises $3 to $6
40 ft cliff: calls $3
*** FLOP *** [As 8d 4d]
40 ft cliff: checks
ct-650: bets $3
40 ft cliff: folds
Uncalled bet ($3) returned to ct-650
ct-650 collected $11.76 from pot
*** SUMMARY ***
Total pot $12 | Rake $0.24
Board [As 8d 4d]
Seat 1: 40 ft cliff (big blind) folded on the Flop
Seat 5: ct-650 (button) (small blind) collected ($11.76)


PokerStars Hand #145844300078:  Hold'em Limit ($3/$6 USD) - 2015/12/24 9:01:23 ET
Table 'Henan' 10-max Seat #1 is the button
Seat 1: 40 ft cliff ($80.83 in chips)
Seat 5: ct-650 ($157.06 in chips)
40 ft cliff: posts small blind $1
ct-650: posts big blind $3
*** HOLE CARDS ***
40 ft cliff: raises $3 to $6
ct-650: calls $3
*** FLOP *** [9d 4s 3h]
ct-650: checks
40 ft cliff: bets $3
ct-650: folds
Uncalled bet ($3) returned to 40 ft cliff
40 ft cliff collected $11.76 from pot
40 ft cliff: doesn't show hand
*** SUMMARY ***
Total pot $12 | Rake $0.24
Board [9d 4s 3h]
Seat 1: 40 ft cliff (button) (small blind) collected ($11.76)
Seat 5: ct-650 (big blind) folded on the Flop


PokerStars Hand #145844296403:  Hold'em Limit ($3/$6 USD) - 2015/12/24 9:01:17 ET
Table 'Henan' 10-max Seat #5 is the button
Seat 1: 40 ft cliff ($83.83 in chips)
Seat 5: ct-650 ($154.06 in chips)
ct-650: posts small blind $1
40 ft cliff: posts big blind $3
*** HOLE CARDS ***
ct-650: raises $3 to $6
40 ft cliff: folds
Uncalled bet ($3) returned to ct-650
ct-650 collected $6 from pot
*** SUMMARY ***
Total pot $6 | Rake $0
Seat 1: 40 ft cliff (big blind) folded before Flop
Seat 5: ct-650 (button) (small blind) collected ($6)


PokerStars Hand #145844292490:  Hold'em Limit ($3/$6 USD) - 2015/12/24 9:01:12 ET
Table 'Henan' 10-max Seat #1 is the button
Seat 1: 40 ft cliff ($84.83 in chips)
Seat 5: ct-650 ($153.06 in chips)
40 ft cliff: posts small blind $1
ct-650: posts big blind $3
*** HOLE CARDS ***
40 ft cliff: folds
Uncalled bet ($2) returned to ct-650
ct-650 collected $2 from pot
*** SUMMARY ***
Total pot $2 | Rake $0
Seat 1: 40 ft cliff (button) (small blind) folded before Flop
Seat 5: ct-650 (big blind) collected ($2)


PokerStars Hand #145844289547:  Hold'em Limit ($3/$6 USD) - 2015/12/24 9:01:08 ET
Table 'Henan' 10-max Seat #5 is the button
Seat 1: 40 ft cliff ($83.83 in chips)
Seat 5: ct-650 ($154.06 in chips)
ct-650: posts small blind $1
40 ft cliff: posts big blind $3
*** HOLE CARDS ***
ct-650: folds
Uncalled bet ($2) returned to 40 ft cliff
40 ft cliff collected $2 from pot
40 ft cliff: doesn't show hand
*** SUMMARY ***
Total pot $2 | Rake $0
Seat 1: 40 ft cliff (big blind) collected ($2)
Seat 5: ct-650 (button) (small blind) folded before Flop


PokerStars Hand #145844361022:  Hold'em Limit ($3/$6 USD) - 2015/12/24 9:02:49 ET
Table 'Henan' 10-max Seat #5 is the button
Seat 1: 40 ft cliff ($103.37 in chips)
Seat 5: ct-650 ($132.58 in chips)
ct-650: posts small blind $1
40 ft cliff: posts big blind $3
*** HOLE CARDS ***
ct-650: raises $3 to $6
40 ft cliff: calls $3
*** FLOP *** [Qd 8h 6c]
40 ft cliff: checks
ct-650: bets $3
40 ft cliff: calls $3
*** TURN *** [Qd 8h 6c] [7s]
40 ft cliff: checks
ct-650: bets $6
40 ft cliff: folds
Uncalled bet ($6) returned to ct-650
ct-650 collected $17.64 from pot
*** SUMMARY ***
Total pot $18 | Rake $0.36
Board [Qd 8h 6c 7s]
Seat 1: 40 ft cliff (big blind) folded on the Turn
Seat 5: ct-650 (button) (small blind) collected ($17.64)


PokerStars Hand #145844357002:  Hold'em Limit ($3/$6 USD) - 2015/12/24 9:02:44 ET
Table 'Henan' 10-max Seat #1 is the button
Seat 1: 40 ft cliff ($100.37 in chips)
Seat 5: ct-650 ($135.58 in chips)
40 ft cliff: posts small blind $1
ct-650: posts big blind $3
*** HOLE CARDS ***
40 ft cliff: raises $3 to $6
ct-650: folds
Uncalled bet ($3) returned to 40 ft cliff
40 ft cliff collected $6 from pot
40 ft cliff: doesn't show hand
*** SUMMARY ***
Total pot $6 | Rake $0
Seat 1: 40 ft cliff (button) (small blind) collected ($6)
Seat 5: ct-650 (big blind) folded before Flop


PokerStars Hand #145844353001:  Hold'em Limit ($3/$6 USD) - 2015/12/24 9:02:38 ET
Table 'Henan' 10-max Seat #5 is the button
Seat 1: 40 ft cliff ($103.37 in chips)
Seat 5: ct-650 ($132.58 in chips)
ct-650: posts small blind $1
40 ft cliff: posts big blind $3
*** HOLE CARDS ***
ct-650: raises $3 to $6
40 ft cliff: folds
Uncalled bet ($3) returned to ct-650
ct-650 collected $6 from pot
*** SUMMARY ***
Total pot $6 | Rake $0
Seat 1: 40 ft cliff (big blind) folded before Flop
Seat 5: ct-650 (button) (small blind) collected ($6)


PokerStars Hand #145844343940:  Hold'em Limit ($3/$6 USD) - 2015/12/24 9:02:25 ET
Table 'Henan' 10-max Seat #1 is the button
Seat 1: 40 ft cliff ($94.73 in chips)
Seat 5: ct-650 ($141.58 in chips)
40 ft cliff: posts small blind $1
ct-650: posts big blind $3
*** HOLE CARDS ***
40 ft cliff: raises $3 to $6
ct-650: calls $3
*** FLOP *** [4c Td 2s]
ct-650: checks
40 ft cliff: bets $3
ct-650: calls $3
*** TURN *** [4c Td 2s] [Qs]
ct-650: checks
40 ft cliff: bets $6
ct-650: folds
Uncalled bet ($6) returned to 40 ft cliff
40 ft cliff collected $17.64 from pot
40 ft cliff: doesn't show hand
*** SUMMARY ***
Total pot $18 | Rake $0.36
Board [4c Td 2s Qs]
Seat 1: 40 ft cliff (button) (small blind) collected ($17.64)
Seat 5: ct-650 (big blind) folded on the Turn


PokerStars Hand #145844338924:  Hold'em Limit ($3/$6 USD) - 2015/12/24 9:02:20 ET
Table 'Henan' 10-max Seat #5 is the button
Seat 1: 40 ft cliff ($97.73 in chips)
Seat 5: ct-650 ($138.58 in chips)
ct-650: posts small blind $1
40 ft cliff: posts big blind $3
*** HOLE CARDS ***
ct-650: raises $3 to $6
40 ft cliff: folds
Uncalled bet ($3) returned to ct-650
ct-650 collected $6 from pot
*** SUMMARY ***
Total pot $6 | Rake $0
Seat 1: 40 ft cliff (big blind) folded before Flop
Seat 5: ct-650 (button) (small blind) collected ($6)


PokerStars Hand #145844328533:  Hold'em Limit ($3/$6 USD) - 2015/12/24 9:02:04 ET
Table 'Henan' 10-max Seat #1 is the button
Seat 1: 40 ft cliff ($83.23 in chips)
Seat 5: ct-650 ($153.58 in chips)
40 ft cliff: posts small blind $1
ct-650: posts big blind $3
*** HOLE CARDS ***
40 ft cliff: raises $3 to $6
ct-650: raises $3 to $9
40 ft cliff: calls $3
*** FLOP *** [4h 6d 7h]
ct-650: bets $3
40 ft cliff: raises $3 to $6
ct-650: calls $3
*** TURN *** [4h 6d 7h] [Ks]
ct-650: checks
40 ft cliff: bets $6
ct-650: folds
Uncalled bet ($6) returned to 40 ft cliff
40 ft cliff collected $29.50 from pot
40 ft cliff: doesn't show hand
*** SUMMARY ***
Total pot $30 | Rake $0.50
Board [4h 6d 7h Ks]
Seat 1: 40 ft cliff (button) (small blind) collected ($29.50)
Seat 5: ct-650 (big blind) folded on the Turn


PokerStars Hand #145844394345:  Hold'em Limit ($3/$6 USD) - 2015/12/24 9:03:36 ET
Table 'Henan' 10-max Seat #5 is the button
Seat 1: 40 ft cliff ($71.13 in chips)
Seat 5: ct-650 ($163.72 in chips)
ct-650: posts small blind $1
40 ft cliff: posts big blind $3
*** HOLE CARDS ***
ct-650: raises $3 to $6
40 ft cliff: raises $3 to $9
ct-650: calls $3
*** FLOP *** [5h 4d Js]
40 ft cliff: bets $3
ct-650: calls $3
*** TURN *** [5h 4d Js] [2d]
40 ft cliff: bets $6
ct-650: raises $6 to $12
40 ft cliff: calls $6
*** RIVER *** [5h 4d Js 2d] [Ts]
40 ft cliff: checks
ct-650: bets $6
40 ft cliff: folds
Uncalled bet ($6) returned to ct-650
ct-650 collected $47.50 from pot
*** SUMMARY ***
Total pot $48 | Rake $0.50
Board [5h 4d Js 2d Ts]
Seat 1: 40 ft cliff (big blind) folded on the River
Seat 5: ct-650 (button) (small blind) collected ($47.50)


PokerStars Hand #145844380862:  Hold'em Limit ($3/$6 USD) - 2015/12/24 9:03:17 ET
Table 'Henan' 10-max Seat #1 is the button
Seat 1: 40 ft cliff ($101.13 in chips)
Seat 5: ct-650 ($134.22 in chips)
40 ft cliff: posts small blind $1
ct-650: posts big blind $3
*** HOLE CARDS ***
40 ft cliff: raises $3 to $6
ct-650: raises $3 to $9
40 ft cliff: calls $3
*** FLOP *** [9c 6h 6d]
ct-650: bets $3
40 ft cliff: calls $3
*** TURN *** [9c 6h 6d] [Jh]
ct-650: checks
40 ft cliff: bets $6
ct-650: calls $6
*** RIVER *** [9c 6h 6d Jh] [Th]
ct-650: bets $6
40 ft cliff: raises $6 to $12
ct-650: calls $6
*** SHOW DOWN ***
40 ft cliff: shows [6c 5s] (three of a kind, Sixes)
ct-650: shows [Kh Qc] (a straight, Nine to King)
ct-650 collected $59.50 from pot
*** SUMMARY ***
Total pot $60 | Rake $0.50
Board [9c 6h 6d Jh Th]
Seat 1: 40 ft cliff (button) (small blind) showed [6c 5s] and lost with three of a kind, Sixes
Seat 5: ct-650 (big blind) showed [Kh Qc] and won ($59.50) with a straight, Nine to King


PokerStars Hand #145844377892:  Hold'em Limit ($3/$6 USD) - 2015/12/24 9:03:13 ET
Table 'Henan' 10-max Seat #5 is the button
Seat 1: 40 ft cliff ($100.13 in chips)
Seat 5: ct-650 ($135.22 in chips)
ct-650: posts small blind $1
40 ft cliff: posts big blind $3
*** HOLE CARDS ***
ct-650: folds
Uncalled bet ($2) returned to 40 ft cliff
40 ft cliff collected $2 from pot
40 ft cliff: doesn't show hand
*** SUMMARY ***
Total pot $2 | Rake $0
Seat 1: 40 ft cliff (big blind) collected ($2)
Seat 5: ct-650 (button) (small blind) folded before Flop


PokerStars Hand #145844371222:  Hold'em Limit ($3/$6 USD) - 2015/12/24 9:03:04 ET
Table 'Henan' 10-max Seat #1 is the button
Seat 1: 40 ft cliff ($94.37 in chips)
Seat 5: ct-650 ($141.22 in chips)
40 ft cliff: posts small blind $1
ct-650: posts big blind $3
*** HOLE CARDS ***
40 ft cliff: raises $3 to $6
ct-650: calls $3
*** FLOP *** [8s Td Ad]
ct-650: checks
40 ft cliff: bets $3
ct-650: folds
Uncalled bet ($3) returned to 40 ft cliff
40 ft cliff collected $11.76 from pot
40 ft cliff: doesn't show hand
*** SUMMARY ***
Total pot $12 | Rake $0.24
Board [8s Td Ad]
Seat 1: 40 ft cliff (button) (small blind) collected ($11.76)
Seat 5: ct-650 (big blind) folded on the Flop


PokerStars Hand #145844435768:  Hold'em Limit ($3/$6 USD) - 2015/12/24 9:04:33 ET
Table 'Henan' 10-max Seat #1 is the button
Seat 1: 40 ft cliff ($40.63 in chips)
Seat 5: ct-650 ($192.72 in chips)
40 ft cliff: posts small blind $1
ct-650: posts big blind $3
*** HOLE CARDS ***
40 ft cliff: raises $3 to $6
ct-650: raises $3 to $9
40 ft cliff: calls $3
*** FLOP *** [6d 7h 9d]
ct-650: bets $3
40 ft cliff: raises $3 to $6
ct-650: calls $3
*** TURN *** [6d 7h 9d] [3c]
ct-650: checks
40 ft cliff: bets $6
ct-650: folds
Uncalled bet ($6) returned to 40 ft cliff
40 ft cliff collected $29.50 from pot
40 ft cliff: doesn't show hand
*** SUMMARY ***
Total pot $30 | Rake $0.50
Board [6d 7h 9d 3c]
Seat 1: 40 ft cliff (button) (small blind) collected ($29.50)
Seat 5: ct-650 (big blind) folded on the Turn


PokerStars Hand #145844422227:  Hold'em Limit ($3/$6 USD) - 2015/12/24 9:04:14 ET
Table 'Henan' 10-max Seat #5 is the button
Seat 1: 40 ft cliff ($26.13 in chips)
Seat 5: ct-650 ($207.72 in chips)
ct-650: posts small blind $1
40 ft cliff: posts big blind $3
*** HOLE CARDS ***
ct-650: raises $3 to $6
40 ft cliff: raises $3 to $9
ct-650: raises $3 to $12
Betting is capped
40 ft cliff: calls $3
*** FLOP *** [Td Ad 9c]
40 ft cliff: checks
ct-650: bets $3
40 ft cliff: calls $3
*** TURN *** [Td Ad 9c] [9s]
40 ft cliff: checks
ct-650: checks
*** RIVER *** [Td Ad 9c 9s] [4s]
40 ft cliff: bets $6
ct-650: folds
Uncalled bet ($6) returned to 40 ft cliff
40 ft cliff collected $29.50 from pot
40 ft cliff: doesn't show hand
*** SUMMARY ***
Total pot $30 | Rake $0.50
Board [Td Ad 9c 9s 4s]
Seat 1: 40 ft cliff (big blind) collected ($29.50)
Seat 5: ct-650 (button) (small blind) folded on the River


PokerStars Hand #145844409998:  Hold'em Limit ($3/$6 USD) - 2015/12/24 9:03:57 ET
Table 'Henan' 10-max Seat #1 is the button
Seat 1: 40 ft cliff ($47.13 in chips)
Seat 5: ct-650 ($187.22 in chips)
40 ft cliff: posts small blind $1
ct-650: posts big blind $3
*** HOLE CARDS ***
40 ft cliff: raises $3 to $6
ct-650: calls $3
*** FLOP *** [Tc 6s 4s]
ct-650: checks
40 ft cliff: bets $3
ct-650: calls $3
*** TURN *** [Tc 6s 4s] [3h]
ct-650: checks
40 ft cliff: bets $6
ct-650: calls $6
*** RIVER *** [Tc 6s 4s 3h] [6c]
ct-650: checks
40 ft cliff: bets $6
ct-650: calls $6
*** SHOW DOWN ***
40 ft cliff: shows [Ks Js] (a pair of Sixes)
ct-650: shows [Ac 2h] (a pair of Sixes - Ace kicker)
ct-650 collected $41.50 from pot
*** SUMMARY ***
Total pot $42 | Rake $0.50
Board [Tc 6s 4s 3h 6c]
Seat 1: 40 ft cliff (button) (small blind) showed [Ks Js] and lost with a pair of Sixes
Seat 5: ct-650 (big blind) showed [Ac 2h] and won ($41.50) with a pair of Sixes


PokerStars Hand #145844457397:  Hold'em Limit ($3/$6 USD) - 2015/12/24 9:05:02 ET
Table 'Henan' 10-max Seat #1 is the button
Seat 1: 40 ft cliff ($31.13 in chips)
Seat 5: ct-650 ($201.22 in chips)
40 ft cliff: posts small blind $1
ct-650: posts big blind $3
*** HOLE CARDS ***
40 ft cliff: folds
Uncalled bet ($2) returned to ct-650
ct-650 collected $2 from pot
*** SUMMARY ***
Total pot $2 | Rake $0
Seat 1: 40 ft cliff (button) (small blind) folded before Flop
Seat 5: ct-650 (big blind) collected ($2)


PokerStars Hand #145844445946:  Hold'em Limit ($3/$6 USD) - 2015/12/24 9:04:47 ET
Table 'Henan' 10-max Seat #5 is the button
Seat 1: 40 ft cliff ($55.13 in chips)
Seat 5: ct-650 ($177.72 in chips)
ct-650: posts small blind $1
40 ft cliff: posts big blind $3
*** HOLE CARDS ***
ct-650: raises $3 to $6
40 ft cliff: raises $3 to $9
ct-650: calls $3
*** FLOP *** [Jd 8s Tc]
40 ft cliff: bets $3
ct-650: calls $3
*** TURN *** [Jd 8s Tc] [6s]
40 ft cliff: bets $6
ct-650: calls $6
*** RIVER *** [Jd 8s Tc 6s] [3d]
40 ft cliff: bets $6
ct-650: calls $6
*** SHOW DOWN ***
40 ft cliff: shows [2c As] (high card Ace)
ct-650: shows [Qc 8c] (a pair of Eights)
ct-650 collected $47.50 from pot
*** SUMMARY ***
Total pot $48 | Rake $0.50
Board [Jd 8s Tc 6s 3d]
Seat 1: 40 ft cliff (big blind) showed [2c As] and lost with high card Ace
Seat 5: ct-650 (button) (small blind) showed [Qc 8c] and won ($47.50) with a pair of Eights


PokerStars Hand #145844489129:  Hold'em Limit ($3/$6 USD) - 2015/12/24 9:05:45 ET
Table 'Henan' 10-max Seat #5 is the button
Seat 1: 40 ft cliff ($45.41 in chips)
Seat 5: ct-650 ($186.22 in chips)
ct-650: posts small blind $1
40 ft cliff: posts big blind $3
*** HOLE CARDS ***
ct-650: raises $3 to $6
40 ft cliff: calls $3
*** FLOP *** [Ts Kc Qh]
40 ft cliff: checks
ct-650: bets $3
40 ft cliff: calls $3
*** TURN *** [Ts Kc Qh] [4d]
40 ft cliff: checks
ct-650: checks
*** RIVER *** [Ts Kc Qh 4d] [Ks]
40 ft cliff: bets $6
ct-650: folds
Uncalled bet ($6) returned to 40 ft cliff
40 ft cliff collected $17.64 from pot
40 ft cliff: doesn't show hand
*** SUMMARY ***
Total pot $18 | Rake $0.36
Board [Ts Kc Qh 4d Ks]
Seat 1: 40 ft cliff (big blind) collected ($17.64)
Seat 5: ct-650 (button) (small blind) folded on the River


PokerStars Hand #145844477644:  Hold'em Limit ($3/$6 USD) - 2015/12/24 9:05:30 ET
Table 'Henan' 10-max Seat #1 is the button
Seat 1: 40 ft cliff ($33.89 in chips)
Seat 5: ct-650 ($198.22 in chips)
40 ft cliff: posts small blind $1
ct-650: posts big blind $3
*** HOLE CARDS ***
40 ft cliff: raises $3 to $6
ct-650: raises $3 to $9
40 ft cliff: calls $3
*** FLOP *** [3s Qs 7c]
ct-650: bets $3
40 ft cliff: calls $3
*** TURN *** [3s Qs 7c] [4s]
ct-650: checks
40 ft cliff: checks
*** RIVER *** [3s Qs 7c 4s] [Jc]
ct-650: checks
40 ft cliff: checks
*** SHOW DOWN ***
ct-650: shows [9s Ad] (high card Ace)
40 ft cliff: shows [3h Kd] (a pair of Threes)
40 ft cliff collected $23.52 from pot
*** SUMMARY ***
Total pot $24 | Rake $0.48
Board [3s Qs 7c 4s Jc]
Seat 1: 40 ft cliff (button) (small blind) showed [3h Kd] and won ($23.52) with a pair of Threes
Seat 5: ct-650 (big blind) showed [9s Ad] and lost with high card Ace


PokerStars Hand #145844474453:  Hold'em Limit ($3/$6 USD) - 2015/12/24 9:05:26 ET
Table 'Henan' 10-max Seat #5 is the button
Seat 1: 40 ft cliff ($32.89 in chips)
Seat 5: ct-650 ($199.22 in chips)
ct-650: posts small blind $1
40 ft cliff: posts big blind $3
*** HOLE CARDS ***
ct-650: folds
Uncalled bet ($2) returned to 40 ft cliff
40 ft cliff collected $2 from pot
40 ft cliff: doesn't show hand
*** SUMMARY ***
Total pot $2 | Rake $0
Seat 1: 40 ft cliff (big blind) collected ($2)
Seat 5: ct-650 (button) (small blind) folded before Flop


PokerStars Hand #145844468370:  Hold'em Limit ($3/$6 USD) - 2015/12/24 9:05:17 ET
Table 'Henan' 10-max Seat #1 is the button
Seat 1: 40 ft cliff ($27.13 in chips)
Seat 5: ct-650 ($205.22 in chips)
40 ft cliff: posts small blind $1
ct-650: posts big blind $3
*** HOLE CARDS ***
40 ft cliff: raises $3 to $6
ct-650: calls $3
*** FLOP *** [3c 4d Ts]
ct-650: checks
40 ft cliff: bets $3
ct-650: folds
Uncalled bet ($3) returned to 40 ft cliff
40 ft cliff collected $11.76 from pot
40 ft cliff: doesn't show hand
*** SUMMARY ***
Total pot $12 | Rake $0.24
Board [3c 4d Ts]
Seat 1: 40 ft cliff (button) (small blind) collected ($11.76)
Seat 5: ct-650 (big blind) folded on the Flop


PokerStars Hand #145844461458:  Hold'em Limit ($3/$6 USD) - 2015/12/24 9:05:08 ET
Table 'Henan' 10-max Seat #5 is the button
Seat 1: 40 ft cliff ($30.13 in chips)
Seat 5: ct-650 ($202.22 in chips)
ct-650: posts small blind $1
40 ft cliff: posts big blind $3
*** HOLE CARDS ***
ct-650: raises $3 to $6
40 ft cliff: folds
Uncalled bet ($3) returned to ct-650
ct-650 collected $6 from pot
*** SUMMARY ***
Total pot $6 | Rake $0
Seat 1: 40 ft cliff (big blind) folded before Flop
Seat 5: ct-650 (button) (small blind) collected ($6)


PokerStars Hand #145844504021:  Hold'em Limit ($3/$6 USD) - 2015/12/24 9:06:06 ET
Table 'Henan' 10-max Seat #5 is the button
Seat 1: 40 ft cliff ($53.05 in chips)
Seat 5: ct-650 ($178.22 in chips)
ct-650: posts small blind $1
40 ft cliff: posts big blind $3
*** HOLE CARDS ***
ct-650: folds
Uncalled bet ($2) returned to 40 ft cliff
40 ft cliff collected $2 from pot
40 ft cliff: doesn't show hand
*** SUMMARY ***
Total pot $2 | Rake $0
Seat 1: 40 ft cliff (big blind) collected ($2)
Seat 5: ct-650 (button) (small blind) folded before Flop


PokerStars Hand #145844499659:  Hold'em Limit ($3/$6 USD) - 2015/12/24 9:06:00 ET
Table 'Henan' 10-max Seat #1 is the button
Seat 1: 40 ft cliff ($54.05 in chips)
Seat 5: ct-650 ($177.22 in chips)
40 ft cliff: posts small blind $1
ct-650: posts big blind $3
*** HOLE CARDS ***
40 ft cliff: folds
Uncalled bet ($2) returned to ct-650
ct-650 collected $2 from pot
*** SUMMARY ***
Total pot $2 | Rake $0
Seat 1: 40 ft cliff (button) (small blind) folded before Flop
Seat 5: ct-650 (big blind) collected ($2)


PokerStars Hand #145844532100:  Hold'em Limit ($3/$6 USD) - 2015/12/24 9:06:43 ET
Table 'Henan' 10-max Seat #1 is the button
Seat 1: 40 ft cliff ($73.55 in chips)
Seat 5: ct-650 ($157.22 in chips)
40 ft cliff: posts small blind $1
ct-650: posts big blind $3
*** HOLE CARDS ***
40 ft cliff: raises $3 to $6
ct-650: folds
Uncalled bet ($3) returned to 40 ft cliff
40 ft cliff collected $6 from pot
40 ft cliff: doesn't show hand
*** SUMMARY ***
Total pot $6 | Rake $0
Seat 1: 40 ft cliff (button) (small blind) collected ($6)
Seat 5: ct-650 (big blind) folded before Flop


PokerStars Hand #145844519372:  Hold'em Limit ($3/$6 USD) - 2015/12/24 9:06:26 ET
Table 'Henan' 10-max Seat #5 is the button
Seat 1: 40 ft cliff ($53.05 in chips)
Seat 5: ct-650 ($178.22 in chips)
ct-650: posts small blind $1
40 ft cliff: posts big blind $3
*** HOLE CARDS ***
ct-650: raises $3 to $6
40 ft cliff: calls $3
*** FLOP *** [4h Ks 7h]
40 ft cliff: checks
ct-650: bets $3
40 ft cliff: calls $3
*** TURN *** [4h Ks 7h] [5c]
40 ft cliff: bets $6
ct-650: calls $6
*** RIVER *** [4h Ks 7h 5c] [6c]
40 ft cliff: bets $6
ct-650: calls $6
*** SHOW DOWN ***
40 ft cliff: shows [4s Kc] (two pair, Kings and Fours)
ct-650: mucks hand
40 ft cliff collected $41.50 from pot
*** SUMMARY ***
Total pot $42 | Rake $0.50
Board [4h Ks 7h 5c 6c]
Seat 1: 40 ft cliff (big blind) showed [4s Kc] and won ($41.50) with two pair, Kings and Fours
Seat 5: ct-650 (button) (small blind) mucked


PokerStars Hand #145844548223:  Hold'em Limit ($3/$6 USD) - 2015/12/24 9:07:05 ET
Table 'Henan' 10-max Seat #1 is the button
Seat 1: 40 ft cliff ($58.55 in chips)
Seat 5: ct-650 ($171.72 in chips)
40 ft cliff: posts small blind $1
ct-650: posts big blind $3
*** HOLE CARDS ***
40 ft cliff: raises $3 to $6
ct-650: folds
Uncalled bet ($3) returned to 40 ft cliff
40 ft cliff collected $6 from pot
40 ft cliff: doesn't show hand
*** SUMMARY ***
Total pot $6 | Rake $0
Seat 1: 40 ft cliff (button) (small blind) collected ($6)
Seat 5: ct-650 (big blind) folded before Flop


PokerStars Hand #145844536496:  Hold'em Limit ($3/$6 USD) - 2015/12/24 9:06:49 ET
Table 'Henan' 10-max Seat #5 is the button
Seat 1: 40 ft cliff ($76.55 in chips)
Seat 5: ct-650 ($154.22 in chips)
ct-650: posts small blind $1
40 ft cliff: posts big blind $3
*** HOLE CARDS ***
ct-650: raises $3 to $6
40 ft cliff: calls $3
*** FLOP *** [6h Ts 6s]
40 ft cliff: checks
ct-650: checks
*** TURN *** [6h Ts 6s] [Jh]
40 ft cliff: checks
ct-650: bets $6
40 ft cliff: calls $6
*** RIVER *** [6h Ts 6s Jh] [8h]
40 ft cliff: checks
ct-650: bets $6
40 ft cliff: calls $6
*** SHOW DOWN ***
ct-650: shows [Jc 6c] (a full house, Sixes full of Jacks)
40 ft cliff: mucks hand
ct-650 collected $35.50 from pot
*** SUMMARY ***
Total pot $36 | Rake $0.50
Board [6h Ts 6s Jh 8h]
Seat 1: 40 ft cliff (big blind) mucked
Seat 5: ct-650 (button) (small blind) showed [Jc 6c] and won ($35.50) with a full house, Sixes full of Jacks


PokerStars Hand #145844515621:  Hold'em Limit ($3/$6 USD) - 2015/12/24 9:06:21 ET
Table 'Henan' 10-max Seat #1 is the button
Seat 1: 40 ft cliff ($54.05 in chips)
Seat 5: ct-650 ($177.22 in chips)
40 ft cliff: posts small blind $1
ct-650: posts big blind $3
*** HOLE CARDS ***
40 ft cliff: folds
Uncalled bet ($2) returned to ct-650
ct-650 collected $2 from pot
*** SUMMARY ***
Total pot $2 | Rake $0
Seat 1: 40 ft cliff (button) (small blind) folded before Flop
Seat 5: ct-650 (big blind) collected ($2)


PokerStars Hand #145844511414:  Hold'em Limit ($3/$6 USD) - 2015/12/24 9:06:15 ET
Table 'Henan' 10-max Seat #5 is the button
Seat 1: 40 ft cliff ($57.05 in chips)
Seat 5: ct-650 ($174.22 in chips)
ct-650: posts small blind $1
40 ft cliff: posts big blind $3
*** HOLE CARDS ***
ct-650: raises $3 to $6
40 ft cliff: folds
Uncalled bet ($3) returned to ct-650
ct-650 collected $6 from pot
*** SUMMARY ***
Total pot $6 | Rake $0
Seat 1: 40 ft cliff (big blind) folded before Flop
Seat 5: ct-650 (button) (small blind) collected ($6)


PokerStars Hand #145844507529:  Hold'em Limit ($3/$6 USD) - 2015/12/24 9:06:10 ET
Table 'Henan' 10-max Seat #1 is the button
Seat 1: 40 ft cliff ($54.05 in chips)
Seat 5: ct-650 ($177.22 in chips)
40 ft cliff: posts small blind $1
ct-650: posts big blind $3
*** HOLE CARDS ***
40 ft cliff: raises $3 to $6
ct-650: folds
Uncalled bet ($3) returned to 40 ft cliff
40 ft cliff collected $6 from pot
40 ft cliff: doesn't show hand
*** SUMMARY ***
Total pot $6 | Rake $0
Seat 1: 40 ft cliff (button) (small blind) collected ($6)
Seat 5: ct-650 (big blind) folded before Flop


PokerStars Hand #145844582955:  Hold'em Limit ($3/$6 USD) - 2015/12/24 9:07:52 ET
Table 'Henan' 10-max Seat #1 is the button
Seat 1: 40 ft cliff ($66.95 in chips)
Seat 5: ct-650 ($162.36 in chips)
40 ft cliff: posts small blind $1
ct-650: posts big blind $3
*** HOLE CARDS ***
40 ft cliff: folds
Uncalled bet ($2) returned to ct-650
ct-650 collected $2 from pot
*** SUMMARY ***
Total pot $2 | Rake $0
Seat 1: 40 ft cliff (button) (small blind) folded before Flop
Seat 5: ct-650 (big blind) collected ($2)


PokerStars Hand #145844574443:  Hold'em Limit ($3/$6 USD) - 2015/12/24 9:07:41 ET
Table 'Henan' 10-max Seat #5 is the button
Seat 1: 40 ft cliff ($58.31 in chips)
Seat 5: ct-650 ($171.36 in chips)
ct-650: posts small blind $1
40 ft cliff: posts big blind $3
*** HOLE CARDS ***
ct-650: raises $3 to $6
40 ft cliff: calls $3
*** FLOP *** [Kc Td Ks]
40 ft cliff: bets $3
ct-650: calls $3
*** TURN *** [Kc Td Ks] [2d]
40 ft cliff: bets $6
ct-650: folds
Uncalled bet ($6) returned to 40 ft cliff
40 ft cliff collected $17.64 from pot
40 ft cliff: doesn't show hand
*** SUMMARY ***
Total pot $18 | Rake $0.36
Board [Kc Td Ks 2d]
Seat 1: 40 ft cliff (big blind) collected ($17.64)
Seat 5: ct-650 (button) (small blind) folded on the Turn


PokerStars Hand #145844568355:  Hold'em Limit ($3/$6 USD) - 2015/12/24 9:07:32 ET
Table 'Henan' 10-max Seat #1 is the button
Seat 1: 40 ft cliff ($52.55 in chips)
Seat 5: ct-650 ($177.36 in chips)
40 ft cliff: posts small blind $1
ct-650: posts big blind $3
*** HOLE CARDS ***
40 ft cliff: raises $3 to $6
ct-650: calls $3
*** FLOP *** [As 2h 9s]
ct-650: checks
40 ft cliff: bets $3
ct-650: folds
Uncalled bet ($3) returned to 40 ft cliff
40 ft cliff collected $11.76 from pot
40 ft cliff: doesn't show hand
*** SUMMARY ***
Total pot $12 | Rake $0.24
Board [As 2h 9s]
Seat 1: 40 ft cliff (button) (small blind) collected ($11.76)
Seat 5: ct-650 (big blind) folded on the Flop


PokerStars Hand #145844565220:  Hold'em Limit ($3/$6 USD) - 2015/12/24 9:07:28 ET
Table 'Henan' 10-max Seat #5 is the button
Seat 1: 40 ft cliff ($51.55 in chips)
Seat 5: ct-650 ($178.36 in chips)
ct-650: posts small blind $1
40 ft cliff: posts big blind $3
*** HOLE CARDS ***
ct-650: folds
Uncalled bet ($2) returned to 40 ft cliff
40 ft cliff collected $2 from pot
40 ft cliff: doesn't show hand
*** SUMMARY ***
Total pot $2 | Rake $0
Seat 1: 40 ft cliff (big blind) collected ($2)
Seat 5: ct-650 (button) (small blind) folded before Flop


PokerStars Hand #145844561206:  Hold'em Limit ($3/$6 USD) - 2015/12/24 9:07:23 ET
Table 'Henan' 10-max Seat #1 is the button
Seat 1: 40 ft cliff ($52.55 in chips)
Seat 5: ct-650 ($177.36 in chips)
40 ft cliff: posts small blind $1
ct-650: posts big blind $3
*** HOLE CARDS ***
40 ft cliff: folds
Uncalled bet ($2) returned to ct-650
ct-650 collected $2 from pot
*** SUMMARY ***
Total pot $2 | Rake $0
Seat 1: 40 ft cliff (button) (small blind) folded before Flop
Seat 5: ct-650 (big blind) collected ($2)


PokerStars Hand #145844552329:  Hold'em Limit ($3/$6 USD) - 2015/12/24 9:07:10 ET
Table 'Henan' 10-max Seat #5 is the button
Seat 1: 40 ft cliff ($61.55 in chips)
Seat 5: ct-650 ($168.72 in chips)
ct-650: posts small blind $1
40 ft cliff: posts big blind $3
*** HOLE CARDS ***
ct-650: raises $3 to $6
40 ft cliff: calls $3
*** FLOP *** [4s 7d 3h]
40 ft cliff: checks
ct-650: bets $3
40 ft cliff: calls $3
*** TURN *** [4s 7d 3h] [Qc]
40 ft cliff: checks
ct-650: bets $6
40 ft cliff: folds
Uncalled bet ($6) returned to ct-650
ct-650 collected $17.64 from pot
*** SUMMARY ***
Total pot $18 | Rake $0.36
Board [4s 7d 3h Qc]
Seat 1: 40 ft cliff (big blind) folded on the Turn
Seat 5: ct-650 (button) (small blind) collected ($17.64)


PokerStars Hand #145844587033:  Hold'em Limit ($3/$6 USD) - 2015/12/24 9:07:58 ET
Table 'Henan' 10-max Seat #5 is the button
Seat 1: 40 ft cliff ($65.95 in chips)
Seat 5: ct-650 ($163.36 in chips)
ct-650: posts small blind $1
40 ft cliff: posts big blind $3
*** HOLE CARDS ***
ct-650: raises $3 to $6
40 ft cliff: folds
Uncalled bet ($3) returned to ct-650
ct-650 collected $6 from pot
*** SUMMARY ***
Total pot $6 | Rake $0
Seat 1: 40 ft cliff (big blind) folded before Flop
Seat 5: ct-650 (button) (small blind) collected ($6)


PokerStars Hand #145844591455:  Hold'em Limit ($3/$6 USD) - 2015/12/24 9:08:04 ET
Table 'Henan' 10-max Seat #1 is the button
Seat 1: 40 ft cliff ($62.95 in chips)
Seat 5: ct-650 ($166.36 in chips)
40 ft cliff: posts small blind $1
ct-650: posts big blind $3
*** HOLE CARDS ***
40 ft cliff: raises $3 to $6
ct-650: calls $3
*** FLOP *** [6h Kd Qc]
ct-650: checks
40 ft cliff: bets $3
ct-650: calls $3
*** TURN *** [6h Kd Qc] [9d]
ct-650: checks
40 ft cliff: bets $6
ct-650: calls $6
*** RIVER *** [6h Kd Qc 9d] [Ad]
ct-650: checks
40 ft cliff: bets $6
ct-650: calls $6
*** SHOW DOWN ***
40 ft cliff: shows [4d 6d] (a flush, Ace high)
ct-650: mucks hand
40 ft cliff collected $41.50 from pot
*** SUMMARY ***
Total pot $42 | Rake $0.50
Board [6h Kd Qc 9d Ad]
Seat 1: 40 ft cliff (button) (small blind) showed [4d 6d] and won ($41.50) with a flush, Ace high
Seat 5: ct-650 (big blind) mucked


PokerStars Hand #145844604474:  Hold'em Limit ($3/$6 USD) - 2015/12/24 9:08:21 ET
Table 'Henan' 10-max Seat #5 is the button
Seat 1: 40 ft cliff ($83.45 in chips)
Seat 5: ct-650 ($145.36 in chips)
ct-650: posts small blind $1
40 ft cliff: posts big blind $3
*** HOLE CARDS ***
ct-650: raises $3 to $6
40 ft cliff: calls $3
*** FLOP *** [4s 5d Ac]
40 ft cliff: checks
ct-650: bets $3
40 ft cliff: calls $3
*** TURN *** [4s 5d Ac] [8d]
40 ft cliff: checks
ct-650: checks
*** RIVER *** [4s 5d Ac 8d] [7s]
40 ft cliff: bets $6
ct-650: folds
Uncalled bet ($6) returned to 40 ft cliff
40 ft cliff collected $17.64 from pot
40 ft cliff: doesn't show hand
*** SUMMARY ***
Total pot $18 | Rake $0.36
Board [4s 5d Ac 8d 7s]
Seat 1: 40 ft cliff (big blind) collected ($17.64)
Seat 5: ct-650 (button) (small blind) folded on the River


