PokerStars Hand #165882111285:  Hold'em Limit ($3/$6 USD) - 2017/02/08 10:06:43 ET
Table 'Henan' 6-max Seat #3 is the button
Seat 3: **Geka**555 ($66.83 in chips)
Seat 4: MTails ($98 in chips)
**Geka**555: posts small blind $1
MTails: posts big blind $3
*** HOLE CARDS ***
**Geka**555: calls $2
MTails: raises $3 to $6
**Geka**555: calls $3
*** FLOP *** [3c 3h 2c]
MTails: bets $3
**Geka**555: folds
Uncalled bet ($3) returned to MTails
MTails collected $11.76 from pot
MTails: doesn't show hand
*** SUMMARY ***
Total pot $12 | Rake $0.24
Board [3c 3h 2c]
Seat 3: **Geka**555 (button) (small blind) folded on the Flop
Seat 4: MTails (big blind) collected ($11.76)


PokerStars Hand #165882107957:  Hold'em Limit ($3/$6 USD) - 2017/02/08 10:06:38 ET
Table 'Henan' 6-max Seat #4 is the button
Seat 3: **Geka**555 ($65.83 in chips)
Seat 4: MTails ($99 in chips)
MTails: posts small blind $1
**Geka**555: posts big blind $3
*** HOLE CARDS ***
MTails: folds
Uncalled bet ($2) returned to **Geka**555
**Geka**555 collected $2 from pot
**Geka**555: doesn't show hand
*** SUMMARY ***
Total pot $2 | Rake $0
Seat 3: **Geka**555 (big blind) collected ($2)
Seat 4: MTails (button) (small blind) folded before Flop


PokerStars Hand #165882089937:  Hold'em Limit ($3/$6 USD) - 2017/02/08 10:06:13 ET
Table 'Henan' 6-max Seat #3 is the button
Seat 3: **Geka**555 ($45.33 in chips)
Seat 4: MTails ($120 in chips)
**Geka**555: posts small blind $1
MTails: posts big blind $3
*** HOLE CARDS ***
**Geka**555: calls $2
MTails: raises $3 to $6
**Geka**555: calls $3
*** FLOP *** [2h Jh 4d]
MTails: bets $3
**Geka**555: calls $3
*** TURN *** [2h Jh 4d] [Ac]
MTails: bets $6
**Geka**555: calls $6
*** RIVER *** [2h Jh 4d Ac] [Qs]
MTails: bets $6
**Geka**555: raises $6 to $12
MTails: folds
Uncalled bet ($6) returned to **Geka**555
**Geka**555 collected $41.50 from pot
**Geka**555: doesn't show hand
*** SUMMARY ***
Total pot $42 | Rake $0.50
Board [2h Jh 4d Ac Qs]
Seat 3: **Geka**555 (button) (small blind) collected ($41.50)
Seat 4: MTails (big blind) folded on the River


PokerStars Hand #165882153055:  Hold'em Limit ($3/$6 USD) - 2017/02/08 10:07:41 ET
Table 'Henan' 6-max Seat #3 is the button
Seat 3: **Geka**555 ($83.97 in chips)
Seat 4: MTails ($79.52 in chips)
**Geka**555: posts small blind $1
MTails: posts big blind $3
*** HOLE CARDS ***
**Geka**555: calls $2
MTails: raises $3 to $6
**Geka**555: calls $3
*** FLOP *** [8s Ks 9h]
MTails: bets $3
**Geka**555: calls $3
*** TURN *** [8s Ks 9h] [Kd]
MTails: checks
**Geka**555: checks
*** RIVER *** [8s Ks 9h Kd] [7d]
MTails: checks
**Geka**555: checks
*** SHOW DOWN ***
MTails: shows [3d Ah] (a pair of Kings)
**Geka**555: shows [2c 2s] (two pair, Kings and Deuces)
**Geka**555 collected $17.64 from pot
*** SUMMARY ***
Total pot $18 | Rake $0.36
Board [8s Ks 9h Kd 7d]
Seat 3: **Geka**555 (button) (small blind) showed [2c 2s] and won ($17.64) with two pair, Kings and Deuces
Seat 4: MTails (big blind) showed [3d Ah] and lost with a pair of Kings


PokerStars Hand #165882140096:  Hold'em Limit ($3/$6 USD) - 2017/02/08 10:07:23 ET
Table 'Henan' 6-max Seat #4 is the button
Seat 3: **Geka**555 ($63.47 in chips)
Seat 4: MTails ($100.52 in chips)
MTails: posts small blind $1
**Geka**555: posts big blind $3
*** HOLE CARDS ***
MTails: raises $3 to $6
**Geka**555: calls $3
*** FLOP *** [3c Ks As]
**Geka**555: checks
MTails: bets $3
**Geka**555: raises $3 to $6
MTails: raises $3 to $9
**Geka**555: calls $3
*** TURN *** [3c Ks As] [7c]
**Geka**555: checks
MTails: checks
*** RIVER *** [3c Ks As 7c] [8c]
**Geka**555: bets $6
MTails: calls $6
*** SHOW DOWN ***
**Geka**555: shows [3d Kc] (two pair, Kings and Threes)
MTails: mucks hand
**Geka**555 collected $41.50 from pot
*** SUMMARY ***
Total pot $42 | Rake $0.50
Board [3c Ks As 7c 8c]
Seat 3: **Geka**555 (big blind) showed [3d Kc] and won ($41.50) with two pair, Kings and Threes
Seat 4: MTails (button) (small blind) mucked


PokerStars Hand #165882131306:  Hold'em Limit ($3/$6 USD) - 2017/02/08 10:07:11 ET
Table 'Henan' 6-max Seat #3 is the button
Seat 3: **Geka**555 ($69.47 in chips)
Seat 4: MTails ($94.76 in chips)
**Geka**555: posts small blind $1
MTails: posts big blind $3
*** HOLE CARDS ***
**Geka**555: calls $2
MTails: raises $3 to $6
**Geka**555: calls $3
*** FLOP *** [4s 8c 4c]
MTails: bets $3
**Geka**555: folds
Uncalled bet ($3) returned to MTails
MTails collected $11.76 from pot
*** SUMMARY ***
Total pot $12 | Rake $0.24
Board [4s 8c 4c]
Seat 3: **Geka**555 (button) (small blind) folded on the Flop
Seat 4: MTails (big blind) collected ($11.76)


PokerStars Hand #165882118279:  Hold'em Limit ($3/$6 USD) - 2017/02/08 10:06:52 ET
Table 'Henan' 6-max Seat #4 is the button
Seat 3: **Geka**555 ($60.83 in chips)
Seat 4: MTails ($103.76 in chips)
MTails: posts small blind $1
**Geka**555: posts big blind $3
*** HOLE CARDS ***
MTails: raises $3 to $6
**Geka**555: calls $3
*** FLOP *** [9s Qs 8s]
**Geka**555: checks
MTails: bets $3
**Geka**555: calls $3
*** TURN *** [9s Qs 8s] [8d]
**Geka**555: checks
MTails: checks
*** RIVER *** [9s Qs 8s 8d] [8h]
**Geka**555: bets $6
MTails: folds
Uncalled bet ($6) returned to **Geka**555
**Geka**555 collected $17.64 from pot
**Geka**555: doesn't show hand
*** SUMMARY ***
Total pot $18 | Rake $0.36
Board [9s Qs 8s 8d 8h]
Seat 3: **Geka**555 (big blind) collected ($17.64)
Seat 4: MTails (button) (small blind) folded on the River


PokerStars Hand #165882196652:  Hold'em Limit ($3/$6 USD) - 2017/02/08 10:08:43 ET
Table 'Henan' 6-max Seat #3 is the button
Seat 3: **Geka**555 ($64.61 in chips)
Seat 4: MTails ($157.78 in chips)
**Geka**555: posts small blind $1
MTails: posts big blind $3
*** HOLE CARDS ***
**Geka**555: folds
Uncalled bet ($2) returned to MTails
MTails collected $2 from pot
*** SUMMARY ***
Total pot $2 | Rake $0
Seat 3: **Geka**555 (button) (small blind) folded before Flop
Seat 4: MTails (big blind) collected ($2)


PokerStars Hand #165882189273:  Hold'em Limit ($3/$6 USD) - 2017/02/08 10:08:32 ET
Table 'Henan' 6-max Seat #4 is the button
Seat 3: **Geka**555 ($70.61 in chips)
Seat 4: MTails ($152.02 in chips)
MTails: posts small blind $1
**Geka**555: posts big blind $3
*** HOLE CARDS ***
MTails: raises $3 to $6
**Geka**555: calls $3
*** FLOP *** [Jh 7c Ts]
**Geka**555: checks
MTails: bets $3
**Geka**555: folds
Uncalled bet ($3) returned to MTails
MTails collected $11.76 from pot
*** SUMMARY ***
Total pot $12 | Rake $0.24
Board [Jh 7c Ts]
Seat 3: **Geka**555 (big blind) folded on the Flop
Seat 4: MTails (button) (small blind) collected ($11.76)


PokerStars Hand #165882185992:  Hold'em Limit ($3/$6 USD) - 2017/02/08 10:08:28 ET
Table 'Henan' 6-max Seat #3 is the button
Seat 3: **Geka**555 ($71.61 in chips)
Seat 4: MTails ($151.02 in chips)
**Geka**555: posts small blind $1
MTails: posts big blind $3
*** HOLE CARDS ***
**Geka**555: folds
Uncalled bet ($2) returned to MTails
MTails collected $2 from pot
MTails: doesn't show hand
*** SUMMARY ***
Total pot $2 | Rake $0
Seat 3: **Geka**555 (button) (small blind) folded before Flop
Seat 4: MTails (big blind) collected ($2)


PokerStars Hand #165882166865:  Hold'em Limit ($3/$6 USD) - 2017/02/08 10:08:01 ET
Table 'Henan' 6-max Seat #4 is the button
Seat 3: **Geka**555 ($92.61 in chips)
Seat 4: MTails ($130.52 in chips)
MTails: posts small blind $1
**Geka**555: posts big blind $3
*** HOLE CARDS ***
MTails: raises $3 to $6
**Geka**555: calls $3
*** FLOP *** [4s 6d Jh]
**Geka**555: checks
MTails: bets $3
**Geka**555: calls $3
*** TURN *** [4s 6d Jh] [Qs]
**Geka**555: checks
MTails: bets $6
**Geka**555: calls $6
*** RIVER *** [4s 6d Jh Qs] [Ac]
**Geka**555: checks
MTails: bets $6
**Geka**555: calls $6
*** SHOW DOWN ***
MTails: shows [Ad 8s] (a pair of Aces)
**Geka**555: mucks hand
MTails collected $41.50 from pot
*** SUMMARY ***
Total pot $42 | Rake $0.50
Board [4s 6d Jh Qs Ac]
Seat 3: **Geka**555 (big blind) mucked
Seat 4: MTails (button) (small blind) showed [Ad 8s] and won ($41.50) with a pair of Aces


PokerStars Hand #165882235132:  Hold'em Limit ($3/$6 USD) - 2017/02/08 10:09:36 ET
Table 'Henan' 6-max Seat #4 is the button
Seat 3: **Geka**555 ($79.11 in chips)
Seat 4: MTails ($142.78 in chips)
MTails: posts small blind $1
**Geka**555: posts big blind $3
*** HOLE CARDS ***
MTails: raises $3 to $6
**Geka**555: calls $3
*** FLOP *** [Qc 6s Ad]
**Geka**555: checks
MTails: bets $3
**Geka**555: folds
Uncalled bet ($3) returned to MTails
MTails collected $11.76 from pot
*** SUMMARY ***
Total pot $12 | Rake $0.24
Board [Qc 6s Ad]
Seat 3: **Geka**555 (big blind) folded on the Flop
Seat 4: MTails (button) (small blind) collected ($11.76)


PokerStars Hand #165882225006:  Hold'em Limit ($3/$6 USD) - 2017/02/08 10:09:22 ET
Table 'Henan' 6-max Seat #3 is the button
Seat 3: **Geka**555 ($80.11 in chips)
Seat 4: MTails ($141.78 in chips)
**Geka**555: posts small blind $1
MTails: posts big blind $3
*** HOLE CARDS ***
**Geka**555: folds
Uncalled bet ($2) returned to MTails
MTails collected $2 from pot
*** SUMMARY ***
Total pot $2 | Rake $0
Seat 3: **Geka**555 (button) (small blind) folded before Flop
Seat 4: MTails (big blind) collected ($2)


PokerStars Hand #165882221244:  Hold'em Limit ($3/$6 USD) - 2017/02/08 10:09:17 ET
Table 'Henan' 6-max Seat #4 is the button
Seat 3: **Geka**555 ($83.11 in chips)
Seat 4: MTails ($138.78 in chips)
MTails: posts small blind $1
**Geka**555: posts big blind $3
*** HOLE CARDS ***
MTails: raises $3 to $6
**Geka**555: folds
Uncalled bet ($3) returned to MTails
MTails collected $6 from pot
MTails: doesn't show hand
*** SUMMARY ***
Total pot $6 | Rake $0
Seat 3: **Geka**555 (big blind) folded before Flop
Seat 4: MTails (button) (small blind) collected ($6)


PokerStars Hand #165882216366:  Hold'em Limit ($3/$6 USD) - 2017/02/08 10:09:10 ET
Table 'Henan' 6-max Seat #3 is the button
Seat 3: **Geka**555 ($84.11 in chips)
Seat 4: MTails ($137.78 in chips)
**Geka**555: posts small blind $1
MTails: posts big blind $3
*** HOLE CARDS ***
**Geka**555: folds
Uncalled bet ($2) returned to MTails
MTails collected $2 from pot
*** SUMMARY ***
Total pot $2 | Rake $0
Seat 3: **Geka**555 (button) (small blind) folded before Flop
Seat 4: MTails (big blind) collected ($2)


PokerStars Hand #165882199740:  Hold'em Limit ($3/$6 USD) - 2017/02/08 10:08:47 ET
Table 'Henan' 6-max Seat #4 is the button
Seat 3: **Geka**555 ($63.61 in chips)
Seat 4: MTails ($158.78 in chips)
MTails: posts small blind $1
**Geka**555: posts big blind $3
*** HOLE CARDS ***
MTails: raises $3 to $6
**Geka**555: calls $3
*** FLOP *** [Qs 2s Ts]
**Geka**555: checks
MTails: bets $3
**Geka**555: calls $3
*** TURN *** [Qs 2s Ts] [9h]
**Geka**555: checks
MTails: bets $6
**Geka**555: raises $6 to $12
MTails: calls $6
*** RIVER *** [Qs 2s Ts 9h] [7s]
**Geka**555: bets $6
MTails: folds
Uncalled bet ($6) returned to **Geka**555
**Geka**555 collected $41.50 from pot
**Geka**555: doesn't show hand
*** SUMMARY ***
Total pot $42 | Rake $0.50
Board [Qs 2s Ts 9h 7s]
Seat 3: **Geka**555 (big blind) collected ($41.50)
Seat 4: MTails (button) (small blind) folded on the River


PokerStars Hand #165882274842:  Hold'em Limit ($3/$6 USD) - 2017/02/08 10:10:32 ET
Table 'Henan' 6-max Seat #4 is the button
Seat 3: **Geka**555 ($71.87 in chips)
Seat 4: MTails ($149.30 in chips)
MTails: posts small blind $1
**Geka**555: posts big blind $3
*** HOLE CARDS ***
MTails: raises $3 to $6
**Geka**555: calls $3
*** FLOP *** [9d Qh 7c]
**Geka**555: checks
MTails: bets $3
**Geka**555: calls $3
*** TURN *** [9d Qh 7c] [Qs]
**Geka**555: checks
MTails: checks
*** RIVER *** [9d Qh 7c Qs] [5c]
**Geka**555: bets $6
MTails: folds
Uncalled bet ($6) returned to **Geka**555
**Geka**555 collected $17.64 from pot
**Geka**555: doesn't show hand
*** SUMMARY ***
Total pot $18 | Rake $0.36
Board [9d Qh 7c Qs 5c]
Seat 3: **Geka**555 (big blind) collected ($17.64)
Seat 4: MTails (button) (small blind) folded on the River


PokerStars Hand #165882266935:  Hold'em Limit ($3/$6 USD) - 2017/02/08 10:10:21 ET
Table 'Henan' 6-max Seat #3 is the button
Seat 3: **Geka**555 ($66.11 in chips)
Seat 4: MTails ($155.30 in chips)
**Geka**555: posts small blind $1
MTails: posts big blind $3
*** HOLE CARDS ***
**Geka**555: raises $3 to $6
MTails: calls $3
*** FLOP *** [Qc Th Td]
MTails: checks
**Geka**555: bets $3
MTails: folds
Uncalled bet ($3) returned to **Geka**555
**Geka**555 collected $11.76 from pot
**Geka**555: doesn't show hand
*** SUMMARY ***
Total pot $12 | Rake $0.24
Board [Qc Th Td]
Seat 3: **Geka**555 (button) (small blind) collected ($11.76)
Seat 4: MTails (big blind) folded on the Flop


PokerStars Hand #165882260341:  Hold'em Limit ($3/$6 USD) - 2017/02/08 10:10:12 ET
Table 'Henan' 6-max Seat #4 is the button
Seat 3: **Geka**555 ($72.11 in chips)
Seat 4: MTails ($149.54 in chips)
MTails: posts small blind $1
**Geka**555: posts big blind $3
*** HOLE CARDS ***
MTails: raises $3 to $6
**Geka**555: calls $3
*** FLOP *** [5s As 5c]
**Geka**555: checks
MTails: bets $3
**Geka**555: folds
Uncalled bet ($3) returned to MTails
MTails collected $11.76 from pot
*** SUMMARY ***
Total pot $12 | Rake $0.24
Board [5s As 5c]
Seat 3: **Geka**555 (big blind) folded on the Flop
Seat 4: MTails (button) (small blind) collected ($11.76)


PokerStars Hand #165882250761:  Hold'em Limit ($3/$6 USD) - 2017/02/08 10:09:58 ET
Table 'Henan' 6-max Seat #3 is the button
Seat 3: **Geka**555 ($73.11 in chips)
Seat 4: MTails ($148.54 in chips)
**Geka**555: posts small blind $1
MTails: posts big blind $3
*** HOLE CARDS ***
**Geka**555: folds
Uncalled bet ($2) returned to MTails
MTails collected $2 from pot
MTails: doesn't show hand
*** SUMMARY ***
Total pot $2 | Rake $0
Seat 3: **Geka**555 (button) (small blind) folded before Flop
Seat 4: MTails (big blind) collected ($2)


PokerStars Hand #165882327300:  Hold'em Limit ($3/$6 USD) - 2017/02/08 10:11:45 ET
Table 'Henan' 6-max Seat #4 is the button
Seat 3: **Geka**555 ($120.51 in chips)
Seat 4: MTails ($159.30 in chips)
MTails: posts small blind $1
**Geka**555: posts big blind $3
*** HOLE CARDS ***
MTails: raises $3 to $6
**Geka**555: calls $3
*** FLOP *** [Tc Kd 5d]
**Geka**555: checks
MTails: bets $3
**Geka**555: folds
Uncalled bet ($3) returned to MTails
MTails collected $11.76 from pot
*** SUMMARY ***
Total pot $12 | Rake $0.24
Board [Tc Kd 5d]
Seat 3: **Geka**555 (big blind) folded on the Flop
Seat 4: MTails (button) (small blind) collected ($11.76)


PokerStars Hand #165882323499:  Hold'em Limit ($3/$6 USD) - 2017/02/08 10:11:40 ET
Table 'Henan' 6-max Seat #3 is the button
Seat 3: **Geka**555 ($121.51 in chips)
Seat 4: MTails ($98.30 in chips)
**Geka**555: posts small blind $1
MTails: posts big blind $3
*** HOLE CARDS ***
**Geka**555: folds
Uncalled bet ($2) returned to MTails
MTails collected $2 from pot
MTails: doesn't show hand
*** SUMMARY ***
Total pot $2 | Rake $0
Seat 3: **Geka**555 (button) (small blind) folded before Flop
Seat 4: MTails (big blind) collected ($2)


PokerStars Hand #165882307421:  Hold'em Limit ($3/$6 USD) - 2017/02/08 10:11:18 ET
Table 'Henan' 6-max Seat #4 is the button
Seat 3: **Geka**555 ($107.01 in chips)
Seat 4: MTails ($113.30 in chips)
MTails: posts small blind $1
**Geka**555: posts big blind $3
*** HOLE CARDS ***
MTails: raises $3 to $6
**Geka**555: calls $3
*** FLOP *** [7d 4s 8c]
**Geka**555: checks
MTails: bets $3
**Geka**555: calls $3
*** TURN *** [7d 4s 8c] [5s]
**Geka**555: checks
MTails: checks
*** RIVER *** [7d 4s 8c 5s] [2s]
**Geka**555: bets $6
MTails: calls $6
*** SHOW DOWN ***
**Geka**555: shows [7s 4d] (two pair, Sevens and Fours)
MTails: mucks hand
**Geka**555 collected $29.50 from pot
*** SUMMARY ***
Total pot $30 | Rake $0.50
Board [7d 4s 8c 5s 2s]
Seat 3: **Geka**555 (big blind) showed [7s 4d] and won ($29.50) with two pair, Sevens and Fours
Seat 4: MTails (button) (small blind) mucked


PokerStars Hand #165882290611:  Hold'em Limit ($3/$6 USD) - 2017/02/08 10:10:54 ET
Table 'Henan' 6-max Seat #3 is the button
Seat 3: **Geka**555 ($80.51 in chips)
Seat 4: MTails ($140.30 in chips)
**Geka**555: posts small blind $1
MTails: posts big blind $3
*** HOLE CARDS ***
**Geka**555: calls $2
MTails: raises $3 to $6
**Geka**555: calls $3
*** FLOP *** [5c 3c 5h]
MTails: bets $3
**Geka**555: calls $3
*** TURN *** [5c 3c 5h] [Tc]
MTails: bets $6
**Geka**555: calls $6
*** RIVER *** [5c 3c 5h Tc] [4s]
MTails: checks
**Geka**555: bets $6
MTails: raises $6 to $12
**Geka**555: calls $6
*** SHOW DOWN ***
MTails: shows [8c Td] (two pair, Tens and Fives)
**Geka**555: shows [5d As] (three of a kind, Fives)
**Geka**555 collected $53.50 from pot
*** SUMMARY ***
Total pot $54 | Rake $0.50
Board [5c 3c 5h Tc 4s]
Seat 3: **Geka**555 (button) (small blind) showed [5d As] and won ($53.50) with three of a kind, Fives
Seat 4: MTails (big blind) showed [8c Td] and lost with two pair, Tens and Fives


PokerStars Hand #165882378448:  Hold'em Limit ($3/$6 USD) - 2017/02/08 10:12:56 ET
Table 'Henan' 6-max Seat #4 is the button
Seat 3: **Geka**555 ($137.55 in chips)
Seat 4: MTails ($141.06 in chips)
MTails: posts small blind $1
**Geka**555: posts big blind $3
*** HOLE CARDS ***
MTails: raises $3 to $6
**Geka**555: folds
Uncalled bet ($3) returned to MTails
MTails collected $6 from pot
*** SUMMARY ***
Total pot $6 | Rake $0
Seat 3: **Geka**555 (big blind) folded before Flop
Seat 4: MTails (button) (small blind) collected ($6)


PokerStars Hand #165882369726:  Hold'em Limit ($3/$6 USD) - 2017/02/08 10:12:44 ET
Table 'Henan' 6-max Seat #3 is the button
Seat 3: **Geka**555 ($128.91 in chips)
Seat 4: MTails ($150.06 in chips)
**Geka**555: posts small blind $1
MTails: posts big blind $3
*** HOLE CARDS ***
**Geka**555: calls $2
MTails: raises $3 to $6
**Geka**555: calls $3
*** FLOP *** [Jh Qc Kh]
MTails: bets $3
**Geka**555: raises $3 to $6
MTails: folds
Uncalled bet ($3) returned to **Geka**555
**Geka**555 collected $17.64 from pot
**Geka**555: doesn't show hand
*** SUMMARY ***
Total pot $18 | Rake $0.36
Board [Jh Qc Kh]
Seat 3: **Geka**555 (button) (small blind) collected ($17.64)
Seat 4: MTails (big blind) folded on the Flop


PokerStars Hand #165882355889:  Hold'em Limit ($3/$6 USD) - 2017/02/08 10:12:25 ET
Table 'Henan' 6-max Seat #4 is the button
Seat 3: **Geka**555 ($117.39 in chips)
Seat 4: MTails ($162.06 in chips)
MTails: posts small blind $1
**Geka**555: posts big blind $3
*** HOLE CARDS ***
MTails: raises $3 to $6
**Geka**555: calls $3
*** FLOP *** [4d 2c 8h]
**Geka**555: checks
MTails: checks
*** TURN *** [4d 2c 8h] [9s]
**Geka**555: checks
MTails: bets $6
**Geka**555: calls $6
*** RIVER *** [4d 2c 8h 9s] [Qs]
**Geka**555: checks
MTails: checks
*** SHOW DOWN ***
**Geka**555: shows [Ac 6d] (high card Ace)
MTails: mucks hand
**Geka**555 collected $23.52 from pot
*** SUMMARY ***
Total pot $24 | Rake $0.48
Board [4d 2c 8h 9s Qs]
Seat 3: **Geka**555 (big blind) showed [Ac 6d] and won ($23.52) with high card Ace
Seat 4: MTails (button) (small blind) mucked


PokerStars Hand #165882335721:  Hold'em Limit ($3/$6 USD) - 2017/02/08 10:11:57 ET
Table 'Henan' 6-max Seat #3 is the button
Seat 3: **Geka**555 ($114.51 in chips)
Seat 4: MTails ($165.06 in chips)
**Geka**555: posts small blind $1
MTails: posts big blind $3
*** HOLE CARDS ***
**Geka**555: calls $2
MTails: checks
*** FLOP *** [3d Qs Qc]
MTails: checks
**Geka**555: checks
*** TURN *** [3d Qs Qc] [Kh]
MTails: checks
**Geka**555: bets $6
MTails: folds
Uncalled bet ($6) returned to **Geka**555
**Geka**555 collected $5.88 from pot
**Geka**555: doesn't show hand
*** SUMMARY ***
Total pot $6 | Rake $0.12
Board [3d Qs Qc Kh]
Seat 3: **Geka**555 (button) (small blind) collected ($5.88)
Seat 4: MTails (big blind) folded on the Turn


PokerStars Hand #165882390008:  Hold'em Limit ($3/$6 USD) - 2017/02/08 10:13:13 ET
Table 'Henan' 6-max Seat #4 is the button
Seat 3: **Geka**555 ($133.55 in chips)
Seat 4: MTails ($145.06 in chips)
MTails: posts small blind $1
**Geka**555: posts big blind $3
*** HOLE CARDS ***
MTails: raises $3 to $6
**Geka**555: calls $3
*** FLOP *** [8c 3c 2s]
**Geka**555: checks
MTails: bets $3
**Geka**555: folds
Uncalled bet ($3) returned to MTails
MTails collected $11.76 from pot
*** SUMMARY ***
Total pot $12 | Rake $0.24
Board [8c 3c 2s]
Seat 3: **Geka**555 (big blind) folded on the Flop
Seat 4: MTails (button) (small blind) collected ($11.76)


PokerStars Hand #165882382734:  Hold'em Limit ($3/$6 USD) - 2017/02/08 10:13:02 ET
Table 'Henan' 6-max Seat #3 is the button
Seat 3: **Geka**555 ($134.55 in chips)
Seat 4: MTails ($144.06 in chips)
**Geka**555: posts small blind $1
MTails: posts big blind $3
*** HOLE CARDS ***
**Geka**555: folds
Uncalled bet ($2) returned to MTails
MTails collected $2 from pot
MTails: doesn't show hand
*** SUMMARY ***
Total pot $2 | Rake $0
Seat 3: **Geka**555 (button) (small blind) folded before Flop
Seat 4: MTails (big blind) collected ($2)


PokerStars Hand #165882455463:  Hold'em Limit ($3/$6 USD) - 2017/02/08 10:14:44 ET
Table 'Henan' 6-max Seat #4 is the button
Seat 3: **Geka**555 ($136.19 in chips)
Seat 4: MTails ($141.82 in chips)
MTails: posts small blind $1
**Geka**555: posts big blind $3
*** HOLE CARDS ***
MTails: raises $3 to $6
**Geka**555: calls $3
*** FLOP *** [Js 9c 4h]
**Geka**555: checks
MTails: bets $3
**Geka**555: calls $3
*** TURN *** [Js 9c 4h] [Ah]
**Geka**555: checks
MTails: checks
*** RIVER *** [Js 9c 4h Ah] [Qh]
**Geka**555: bets $6
MTails: folds
Uncalled bet ($6) returned to **Geka**555
**Geka**555 collected $17.64 from pot
**Geka**555: doesn't show hand
*** SUMMARY ***
Total pot $18 | Rake $0.36
Board [Js 9c 4h Ah Qh]
Seat 3: **Geka**555 (big blind) collected ($17.64)
Seat 4: MTails (button) (small blind) folded on the River


PokerStars Hand #165882401718:  Hold'em Limit ($3/$6 USD) - 2017/02/08 10:13:29 ET
Table 'Henan' 6-max Seat #3 is the button
Seat 3: **Geka**555 ($127.55 in chips)
Seat 4: MTails ($150.82 in chips)
**Geka**555: posts small blind $1
MTails: posts big blind $3
*** HOLE CARDS ***
**Geka**555: calls $2
MTails is disconnected
MTails is connected
MTails: raises $3 to $6
**Geka**555: calls $3
*** FLOP *** [5d Qh 6d]
MTails: bets $3
**Geka**555: calls $3
*** TURN *** [5d Qh 6d] [2s]
MTails: checks
**Geka**555: bets $6
MTails: folds
Uncalled bet ($6) returned to **Geka**555
**Geka**555 collected $17.64 from pot
**Geka**555: doesn't show hand
*** SUMMARY ***
Total pot $18 | Rake $0.36
Board [5d Qh 6d 2s]
Seat 3: **Geka**555 (button) (small blind) collected ($17.64)
Seat 4: MTails (big blind) folded on the Turn


PokerStars Hand #165882495960:  Hold'em Limit ($3/$6 USD) - 2017/02/08 10:15:40 ET
Table 'Henan' 6-max Seat #4 is the button
Seat 3: **Geka**555 ($134.83 in chips)
Seat 4: MTails ($142.46 in chips)
MTails: posts small blind $1
**Geka**555: posts big blind $3
*** HOLE CARDS ***
MTails: raises $3 to $6
**Geka**555: calls $3
*** FLOP *** [Js 5d 5s]
**Geka**555: checks
MTails: bets $3
**Geka**555: raises $3 to $6
MTails: raises $3 to $9
**Geka**555: calls $3
*** TURN *** [Js 5d 5s] [3c]
**Geka**555: checks
MTails: bets $6
**Geka**555: folds
Uncalled bet ($6) returned to MTails
MTails collected $29.50 from pot
*** SUMMARY ***
Total pot $30 | Rake $0.50
Board [Js 5d 5s 3c]
Seat 3: **Geka**555 (big blind) folded on the Turn
Seat 4: MTails (button) (small blind) collected ($29.50)


PokerStars Hand #165882492271:  Hold'em Limit ($3/$6 USD) - 2017/02/08 10:15:35 ET
Table 'Henan' 6-max Seat #3 is the button
Seat 3: **Geka**555 ($135.83 in chips)
Seat 4: MTails ($141.46 in chips)
**Geka**555: posts small blind $1
MTails: posts big blind $3
*** HOLE CARDS ***
**Geka**555: folds
Uncalled bet ($2) returned to MTails
MTails collected $2 from pot
*** SUMMARY ***
Total pot $2 | Rake $0
Seat 3: **Geka**555 (button) (small blind) folded before Flop
Seat 4: MTails (big blind) collected ($2)


PokerStars Hand #165882484111:  Hold'em Limit ($3/$6 USD) - 2017/02/08 10:15:24 ET
Table 'Henan' 6-max Seat #4 is the button
Seat 3: **Geka**555 ($141.83 in chips)
Seat 4: MTails ($135.70 in chips)
MTails: posts small blind $1
**Geka**555: posts big blind $3
*** HOLE CARDS ***
MTails: raises $3 to $6
**Geka**555: calls $3
*** FLOP *** [8d Ah Qh]
**Geka**555: checks
MTails: bets $3
**Geka**555: folds
Uncalled bet ($3) returned to MTails
MTails collected $11.76 from pot
*** SUMMARY ***
Total pot $12 | Rake $0.24
Board [8d Ah Qh]
Seat 3: **Geka**555 (big blind) folded on the Flop
Seat 4: MTails (button) (small blind) collected ($11.76)


PokerStars Hand #165882480790:  Hold'em Limit ($3/$6 USD) - 2017/02/08 10:15:19 ET
Table 'Henan' 6-max Seat #3 is the button
Seat 3: **Geka**555 ($142.83 in chips)
Seat 4: MTails ($134.70 in chips)
**Geka**555: posts small blind $1
MTails: posts big blind $3
*** HOLE CARDS ***
**Geka**555: folds
Uncalled bet ($2) returned to MTails
MTails collected $2 from pot
*** SUMMARY ***
Total pot $2 | Rake $0
Seat 3: **Geka**555 (button) (small blind) folded before Flop
Seat 4: MTails (big blind) collected ($2)


PokerStars Hand #165882477423:  Hold'em Limit ($3/$6 USD) - 2017/02/08 10:15:14 ET
Table 'Henan' 6-max Seat #4 is the button
Seat 3: **Geka**555 ($141.83 in chips)
Seat 4: MTails ($135.70 in chips)
MTails: posts small blind $1
**Geka**555: posts big blind $3
*** HOLE CARDS ***
MTails: folds
Uncalled bet ($2) returned to **Geka**555
**Geka**555 collected $2 from pot
**Geka**555: doesn't show hand
*** SUMMARY ***
Total pot $2 | Rake $0
Seat 3: **Geka**555 (big blind) collected ($2)
Seat 4: MTails (button) (small blind) folded before Flop


PokerStars Hand #165882469151:  Hold'em Limit ($3/$6 USD) - 2017/02/08 10:15:03 ET
Table 'Henan' 6-max Seat #3 is the button
Seat 3: **Geka**555 ($144.83 in chips)
Seat 4: MTails ($132.82 in chips)
**Geka**555: posts small blind $1
MTails: posts big blind $3
*** HOLE CARDS ***
**Geka**555: calls $2
MTails: checks
*** FLOP *** [3h 8s Ts]
MTails: checks
**Geka**555: checks
*** TURN *** [3h 8s Ts] [5s]
MTails: bets $6
**Geka**555: folds
Uncalled bet ($6) returned to MTails
MTails collected $5.88 from pot
*** SUMMARY ***
Total pot $6 | Rake $0.12
Board [3h 8s Ts 5s]
Seat 3: **Geka**555 (button) (small blind) folded on the Turn
Seat 4: MTails (big blind) collected ($5.88)


PokerStars Hand #165882513759:  Hold'em Limit ($3/$6 USD) - 2017/02/08 10:16:05 ET
Table 'Henan' 6-max Seat #3 is the button
Seat 3: **Geka**555 ($119.83 in chips)
Seat 4: MTails ($156.96 in chips)
**Geka**555: posts small blind $1
MTails: posts big blind $3
*** HOLE CARDS ***
**Geka**555: raises $3 to $6
MTails: calls $3
*** FLOP *** [3h Kh 2h]
LouisB joins the table at seat #5
MTails: checks
**Geka**555: bets $3
MTails: raises $3 to $6
**Geka**555: calls $3
*** TURN *** [3h Kh 2h] [Qh]
MTails: bets $6
**Geka**555: calls $6
*** RIVER *** [3h Kh 2h Qh] [Jc]
MTails: checks
**Geka**555: bets $6
MTails: folds
Uncalled bet ($6) returned to **Geka**555
**Geka**555 collected $35.50 from pot
**Geka**555: doesn't show hand
*** SUMMARY ***
Total pot $36 | Rake $0.50
Board [3h Kh 2h Qh Jc]
Seat 3: **Geka**555 (button) (small blind) collected ($35.50)
Seat 4: MTails (big blind) folded on the River


PokerStars Hand #165882844855:  Hold'em Limit ($3/$6 USD) - 2017/02/08 10:23:43 ET
Table 'Henan' 6-max Seat #4 is the button
Seat 3: volkovsky ($134 in chips)
Seat 4: MTails ($195.90 in chips)
MTails: posts small blind $1
volkovsky: posts big blind $3
*** HOLE CARDS ***
MTails: raises $3 to $6
volkovsky: calls $3
*** FLOP *** [9c Th 8c]
volkovsky: checks
MTails: checks
*** TURN *** [9c Th 8c] [5h]
volkovsky: checks
MTails: bets $6
volkovsky: folds
Uncalled bet ($6) returned to MTails
MTails collected $11.76 from pot
*** SUMMARY ***
Total pot $12 | Rake $0.24
Board [9c Th 8c 5h]
Seat 3: volkovsky (big blind) folded on the Turn
Seat 4: MTails (button) (small blind) collected ($11.76)


