PokerStars Hand #150074818871:  Hold'em Limit ($3/$6 USD) - 2016/03/09 6:45:29 ET
Table 'Henrietta II' 6-max Seat #3 is the button
Seat 3: HARDGURU ($139.23 in chips)
Seat 4: TbIP-TbIP 88 ($72 in chips)
HARDGURU: posts small blind $1
TbIP-TbIP 88: posts big blind $3
*** HOLE CARDS ***
HARDGURU: calls $2
TbIP-TbIP 88: checks
*** FLOP *** [Th 9h 3c]
TbIP-TbIP 88: bets $3
HARDGURU: folds
Uncalled bet ($3) returned to TbIP-TbIP 88
TbIP-TbIP 88 collected $5.88 from pot
TbIP-TbIP 88: doesn't show hand
*** SUMMARY ***
Total pot $6 | Rake $0.12
Board [Th 9h 3c]
Seat 3: HARDGURU (button) (small blind) folded on the Flop
Seat 4: TbIP-TbIP 88 (big blind) collected ($5.88)


PokerStars Hand #150074798552:  Hold'em Limit ($3/$6 USD) - 2016/03/09 6:44:48 ET
Table 'Henrietta II' 6-max Seat #4 is the button
Seat 3: HARDGURU ($118.73 in chips)
Seat 4: TbIP-TbIP 88 ($72 in chips)
TbIP-TbIP 88: posts small blind $1
Ms Kapriz has timed out
Ms Kapriz: is sitting out
HARDGURU: posts big blind $3
*** HOLE CARDS ***
TbIP-TbIP 88: raises $3 to $6
HARDGURU: calls $3
*** FLOP *** [Jd 7d Ah]
HARDGURU: checks
TbIP-TbIP 88: bets $3
HARDGURU: calls $3
*** TURN *** [Jd 7d Ah] [Qh]
HARDGURU: checks
TbIP-TbIP 88: bets $6
HARDGURU: calls $6
*** RIVER *** [Jd 7d Ah Qh] [7s]
HARDGURU: checks
TbIP-TbIP 88: bets $6
HARDGURU: calls $6
*** SHOW DOWN ***
TbIP-TbIP 88: shows [4d 2d] (a pair of Sevens)
HARDGURU: shows [Js 3d] (two pair, Jacks and Sevens)
HARDGURU collected $41.50 from pot
*** SUMMARY ***
Total pot $42 | Rake $0.50
Board [Jd 7d Ah Qh 7s]
Seat 3: HARDGURU (big blind) showed [Js 3d] and won ($41.50) with two pair, Jacks and Sevens
Seat 4: TbIP-TbIP 88 (button) (small blind) showed [4d 2d] and lost with a pair of Sevens


PokerStars Hand #150074826012:  Hold'em Limit ($3/$6 USD) - 2016/03/09 6:45:43 ET
Table 'Henrietta II' 6-max Seat #4 is the button
Seat 3: HARDGURU ($136.23 in chips)
Seat 4: TbIP-TbIP 88 ($74.88 in chips)
TbIP-TbIP 88: posts small blind $1
HARDGURU: posts big blind $3
*** HOLE CARDS ***
TbIP-TbIP 88: raises $3 to $6
HARDGURU: calls $3
*** FLOP *** [Jd 8s 2h]
HARDGURU: checks
TbIP-TbIP 88: bets $3
HARDGURU: raises $3 to $6
TbIP-TbIP 88: calls $3
*** TURN *** [Jd 8s 2h] [9c]
HARDGURU: checks
TbIP-TbIP 88: checks
*** RIVER *** [Jd 8s 2h 9c] [Jc]
HARDGURU: bets $6
TbIP-TbIP 88: folds
Uncalled bet ($6) returned to HARDGURU
HARDGURU collected $23.52 from pot
HARDGURU: doesn't show hand
*** SUMMARY ***
Total pot $24 | Rake $0.48
Board [Jd 8s 2h 9c Jc]
Seat 3: HARDGURU (big blind) collected ($23.52)
Seat 4: TbIP-TbIP 88 (button) (small blind) folded on the River


PokerStars Hand #150074839837:  Hold'em Limit ($3/$6 USD) - 2016/03/09 6:46:11 ET
Table 'Henrietta II' 6-max Seat #3 is the button
Seat 3: HARDGURU ($147.75 in chips)
Seat 4: TbIP-TbIP 88 ($72 in chips)
HARDGURU: posts small blind $1
TbIP-TbIP 88: posts big blind $3
*** HOLE CARDS ***
HARDGURU: calls $2
TbIP-TbIP 88: checks
*** FLOP *** [Kd 9h Jc]
Hadart joins the table at seat #5
TbIP-TbIP 88: checks
HARDGURU: checks
*** TURN *** [Kd 9h Jc] [6h]
TbIP-TbIP 88: bets $6
HARDGURU: calls $6
*** RIVER *** [Kd 9h Jc 6h] [4h]
TbIP-TbIP 88: checks
HARDGURU: bets $6
TbIP-TbIP 88: calls $6
*** SHOW DOWN ***
HARDGURU: shows [4c Js] (two pair, Jacks and Fours)
TbIP-TbIP 88: mucks hand
HARDGURU collected $29.50 from pot
*** SUMMARY ***
Total pot $30 | Rake $0.50
Board [Kd 9h Jc 6h 4h]
Seat 3: HARDGURU (button) (small blind) showed [4c Js] and won ($29.50) with two pair, Jacks and Fours
Seat 4: TbIP-TbIP 88 (big blind) mucked


PokerStars Hand #150075561554:  Hold'em Limit ($3/$6 USD) - 2016/03/09 7:10:14 ET
Table 'Henrietta II' 6-max Seat #1 is the button
Seat 1: PROFI8088 ($98.24 in chips)
Seat 3: B_loJkl ($124.25 in chips)
PROFI8088: posts small blind $1
Ale4o: is sitting out
B_loJkl: posts big blind $3
*** HOLE CARDS ***
PROFI8088: raises $3 to $6
B_loJkl: folds
Uncalled bet ($3) returned to PROFI8088
PROFI8088 collected $6 from pot
PROFI8088: doesn't show hand
Ale4o leaves the table
*** SUMMARY ***
Total pot $6 | Rake $0
Seat 1: PROFI8088 (button) (small blind) collected ($6)
Seat 3: B_loJkl (big blind) folded before Flop


PokerStars Hand #150075578571:  Hold'em Limit ($3/$6 USD) - 2016/03/09 7:10:47 ET
Table 'Henrietta II' 6-max Seat #1 is the button
Seat 1: PROFI8088 ($98.24 in chips)
Seat 3: B_loJkl ($124.25 in chips)
PROFI8088: posts small blind $1
B_loJkl: posts big blind $3
*** HOLE CARDS ***
PROFI8088: folds
Uncalled bet ($2) returned to B_loJkl
B_loJkl collected $2 from pot
B_loJkl: doesn't show hand
*** SUMMARY ***
Total pot $2 | Rake $0
Seat 1: PROFI8088 (button) (small blind) folded before Flop
Seat 3: B_loJkl (big blind) collected ($2)


PokerStars Hand #150075572821:  Hold'em Limit ($3/$6 USD) - 2016/03/09 7:10:36 ET
Table 'Henrietta II' 6-max Seat #3 is the button
Seat 1: PROFI8088 ($101.24 in chips)
Seat 3: B_loJkl ($121.25 in chips)
B_loJkl: posts small blind $1
PROFI8088: posts big blind $3
*** HOLE CARDS ***
B_loJkl: raises $3 to $6
PROFI8088: folds
Uncalled bet ($3) returned to B_loJkl
B_loJkl collected $6 from pot
B_loJkl: doesn't show hand
*** SUMMARY ***
Total pot $6 | Rake $0
Seat 1: PROFI8088 (big blind) folded before Flop
Seat 3: B_loJkl (button) (small blind) collected ($6)


PokerStars Hand #150075608403:  Hold'em Limit ($3/$6 USD) - 2016/03/09 7:11:44 ET
Table 'Henrietta II' 6-max Seat #1 is the button
Seat 1: PROFI8088 ($77.24 in chips)
Seat 3: B_loJkl ($144.51 in chips)
PROFI8088: posts small blind $1
B_loJkl: posts big blind $3
*** HOLE CARDS ***
PROFI8088: folds
Uncalled bet ($2) returned to B_loJkl
B_loJkl collected $2 from pot
B_loJkl: doesn't show hand
*** SUMMARY ***
Total pot $2 | Rake $0
Seat 1: PROFI8088 (button) (small blind) folded before Flop
Seat 3: B_loJkl (big blind) collected ($2)


PokerStars Hand #150075599818:  Hold'em Limit ($3/$6 USD) - 2016/03/09 7:11:27 ET
Table 'Henrietta II' 6-max Seat #3 is the button
Seat 1: PROFI8088 ($83.24 in chips)
Seat 3: B_loJkl ($138.75 in chips)
B_loJkl: posts small blind $1
PROFI8088: posts big blind $3
*** HOLE CARDS ***
B_loJkl: raises $3 to $6
PROFI8088: calls $3
*** FLOP *** [5s Ac Jh]
PROFI8088: checks
B_loJkl: bets $3
PROFI8088: folds
Uncalled bet ($3) returned to B_loJkl
B_loJkl collected $11.76 from pot
B_loJkl: doesn't show hand
*** SUMMARY ***
Total pot $12 | Rake $0.24
Board [5s Ac Jh]
Seat 1: PROFI8088 (big blind) folded on the Flop
Seat 3: B_loJkl (button) (small blind) collected ($11.76)


PokerStars Hand #150075581090:  Hold'em Limit ($3/$6 USD) - 2016/03/09 7:10:51 ET
Table 'Henrietta II' 6-max Seat #3 is the button
Seat 1: PROFI8088 ($97.24 in chips)
Seat 3: B_loJkl ($125.25 in chips)
B_loJkl: posts small blind $1
PROFI8088: posts big blind $3
*** HOLE CARDS ***
B_loJkl: folds
Uncalled bet ($2) returned to PROFI8088
PROFI8088 collected $2 from pot
PROFI8088: doesn't show hand
*** SUMMARY ***
Total pot $2 | Rake $0
Seat 1: PROFI8088 (big blind) collected ($2)
Seat 3: B_loJkl (button) (small blind) folded before Flop


PokerStars Hand #150075583898:  Hold'em Limit ($3/$6 USD) - 2016/03/09 7:10:57 ET
Table 'Henrietta II' 6-max Seat #1 is the button
Seat 1: PROFI8088 ($98.24 in chips)
Seat 3: B_loJkl ($124.25 in chips)
PROFI8088: posts small blind $1
B_loJkl: posts big blind $3
*** HOLE CARDS ***
PROFI8088: raises $3 to $6
B_loJkl: calls $3
*** FLOP *** [2h Ad Ks]
B_loJkl: checks
PROFI8088: bets $3
B_loJkl: calls $3
*** TURN *** [2h Ad Ks] [7d]
B_loJkl: checks
PROFI8088: bets $6
B_loJkl: calls $6
*** RIVER *** [2h Ad Ks 7d] [6s]
B_loJkl: checks
PROFI8088: checks
*** SHOW DOWN ***
B_loJkl: shows [2s 9s] (a pair of Deuces)
PROFI8088: mucks hand
B_loJkl collected $29.50 from pot
*** SUMMARY ***
Total pot $30 | Rake $0.50
Board [2h Ad Ks 7d 6s]
Seat 1: PROFI8088 (button) (small blind) mucked
Seat 3: B_loJkl (big blind) showed [2s 9s] and won ($29.50) with a pair of Deuces


PokerStars Hand #150075616587:  Hold'em Limit ($3/$6 USD) - 2016/03/09 7:11:59 ET
Table 'Henrietta II' 6-max Seat #1 is the button
Seat 1: PROFI8088 ($70.24 in chips)
Seat 3: B_loJkl ($151.27 in chips)
PROFI8088: posts small blind $1
B_loJkl: posts big blind $3
*** HOLE CARDS ***
PROFI8088: folds
Uncalled bet ($2) returned to B_loJkl
B_loJkl collected $2 from pot
B_loJkl: doesn't show hand
*** SUMMARY ***
Total pot $2 | Rake $0
Seat 1: PROFI8088 (button) (small blind) folded before Flop
Seat 3: B_loJkl (big blind) collected ($2)


PokerStars Hand #150075610756:  Hold'em Limit ($3/$6 USD) - 2016/03/09 7:11:48 ET
Table 'Henrietta II' 6-max Seat #3 is the button
Seat 1: PROFI8088 ($76.24 in chips)
Seat 3: B_loJkl ($145.51 in chips)
B_loJkl: posts small blind $1
PROFI8088: posts big blind $3
*** HOLE CARDS ***
B_loJkl: raises $3 to $6
PROFI8088: calls $3
*** FLOP *** [Qd Jc Jd]
PROFI8088: checks
B_loJkl: bets $3
PROFI8088: folds
Uncalled bet ($3) returned to B_loJkl
B_loJkl collected $11.76 from pot
B_loJkl: doesn't show hand
*** SUMMARY ***
Total pot $12 | Rake $0.24
Board [Qd Jc Jd]
Seat 1: PROFI8088 (big blind) folded on the Flop
Seat 3: B_loJkl (button) (small blind) collected ($11.76)


PokerStars Hand #150075631246:  Hold'em Limit ($3/$6 USD) - 2016/03/09 7:12:28 ET
Table 'Henrietta II' 6-max Seat #1 is the button
Seat 1: PROFI8088 ($86.74 in chips)
Seat 3: B_loJkl ($134.27 in chips)
PROFI8088: posts small blind $1
B_loJkl: posts big blind $3
*** HOLE CARDS ***
PROFI8088: folds
Uncalled bet ($2) returned to B_loJkl
B_loJkl collected $2 from pot
B_loJkl: doesn't show hand
*** SUMMARY ***
Total pot $2 | Rake $0
Seat 1: PROFI8088 (button) (small blind) folded before Flop
Seat 3: B_loJkl (big blind) collected ($2)


PokerStars Hand #150075618966:  Hold'em Limit ($3/$6 USD) - 2016/03/09 7:12:04 ET
Table 'Henrietta II' 6-max Seat #3 is the button
Seat 1: PROFI8088 ($69.24 in chips)
Seat 3: B_loJkl ($152.27 in chips)
B_loJkl: posts small blind $1
PROFI8088: posts big blind $3
*** HOLE CARDS ***
B_loJkl: raises $3 to $6
PROFI8088: calls $3
*** FLOP *** [Ts 8s 6h]
PROFI8088: checks
B_loJkl: bets $3
PROFI8088: raises $3 to $6
B_loJkl: calls $3
*** TURN *** [Ts 8s 6h] [7c]
vovojc joins the table at seat #4
PROFI8088: checks
B_loJkl: checks
*** RIVER *** [Ts 8s 6h 7c] [9c]
PROFI8088: bets $6
B_loJkl: calls $6
*** SHOW DOWN ***
PROFI8088: shows [8c Jh] (a straight, Seven to Jack)
B_loJkl: mucks hand
PROFI8088 collected $35.50 from pot
*** SUMMARY ***
Total pot $36 | Rake $0.50
Board [Ts 8s 6h 7c 9c]
Seat 1: PROFI8088 (big blind) showed [8c Jh] and won ($35.50) with a straight, Seven to Jack
Seat 3: B_loJkl (button) (small blind) mucked


PokerStars Hand #150075643878:  Hold'em Limit ($3/$6 USD) - 2016/03/09 7:12:52 ET
Table 'Henrietta II' 6-max Seat #1 is the button
Seat 1: PROFI8088 ($79.74 in chips)
Seat 4: vovojc ($60 in chips)
PROFI8088: posts small blind $1
B_loJkl: is sitting out
vovojc: posts big blind $3
*** HOLE CARDS ***
PROFI8088: raises $3 to $6
B_loJkl leaves the table
vovojc: calls $3
*** FLOP *** [2h 5d 9c]
B_loJkl joins the table at seat #5
vovojc: checks
PROFI8088: bets $3
vovojc: folds
Uncalled bet ($3) returned to PROFI8088
PROFI8088 collected $11.76 from pot
PROFI8088: doesn't show hand
*** SUMMARY ***
Total pot $12 | Rake $0.24
Board [2h 5d 9c]
Seat 1: PROFI8088 (button) (small blind) collected ($11.76)
Seat 4: vovojc (big blind) folded on the Flop


PokerStars Hand #150075808112:  Hold'em Limit ($3/$6 USD) - 2016/03/09 7:18:06 ET
Table 'Henrietta II' 6-max Seat #1 is the button
Seat 1: PROFI8088 ($51.42 in chips)
Seat 5: B_loJkl ($141.46 in chips)
PROFI8088: posts small blind $1
B_loJkl: posts big blind $3
*** HOLE CARDS ***
PROFI8088: folds
Uncalled bet ($2) returned to B_loJkl
B_loJkl collected $2 from pot
B_loJkl: doesn't show hand
*** SUMMARY ***
Total pot $2 | Rake $0
Seat 1: PROFI8088 (button) (small blind) folded before Flop
Seat 5: B_loJkl (big blind) collected ($2)


