PokerStars Hand #165422980101:  Hold'em Limit ($3/$6 USD) - 2017/01/30 16:03:13 ET
Table 'Henrietta II' 6-max Seat #6 is the button
Seat 4: fsreibnitz ($96.20 in chips)
Seat 6: MellivoraSto ($128.64 in chips)
MellivoraSto: posts small blind $1
fsreibnitz: posts big blind $3
*** HOLE CARDS ***
MellivoraSto: folds
Uncalled bet ($2) returned to fsreibnitz
fsreibnitz collected $2 from pot
fsreibnitz: doesn't show hand
*** SUMMARY ***
Total pot $2 | Rake $0
Seat 4: fsreibnitz (big blind) collected ($2)
Seat 6: MellivoraSto (button) (small blind) folded before Flop


PokerStars Hand #165422964386:  Hold'em Limit ($3/$6 USD) - 2017/01/30 16:02:58 ET
Table 'Henrietta II' 6-max Seat #4 is the button
Seat 4: fsreibnitz ($105.20 in chips)
Seat 6: MellivoraSto ($120 in chips)
fsreibnitz: posts small blind $1
rascal_319: is sitting out
MellivoraSto: posts big blind $3
*** HOLE CARDS ***
rascal_319 leaves the table
fsreibnitz: raises $3 to $6
MellivoraSto: raises $3 to $9
fsreibnitz: calls $3
*** FLOP *** [5d Js Kh]
MellivoraSto: bets $3
fsreibnitz: folds
Uncalled bet ($3) returned to MellivoraSto
MellivoraSto collected $17.64 from pot
MellivoraSto: doesn't show hand
*** SUMMARY ***
Total pot $18 | Rake $0.36
Board [5d Js Kh]
Seat 4: fsreibnitz (button) (small blind) folded on the Flop
Seat 6: MellivoraSto (big blind) collected ($17.64)


PokerStars Hand #165423026254:  Hold'em Limit ($3/$6 USD) - 2017/01/30 16:03:59 ET
Table 'Henrietta II' 6-max Seat #4 is the button
Seat 4: fsreibnitz ($96.84 in chips)
Seat 6: MellivoraSto ($127.28 in chips)
fsreibnitz: posts small blind $1
MellivoraSto: posts big blind $3
*** HOLE CARDS ***
fsreibnitz: raises $3 to $6
MellivoraSto: folds
Uncalled bet ($3) returned to fsreibnitz
fsreibnitz collected $6 from pot
fsreibnitz: doesn't show hand
*** SUMMARY ***
Total pot $6 | Rake $0
Seat 4: fsreibnitz (button) (small blind) collected ($6)
Seat 6: MellivoraSto (big blind) folded before Flop


PokerStars Hand #165423005762:  Hold'em Limit ($3/$6 USD) - 2017/01/30 16:03:39 ET
Table 'Henrietta II' 6-max Seat #6 is the button
Seat 4: fsreibnitz ($88.20 in chips)
Seat 6: MellivoraSto ($136.28 in chips)
MellivoraSto: posts small blind $1
fsreibnitz: posts big blind $3
*** HOLE CARDS ***
MellivoraSto: raises $3 to $6
fsreibnitz: calls $3
*** FLOP *** [4c 8h Qc]
fsreibnitz: checks
MellivoraSto: bets $3
fsreibnitz: raises $3 to $6
MellivoraSto: folds
Uncalled bet ($3) returned to fsreibnitz
fsreibnitz collected $17.64 from pot
fsreibnitz: doesn't show hand
*** SUMMARY ***
Total pot $18 | Rake $0.36
Board [4c 8h Qc]
Seat 4: fsreibnitz (big blind) collected ($17.64)
Seat 6: MellivoraSto (button) (small blind) folded on the Flop


PokerStars Hand #165422985470:  Hold'em Limit ($3/$6 USD) - 2017/01/30 16:03:19 ET
Table 'Henrietta II' 6-max Seat #4 is the button
Seat 4: fsreibnitz ($97.20 in chips)
Seat 6: MellivoraSto ($127.64 in chips)
fsreibnitz: posts small blind $1
MellivoraSto: posts big blind $3
*** HOLE CARDS ***
fsreibnitz: raises $3 to $6
MellivoraSto: calls $3
*** FLOP *** [7c 9c 4c]
MellivoraSto: checks
fsreibnitz: bets $3
MellivoraSto: raises $3 to $6
fsreibnitz: folds
Uncalled bet ($3) returned to MellivoraSto
MellivoraSto collected $17.64 from pot
MellivoraSto: doesn't show hand
*** SUMMARY ***
Total pot $18 | Rake $0.36
Board [7c 9c 4c]
Seat 4: fsreibnitz (button) (small blind) folded on the Flop
Seat 6: MellivoraSto (big blind) collected ($17.64)


PokerStars Hand #165423104088:  Hold'em Limit ($3/$6 USD) - 2017/01/30 16:05:17 ET
Table 'Henrietta II' 6-max Seat #4 is the button
Seat 4: fsreibnitz ($74.84 in chips)
Seat 6: MellivoraSto ($148.42 in chips)
fsreibnitz: posts small blind $1
MellivoraSto: posts big blind $3
*** HOLE CARDS ***
fsreibnitz: raises $3 to $6
MellivoraSto: folds
Uncalled bet ($3) returned to fsreibnitz
fsreibnitz collected $6 from pot
fsreibnitz: doesn't show hand
*** SUMMARY ***
Total pot $6 | Rake $0
Seat 4: fsreibnitz (button) (small blind) collected ($6)
Seat 6: MellivoraSto (big blind) folded before Flop


PokerStars Hand #165423079661:  Hold'em Limit ($3/$6 USD) - 2017/01/30 16:04:53 ET
Table 'Henrietta II' 6-max Seat #6 is the button
Seat 4: fsreibnitz ($89.84 in chips)
Seat 6: MellivoraSto ($133.92 in chips)
MellivoraSto: posts small blind $1
fsreibnitz: posts big blind $3
*** HOLE CARDS ***
MellivoraSto: raises $3 to $6
fsreibnitz: raises $3 to $9
MellivoraSto: raises $3 to $12
Betting is capped
fsreibnitz: calls $3
*** FLOP *** [7h Jd 8d]
fsreibnitz: checks
MellivoraSto: bets $3
fsreibnitz: calls $3
*** TURN *** [7h Jd 8d] [Qc]
fsreibnitz: checks
MellivoraSto: bets $6
fsreibnitz: folds
Uncalled bet ($6) returned to MellivoraSto
MellivoraSto collected $29.50 from pot
MellivoraSto: doesn't show hand
*** SUMMARY ***
Total pot $30 | Rake $0.50
Board [7h Jd 8d Qc]
Seat 4: fsreibnitz (big blind) folded on the Turn
Seat 6: MellivoraSto (button) (small blind) collected ($29.50)


PokerStars Hand #165423039697:  Hold'em Limit ($3/$6 USD) - 2017/01/30 16:04:13 ET
Table 'Henrietta II' 6-max Seat #6 is the button
Seat 4: fsreibnitz ($99.84 in chips)
Seat 6: MellivoraSto ($124.28 in chips)
MellivoraSto: posts small blind $1
fsreibnitz: posts big blind $3
*** HOLE CARDS ***
MellivoraSto: raises $3 to $6
fsreibnitz: calls $3
*** FLOP *** [2s 5h 4s]
fsreibnitz: checks
MellivoraSto: bets $3
fsreibnitz: calls $3
*** TURN *** [2s 5h 4s] [4d]
fsreibnitz: checks
MellivoraSto: bets $6
fsreibnitz: folds
Uncalled bet ($6) returned to MellivoraSto
MellivoraSto collected $17.64 from pot
MellivoraSto: doesn't show hand
*** SUMMARY ***
Total pot $18 | Rake $0.36
Board [2s 5h 4s 4d]
Seat 4: fsreibnitz (big blind) folded on the Turn
Seat 6: MellivoraSto (button) (small blind) collected ($17.64)


PokerStars Hand #165423073169:  Hold'em Limit ($3/$6 USD) - 2017/01/30 16:04:46 ET
Table 'Henrietta II' 6-max Seat #4 is the button
Seat 4: fsreibnitz ($90.84 in chips)
Seat 6: MellivoraSto ($132.92 in chips)
fsreibnitz: posts small blind $1
MellivoraSto: posts big blind $3
*** HOLE CARDS ***
fsreibnitz: folds
Uncalled bet ($2) returned to MellivoraSto
MellivoraSto collected $2 from pot
MellivoraSto: doesn't show hand
*** SUMMARY ***
Total pot $2 | Rake $0
Seat 4: fsreibnitz (button) (small blind) folded before Flop
Seat 6: MellivoraSto (big blind) collected ($2)


PokerStars Hand #165423064633:  Hold'em Limit ($3/$6 USD) - 2017/01/30 16:04:38 ET
Table 'Henrietta II' 6-max Seat #6 is the button
Seat 4: fsreibnitz ($89.84 in chips)
Seat 6: MellivoraSto ($133.92 in chips)
MellivoraSto: posts small blind $1
fsreibnitz: posts big blind $3
*** HOLE CARDS ***
MellivoraSto: folds
Uncalled bet ($2) returned to fsreibnitz
fsreibnitz collected $2 from pot
fsreibnitz: doesn't show hand
*** SUMMARY ***
Total pot $2 | Rake $0
Seat 4: fsreibnitz (big blind) collected ($2)
Seat 6: MellivoraSto (button) (small blind) folded before Flop


PokerStars Hand #165423057867:  Hold'em Limit ($3/$6 USD) - 2017/01/30 16:04:31 ET
Table 'Henrietta II' 6-max Seat #4 is the button
Seat 4: fsreibnitz ($90.84 in chips)
Seat 6: MellivoraSto ($132.92 in chips)
fsreibnitz: posts small blind $1
MellivoraSto: posts big blind $3
*** HOLE CARDS ***
fsreibnitz: folds
Uncalled bet ($2) returned to MellivoraSto
MellivoraSto collected $2 from pot
MellivoraSto: doesn't show hand
*** SUMMARY ***
Total pot $2 | Rake $0
Seat 4: fsreibnitz (button) (small blind) folded before Flop
Seat 6: MellivoraSto (big blind) collected ($2)


PokerStars Hand #165423150494:  Hold'em Limit ($3/$6 USD) - 2017/01/30 16:06:02 ET
Table 'Henrietta II' 6-max Seat #6 is the button
Seat 4: fsreibnitz ($92.34 in chips)
Seat 6: MellivoraSto ($130.18 in chips)
MellivoraSto: posts small blind $1
fsreibnitz: posts big blind $3
*** HOLE CARDS ***
MellivoraSto: raises $3 to $6
fsreibnitz: folds
Uncalled bet ($3) returned to MellivoraSto
MellivoraSto collected $6 from pot
*** SUMMARY ***
Total pot $6 | Rake $0
Seat 4: fsreibnitz (big blind) folded before Flop
Seat 6: MellivoraSto (button) (small blind) collected ($6)


PokerStars Hand #165423135227:  Hold'em Limit ($3/$6 USD) - 2017/01/30 16:05:47 ET
Table 'Henrietta II' 6-max Seat #4 is the button
Seat 4: fsreibnitz ($98.34 in chips)
Seat 6: MellivoraSto ($124.42 in chips)
fsreibnitz: posts small blind $1
MellivoraSto: posts big blind $3
*** HOLE CARDS ***
fsreibnitz: raises $3 to $6
MellivoraSto: calls $3
*** FLOP *** [Th Jd Kd]
MellivoraSto: checks
fsreibnitz: checks
*** TURN *** [Th Jd Kd] [8s]
MellivoraSto: bets $6
fsreibnitz: folds
Uncalled bet ($6) returned to MellivoraSto
MellivoraSto collected $11.76 from pot
MellivoraSto: doesn't show hand
*** SUMMARY ***
Total pot $12 | Rake $0.24
Board [Th Jd Kd 8s]
Seat 4: fsreibnitz (button) (small blind) folded on the Turn
Seat 6: MellivoraSto (big blind) collected ($11.76)


PokerStars Hand #165423111483:  Hold'em Limit ($3/$6 USD) - 2017/01/30 16:05:24 ET
Table 'Henrietta II' 6-max Seat #6 is the button
Seat 4: fsreibnitz ($77.84 in chips)
Seat 6: MellivoraSto ($145.42 in chips)
MellivoraSto: posts small blind $1
fsreibnitz: posts big blind $3
*** HOLE CARDS ***
MellivoraSto: raises $3 to $6
fsreibnitz: calls $3
*** FLOP *** [5s 2s Jd]
fsreibnitz: checks
MellivoraSto: bets $3
fsreibnitz: calls $3
*** TURN *** [5s 2s Jd] [Qs]
fsreibnitz: checks
MellivoraSto: bets $6
fsreibnitz: raises $6 to $12
MellivoraSto: calls $6
*** RIVER *** [5s 2s Jd Qs] [4h]
fsreibnitz: bets $6
MellivoraSto: folds
Uncalled bet ($6) returned to fsreibnitz
fsreibnitz collected $41.50 from pot
fsreibnitz: doesn't show hand
*** SUMMARY ***
Total pot $42 | Rake $0.50
Board [5s 2s Jd Qs 4h]
Seat 4: fsreibnitz (big blind) collected ($41.50)
Seat 6: MellivoraSto (button) (small blind) folded on the River


PokerStars Hand #165423174733:  Hold'em Limit ($3/$6 USD) - 2017/01/30 16:06:27 ET
Table 'Henrietta II' 6-max Seat #6 is the button
Seat 4: fsreibnitz ($106.84 in chips)
Seat 6: MellivoraSto ($115.18 in chips)
MellivoraSto: posts small blind $1
fsreibnitz: posts big blind $3
*** HOLE CARDS ***
MellivoraSto: raises $3 to $6
fsreibnitz: calls $3
*** FLOP *** [Kh Kc 8s]
fsreibnitz: checks
MellivoraSto: bets $3
fsreibnitz: folds
Uncalled bet ($3) returned to MellivoraSto
MellivoraSto collected $11.76 from pot
MellivoraSto: doesn't show hand
*** SUMMARY ***
Total pot $12 | Rake $0.24
Board [Kh Kc 8s]
Seat 4: fsreibnitz (big blind) folded on the Flop
Seat 6: MellivoraSto (button) (small blind) collected ($11.76)


PokerStars Hand #165423157535:  Hold'em Limit ($3/$6 USD) - 2017/01/30 16:06:09 ET
Table 'Henrietta II' 6-max Seat #4 is the button
Seat 4: fsreibnitz ($89.34 in chips)
Seat 6: MellivoraSto ($133.18 in chips)
fsreibnitz: posts small blind $1
MellivoraSto: posts big blind $3
*** HOLE CARDS ***
fsreibnitz: raises $3 to $6
MellivoraSto: calls $3
*** FLOP *** [5h 8c Jc]
MellivoraSto: checks
fsreibnitz: checks
*** TURN *** [5h 8c Jc] [Tc]
MellivoraSto: bets $6
fsreibnitz: calls $6
*** RIVER *** [5h 8c Jc Tc] [Kd]
MellivoraSto: bets $6
fsreibnitz: calls $6
*** SHOW DOWN ***
MellivoraSto: shows [5d 7c] (a pair of Fives)
fsreibnitz: shows [Ah 5c] (a pair of Fives - Ace kicker)
fsreibnitz collected $35.50 from pot
*** SUMMARY ***
Total pot $36 | Rake $0.50
Board [5h 8c Jc Tc Kd]
Seat 4: fsreibnitz (button) (small blind) showed [Ah 5c] and won ($35.50) with a pair of Fives
Seat 6: MellivoraSto (big blind) showed [5d 7c] and lost with a pair of Fives


PokerStars Hand #165423184983:  Hold'em Limit ($3/$6 USD) - 2017/01/30 16:06:38 ET
Table 'Henrietta II' 6-max Seat #4 is the button
Seat 4: fsreibnitz ($100.84 in chips)
Seat 6: MellivoraSto ($120.94 in chips)
fsreibnitz: posts small blind $1
MellivoraSto: posts big blind $3
*** HOLE CARDS ***
fsreibnitz: raises $3 to $6
MellivoraSto: raises $3 to $9
fsreibnitz: calls $3
*** FLOP *** [6d 3c 9c]
MellivoraSto: bets $3
fsreibnitz: calls $3
*** TURN *** [6d 3c 9c] [Th]
MellivoraSto: bets $6
fsreibnitz: calls $6
*** RIVER *** [6d 3c 9c Th] [8c]
MellivoraSto: bets $6
fsreibnitz: raises $6 to $12
MellivoraSto: calls $6
*** SHOW DOWN ***
fsreibnitz: shows [7d Kd] (a straight, Six to Ten)
MellivoraSto: mucks hand
fsreibnitz collected $59.50 from pot
*** SUMMARY ***
Total pot $60 | Rake $0.50
Board [6d 3c 9c Th 8c]
Seat 4: fsreibnitz (button) (small blind) showed [7d Kd] and won ($59.50) with a straight, Six to Ten
Seat 6: MellivoraSto (big blind) mucked


PokerStars Hand #165423237587:  Hold'em Limit ($3/$6 USD) - 2017/01/30 16:07:29 ET
Table 'Henrietta II' 6-max Seat #4 is the button
Seat 4: fsreibnitz ($150.84 in chips)
Seat 6: MellivoraSto ($99 in chips)
fsreibnitz: posts small blind $1
MellivoraSto: posts big blind $3
*** HOLE CARDS ***
fsreibnitz: raises $3 to $6
MellivoraSto: raises $3 to $9
fsreibnitz: calls $3
*** FLOP *** [5c Td 4h]
MellivoraSto: bets $3
fsreibnitz: calls $3
*** TURN *** [5c Td 4h] [7h]
MellivoraSto: bets $6
fsreibnitz: calls $6
*** RIVER *** [5c Td 4h 7h] [As]
MellivoraSto: bets $6
fsreibnitz: calls $6
*** SHOW DOWN ***
MellivoraSto: shows [Ac 5s] (two pair, Aces and Fives)
fsreibnitz: mucks hand
MellivoraSto collected $47.50 from pot
*** SUMMARY ***
Total pot $48 | Rake $0.50
Board [5c Td 4h 7h As]
Seat 4: fsreibnitz (button) (small blind) mucked
Seat 6: MellivoraSto (big blind) showed [Ac 5s] and won ($47.50) with two pair, Aces and Fives


PokerStars Hand #165423257046:  Hold'em Limit ($3/$6 USD) - 2017/01/30 16:07:49 ET
Table 'Henrietta II' 6-max Seat #6 is the button
Seat 4: fsreibnitz ($126.84 in chips)
Seat 6: MellivoraSto ($122.50 in chips)
MellivoraSto: posts small blind $1
fsreibnitz: posts big blind $3
*** HOLE CARDS ***
MellivoraSto: raises $3 to $6
fsreibnitz: calls $3
*** FLOP *** [Ad Kc 9s]
fsreibnitz: checks
MellivoraSto: bets $3
fsreibnitz: calls $3
*** TURN *** [Ad Kc 9s] [7d]
fsreibnitz: checks
MellivoraSto: bets $6
fsreibnitz: calls $6
*** RIVER *** [Ad Kc 9s 7d] [8h]
fsreibnitz: checks
MellivoraSto: checks
*** SHOW DOWN ***
fsreibnitz: shows [6c Kd] (a pair of Kings)
MellivoraSto: mucks hand
fsreibnitz collected $29.50 from pot
*** SUMMARY ***
Total pot $30 | Rake $0.50
Board [Ad Kc 9s 7d 8h]
Seat 4: fsreibnitz (big blind) showed [6c Kd] and won ($29.50) with a pair of Kings
Seat 6: MellivoraSto (button) (small blind) mucked


PokerStars Hand #165423211346:  Hold'em Limit ($3/$6 USD) - 2017/01/30 16:07:04 ET
Table 'Henrietta II' 6-max Seat #6 is the button
Seat 4: fsreibnitz ($130.34 in chips)
Seat 6: MellivoraSto ($120 in chips)
MellivoraSto: posts small blind $1
fsreibnitz: posts big blind $3
*** HOLE CARDS ***
MellivoraSto: raises $3 to $6
fsreibnitz: calls $3
*** FLOP *** [Jh 4s 5h]
fsreibnitz: checks
MellivoraSto: bets $3
fsreibnitz: calls $3
*** TURN *** [Jh 4s 5h] [7c]
fsreibnitz: checks
MellivoraSto: bets $6
fsreibnitz: calls $6
*** RIVER *** [Jh 4s 5h 7c] [Qh]
fsreibnitz: checks
MellivoraSto: bets $6
fsreibnitz: calls $6
*** SHOW DOWN ***
MellivoraSto: shows [Ad 8d] (high card Ace)
fsreibnitz: shows [Ac 4h] (a pair of Fours)
fsreibnitz collected $41.50 from pot
*** SUMMARY ***
Total pot $42 | Rake $0.50
Board [Jh 4s 5h 7c Qh]
Seat 4: fsreibnitz (big blind) showed [Ac 4h] and won ($41.50) with a pair of Fours
Seat 6: MellivoraSto (button) (small blind) showed [Ad 8d] and lost with high card Ace


PokerStars Hand #165423276882:  Hold'em Limit ($3/$6 USD) - 2017/01/30 16:08:08 ET
Table 'Henrietta II' 6-max Seat #4 is the button
Seat 4: fsreibnitz ($141.34 in chips)
Seat 6: MellivoraSto ($107.50 in chips)
fsreibnitz: posts small blind $1
MellivoraSto: posts big blind $3
*** HOLE CARDS ***
fsreibnitz: raises $3 to $6
MellivoraSto: calls $3
*** FLOP *** [7h 2h As]
MellivoraSto: checks
fsreibnitz: bets $3
MellivoraSto: raises $3 to $6
fsreibnitz: calls $3
*** TURN *** [7h 2h As] [2d]
MellivoraSto: bets $6
fsreibnitz: calls $6
*** RIVER *** [7h 2h As 2d] [Th]
MellivoraSto: bets $6
fsreibnitz: calls $6
*** SHOW DOWN ***
MellivoraSto: shows [5h 3h] (a flush, Ten high)
fsreibnitz: mucks hand
MellivoraSto collected $47.50 from pot
*** SUMMARY ***
Total pot $48 | Rake $0.50
Board [7h 2h As 2d Th]
Seat 4: fsreibnitz (button) (small blind) mucked
Seat 6: MellivoraSto (big blind) showed [5h 3h] and won ($47.50) with a flush, Ten high


PokerStars Hand #165423297576:  Hold'em Limit ($3/$6 USD) - 2017/01/30 16:08:29 ET
Table 'Henrietta II' 6-max Seat #6 is the button
Seat 4: fsreibnitz ($117.34 in chips)
Seat 6: MellivoraSto ($131 in chips)
MellivoraSto: posts small blind $1
fsreibnitz: posts big blind $3
*** HOLE CARDS ***
MellivoraSto: raises $3 to $6
fsreibnitz: calls $3
*** FLOP *** [9c Qh As]
fsreibnitz: checks
MellivoraSto: bets $3
fsreibnitz: calls $3
*** TURN *** [9c Qh As] [2d]
fsreibnitz: checks
MellivoraSto: checks
*** RIVER *** [9c Qh As 2d] [6h]
fsreibnitz: bets $6
MellivoraSto: folds
Uncalled bet ($6) returned to fsreibnitz
fsreibnitz collected $17.64 from pot
fsreibnitz: doesn't show hand
*** SUMMARY ***
Total pot $18 | Rake $0.36
Board [9c Qh As 2d 6h]
Seat 4: fsreibnitz (big blind) collected ($17.64)
Seat 6: MellivoraSto (button) (small blind) folded on the River


PokerStars Hand #165423327850:  Hold'em Limit ($3/$6 USD) - 2017/01/30 16:08:59 ET
Table 'Henrietta II' 6-max Seat #6 is the button
Seat 4: fsreibnitz ($128.98 in chips)
Seat 6: MellivoraSto ($119 in chips)
MellivoraSto: posts small blind $1
fsreibnitz: posts big blind $3
*** HOLE CARDS ***
MellivoraSto: folds
Uncalled bet ($2) returned to fsreibnitz
fsreibnitz collected $2 from pot
fsreibnitz: doesn't show hand
*** SUMMARY ***
Total pot $2 | Rake $0
Seat 4: fsreibnitz (big blind) collected ($2)
Seat 6: MellivoraSto (button) (small blind) folded before Flop


PokerStars Hand #165423319241:  Hold'em Limit ($3/$6 USD) - 2017/01/30 16:08:50 ET
Table 'Henrietta II' 6-max Seat #4 is the button
Seat 4: fsreibnitz ($125.98 in chips)
Seat 6: MellivoraSto ($122 in chips)
fsreibnitz: posts small blind $1
MellivoraSto: posts big blind $3
*** HOLE CARDS ***
fsreibnitz: raises $3 to $6
MellivoraSto: folds
Uncalled bet ($3) returned to fsreibnitz
fsreibnitz collected $6 from pot
fsreibnitz: doesn't show hand
*** SUMMARY ***
Total pot $6 | Rake $0
Seat 4: fsreibnitz (button) (small blind) collected ($6)
Seat 6: MellivoraSto (big blind) folded before Flop


PokerStars Hand #165423334198:  Hold'em Limit ($3/$6 USD) - 2017/01/30 16:09:05 ET
Table 'Henrietta II' 6-max Seat #4 is the button
Seat 4: fsreibnitz ($129.98 in chips)
Seat 6: MellivoraSto ($118 in chips)
fsreibnitz: posts small blind $1
MellivoraSto: posts big blind $3
*** HOLE CARDS ***
fsreibnitz: raises $3 to $6
MellivoraSto: calls $3
*** FLOP *** [Qh 3d 6s]
MellivoraSto: checks
fsreibnitz: bets $3
MellivoraSto: calls $3
*** TURN *** [Qh 3d 6s] [9h]
MellivoraSto: checks
fsreibnitz: checks
*** RIVER *** [Qh 3d 6s 9h] [Qd]
MellivoraSto: bets $6
fsreibnitz: folds
Uncalled bet ($6) returned to MellivoraSto
MellivoraSto collected $17.64 from pot
MellivoraSto: doesn't show hand
*** SUMMARY ***
Total pot $18 | Rake $0.36
Board [Qh 3d 6s 9h Qd]
Seat 4: fsreibnitz (button) (small blind) folded on the River
Seat 6: MellivoraSto (big blind) collected ($17.64)


PokerStars Hand #165423356039:  Hold'em Limit ($3/$6 USD) - 2017/01/30 16:09:27 ET
Table 'Henrietta II' 6-max Seat #6 is the button
Seat 4: fsreibnitz ($120.98 in chips)
Seat 6: MellivoraSto ($126.64 in chips)
MellivoraSto: posts small blind $1
fsreibnitz: posts big blind $3
*** HOLE CARDS ***
MellivoraSto: folds
Uncalled bet ($2) returned to fsreibnitz
fsreibnitz collected $2 from pot
fsreibnitz: doesn't show hand
*** SUMMARY ***
Total pot $2 | Rake $0
Seat 4: fsreibnitz (big blind) collected ($2)
Seat 6: MellivoraSto (button) (small blind) folded before Flop


PokerStars Hand #165423361825:  Hold'em Limit ($3/$6 USD) - 2017/01/30 16:09:32 ET
Table 'Henrietta II' 6-max Seat #4 is the button
Seat 4: fsreibnitz ($121.98 in chips)
Seat 6: MellivoraSto ($125.64 in chips)
fsreibnitz: posts small blind $1
MellivoraSto: posts big blind $3
*** HOLE CARDS ***
fsreibnitz: raises $3 to $6
MellivoraSto: calls $3
*** FLOP *** [9h 7h 8h]
MellivoraSto: checks
fsreibnitz: checks
*** TURN *** [9h 7h 8h] [6c]
MellivoraSto: bets $6
fsreibnitz: folds
Uncalled bet ($6) returned to MellivoraSto
MellivoraSto collected $11.76 from pot
MellivoraSto: doesn't show hand
*** SUMMARY ***
Total pot $12 | Rake $0.24
Board [9h 7h 8h 6c]
Seat 4: fsreibnitz (button) (small blind) folded on the Turn
Seat 6: MellivoraSto (big blind) collected ($11.76)


PokerStars Hand #165423374951:  Hold'em Limit ($3/$6 USD) - 2017/01/30 16:09:45 ET
Table 'Henrietta II' 6-max Seat #6 is the button
Seat 4: fsreibnitz ($115.98 in chips)
Seat 6: MellivoraSto ($131.40 in chips)
MellivoraSto: posts small blind $1
fsreibnitz: posts big blind $3
*** HOLE CARDS ***
MellivoraSto: raises $3 to $6
fsreibnitz: calls $3
*** FLOP *** [6c 4d 2h]
fsreibnitz: checks
MellivoraSto: bets $3
fsreibnitz: calls $3
*** TURN *** [6c 4d 2h] [Th]
fsreibnitz: checks
MellivoraSto: checks
*** RIVER *** [6c 4d 2h Th] [5c]
fsreibnitz: checks
MellivoraSto: bets $6
fsreibnitz: calls $6
*** SHOW DOWN ***
MellivoraSto: shows [Jh 9c] (high card Jack)
fsreibnitz: shows [As Tc] (a pair of Tens)
fsreibnitz collected $29.50 from pot
*** SUMMARY ***
Total pot $30 | Rake $0.50
Board [6c 4d 2h Th 5c]
Seat 4: fsreibnitz (big blind) showed [As Tc] and won ($29.50) with a pair of Tens
Seat 6: MellivoraSto (button) (small blind) showed [Jh 9c] and lost with high card Jack


PokerStars Hand #165423396696:  Hold'em Limit ($3/$6 USD) - 2017/01/30 16:10:07 ET
Table 'Henrietta II' 6-max Seat #4 is the button
Seat 4: fsreibnitz ($130.48 in chips)
Seat 6: MellivoraSto ($116.40 in chips)
fsreibnitz: posts small blind $1
MellivoraSto: posts big blind $3
*** HOLE CARDS ***
fsreibnitz: raises $3 to $6
MellivoraSto: calls $3
*** FLOP *** [8s 4d 8d]
MellivoraSto: checks
fsreibnitz: checks
*** TURN *** [8s 4d 8d] [2h]
MellivoraSto: bets $6
fsreibnitz: raises $6 to $12
MellivoraSto: calls $6
*** RIVER *** [8s 4d 8d 2h] [9c]
MellivoraSto: checks
fsreibnitz: bets $6
MellivoraSto: folds
Uncalled bet ($6) returned to fsreibnitz
fsreibnitz collected $35.50 from pot
fsreibnitz: doesn't show hand
*** SUMMARY ***
Total pot $36 | Rake $0.50
Board [8s 4d 8d 2h 9c]
Seat 4: fsreibnitz (button) (small blind) collected ($35.50)
Seat 6: MellivoraSto (big blind) folded on the River


PokerStars Hand #165423433589:  Hold'em Limit ($3/$6 USD) - 2017/01/30 16:10:43 ET
Table 'Henrietta II' 6-max Seat #6 is the button
Seat 4: fsreibnitz ($135.98 in chips)
Seat 6: MellivoraSto ($110.04 in chips)
MellivoraSto: posts small blind $1
fsreibnitz: posts big blind $3
*** HOLE CARDS ***
MellivoraSto: folds
Uncalled bet ($2) returned to fsreibnitz
fsreibnitz collected $2 from pot
fsreibnitz: doesn't show hand
*** SUMMARY ***
Total pot $2 | Rake $0
Seat 4: fsreibnitz (big blind) collected ($2)
Seat 6: MellivoraSto (button) (small blind) folded before Flop


PokerStars Hand #165423421764:  Hold'em Limit ($3/$6 USD) - 2017/01/30 16:10:32 ET
Table 'Henrietta II' 6-max Seat #4 is the button
Seat 4: fsreibnitz ($144.98 in chips)
Seat 6: MellivoraSto ($101.40 in chips)
fsreibnitz: posts small blind $1
MellivoraSto: posts big blind $3
*** HOLE CARDS ***
fsreibnitz: raises $3 to $6
MellivoraSto: raises $3 to $9
fsreibnitz: calls $3
*** FLOP *** [Qc Qd Ad]
MellivoraSto: bets $3
fsreibnitz: folds
Uncalled bet ($3) returned to MellivoraSto
MellivoraSto collected $17.64 from pot
MellivoraSto: doesn't show hand
*** SUMMARY ***
Total pot $18 | Rake $0.36
Board [Qc Qd Ad]
Seat 4: fsreibnitz (button) (small blind) folded on the Flop
Seat 6: MellivoraSto (big blind) collected ($17.64)


PokerStars Hand #165423439098:  Hold'em Limit ($3/$6 USD) - 2017/01/30 16:10:49 ET
Table 'Henrietta II' 6-max Seat #4 is the button
Seat 4: fsreibnitz ($136.98 in chips)
Seat 6: MellivoraSto ($109.04 in chips)
fsreibnitz: posts small blind $1
MellivoraSto: posts big blind $3
*** HOLE CARDS ***
fsreibnitz: folds
Uncalled bet ($2) returned to MellivoraSto
MellivoraSto collected $2 from pot
MellivoraSto: doesn't show hand
*** SUMMARY ***
Total pot $2 | Rake $0
Seat 4: fsreibnitz (button) (small blind) folded before Flop
Seat 6: MellivoraSto (big blind) collected ($2)


PokerStars Hand #165423444935:  Hold'em Limit ($3/$6 USD) - 2017/01/30 16:10:54 ET
Table 'Henrietta II' 6-max Seat #6 is the button
Seat 4: fsreibnitz ($135.98 in chips)
Seat 6: MellivoraSto ($110.04 in chips)
MellivoraSto: posts small blind $1
fsreibnitz: posts big blind $3
*** HOLE CARDS ***
MellivoraSto: raises $3 to $6
fsreibnitz: calls $3
*** FLOP *** [9c 2c 5s]
fsreibnitz: checks
MellivoraSto: bets $3
fsreibnitz: calls $3
*** TURN *** [9c 2c 5s] [4s]
fsreibnitz: checks
MellivoraSto: bets $6
fsreibnitz: calls $6
*** RIVER *** [9c 2c 5s 4s] [Ah]
fsreibnitz: checks
MellivoraSto: bets $6
fsreibnitz: calls $6
*** SHOW DOWN ***
MellivoraSto: shows [Qh Qc] (a pair of Queens)
fsreibnitz: mucks hand
gkas71 joins the table at seat #5
MellivoraSto collected $41.50 from pot
*** SUMMARY ***
Total pot $42 | Rake $0.50
Board [9c 2c 5s 4s Ah]
Seat 4: fsreibnitz (big blind) mucked
Seat 6: MellivoraSto (button) (small blind) showed [Qh Qc] and won ($41.50) with a pair of Queens


PokerStars Hand #165423415557:  Hold'em Limit ($3/$6 USD) - 2017/01/30 16:10:26 ET
Table 'Henrietta II' 6-max Seat #6 is the button
Seat 4: fsreibnitz ($147.98 in chips)
Seat 6: MellivoraSto ($98.40 in chips)
MellivoraSto: posts small blind $1
fsreibnitz: posts big blind $3
*** HOLE CARDS ***
MellivoraSto: raises $3 to $6
fsreibnitz: folds
Uncalled bet ($3) returned to MellivoraSto
MellivoraSto collected $6 from pot
MellivoraSto: doesn't show hand
*** SUMMARY ***
Total pot $6 | Rake $0
Seat 4: fsreibnitz (big blind) folded before Flop
Seat 6: MellivoraSto (button) (small blind) collected ($6)


PokerStars Hand #165429066996:  Hold'em Limit ($3/$6 USD) - 2017/01/30 17:49:59 ET
Table 'Henrietta II' 6-max Seat #2 is the button
Seat 1: MellivoraSto ($265.49 in chips)
Seat 2: B_loJkl ($102.78 in chips)
B_loJkl: posts small blind $1
Chessnok: is sitting out
Zubasa07: is sitting out
MellivoraSto: posts big blind $3
*** HOLE CARDS ***
B_loJkl: raises $3 to $6
Zubasa07 leaves the table
MellivoraSto: calls $3
*** FLOP *** [7d 7h 4h]
Chessnok leaves the table
MellivoraSto: checks
B_loJkl: bets $3
MellivoraSto: raises $3 to $6
B_loJkl: calls $3
*** TURN *** [7d 7h 4h] [Js]
MellivoraSto: bets $6
B_loJkl: folds
Uncalled bet ($6) returned to MellivoraSto
MellivoraSto collected $23.52 from pot
MellivoraSto: doesn't show hand
*** SUMMARY ***
Total pot $24 | Rake $0.48
Board [7d 7h 4h Js]
Seat 1: MellivoraSto (big blind) collected ($23.52)
Seat 2: B_loJkl (button) (small blind) folded on the Turn


