PokerStars Hand #168712147367:  Hold'em Limit ($3/$6 USD) - 2017/04/07 14:20:41 ET
Table 'Henrietta II' 10-max Seat #10 is the button
Seat 5: Kristine222 ($90.28 in chips)
Seat 10: MTails ($120 in chips)
vestimokrec joins the table at seat #6
MTails: posts small blind $1
Kristine222: posts big blind $3
*** HOLE CARDS ***
MTails: raises $3 to $6
Kristine222: folds
Uncalled bet ($3) returned to MTails
MTails collected $6 from pot
MTails: doesn't show hand
*** SUMMARY ***
Total pot $6 | Rake $0
Seat 5: Kristine222 (big blind) folded before Flop
Seat 10: MTails (button) (small blind) collected ($6)


PokerStars Hand #168712499790:  Hold'em Limit ($3/$6 USD) - 2017/04/07 14:28:11 ET
Table 'Henrietta II' 10-max Seat #8 is the button
Seat 4: minigus575 ($76.49 in chips)
Seat 8: B_loJkl ($196.39 in chips)
B_loJkl: posts small blind $1
minigus575: posts big blind $3
*** HOLE CARDS ***
B_loJkl: folds
Uncalled bet ($2) returned to minigus575
minigus575 collected $2 from pot
minigus575: doesn't show hand
*** SUMMARY ***
Total pot $2 | Rake $0
Seat 4: minigus575 (big blind) collected ($2)
Seat 8: B_loJkl (button) (small blind) folded before Flop


PokerStars Hand #168712496170:  Hold'em Limit ($3/$6 USD) - 2017/04/07 14:28:06 ET
Table 'Henrietta II' 10-max Seat #4 is the button
Seat 4: minigus575 ($77.49 in chips)
Seat 8: B_loJkl ($195.39 in chips)
minigus575: posts small blind $1
vestimokrec: is sitting out
B_loJkl: posts big blind $3
*** HOLE CARDS ***
minigus575: folds
Uncalled bet ($2) returned to B_loJkl
B_loJkl collected $2 from pot
B_loJkl: doesn't show hand
vestimokrec leaves the table
*** SUMMARY ***
Total pot $2 | Rake $0
Seat 4: minigus575 (button) (small blind) folded before Flop
Seat 8: B_loJkl (big blind) collected ($2)


PokerStars Hand #168712526018:  Hold'em Limit ($3/$6 USD) - 2017/04/07 14:28:44 ET
Table 'Henrietta II' 10-max Seat #8 is the button
Seat 4: minigus575 ($100.99 in chips)
Seat 8: B_loJkl ($171.39 in chips)
B_loJkl: posts small blind $1
minigus575: posts big blind $3
*** HOLE CARDS ***
B_loJkl: raises $3 to $6
minigus575: calls $3
*** FLOP *** [Ts 9c 4d]
minigus575: checks
B_loJkl: checks
*** TURN *** [Ts 9c 4d] [3c]
minigus575: checks
B_loJkl: bets $6
minigus575: folds
Uncalled bet ($6) returned to B_loJkl
B_loJkl collected $11.76 from pot
B_loJkl: doesn't show hand
*** SUMMARY ***
Total pot $12 | Rake $0.24
Board [Ts 9c 4d 3c]
Seat 4: minigus575 (big blind) folded on the Turn
Seat 8: B_loJkl (button) (small blind) collected ($11.76)


PokerStars Hand #168712506278:  Hold'em Limit ($3/$6 USD) - 2017/04/07 14:28:19 ET
Table 'Henrietta II' 10-max Seat #4 is the button
Seat 4: minigus575 ($77.49 in chips)
Seat 8: B_loJkl ($195.39 in chips)
minigus575: posts small blind $1
B_loJkl: posts big blind $3
*** HOLE CARDS ***
minigus575: raises $3 to $6
B_loJkl: raises $3 to $9
minigus575: calls $3
*** FLOP *** [Kc Jh 5c]
B_loJkl: bets $3
minigus575: calls $3
*** TURN *** [Kc Jh 5c] [6h]
B_loJkl: checks
minigus575: bets $6
B_loJkl: calls $6
*** RIVER *** [Kc Jh 5c 6h] [4s]
B_loJkl: checks
minigus575: bets $6
B_loJkl: calls $6
*** SHOW DOWN ***
minigus575: shows [Ks 6s] (two pair, Kings and Sixes)
B_loJkl: mucks hand
minigus575 collected $47.50 from pot
*** SUMMARY ***
Total pot $48 | Rake $0.50
Board [Kc Jh 5c 6h 4s]
Seat 4: minigus575 (button) (small blind) showed [Ks 6s] and won ($47.50) with two pair, Kings and Sixes
Seat 8: B_loJkl (big blind) mucked


