PokerStars Hand #149487046208:  Hold'em Limit ($3/$6 USD) - 2016/02/27 5:27:20 ET
Table 'Henrietta II' 6-max Seat #3 is the button
Seat 3: minigus575 ($126.76 in chips)
Seat 4: TbIP-TbIP 88 ($72 in chips)
minigus575: posts small blind $1
TbIP-TbIP 88: posts big blind $3
*** HOLE CARDS ***
minigus575: raises $3 to $6
TbIP-TbIP 88: calls $3
*** FLOP *** [2h 8s 5d]
TbIP-TbIP 88: checks
minigus575: bets $3
TbIP-TbIP 88: raises $3 to $6
minigus575: calls $3
*** TURN *** [2h 8s 5d] [Jd]
TbIP-TbIP 88: bets $6
minigus575: calls $6
*** RIVER *** [2h 8s 5d Jd] [Qd]
TbIP-TbIP 88: checks
minigus575: bets $6
TbIP-TbIP 88: calls $6
*** SHOW DOWN ***
minigus575: shows [7d 5h] (a pair of Fives)
TbIP-TbIP 88: shows [7h 8d] (a pair of Eights)
TbIP-TbIP 88 collected $47.50 from pot
*** SUMMARY ***
Total pot $48 | Rake $0.50
Board [2h 8s 5d Jd Qd]
Seat 3: minigus575 (button) (small blind) showed [7d 5h] and lost with a pair of Fives
Seat 4: TbIP-TbIP 88 (big blind) showed [7h 8d] and won ($47.50) with a pair of Eights


PokerStars Hand #149487031122:  Hold'em Limit ($3/$6 USD) - 2016/02/27 5:26:53 ET
Table 'Henrietta II' 6-max Seat #4 is the button
Seat 3: minigus575 ($125.76 in chips)
Seat 4: TbIP-TbIP 88 ($72 in chips)
TbIP-TbIP 88: posts small blind $1
minigus575: posts big blind $3
*** HOLE CARDS ***
TbIP-TbIP 88: folds
Uncalled bet ($2) returned to minigus575
minigus575 collected $2 from pot
minigus575: doesn't show hand
*** SUMMARY ***
Total pot $2 | Rake $0
Seat 3: minigus575 (big blind) collected ($2)
Seat 4: TbIP-TbIP 88 (button) (small blind) folded before Flop


PokerStars Hand #149487012462:  Hold'em Limit ($3/$6 USD) - 2016/02/27 5:26:19 ET
Table 'Henrietta II' 6-max Seat #3 is the button
Seat 3: minigus575 ($120 in chips)
Seat 4: TbIP-TbIP 88 ($72 in chips)
minigus575: posts small blind $1
TbIP-TbIP 88: posts big blind $3
*** HOLE CARDS ***
minigus575: raises $3 to $6
TbIP-TbIP 88: calls $3
*** FLOP *** [5s Kh 9s]
TbIP-TbIP 88: checks
minigus575: bets $3
TbIP-TbIP 88: folds
Uncalled bet ($3) returned to minigus575
minigus575 collected $11.76 from pot
minigus575: doesn't show hand
*** SUMMARY ***
Total pot $12 | Rake $0.24
Board [5s Kh 9s]
Seat 3: minigus575 (button) (small blind) collected ($11.76)
Seat 4: TbIP-TbIP 88 (big blind) folded on the Flop


PokerStars Hand #149487091661:  Hold'em Limit ($3/$6 USD) - 2016/02/27 5:28:43 ET
Table 'Henrietta II' 6-max Seat #4 is the button
Seat 3: minigus575 ($125.02 in chips)
Seat 4: TbIP-TbIP 88 ($78.76 in chips)
TbIP-TbIP 88: posts small blind $1
minigus575: posts big blind $3
*** HOLE CARDS ***
TbIP-TbIP 88: raises $3 to $6
minigus575: folds
Uncalled bet ($3) returned to TbIP-TbIP 88
TbIP-TbIP 88 collected $6 from pot
TbIP-TbIP 88: doesn't show hand
*** SUMMARY ***
Total pot $6 | Rake $0
Seat 3: minigus575 (big blind) folded before Flop
Seat 4: TbIP-TbIP 88 (button) (small blind) collected ($6)


PokerStars Hand #149487089141:  Hold'em Limit ($3/$6 USD) - 2016/02/27 5:28:38 ET
Table 'Henrietta II' 6-max Seat #3 is the button
Seat 3: minigus575 ($126.02 in chips)
Seat 4: TbIP-TbIP 88 ($77.76 in chips)
minigus575: posts small blind $1
TbIP-TbIP 88: posts big blind $3
*** HOLE CARDS ***
minigus575: folds
Uncalled bet ($2) returned to TbIP-TbIP 88
TbIP-TbIP 88 collected $2 from pot
TbIP-TbIP 88: doesn't show hand
*** SUMMARY ***
Total pot $2 | Rake $0
Seat 3: minigus575 (button) (small blind) folded before Flop
Seat 4: TbIP-TbIP 88 (big blind) collected ($2)


PokerStars Hand #149487082224:  Hold'em Limit ($3/$6 USD) - 2016/02/27 5:28:26 ET
Table 'Henrietta II' 6-max Seat #4 is the button
Seat 3: minigus575 ($132.02 in chips)
Seat 4: TbIP-TbIP 88 ($72 in chips)
TbIP-TbIP 88: posts small blind $1
minigus575: posts big blind $3
*** HOLE CARDS ***
TbIP-TbIP 88: raises $3 to $6
minigus575: calls $3
*** FLOP *** [9s Qh 2s]
minigus575: checks
TbIP-TbIP 88: bets $3
minigus575: folds
Uncalled bet ($3) returned to TbIP-TbIP 88
TbIP-TbIP 88 collected $11.76 from pot
TbIP-TbIP 88: doesn't show hand
*** SUMMARY ***
Total pot $12 | Rake $0.24
Board [9s Qh 2s]
Seat 3: minigus575 (big blind) folded on the Flop
Seat 4: TbIP-TbIP 88 (button) (small blind) collected ($11.76)


PokerStars Hand #149487074186:  Hold'em Limit ($3/$6 USD) - 2016/02/27 5:28:11 ET
Table 'Henrietta II' 6-max Seat #3 is the button
Seat 3: minigus575 ($126.26 in chips)
Seat 4: TbIP-TbIP 88 ($72 in chips)
minigus575: posts small blind $1
TbIP-TbIP 88: posts big blind $3
*** HOLE CARDS ***
minigus575: raises $3 to $6
TbIP-TbIP 88: calls $3
*** FLOP *** [Qs 9h As]
TbIP-TbIP 88: checks
minigus575: bets $3
TbIP-TbIP 88: folds
Uncalled bet ($3) returned to minigus575
minigus575 collected $11.76 from pot
minigus575: doesn't show hand
*** SUMMARY ***
Total pot $12 | Rake $0.24
Board [Qs 9h As]
Seat 3: minigus575 (button) (small blind) collected ($11.76)
Seat 4: TbIP-TbIP 88 (big blind) folded on the Flop


PokerStars Hand #149487062556:  Hold'em Limit ($3/$6 USD) - 2016/02/27 5:27:50 ET
Table 'Henrietta II' 6-max Seat #4 is the button
Seat 3: minigus575 ($102.76 in chips)
Seat 4: TbIP-TbIP 88 ($95.50 in chips)
TbIP-TbIP 88: posts small blind $1
minigus575: posts big blind $3
*** HOLE CARDS ***
TbIP-TbIP 88: raises $3 to $6
minigus575: calls $3
*** FLOP *** [7h 2c Jc]
minigus575: checks
TbIP-TbIP 88: bets $3
minigus575: raises $3 to $6
TbIP-TbIP 88: calls $3
*** TURN *** [7h 2c Jc] [7d]
minigus575: bets $6
TbIP-TbIP 88: calls $6
*** RIVER *** [7h 2c Jc 7d] [8d]
minigus575: bets $6
TbIP-TbIP 88: calls $6
*** SHOW DOWN ***
minigus575: shows [7s 5s] (three of a kind, Sevens)
TbIP-TbIP 88: mucks hand
minigus575 collected $47.50 from pot
*** SUMMARY ***
Total pot $48 | Rake $0.50
Board [7h 2c Jc 7d 8d]
Seat 3: minigus575 (big blind) showed [7s 5s] and won ($47.50) with three of a kind, Sevens
Seat 4: TbIP-TbIP 88 (button) (small blind) mucked


PokerStars Hand #149487114582:  Hold'em Limit ($3/$6 USD) - 2016/02/27 5:29:24 ET
Table 'Henrietta II' 6-max Seat #3 is the button
Seat 3: minigus575 ($151.52 in chips)
Seat 4: TbIP-TbIP 88 ($72 in chips)
minigus575: posts small blind $1
TbIP-TbIP 88: posts big blind $3
*** HOLE CARDS ***
minigus575: folds
Uncalled bet ($2) returned to TbIP-TbIP 88
TbIP-TbIP 88 collected $2 from pot
TbIP-TbIP 88: doesn't show hand
*** SUMMARY ***
Total pot $2 | Rake $0
Seat 3: minigus575 (button) (small blind) folded before Flop
Seat 4: TbIP-TbIP 88 (big blind) collected ($2)


PokerStars Hand #149487101773:  Hold'em Limit ($3/$6 USD) - 2016/02/27 5:29:01 ET
Table 'Henrietta II' 6-max Seat #4 is the button
Seat 3: minigus575 ($125.02 in chips)
Seat 4: TbIP-TbIP 88 ($78.76 in chips)
TbIP-TbIP 88: posts small blind $1
minigus575: posts big blind $3
*** HOLE CARDS ***
TbIP-TbIP 88: raises $3 to $6
minigus575: calls $3
*** FLOP *** [Kd 3h Qd]
minigus575: checks
TbIP-TbIP 88: bets $3
minigus575: calls $3
*** TURN *** [Kd 3h Qd] [Tc]
minigus575: checks
TbIP-TbIP 88: bets $6
minigus575: raises $6 to $12
TbIP-TbIP 88: calls $6
*** RIVER *** [Kd 3h Qd Tc] [8d]
minigus575: bets $6
TbIP-TbIP 88: calls $6
*** SHOW DOWN ***
minigus575: shows [9d Jh] (a straight, Nine to King)
TbIP-TbIP 88: mucks hand
minigus575 collected $53.50 from pot
*** SUMMARY ***
Total pot $54 | Rake $0.50
Board [Kd 3h Qd Tc 8d]
Seat 3: minigus575 (big blind) showed [9d Jh] and won ($53.50) with a straight, Nine to King
Seat 4: TbIP-TbIP 88 (button) (small blind) mucked


PokerStars Hand #149487095695:  Hold'em Limit ($3/$6 USD) - 2016/02/27 5:28:50 ET
Table 'Henrietta II' 6-max Seat #3 is the button
Seat 3: minigus575 ($122.02 in chips)
Seat 4: TbIP-TbIP 88 ($81.76 in chips)
minigus575: posts small blind $1
TbIP-TbIP 88: posts big blind $3
*** HOLE CARDS ***
minigus575: raises $3 to $6
TbIP-TbIP 88: folds
Uncalled bet ($3) returned to minigus575
minigus575 collected $6 from pot
minigus575: doesn't show hand
*** SUMMARY ***
Total pot $6 | Rake $0
Seat 3: minigus575 (button) (small blind) collected ($6)
Seat 4: TbIP-TbIP 88 (big blind) folded before Flop


PokerStars Hand #149487150020:  Hold'em Limit ($3/$6 USD) - 2016/02/27 5:30:28 ET
Table 'Henrietta II' 6-max Seat #3 is the button
Seat 3: minigus575 ($160.02 in chips)
Seat 4: TbIP-TbIP 88 ($72 in chips)
minigus575: posts small blind $1
TbIP-TbIP 88: posts big blind $3
*** HOLE CARDS ***
minigus575: raises $3 to $6
TbIP-TbIP 88: calls $3
*** FLOP *** [9d Tc 7d]
TbIP-TbIP 88: checks
minigus575: bets $3
TbIP-TbIP 88: calls $3
*** TURN *** [9d Tc 7d] [Jh]
TbIP-TbIP 88: bets $6
minigus575: folds
Uncalled bet ($6) returned to TbIP-TbIP 88
TbIP-TbIP 88 collected $17.64 from pot
TbIP-TbIP 88: doesn't show hand
*** SUMMARY ***
Total pot $18 | Rake $0.36
Board [9d Tc 7d Jh]
Seat 3: minigus575 (button) (small blind) folded on the Turn
Seat 4: TbIP-TbIP 88 (big blind) collected ($17.64)


PokerStars Hand #149487146772:  Hold'em Limit ($3/$6 USD) - 2016/02/27 5:30:23 ET
Table 'Henrietta II' 6-max Seat #4 is the button
Seat 3: minigus575 ($159.02 in chips)
Seat 4: TbIP-TbIP 88 ($72 in chips)
TbIP-TbIP 88: posts small blind $1
minigus575: posts big blind $3
*** HOLE CARDS ***
TbIP-TbIP 88: folds
Uncalled bet ($2) returned to minigus575
minigus575 collected $2 from pot
minigus575: doesn't show hand
*** SUMMARY ***
Total pot $2 | Rake $0
Seat 3: minigus575 (big blind) collected ($2)
Seat 4: TbIP-TbIP 88 (button) (small blind) folded before Flop


PokerStars Hand #149487132084:  Hold'em Limit ($3/$6 USD) - 2016/02/27 5:29:56 ET
Table 'Henrietta II' 6-max Seat #3 is the button
Seat 3: minigus575 ($141.52 in chips)
Seat 4: TbIP-TbIP 88 ($81.64 in chips)
minigus575: posts small blind $1
TbIP-TbIP 88: posts big blind $3
*** HOLE CARDS ***
minigus575: raises $3 to $6
TbIP-TbIP 88: raises $3 to $9
minigus575: calls $3
*** FLOP *** [3d 8c Kc]
TbIP-TbIP 88: bets $3
minigus575: calls $3
*** TURN *** [3d 8c Kc] [Ah]
TbIP-TbIP 88: bets $6
minigus575: calls $6
*** RIVER *** [3d 8c Kc Ah] [5d]
TbIP-TbIP 88: checks
minigus575: checks
*** SHOW DOWN ***
TbIP-TbIP 88: shows [6s 7s] (high card Ace)
minigus575: shows [8h 7d] (a pair of Eights)
minigus575 collected $35.50 from pot
*** SUMMARY ***
Total pot $36 | Rake $0.50
Board [3d 8c Kc Ah 5d]
Seat 3: minigus575 (button) (small blind) showed [8h 7d] and won ($35.50) with a pair of Eights
Seat 4: TbIP-TbIP 88 (big blind) showed [6s 7s] and lost with high card Ace


PokerStars Hand #149487119944:  Hold'em Limit ($3/$6 USD) - 2016/02/27 5:29:34 ET
Table 'Henrietta II' 6-max Seat #4 is the button
Seat 3: minigus575 ($150.52 in chips)
Seat 4: TbIP-TbIP 88 ($73 in chips)
TbIP-TbIP 88: posts small blind $1
minigus575: posts big blind $3
*** HOLE CARDS ***
TbIP-TbIP 88: raises $3 to $6
minigus575: calls $3
*** FLOP *** [4h Th 5c]
minigus575: checks
TbIP-TbIP 88: bets $3
minigus575: calls $3
*** TURN *** [4h Th 5c] [Ah]
minigus575: checks
TbIP-TbIP 88: bets $6
minigus575: folds
Uncalled bet ($6) returned to TbIP-TbIP 88
TbIP-TbIP 88 collected $17.64 from pot
TbIP-TbIP 88: doesn't show hand
*** SUMMARY ***
Total pot $18 | Rake $0.36
Board [4h Th 5c Ah]
Seat 3: minigus575 (big blind) folded on the Turn
Seat 4: TbIP-TbIP 88 (button) (small blind) collected ($17.64)


PokerStars Hand #149487189853:  Hold'em Limit ($3/$6 USD) - 2016/02/27 5:31:40 ET
Table 'Henrietta II' 6-max Seat #4 is the button
Seat 3: minigus575 ($159.52 in chips)
Seat 4: TbIP-TbIP 88 ($80.64 in chips)
TbIP-TbIP 88: posts small blind $1
minigus575: posts big blind $3
*** HOLE CARDS ***
TbIP-TbIP 88: folds
Uncalled bet ($2) returned to minigus575
minigus575 collected $2 from pot
minigus575: doesn't show hand
*** SUMMARY ***
Total pot $2 | Rake $0
Seat 3: minigus575 (big blind) collected ($2)
Seat 4: TbIP-TbIP 88 (button) (small blind) folded before Flop


PokerStars Hand #149487176895:  Hold'em Limit ($3/$6 USD) - 2016/02/27 5:31:17 ET
Table 'Henrietta II' 6-max Seat #3 is the button
Seat 3: minigus575 ($168.52 in chips)
Seat 4: TbIP-TbIP 88 ($72 in chips)
minigus575: posts small blind $1
TbIP-TbIP 88: posts big blind $3
*** HOLE CARDS ***
minigus575: raises $3 to $6
TbIP-TbIP 88: calls $3
*** FLOP *** [Ah Ts Kd]
TbIP-TbIP 88: checks
minigus575: bets $3
TbIP-TbIP 88: calls $3
*** TURN *** [Ah Ts Kd] [As]
TbIP-TbIP 88: checks
minigus575: checks
*** RIVER *** [Ah Ts Kd As] [4d]
TbIP-TbIP 88: checks
minigus575: checks
*** SHOW DOWN ***
TbIP-TbIP 88: shows [3h Th] (two pair, Aces and Tens)
minigus575: mucks hand
TbIP-TbIP 88 collected $17.64 from pot
*** SUMMARY ***
Total pot $18 | Rake $0.36
Board [Ah Ts Kd As 4d]
Seat 3: minigus575 (button) (small blind) mucked
Seat 4: TbIP-TbIP 88 (big blind) showed [3h Th] and won ($17.64) with two pair, Aces and Tens


PokerStars Hand #149487158110:  Hold'em Limit ($3/$6 USD) - 2016/02/27 5:30:43 ET
Table 'Henrietta II' 6-max Seat #4 is the button
Seat 3: minigus575 ($151.02 in chips)
Seat 4: TbIP-TbIP 88 ($80.64 in chips)
TbIP-TbIP 88: posts small blind $1
minigus575: posts big blind $3
*** HOLE CARDS ***
TbIP-TbIP 88: raises $3 to $6
minigus575: calls $3
*** FLOP *** [9c Tc Kc]
minigus575: checks
TbIP-TbIP 88: checks
*** TURN *** [9c Tc Kc] [Jd]
minigus575: checks
TbIP-TbIP 88: bets $6
minigus575: calls $6
*** RIVER *** [9c Tc Kc Jd] [Kh]
minigus575: bets $6
TbIP-TbIP 88: calls $6
*** SHOW DOWN ***
minigus575: shows [Ks Jh] (a full house, Kings full of Jacks)
TbIP-TbIP 88: mucks hand
minigus575 collected $35.50 from pot
*** SUMMARY ***
Total pot $36 | Rake $0.50
Board [9c Tc Kc Jd Kh]
Seat 3: minigus575 (big blind) showed [Ks Jh] and won ($35.50) with a full house, Kings full of Jacks
Seat 4: TbIP-TbIP 88 (button) (small blind) mucked


PokerStars Hand #149487192335:  Hold'em Limit ($3/$6 USD) - 2016/02/27 5:31:44 ET
Table 'Henrietta II' 6-max Seat #3 is the button
Seat 3: minigus575 ($160.52 in chips)
Seat 4: TbIP-TbIP 88 ($79.64 in chips)
minigus575: posts small blind $1
TbIP-TbIP 88: posts big blind $3
*** HOLE CARDS ***
minigus575: raises $3 to $6
TbIP-TbIP 88: raises $3 to $9
minigus575: calls $3
*** FLOP *** [Kc 8c 8s]
TbIP-TbIP 88: bets $3
minigus575: raises $3 to $6
TbIP-TbIP 88: calls $3
*** TURN *** [Kc 8c 8s] [2s]
TbIP-TbIP 88: checks
minigus575: bets $6
TbIP-TbIP 88: calls $6
*** RIVER *** [Kc 8c 8s 2s] [Qd]
TbIP-TbIP 88: checks
minigus575: bets $6
TbIP-TbIP 88: calls $6
*** SHOW DOWN ***
minigus575: shows [Qs 5s] (two pair, Queens and Eights)
TbIP-TbIP 88: mucks hand
minigus575 collected $53.50 from pot
*** SUMMARY ***
Total pot $54 | Rake $0.50
Board [Kc 8c 8s 2s Qd]
Seat 3: minigus575 (button) (small blind) showed [Qs 5s] and won ($53.50) with two pair, Queens and Eights
Seat 4: TbIP-TbIP 88 (big blind) mucked


PokerStars Hand #149487221708:  Hold'em Limit ($3/$6 USD) - 2016/02/27 5:32:37 ET
Table 'Henrietta II' 6-max Seat #3 is the button
Seat 3: minigus575 ($181.02 in chips)
Seat 4: TbIP-TbIP 88 ($77.76 in chips)
minigus575: posts small blind $1
TbIP-TbIP 88: posts big blind $3
*** HOLE CARDS ***
minigus575: folds
Uncalled bet ($2) returned to TbIP-TbIP 88
TbIP-TbIP 88 collected $2 from pot
TbIP-TbIP 88: doesn't show hand
*** SUMMARY ***
Total pot $2 | Rake $0
Seat 3: minigus575 (button) (small blind) folded before Flop
Seat 4: TbIP-TbIP 88 (big blind) collected ($2)


PokerStars Hand #149487217415:  Hold'em Limit ($3/$6 USD) - 2016/02/27 5:32:29 ET
Table 'Henrietta II' 6-max Seat #4 is the button
Seat 3: minigus575 ($180.02 in chips)
Seat 4: TbIP-TbIP 88 ($78.76 in chips)
TbIP-TbIP 88: posts small blind $1
minigus575: posts big blind $3
*** HOLE CARDS ***
TbIP-TbIP 88: folds
Uncalled bet ($2) returned to minigus575
minigus575 collected $2 from pot
minigus575: doesn't show hand
*** SUMMARY ***
Total pot $2 | Rake $0
Seat 3: minigus575 (big blind) collected ($2)
Seat 4: TbIP-TbIP 88 (button) (small blind) folded before Flop


PokerStars Hand #149487214825:  Hold'em Limit ($3/$6 USD) - 2016/02/27 5:32:25 ET
Table 'Henrietta II' 6-max Seat #3 is the button
Seat 3: minigus575 ($181.02 in chips)
Seat 4: TbIP-TbIP 88 ($77.76 in chips)
minigus575: posts small blind $1
TbIP-TbIP 88: posts big blind $3
*** HOLE CARDS ***
minigus575: folds
Uncalled bet ($2) returned to TbIP-TbIP 88
TbIP-TbIP 88 collected $2 from pot
TbIP-TbIP 88: doesn't show hand
*** SUMMARY ***
Total pot $2 | Rake $0
Seat 3: minigus575 (button) (small blind) folded before Flop
Seat 4: TbIP-TbIP 88 (big blind) collected ($2)


PokerStars Hand #149487211494:  Hold'em Limit ($3/$6 USD) - 2016/02/27 5:32:18 ET
Table 'Henrietta II' 6-max Seat #4 is the button
Seat 3: minigus575 ($180.02 in chips)
Seat 4: TbIP-TbIP 88 ($78.76 in chips)
TbIP-TbIP 88: posts small blind $1
minigus575: posts big blind $3
*** HOLE CARDS ***
TbIP-TbIP 88: folds
Uncalled bet ($2) returned to minigus575
minigus575 collected $2 from pot
minigus575: doesn't show hand
*** SUMMARY ***
Total pot $2 | Rake $0
Seat 3: minigus575 (big blind) collected ($2)
Seat 4: TbIP-TbIP 88 (button) (small blind) folded before Flop


PokerStars Hand #149487209052:  Hold'em Limit ($3/$6 USD) - 2016/02/27 5:32:14 ET
Table 'Henrietta II' 6-max Seat #3 is the button
Seat 3: minigus575 ($181.02 in chips)
Seat 4: TbIP-TbIP 88 ($77.76 in chips)
minigus575: posts small blind $1
TbIP-TbIP 88: posts big blind $3
*** HOLE CARDS ***
minigus575: folds
Uncalled bet ($2) returned to TbIP-TbIP 88
TbIP-TbIP 88 collected $2 from pot
TbIP-TbIP 88: doesn't show hand
*** SUMMARY ***
Total pot $2 | Rake $0
Seat 3: minigus575 (button) (small blind) folded before Flop
Seat 4: TbIP-TbIP 88 (big blind) collected ($2)


PokerStars Hand #149487201909:  Hold'em Limit ($3/$6 USD) - 2016/02/27 5:32:01 ET
Table 'Henrietta II' 6-max Seat #4 is the button
Seat 3: minigus575 ($187.02 in chips)
Seat 4: TbIP-TbIP 88 ($72 in chips)
TbIP-TbIP 88: posts small blind $1
minigus575: posts big blind $3
*** HOLE CARDS ***
TbIP-TbIP 88: raises $3 to $6
minigus575: calls $3
*** FLOP *** [Qd Ah 3s]
minigus575: checks
TbIP-TbIP 88: bets $3
minigus575: folds
Uncalled bet ($3) returned to TbIP-TbIP 88
TbIP-TbIP 88 collected $11.76 from pot
TbIP-TbIP 88: doesn't show hand
*** SUMMARY ***
Total pot $12 | Rake $0.24
Board [Qd Ah 3s]
Seat 3: minigus575 (big blind) folded on the Flop
Seat 4: TbIP-TbIP 88 (button) (small blind) collected ($11.76)


PokerStars Hand #149487261485:  Hold'em Limit ($3/$6 USD) - 2016/02/27 5:33:48 ET
Table 'Henrietta II' 6-max Seat #4 is the button
Seat 3: minigus575 ($155.30 in chips)
Seat 4: TbIP-TbIP 88 ($101.76 in chips)
TbIP-TbIP 88: posts small blind $1
minigus575: posts big blind $3
*** HOLE CARDS ***
TbIP-TbIP 88: raises $3 to $6
minigus575: folds
Uncalled bet ($3) returned to TbIP-TbIP 88
TbIP-TbIP 88 collected $6 from pot
TbIP-TbIP 88: doesn't show hand
*** SUMMARY ***
Total pot $6 | Rake $0
Seat 3: minigus575 (big blind) folded before Flop
Seat 4: TbIP-TbIP 88 (button) (small blind) collected ($6)


PokerStars Hand #149487254950:  Hold'em Limit ($3/$6 USD) - 2016/02/27 5:33:36 ET
Table 'Henrietta II' 6-max Seat #3 is the button
Seat 3: minigus575 ($149.54 in chips)
Seat 4: TbIP-TbIP 88 ($107.76 in chips)
minigus575: posts small blind $1
TbIP-TbIP 88: posts big blind $3
*** HOLE CARDS ***
minigus575: raises $3 to $6
TbIP-TbIP 88: calls $3
*** FLOP *** [Ah 2h 9h]
TbIP-TbIP 88: checks
minigus575: bets $3
TbIP-TbIP 88: folds
Uncalled bet ($3) returned to minigus575
minigus575 collected $11.76 from pot
minigus575: doesn't show hand
*** SUMMARY ***
Total pot $12 | Rake $0.24
Board [Ah 2h 9h]
Seat 3: minigus575 (button) (small blind) collected ($11.76)
Seat 4: TbIP-TbIP 88 (big blind) folded on the Flop


PokerStars Hand #149487244660:  Hold'em Limit ($3/$6 USD) - 2016/02/27 5:33:18 ET
Table 'Henrietta II' 6-max Seat #4 is the button
Seat 3: minigus575 ($138.02 in chips)
Seat 4: TbIP-TbIP 88 ($119.76 in chips)
TbIP-TbIP 88: posts small blind $1
minigus575: posts big blind $3
*** HOLE CARDS ***
TbIP-TbIP 88: raises $3 to $6
minigus575: calls $3
*** FLOP *** [2s 6d Qc]
minigus575: checks
TbIP-TbIP 88: checks
*** TURN *** [2s 6d Qc] [Kc]
minigus575: bets $6
TbIP-TbIP 88: calls $6
*** RIVER *** [2s 6d Qc Kc] [9c]
minigus575: bets $6
TbIP-TbIP 88: folds
Uncalled bet ($6) returned to minigus575
minigus575 collected $23.52 from pot
minigus575: doesn't show hand
*** SUMMARY ***
Total pot $24 | Rake $0.48
Board [2s 6d Qc Kc 9c]
Seat 3: minigus575 (big blind) collected ($23.52)
Seat 4: TbIP-TbIP 88 (button) (small blind) folded on the River


PokerStars Hand #149487234055:  Hold'em Limit ($3/$6 USD) - 2016/02/27 5:32:58 ET
Table 'Henrietta II' 6-max Seat #3 is the button
Seat 3: minigus575 ($156.02 in chips)
Seat 4: TbIP-TbIP 88 ($102.26 in chips)
minigus575: posts small blind $1
TbIP-TbIP 88: posts big blind $3
*** HOLE CARDS ***
minigus575: raises $3 to $6
TbIP-TbIP 88: raises $3 to $9
minigus575: calls $3
*** FLOP *** [9s Kc Kd]
TbIP-TbIP 88: bets $3
minigus575: calls $3
*** TURN *** [9s Kc Kd] [7c]
TbIP-TbIP 88: checks
minigus575: checks
*** RIVER *** [9s Kc Kd 7c] [As]
TbIP-TbIP 88: checks
minigus575: bets $6
TbIP-TbIP 88: calls $6
*** SHOW DOWN ***
minigus575: shows [2d Tc] (a pair of Kings)
TbIP-TbIP 88: shows [2h 2s] (two pair, Kings and Deuces)
TbIP-TbIP 88 collected $35.50 from pot
*** SUMMARY ***
Total pot $36 | Rake $0.50
Board [9s Kc Kd 7c As]
Seat 3: minigus575 (button) (small blind) showed [2d Tc] and lost with a pair of Kings
Seat 4: TbIP-TbIP 88 (big blind) showed [2h 2s] and won ($35.50) with two pair, Kings and Deuces


PokerStars Hand #149487224501:  Hold'em Limit ($3/$6 USD) - 2016/02/27 5:32:41 ET
Table 'Henrietta II' 6-max Seat #4 is the button
Seat 3: minigus575 ($180.02 in chips)
Seat 4: TbIP-TbIP 88 ($78.76 in chips)
TbIP-TbIP 88: posts small blind $1
minigus575: posts big blind $3
*** HOLE CARDS ***
TbIP-TbIP 88: raises $3 to $6
minigus575: calls $3
*** FLOP *** [4h 3d Ts]
minigus575: checks
TbIP-TbIP 88: bets $3
minigus575: raises $3 to $6
TbIP-TbIP 88: calls $3
*** TURN *** [4h 3d Ts] [Qh]
minigus575: bets $6
TbIP-TbIP 88: calls $6
*** RIVER *** [4h 3d Ts Qh] [Qd]
minigus575: bets $6
TbIP-TbIP 88: calls $6
*** SHOW DOWN ***
minigus575: shows [5h 8d] (a pair of Queens)
TbIP-TbIP 88: shows [Kc 4c] (two pair, Queens and Fours)
TbIP-TbIP 88 collected $47.50 from pot
*** SUMMARY ***
Total pot $48 | Rake $0.50
Board [4h 3d Ts Qh Qd]
Seat 3: minigus575 (big blind) showed [5h 8d] and lost with a pair of Queens
Seat 4: TbIP-TbIP 88 (button) (small blind) showed [Kc 4c] and won ($47.50) with two pair, Queens and Fours


PokerStars Hand #149487273871:  Hold'em Limit ($3/$6 USD) - 2016/02/27 5:34:10 ET
Table 'Henrietta II' 6-max Seat #4 is the button
Seat 3: minigus575 ($158.06 in chips)
Seat 4: TbIP-TbIP 88 ($98.76 in chips)
TbIP-TbIP 88: posts small blind $1
minigus575: posts big blind $3
*** HOLE CARDS ***
TbIP-TbIP 88: raises $3 to $6
minigus575: calls $3
*** FLOP *** [Jc 8c 4s]
minigus575: checks
TbIP-TbIP 88: bets $3
minigus575: raises $3 to $6
TbIP-TbIP 88: calls $3
*** TURN *** [Jc 8c 4s] [Jd]
minigus575: bets $6
TbIP-TbIP 88: calls $6
*** RIVER *** [Jc 8c 4s Jd] [9h]
minigus575: bets $6
TbIP-TbIP 88: calls $6
*** SHOW DOWN ***
minigus575: shows [5c 9c] (two pair, Jacks and Nines)
TbIP-TbIP 88: mucks hand
minigus575 collected $47.50 from pot
*** SUMMARY ***
Total pot $48 | Rake $0.50
Board [Jc 8c 4s Jd 9h]
Seat 3: minigus575 (big blind) showed [5c 9c] and won ($47.50) with two pair, Jacks and Nines
Seat 4: TbIP-TbIP 88 (button) (small blind) mucked


PokerStars Hand #149487264014:  Hold'em Limit ($3/$6 USD) - 2016/02/27 5:33:52 ET
Table 'Henrietta II' 6-max Seat #3 is the button
Seat 3: minigus575 ($152.30 in chips)
Seat 4: TbIP-TbIP 88 ($104.76 in chips)
minigus575: posts small blind $1
TbIP-TbIP 88: posts big blind $3
*** HOLE CARDS ***
minigus575: raises $3 to $6
TbIP-TbIP 88: calls $3
*** FLOP *** [Kh 6h Tc]
TbIP-TbIP 88: checks
minigus575: bets $3
TbIP-TbIP 88: folds
Uncalled bet ($3) returned to minigus575
minigus575 collected $11.76 from pot
minigus575: doesn't show hand
*** SUMMARY ***
Total pot $12 | Rake $0.24
Board [Kh 6h Tc]
Seat 3: minigus575 (button) (small blind) collected ($11.76)
Seat 4: TbIP-TbIP 88 (big blind) folded on the Flop


PokerStars Hand #149487282902:  Hold'em Limit ($3/$6 USD) - 2016/02/27 5:34:26 ET
Table 'Henrietta II' 6-max Seat #3 is the button
Seat 3: minigus575 ($181.56 in chips)
Seat 4: TbIP-TbIP 88 ($74.76 in chips)
minigus575: posts small blind $1
TbIP-TbIP 88: posts big blind $3
*** HOLE CARDS ***
minigus575: calls $2
TbIP-TbIP 88: checks
*** FLOP *** [5c 9c Jc]
TbIP-TbIP 88: bets $3
minigus575: calls $3
*** TURN *** [5c 9c Jc] [3s]
TbIP-TbIP 88: checks
minigus575: checks
*** RIVER *** [5c 9c Jc 3s] [Ad]
TbIP-TbIP 88: bets $6
minigus575: folds
Uncalled bet ($6) returned to TbIP-TbIP 88
TbIP-TbIP 88 collected $11.76 from pot
TbIP-TbIP 88: doesn't show hand
*** SUMMARY ***
Total pot $12 | Rake $0.24
Board [5c 9c Jc 3s Ad]
Seat 3: minigus575 (button) (small blind) folded on the River
Seat 4: TbIP-TbIP 88 (big blind) collected ($11.76)


PokerStars Hand #149487299251:  Hold'em Limit ($3/$6 USD) - 2016/02/27 5:34:55 ET
Table 'Henrietta II' 6-max Seat #4 is the button
Seat 3: minigus575 ($175.56 in chips)
Seat 4: TbIP-TbIP 88 ($80.52 in chips)
TbIP-TbIP 88: posts small blind $1
minigus575: posts big blind $3
*** HOLE CARDS ***
TbIP-TbIP 88: raises $3 to $6
minigus575: raises $3 to $9
TbIP-TbIP 88: calls $3
*** FLOP *** [Kh Qd 9s]
minigus575: bets $3
TbIP-TbIP 88: calls $3
*** TURN *** [Kh Qd 9s] [4s]
minigus575: bets $6
TbIP-TbIP 88: folds
Uncalled bet ($6) returned to minigus575
minigus575 collected $23.52 from pot
minigus575: doesn't show hand
*** SUMMARY ***
Total pot $24 | Rake $0.48
Board [Kh Qd 9s 4s]
Seat 3: minigus575 (big blind) collected ($23.52)
Seat 4: TbIP-TbIP 88 (button) (small blind) folded on the Turn


PokerStars Hand #149487309260:  Hold'em Limit ($3/$6 USD) - 2016/02/27 5:35:13 ET
Table 'Henrietta II' 6-max Seat #3 is the button
Seat 3: minigus575 ($187.08 in chips)
Seat 4: TbIP-TbIP 88 ($72 in chips)
minigus575: posts small blind $1
TbIP-TbIP 88: posts big blind $3
*** HOLE CARDS ***
minigus575: raises $3 to $6
TbIP-TbIP 88: raises $3 to $9
minigus575: calls $3
*** FLOP *** [Qh 3c 8s]
TbIP-TbIP 88: bets $3
minigus575: raises $3 to $6
TbIP-TbIP 88: calls $3
*** TURN *** [Qh 3c 8s] [6h]
TbIP-TbIP 88: checks
minigus575: bets $6
poooohpooh joins the table at seat #2
TbIP-TbIP 88: calls $6
*** RIVER *** [Qh 3c 8s 6h] [9d]
TbIP-TbIP 88: checks
minigus575: bets $6
TbIP-TbIP 88: folds
Uncalled bet ($6) returned to minigus575
minigus575 collected $41.50 from pot
minigus575: doesn't show hand
*** SUMMARY ***
Total pot $42 | Rake $0.50
Board [Qh 3c 8s 6h 9d]
Seat 3: minigus575 (button) (small blind) collected ($41.50)
Seat 4: TbIP-TbIP 88 (big blind) folded on the River


PokerStars Hand #149487408588:  Hold'em Limit ($3/$6 USD) - 2016/02/27 5:38:09 ET
Table 'Henrietta II' 6-max Seat #2 is the button
Seat 2: poooohpooh ($87.29 in chips)
Seat 3: minigus575 ($210.69 in chips)
poooohpooh: posts small blind $1
minigus575: posts big blind $3
*** HOLE CARDS ***
poooohpooh: raises $3 to $6
minigus575: calls $3
*** FLOP *** [Qs 2d 5s]
minigus575: checks
poooohpooh: bets $3
minigus575: calls $3
*** TURN *** [Qs 2d 5s] [Qh]
mixedgamer joins the table at seat #5
minigus575: checks
poooohpooh: checks
*** RIVER *** [Qs 2d 5s Qh] [6s]
TbIP-TbIP 88 leaves the table
minigus575: bets $6
poooohpooh: folds
Uncalled bet ($6) returned to minigus575
TbIP-TbIP 88 joins the table at seat #6
minigus575 collected $17.64 from pot
minigus575: doesn't show hand
*** SUMMARY ***
Total pot $18 | Rake $0.36
Board [Qs 2d 5s Qh 6s]
Seat 2: poooohpooh (button) (small blind) folded on the River
Seat 3: minigus575 (big blind) collected ($17.64)


PokerStars Hand #149487397568:  Hold'em Limit ($3/$6 USD) - 2016/02/27 5:37:49 ET
Table 'Henrietta II' 6-max Seat #3 is the button
Seat 2: poooohpooh ($114.29 in chips)
Seat 3: minigus575 ($184.19 in chips)
minigus575: posts small blind $1
TbIP-TbIP 88: is sitting out
poooohpooh: posts big blind $3
*** HOLE CARDS ***
minigus575: raises $3 to $6
poooohpooh: raises $3 to $9
minigus575: raises $3 to $12
Betting is capped
poooohpooh: calls $3
*** FLOP *** [6c 6d 2c]
poooohpooh: checks
minigus575: bets $3
poooohpooh: calls $3
*** TURN *** [6c 6d 2c] [7d]
poooohpooh: checks
minigus575: bets $6
poooohpooh: calls $6
*** RIVER *** [6c 6d 2c 7d] [Ts]
poooohpooh: checks
minigus575: bets $6
poooohpooh: calls $6
*** SHOW DOWN ***
minigus575: shows [9c 9s] (two pair, Nines and Sixes)
poooohpooh: mucks hand
minigus575 collected $53.50 from pot
*** SUMMARY ***
Total pot $54 | Rake $0.50
Board [6c 6d 2c 7d Ts]
Seat 2: poooohpooh (big blind) mucked
Seat 3: minigus575 (button) (small blind) showed [9c 9s] and won ($53.50) with two pair, Nines and Sixes


PokerStars Hand #149487618290:  Hold'em Limit ($3/$6 USD) - 2016/02/27 5:44:18 ET
Table 'Henrietta II' 6-max Seat #4 is the button
Seat 1: BJ72 ($102 in chips)
Seat 4: VolkovDmitri ($173.64 in chips)
VolkovDmitri: posts small blind $1
Big Wints: is sitting out
BJ72: posts big blind $3
*** HOLE CARDS ***
Big Wints leaves the table
poooohpooh leaves the table
VolkovDmitri: raises $3 to $6
BJ72: calls $3
*** FLOP *** [Ts 7s 6h]
BJ72: checks
VolkovDmitri: checks
*** TURN *** [Ts 7s 6h] [Jd]
BJ72: checks
VolkovDmitri: checks
*** RIVER *** [Ts 7s 6h Jd] [6d]
BJ72: checks
VolkovDmitri: checks
*** SHOW DOWN ***
BJ72: shows [4d 8s] (a pair of Sixes)
VolkovDmitri: shows [9d Qs] (a pair of Sixes - Queen kicker)
VolkovDmitri collected $11.76 from pot
*** SUMMARY ***
Total pot $12 | Rake $0.24
Board [Ts 7s 6h Jd 6d]
Seat 1: BJ72 (big blind) showed [4d 8s] and lost with a pair of Sixes
Seat 4: VolkovDmitri (button) (small blind) showed [9d Qs] and won ($11.76) with a pair of Sixes


