PokerStars Hand #157637042532:  Hold'em Limit ($3/$6 USD) - 2016/08/23 9:58:35 ET
Table 'Hera II' 6-max Seat #3 is the button
Seat 3: lelala ($112.22 in chips)
Seat 4: Agrotait ($71 in chips)
lelala: posts small blind $1
Agrotait: posts big blind $3
*** HOLE CARDS ***
lelala: folds
Uncalled bet ($2) returned to Agrotait
Agrotait collected $2 from pot
Agrotait: doesn't show hand
*** SUMMARY ***
Total pot $2 | Rake $0
Seat 3: lelala (button) (small blind) folded before Flop
Seat 4: Agrotait (big blind) collected ($2)


PokerStars Hand #157637053760:  Hold'em Limit ($3/$6 USD) - 2016/08/23 9:59:00 ET
Table 'Hera II' 6-max Seat #3 is the button
Seat 3: lelala ($128.72 in chips)
Seat 4: Agrotait ($72 in chips)
lelala: posts small blind $1
Agrotait: posts big blind $3
*** HOLE CARDS ***
lelala: folds
Uncalled bet ($2) returned to Agrotait
Agrotait collected $2 from pot
Agrotait: doesn't show hand
*** SUMMARY ***
Total pot $2 | Rake $0
Seat 3: lelala (button) (small blind) folded before Flop
Seat 4: Agrotait (big blind) collected ($2)


PokerStars Hand #157637044590:  Hold'em Limit ($3/$6 USD) - 2016/08/23 9:58:40 ET
Table 'Hera II' 6-max Seat #4 is the button
Seat 3: lelala ($111.22 in chips)
Seat 4: Agrotait ($72 in chips)
Agrotait: posts small blind $1
lelala: posts big blind $3
*** HOLE CARDS ***
Agrotait: raises $3 to $6
lelala: raises $3 to $9
Agrotait: calls $3
*** FLOP *** [3c 9h Ts]
lelala: bets $3
Agrotait: calls $3
*** TURN *** [3c 9h Ts] [4s]
lelala: bets $6
Agrotait: calls $6
*** RIVER *** [3c 9h Ts 4s] [4c]
lelala: bets $6
Agrotait: folds
Uncalled bet ($6) returned to lelala
lelala collected $35.50 from pot
*** SUMMARY ***
Total pot $36 | Rake $0.50
Board [3c 9h Ts 4s 4c]
Seat 3: lelala (big blind) collected ($35.50)
Seat 4: Agrotait (button) (small blind) folded on the River


PokerStars Hand #157637018100:  Hold'em Limit ($3/$6 USD) - 2016/08/23 9:57:43 ET
Table 'Hera II' 6-max Seat #3 is the button
Seat 3: lelala ($90.72 in chips)
Seat 4: Agrotait ($72 in chips)
lelala: posts small blind $1
Agrotait: posts big blind $3
*** HOLE CARDS ***
lelala: raises $3 to $6
Agrotait: calls $3
*** FLOP *** [Ad Qd 7c]
Agrotait: checks
lelala: bets $3
Agrotait: calls $3
*** TURN *** [Ad Qd 7c] [Td]
Agrotait: checks
lelala: bets $6
Agrotait: calls $6
*** RIVER *** [Ad Qd 7c Td] [3h]
Agrotait: checks
lelala: bets $6
Agrotait: calls $6
*** SHOW DOWN ***
lelala: shows [Qs 9c] (a pair of Queens)
Agrotait: mucks hand
lelala collected $41.50 from pot
*** SUMMARY ***
Total pot $42 | Rake $0.50
Board [Ad Qd 7c Td 3h]
Seat 3: lelala (button) (small blind) showed [Qs 9c] and won ($41.50) with a pair of Queens
Seat 4: Agrotait (big blind) mucked


PokerStars Hand #157637037319:  Hold'em Limit ($3/$6 USD) - 2016/08/23 9:58:24 ET
Table 'Hera II' 6-max Seat #4 is the button
Seat 3: lelala ($111.22 in chips)
Seat 4: Agrotait ($72 in chips)
Agrotait: posts small blind $1
lelala: posts big blind $3
*** HOLE CARDS ***
Agrotait: folds
Uncalled bet ($2) returned to lelala
lelala collected $2 from pot
*** SUMMARY ***
Total pot $2 | Rake $0
Seat 3: lelala (big blind) collected ($2)
Seat 4: Agrotait (button) (small blind) folded before Flop


PokerStars Hand #157637071902:  Hold'em Limit ($3/$6 USD) - 2016/08/23 9:59:39 ET
Table 'Hera II' 6-max Seat #3 is the button
Seat 3: lelala ($145.22 in chips)
Seat 4: Agrotait ($72 in chips)
lelala: posts small blind $1
Agrotait: posts big blind $3
*** HOLE CARDS ***
lelala: raises $3 to $6
Agrotait: raises $3 to $9
lelala: raises $3 to $12
Betting is capped
Agrotait: calls $3
*** FLOP *** [7s Tc 8d]
Agrotait: checks
lelala: bets $3
Agrotait: calls $3
*** TURN *** [7s Tc 8d] [Js]
Agrotait: checks
lelala: bets $6
Agrotait: calls $6
*** RIVER *** [7s Tc 8d Js] [4c]
Agrotait: checks
lelala: checks
*** SHOW DOWN ***
Agrotait: shows [Qh Jd] (a pair of Jacks)
lelala: mucks hand
Agrotait collected $41.50 from pot
*** SUMMARY ***
Total pot $42 | Rake $0.50
Board [7s Tc 8d Js 4c]
Seat 3: lelala (button) (small blind) mucked
Seat 4: Agrotait (big blind) showed [Qh Jd] and won ($41.50) with a pair of Jacks


PokerStars Hand #157637055783:  Hold'em Limit ($3/$6 USD) - 2016/08/23 9:59:04 ET
Table 'Hera II' 6-max Seat #4 is the button
Seat 3: lelala ($127.72 in chips)
Seat 4: Agrotait ($73 in chips)
Agrotait: posts small blind $1
lelala: posts big blind $3
*** HOLE CARDS ***
Agrotait: raises $3 to $6
lelala: raises $3 to $9
Agrotait: calls $3
*** FLOP *** [6h Js As]
lelala: bets $3
Agrotait: calls $3
*** TURN *** [6h Js As] [2h]
lelala: bets $6
Agrotait: calls $6
*** RIVER *** [6h Js As 2h] [6d]
lelala: bets $6
Agrotait: folds
Uncalled bet ($6) returned to lelala
lelala collected $35.50 from pot
*** SUMMARY ***
Total pot $36 | Rake $0.50
Board [6h Js As 2h 6d]
Seat 3: lelala (big blind) collected ($35.50)
Seat 4: Agrotait (button) (small blind) folded on the River


PokerStars Hand #157637115628:  Hold'em Limit ($3/$6 USD) - 2016/08/23 10:01:10 ET
Table 'Hera II' 6-max Seat #3 is the button
Seat 3: lelala ($91.22 in chips)
Seat 4: Agrotait ($124.76 in chips)
lelala: posts small blind $1
Agrotait: posts big blind $3
*** HOLE CARDS ***
lelala: folds
Uncalled bet ($2) returned to Agrotait
Agrotait collected $2 from pot
Agrotait: doesn't show hand
*** SUMMARY ***
Total pot $2 | Rake $0
Seat 3: lelala (button) (small blind) folded before Flop
Seat 4: Agrotait (big blind) collected ($2)


PokerStars Hand #157637100788:  Hold'em Limit ($3/$6 USD) - 2016/08/23 10:00:40 ET
Table 'Hera II' 6-max Seat #3 is the button
Seat 3: lelala ($94.22 in chips)
Seat 4: Agrotait ($122 in chips)
lelala: posts small blind $1
Agrotait: posts big blind $3
*** HOLE CARDS ***
lelala: raises $3 to $6
Agrotait: folds
Uncalled bet ($3) returned to lelala
lelala collected $6 from pot
*** SUMMARY ***
Total pot $6 | Rake $0
Seat 3: lelala (button) (small blind) collected ($6)
Seat 4: Agrotait (big blind) folded before Flop


PokerStars Hand #157637110200:  Hold'em Limit ($3/$6 USD) - 2016/08/23 10:00:59 ET
Table 'Hera II' 6-max Seat #4 is the button
Seat 3: lelala ($97.22 in chips)
Seat 4: Agrotait ($119 in chips)
Agrotait: posts small blind $1
lelala: posts big blind $3
*** HOLE CARDS ***
Agrotait: raises $3 to $6
lelala: calls $3
*** FLOP *** [Qh 5c 9c]
lelala: checks
Agrotait: bets $3
lelala: folds
Uncalled bet ($3) returned to Agrotait
Agrotait collected $11.76 from pot
Agrotait: doesn't show hand
*** SUMMARY ***
Total pot $12 | Rake $0.24
Board [Qh 5c 9c]
Seat 3: lelala (big blind) folded on the Flop
Seat 4: Agrotait (button) (small blind) collected ($11.76)


PokerStars Hand #157637090134:  Hold'em Limit ($3/$6 USD) - 2016/08/23 10:00:18 ET
Table 'Hera II' 6-max Seat #4 is the button
Seat 3: lelala ($124.22 in chips)
Seat 4: Agrotait ($92.50 in chips)
Agrotait: posts small blind $1
lelala: posts big blind $3
*** HOLE CARDS ***
Agrotait: raises $3 to $6
lelala: raises $3 to $9
Agrotait: calls $3
*** FLOP *** [9h 2c Ad]
lelala: bets $3
Agrotait: calls $3
*** TURN *** [9h 2c Ad] [Ah]
lelala: bets $6
Agrotait: raises $6 to $12
lelala: calls $6
*** RIVER *** [9h 2c Ad Ah] [Jd]
lelala: checks
Agrotait: bets $6
lelala: calls $6
*** SHOW DOWN ***
Agrotait: shows [8d Ac] (three of a kind, Aces)
lelala: mucks hand
Agrotait collected $59.50 from pot
*** SUMMARY ***
Total pot $60 | Rake $0.50
Board [9h 2c Ad Ah Jd]
Seat 3: lelala (big blind) mucked
Seat 4: Agrotait (button) (small blind) showed [8d Ac] and won ($59.50) with three of a kind, Aces


PokerStars Hand #157637131071:  Hold'em Limit ($3/$6 USD) - 2016/08/23 10:01:39 ET
Table 'Hera II' 6-max Seat #4 is the button
Seat 3: lelala ($80.22 in chips)
Seat 4: Agrotait ($135.40 in chips)
Agrotait: posts small blind $1
lelala: posts big blind $3
*** HOLE CARDS ***
Agrotait: raises $3 to $6
lelala: raises $3 to $9
Agrotait: calls $3
*** FLOP *** [6d As 4c]
lelala: bets $3
Agrotait: calls $3
*** TURN *** [6d As 4c] [8c]
lelala: bets $6
Agrotait: calls $6
*** RIVER *** [6d As 4c 8c] [Qs]
lelala: bets $6
Agrotait: calls $6
*** SHOW DOWN ***
lelala: shows [Qd Qh] (three of a kind, Queens)
Agrotait: mucks hand
lelala collected $47.50 from pot
*** SUMMARY ***
Total pot $48 | Rake $0.50
Board [6d As 4c 8c Qs]
Seat 3: lelala (big blind) showed [Qd Qh] and won ($47.50) with three of a kind, Queens
Seat 4: Agrotait (button) (small blind) mucked


PokerStars Hand #157637128453:  Hold'em Limit ($3/$6 USD) - 2016/08/23 10:01:35 ET
Table 'Hera II' 6-max Seat #3 is the button
Seat 3: lelala ($81.22 in chips)
Seat 4: Agrotait ($134.40 in chips)
lelala: posts small blind $1
Agrotait: posts big blind $3
*** HOLE CARDS ***
lelala: folds
Uncalled bet ($2) returned to Agrotait
Agrotait collected $2 from pot
Agrotait: doesn't show hand
*** SUMMARY ***
Total pot $2 | Rake $0
Seat 3: lelala (button) (small blind) folded before Flop
Seat 4: Agrotait (big blind) collected ($2)


PokerStars Hand #157637118059:  Hold'em Limit ($3/$6 USD) - 2016/08/23 10:01:14 ET
Table 'Hera II' 6-max Seat #4 is the button
Seat 3: lelala ($90.22 in chips)
Seat 4: Agrotait ($125.76 in chips)
Agrotait: posts small blind $1
lelala: posts big blind $3
*** HOLE CARDS ***
Agrotait: raises $3 to $6
lelala: calls $3
*** FLOP *** [5c 7h Qs]
lelala: checks
Agrotait: bets $3
lelala: calls $3
*** TURN *** [5c 7h Qs] [3s]
lelala: checks
Agrotait: bets $6
lelala: folds
Uncalled bet ($6) returned to Agrotait
Agrotait collected $17.64 from pot
Agrotait: doesn't show hand
*** SUMMARY ***
Total pot $18 | Rake $0.36
Board [5c 7h Qs 3s]
Seat 3: lelala (big blind) folded on the Turn
Seat 4: Agrotait (button) (small blind) collected ($17.64)


PokerStars Hand #157637147277:  Hold'em Limit ($3/$6 USD) - 2016/08/23 10:02:10 ET
Table 'Hera II' 6-max Seat #3 is the button
Seat 3: lelala ($103.72 in chips)
Seat 4: Agrotait ($111.40 in chips)
lelala: posts small blind $1
Agrotait: posts big blind $3
*** HOLE CARDS ***
lelala: raises $3 to $6
Agrotait: calls $3
*** FLOP *** [8d 7h Ah]
Agrotait: checks
lelala: bets $3
Agrotait: calls $3
*** TURN *** [8d 7h Ah] [3h]
Agrotait: checks
lelala: checks
*** RIVER *** [8d 7h Ah 3h] [Ks]
Agrotait: bets $6
lelala: folds
Uncalled bet ($6) returned to Agrotait
Agrotait collected $17.64 from pot
Agrotait: doesn't show hand
*** SUMMARY ***
Total pot $18 | Rake $0.36
Board [8d 7h Ah 3h Ks]
Seat 3: lelala (button) (small blind) folded on the River
Seat 4: Agrotait (big blind) collected ($17.64)


PokerStars Hand #157637194017:  Hold'em Limit ($3/$6 USD) - 2016/08/23 10:03:25 ET
Table 'Hera II' 6-max Seat #3 is the button
Seat 3: lelala ($76.72 in chips)
Seat 4: Agrotait ($137.54 in chips)
lelala: posts small blind $1
Agrotait: posts big blind $3
*** HOLE CARDS ***
lelala: raises $3 to $6
Agrotait: calls $3
*** FLOP *** [Kd Ah Qs]
Agrotait: checks
lelala: checks
*** TURN *** [Kd Ah Qs] [7h]
Agrotait: bets $6
lelala: folds
Uncalled bet ($6) returned to Agrotait
Agrotait collected $11.76 from pot
Agrotait: doesn't show hand
*** SUMMARY ***
Total pot $12 | Rake $0.24
Board [Kd Ah Qs 7h]
Seat 3: lelala (button) (small blind) folded on the Turn
Seat 4: Agrotait (big blind) collected ($11.76)


PokerStars Hand #157637209020:  Hold'em Limit ($3/$6 USD) - 2016/08/23 10:03:53 ET
Table 'Hera II' 6-max Seat #3 is the button
Seat 3: lelala ($64.72 in chips)
Seat 4: Agrotait ($149.06 in chips)
lelala: posts small blind $1
Agrotait: posts big blind $3
*** HOLE CARDS ***
lelala: raises $3 to $6
Agrotait: calls $3
*** FLOP *** [8s Qd 6c]
Agrotait: checks
lelala: checks
*** TURN *** [8s Qd 6c] [Qh]
Agrotait: bets $6
lelala: folds
Uncalled bet ($6) returned to Agrotait
Agrotait collected $11.76 from pot
Agrotait: doesn't show hand
*** SUMMARY ***
Total pot $12 | Rake $0.24
Board [8s Qd 6c Qh]
Seat 3: lelala (button) (small blind) folded on the Turn
Seat 4: Agrotait (big blind) collected ($11.76)


PokerStars Hand #157637170348:  Hold'em Limit ($3/$6 USD) - 2016/08/23 10:02:41 ET
Table 'Hera II' 6-max Seat #4 is the button
Seat 3: lelala ($94.72 in chips)
Seat 4: Agrotait ($120.04 in chips)
Agrotait: posts small blind $1
lelala: posts big blind $3
*** HOLE CARDS ***
Agrotait: raises $3 to $6
lelala: raises $3 to $9
Agrotait: calls $3
*** FLOP *** [Kh 2c Jc]
lelala: bets $3
Agrotait: calls $3
*** TURN *** [Kh 2c Jc] [3c]
lelala: bets $6
Agrotait: raises $6 to $12
lelala: folds
Uncalled bet ($6) returned to Agrotait
Agrotait collected $35.50 from pot
Agrotait: doesn't show hand
*** SUMMARY ***
Total pot $36 | Rake $0.50
Board [Kh 2c Jc 3c]
Seat 3: lelala (big blind) folded on the Turn
Seat 4: Agrotait (button) (small blind) collected ($35.50)


PokerStars Hand #157637203563:  Hold'em Limit ($3/$6 USD) - 2016/08/23 10:03:42 ET
Table 'Hera II' 6-max Seat #4 is the button
Seat 3: lelala ($70.72 in chips)
Seat 4: Agrotait ($143.30 in chips)
Agrotait: posts small blind $1
lelala: posts big blind $3
*** HOLE CARDS ***
Agrotait: raises $3 to $6
lelala: calls $3
*** FLOP *** [4h Qd 4c]
lelala: checks
Agrotait: bets $3
lelala: folds
Uncalled bet ($3) returned to Agrotait
Agrotait collected $11.76 from pot
Agrotait: doesn't show hand
*** SUMMARY ***
Total pot $12 | Rake $0.24
Board [4h Qd 4c]
Seat 3: lelala (big blind) folded on the Flop
Seat 4: Agrotait (button) (small blind) collected ($11.76)


PokerStars Hand #157637230673:  Hold'em Limit ($3/$6 USD) - 2016/08/23 10:04:33 ET
Table 'Hera II' 6-max Seat #3 is the button
Seat 3: lelala ($34.72 in chips)
Seat 4: Agrotait ($178.32 in chips)
lelala: posts small blind $1
Agrotait: posts big blind $3
*** HOLE CARDS ***
lelala: folds
Uncalled bet ($2) returned to Agrotait
Agrotait collected $2 from pot
Agrotait: doesn't show hand
*** SUMMARY ***
Total pot $2 | Rake $0
Seat 3: lelala (button) (small blind) folded before Flop
Seat 4: Agrotait (big blind) collected ($2)


PokerStars Hand #157637219561:  Hold'em Limit ($3/$6 USD) - 2016/08/23 10:04:12 ET
Table 'Hera II' 6-max Seat #4 is the button
Seat 3: lelala ($58.72 in chips)
Seat 4: Agrotait ($154.82 in chips)
Agrotait: posts small blind $1
lelala: posts big blind $3
*** HOLE CARDS ***
Agrotait: raises $3 to $6
lelala: raises $3 to $9
Agrotait: calls $3
*** FLOP *** [Ah Kc 3s]
lelala: bets $3
Agrotait: calls $3
*** TURN *** [Ah Kc 3s] [2h]
lelala: bets $6
Agrotait: calls $6
*** RIVER *** [Ah Kc 3s 2h] [8d]
lelala: bets $6
Agrotait: calls $6
*** SHOW DOWN ***
lelala: shows [4h 3c] (a pair of Threes)
Agrotait: shows [Jc Ks] (a pair of Kings)
Agrotait collected $47.50 from pot
*** SUMMARY ***
Total pot $48 | Rake $0.50
Board [Ah Kc 3s 2h 8d]
Seat 3: lelala (big blind) showed [4h 3c] and lost with a pair of Threes
Seat 4: Agrotait (button) (small blind) showed [Jc Ks] and won ($47.50) with a pair of Kings


PokerStars Hand #157637233304:  Hold'em Limit ($3/$6 USD) - 2016/08/23 10:04:38 ET
Table 'Hera II' 6-max Seat #4 is the button
Seat 3: lelala ($33.72 in chips)
Seat 4: Agrotait ($179.32 in chips)
Agrotait: posts small blind $1
lelala: posts big blind $3
*** HOLE CARDS ***
Agrotait: raises $3 to $6
lelala: calls $3
*** FLOP *** [Js Tc 9c]
lelala: checks
Agrotait: checks
*** TURN *** [Js Tc 9c] [5s]
lelala: bets $6
Agrotait: raises $6 to $12
lelala: calls $6
*** RIVER *** [Js Tc 9c 5s] [8s]
lelala: checks
Agrotait: bets $6
lelala: calls $6
*** SHOW DOWN ***
Agrotait: shows [Ts 5d] (two pair, Tens and Fives)
lelala: mucks hand
Agrotait collected $47.50 from pot
*** SUMMARY ***
Total pot $48 | Rake $0.50
Board [Js Tc 9c 5s 8s]
Seat 3: lelala (big blind) mucked
Seat 4: Agrotait (button) (small blind) showed [Ts 5d] and won ($47.50) with two pair, Tens and Fives


PokerStars Hand #157637250242:  Hold'em Limit ($3/$6 USD) - 2016/08/23 10:05:08 ET
Table 'Hera II' 6-max Seat #3 is the button
Seat 3: lelala ($9.72 in chips)
Seat 4: Agrotait ($202.82 in chips)
lelala: posts small blind $1
Agrotait: posts big blind $3
*** HOLE CARDS ***
lelala: raises $3 to $6
Agrotait: calls $3
*** FLOP *** [6s Jd 2c]
Agrotait: checks
lelala: bets $3
Agrotait: raises $3 to $6
lelala: calls $0.72 and is all-in
Uncalled bet ($2.28) returned to Agrotait
*** TURN *** [6s Jd 2c] [Kc]
*** RIVER *** [6s Jd 2c Kc] [Ah]
*** SHOW DOWN ***
Agrotait: shows [5h Jc] (a pair of Jacks)
lelala: shows [Th Qs] (a straight, Ten to Ace)
lelala collected $19.05 from pot
*** SUMMARY ***
Total pot $19.44 | Rake $0.39
Board [6s Jd 2c Kc Ah]
Seat 3: lelala (button) (small blind) showed [Th Qs] and won ($19.05) with a straight, Ten to Ace
Seat 4: Agrotait (big blind) showed [5h Jc] and lost with a pair of Jacks


PokerStars Hand #157637281571:  Hold'em Limit ($3/$6 USD) - 2016/08/23 10:06:06 ET
Table 'Hera II' 6-max Seat #3 is the button
Seat 3: lelala ($37.60 in chips)
Seat 4: Agrotait ($174.05 in chips)
lelala: posts small blind $1
Agrotait: posts big blind $3
*** HOLE CARDS ***
lelala: folds
Uncalled bet ($2) returned to Agrotait
Agrotait collected $2 from pot
Agrotait: doesn't show hand
*** SUMMARY ***
Total pot $2 | Rake $0
Seat 3: lelala (button) (small blind) folded before Flop
Seat 4: Agrotait (big blind) collected ($2)


PokerStars Hand #157637269169:  Hold'em Limit ($3/$6 USD) - 2016/08/23 10:05:43 ET
Table 'Hera II' 6-max Seat #4 is the button
Seat 3: lelala ($19.05 in chips)
Seat 4: Agrotait ($193.10 in chips)
Agrotait: posts small blind $1
lelala: posts big blind $3
*** HOLE CARDS ***
Agrotait: raises $3 to $6
lelala: raises $3 to $9
Agrotait: calls $3
*** FLOP *** [6d 8s 7c]
lelala: bets $3
Agrotait: calls $3
*** TURN *** [6d 8s 7c] [4h]
lelala: bets $6
Agrotait: calls $6
*** RIVER *** [6d 8s 7c 4h] [Kh]
lelala: bets $1.05 and is all-in
Agrotait: calls $1.05
*** SHOW DOWN ***
lelala: shows [7d 5d] (a straight, Four to Eight)
Agrotait: shows [8d 6c] (two pair, Eights and Sixes)
lelala collected $37.60 from pot
*** SUMMARY ***
Total pot $38.10 | Rake $0.50
Board [6d 8s 7c 4h Kh]
Seat 3: lelala (big blind) showed [7d 5d] and won ($37.60) with a straight, Four to Eight
Seat 4: Agrotait (button) (small blind) showed [8d 6c] and lost with two pair, Eights and Sixes


PokerStars Hand #157637284260:  Hold'em Limit ($3/$6 USD) - 2016/08/23 10:06:11 ET
Table 'Hera II' 6-max Seat #4 is the button
Seat 3: lelala ($36.60 in chips)
Seat 4: Agrotait ($175.05 in chips)
Agrotait: posts small blind $1
lelala: posts big blind $3
*** HOLE CARDS ***
Agrotait: raises $3 to $6
lelala: raises $3 to $9
Agrotait: calls $3
*** FLOP *** [6c Js 4s]
lelala: bets $3
Agrotait: calls $3
*** TURN *** [6c Js 4s] [4c]
lelala: bets $6
Agrotait: folds
Uncalled bet ($6) returned to lelala
lelala collected $23.52 from pot
*** SUMMARY ***
Total pot $24 | Rake $0.48
Board [6c Js 4s 4c]
Seat 3: lelala (big blind) collected ($23.52)
Seat 4: Agrotait (button) (small blind) folded on the Turn


PokerStars Hand #157637312305:  Hold'em Limit ($3/$6 USD) - 2016/08/23 10:07:03 ET
Table 'Hera II' 6-max Seat #3 is the button
Seat 3: lelala ($27.12 in chips)
Seat 4: Agrotait ($183.55 in chips)
lelala: posts small blind $1
Agrotait: posts big blind $3
*** HOLE CARDS ***
lelala: folds
Uncalled bet ($2) returned to Agrotait
Agrotait collected $2 from pot
Agrotait: doesn't show hand
*** SUMMARY ***
Total pot $2 | Rake $0
Seat 3: lelala (button) (small blind) folded before Flop
Seat 4: Agrotait (big blind) collected ($2)


PokerStars Hand #157637308973:  Hold'em Limit ($3/$6 USD) - 2016/08/23 10:06:57 ET
Table 'Hera II' 6-max Seat #4 is the button
Seat 3: lelala ($30.12 in chips)
Seat 4: Agrotait ($180.55 in chips)
Agrotait: posts small blind $1
lelala: posts big blind $3
*** HOLE CARDS ***
Agrotait: raises $3 to $6
lelala: folds
Uncalled bet ($3) returned to Agrotait
Agrotait collected $6 from pot
Agrotait: doesn't show hand
*** SUMMARY ***
Total pot $6 | Rake $0
Seat 3: lelala (big blind) folded before Flop
Seat 4: Agrotait (button) (small blind) collected ($6)


PokerStars Hand #157637295521:  Hold'em Limit ($3/$6 USD) - 2016/08/23 10:06:32 ET
Table 'Hera II' 6-max Seat #3 is the button
Seat 3: lelala ($48.12 in chips)
Seat 4: Agrotait ($163.05 in chips)
lelala: posts small blind $1
Agrotait: posts big blind $3
*** HOLE CARDS ***
lelala: raises $3 to $6
Agrotait: calls $3
*** FLOP *** [2d 8d Jh]
Agrotait: checks
lelala: checks
*** TURN *** [2d 8d Jh] [3d]
Agrotait: bets $6
lelala: raises $6 to $12
Agrotait: calls $6
*** RIVER *** [2d 8d Jh 3d] [8h]
Agrotait: checks
lelala: checks
*** SHOW DOWN ***
Agrotait: shows [8c 5c] (three of a kind, Eights)
lelala: mucks hand
Agrotait collected $35.50 from pot
*** SUMMARY ***
Total pot $36 | Rake $0.50
Board [2d 8d Jh 3d 8h]
Seat 3: lelala (button) (small blind) mucked
Seat 4: Agrotait (big blind) showed [8c 5c] and won ($35.50) with three of a kind, Eights


PokerStars Hand #157637315011:  Hold'em Limit ($3/$6 USD) - 2016/08/23 10:07:07 ET
Table 'Hera II' 6-max Seat #4 is the button
Seat 3: lelala ($26.12 in chips)
Seat 4: Agrotait ($184.55 in chips)
Agrotait: posts small blind $1
lelala: posts big blind $3
*** HOLE CARDS ***
Agrotait: raises $3 to $6
lelala: raises $3 to $9
Agrotait: calls $3
*** FLOP *** [Kd 3c Tc]
lelala: bets $3
Agrotait: calls $3
*** TURN *** [Kd 3c Tc] [8s]
lelala: bets $6
Agrotait: calls $6
*** RIVER *** [Kd 3c Tc 8s] [Ad]
lelala: bets $6
Agrotait: calls $6
*** SHOW DOWN ***
lelala: shows [5c 7c] (high card Ace)
Agrotait: shows [4s Ts] (a pair of Tens)
Agrotait collected $47.50 from pot
*** SUMMARY ***
Total pot $48 | Rake $0.50
Board [Kd 3c Tc 8s Ad]
Seat 3: lelala (big blind) showed [5c 7c] and lost with high card Ace
Seat 4: Agrotait (button) (small blind) showed [4s Ts] and won ($47.50) with a pair of Tens


