PokerStars Hand #151160639282:  Hold'em Limit ($3/$6 USD) - 2016/03/30 8:31:30 ET
Table 'Hera II' 6-max Seat #3 is the button
Seat 3: BADEXTASY ($174.50 in chips)
Seat 4: Agrotait ($71 in chips)
BADEXTASY: posts small blind $1
Agrotait: posts big blind $3
*** HOLE CARDS ***
BADEXTASY: raises $3 to $6
Agrotait: calls $3
*** FLOP *** [Jd 9c Kd]
Agrotait: checks
BADEXTASY: bets $3
Agrotait: calls $3
*** TURN *** [Jd 9c Kd] [Ac]
Agrotait: checks
BADEXTASY: bets $6
Agrotait: calls $6
*** RIVER *** [Jd 9c Kd Ac] [Jh]
Agrotait: checks
BADEXTASY: checks
*** SHOW DOWN ***
Agrotait: shows [6c 9h] (two pair, Jacks and Nines)
BADEXTASY: mucks hand
Agrotait collected $29.50 from pot
*** SUMMARY ***
Total pot $30 | Rake $0.50
Board [Jd 9c Kd Ac Jh]
Seat 3: BADEXTASY (button) (small blind) mucked
Seat 4: Agrotait (big blind) showed [6c 9h] and won ($29.50) with two pair, Jacks and Nines


PokerStars Hand #151160636600:  Hold'em Limit ($3/$6 USD) - 2016/03/30 8:31:25 ET
Table 'Hera II' 6-max Seat #4 is the button
Seat 3: BADEXTASY ($173.50 in chips)
Seat 4: Agrotait ($72 in chips)
Agrotait: posts small blind $1
BADEXTASY: posts big blind $3
*** HOLE CARDS ***
Agrotait: folds
Uncalled bet ($2) returned to BADEXTASY
BADEXTASY collected $2 from pot
BADEXTASY: doesn't show hand
*** SUMMARY ***
Total pot $2 | Rake $0
Seat 3: BADEXTASY (big blind) collected ($2)
Seat 4: Agrotait (button) (small blind) folded before Flop


PokerStars Hand #151160608141:  Hold'em Limit ($3/$6 USD) - 2016/03/30 8:30:35 ET
Table 'Hera II' 6-max Seat #3 is the button
Seat 3: BADEXTASY ($150 in chips)
Seat 4: Agrotait ($72 in chips)
BADEXTASY: posts small blind $1
Agrotait: posts big blind $3
*** HOLE CARDS ***
BADEXTASY: raises $3 to $6
Agrotait: raises $3 to $9
BADEXTASY: calls $3
*** FLOP *** [9h 3c 3h]
Agrotait: bets $3
BADEXTASY: calls $3
*** TURN *** [9h 3c 3h] [6c]
Agrotait: checks
BADEXTASY: bets $6
Agrotait: calls $6
*** RIVER *** [9h 3c 3h 6c] [2h]
Agrotait: checks
BADEXTASY: bets $6
Agrotait: calls $6
*** SHOW DOWN ***
BADEXTASY: shows [3s Ac] (three of a kind, Threes)
Agrotait: mucks hand
BADEXTASY collected $47.50 from pot
*** SUMMARY ***
Total pot $48 | Rake $0.50
Board [9h 3c 3h 6c 2h]
Seat 3: BADEXTASY (button) (small blind) showed [3s Ac] and won ($47.50) with three of a kind, Threes
Seat 4: Agrotait (big blind) mucked


PokerStars Hand #151160675650:  Hold'em Limit ($3/$6 USD) - 2016/03/30 8:32:34 ET
Table 'Hera II' 6-max Seat #4 is the button
Seat 3: BADEXTASY ($159.50 in chips)
Seat 4: Agrotait ($85.50 in chips)
Agrotait: posts small blind $1
BADEXTASY: posts big blind $3
*** HOLE CARDS ***
Agrotait: folds
Uncalled bet ($2) returned to BADEXTASY
BADEXTASY collected $2 from pot
BADEXTASY: doesn't show hand
*** SUMMARY ***
Total pot $2 | Rake $0
Seat 3: BADEXTASY (big blind) collected ($2)
Seat 4: Agrotait (button) (small blind) folded before Flop


PokerStars Hand #151160672312:  Hold'em Limit ($3/$6 USD) - 2016/03/30 8:32:29 ET
Table 'Hera II' 6-max Seat #3 is the button
Seat 3: BADEXTASY ($160.50 in chips)
Seat 4: Agrotait ($84.50 in chips)
BADEXTASY: posts small blind $1
Agrotait: posts big blind $3
*** HOLE CARDS ***
BADEXTASY: folds
Uncalled bet ($2) returned to Agrotait
Agrotait collected $2 from pot
Agrotait: doesn't show hand
*** SUMMARY ***
Total pot $2 | Rake $0
Seat 3: BADEXTASY (button) (small blind) folded before Flop
Seat 4: Agrotait (big blind) collected ($2)


PokerStars Hand #151160669612:  Hold'em Limit ($3/$6 USD) - 2016/03/30 8:32:24 ET
Table 'Hera II' 6-max Seat #4 is the button
Seat 3: BADEXTASY ($159.50 in chips)
Seat 4: Agrotait ($85.50 in chips)
Agrotait: posts small blind $1
BADEXTASY: posts big blind $3
*** HOLE CARDS ***
Agrotait: folds
Uncalled bet ($2) returned to BADEXTASY
BADEXTASY collected $2 from pot
BADEXTASY: doesn't show hand
*** SUMMARY ***
Total pot $2 | Rake $0
Seat 3: BADEXTASY (big blind) collected ($2)
Seat 4: Agrotait (button) (small blind) folded before Flop


PokerStars Hand #151160665979:  Hold'em Limit ($3/$6 USD) - 2016/03/30 8:32:17 ET
Table 'Hera II' 6-max Seat #3 is the button
Seat 3: BADEXTASY ($156.50 in chips)
Seat 4: Agrotait ($88.50 in chips)
BADEXTASY: posts small blind $1
Agrotait: posts big blind $3
*** HOLE CARDS ***
BADEXTASY: raises $3 to $6
Agrotait: folds
Uncalled bet ($3) returned to BADEXTASY
BADEXTASY collected $6 from pot
BADEXTASY: doesn't show hand
*** SUMMARY ***
Total pot $6 | Rake $0
Seat 3: BADEXTASY (button) (small blind) collected ($6)
Seat 4: Agrotait (big blind) folded before Flop


PokerStars Hand #151160660377:  Hold'em Limit ($3/$6 USD) - 2016/03/30 8:32:07 ET
Table 'Hera II' 6-max Seat #4 is the button
Seat 3: BADEXTASY ($159.50 in chips)
Seat 4: Agrotait ($85.50 in chips)
Agrotait: posts small blind $1
BADEXTASY: posts big blind $3
*** HOLE CARDS ***
Agrotait: raises $3 to $6
BADEXTASY: folds
Uncalled bet ($3) returned to Agrotait
Agrotait collected $6 from pot
Agrotait: doesn't show hand
*** SUMMARY ***
Total pot $6 | Rake $0
Seat 3: BADEXTASY (big blind) folded before Flop
Seat 4: Agrotait (button) (small blind) collected ($6)


PokerStars Hand #151160708838:  Hold'em Limit ($3/$6 USD) - 2016/03/30 8:33:28 ET
Table 'Hera II' 6-max Seat #4 is the button
Seat 3: BADEXTASY ($139.50 in chips)
Seat 4: Agrotait ($105 in chips)
Agrotait: posts small blind $1
BADEXTASY: posts big blind $3
*** HOLE CARDS ***
Agrotait: raises $3 to $6
BADEXTASY: raises $3 to $9
Agrotait: calls $3
*** FLOP *** [6c 2h Jc]
BADEXTASY: bets $3
Agrotait: calls $3
*** TURN *** [6c 2h Jc] [2d]
BADEXTASY: checks
Agrotait: checks
*** RIVER *** [6c 2h Jc 2d] [7h]
BADEXTASY: bets $6
Agrotait: folds
Uncalled bet ($6) returned to BADEXTASY
BADEXTASY collected $23.52 from pot
BADEXTASY: doesn't show hand
*** SUMMARY ***
Total pot $24 | Rake $0.48
Board [6c 2h Jc 2d 7h]
Seat 3: BADEXTASY (big blind) collected ($23.52)
Seat 4: Agrotait (button) (small blind) folded on the River


PokerStars Hand #151160678393:  Hold'em Limit ($3/$6 USD) - 2016/03/30 8:32:39 ET
Table 'Hera II' 6-max Seat #3 is the button
Seat 3: BADEXTASY ($160.50 in chips)
Seat 4: Agrotait ($84.50 in chips)
BADEXTASY: posts small blind $1
Agrotait: posts big blind $3
*** HOLE CARDS ***
BADEXTASY: raises $3 to $6
Agrotait: raises $3 to $9
BADEXTASY: calls $3
*** FLOP *** [4c 6c 7h]
Agrotait: bets $3
BADEXTASY: raises $3 to $6
Agrotait: calls $3
*** TURN *** [4c 6c 7h] [5d]
Agrotait: checks
BADEXTASY: bets $6
Agrotait: raises $6 to $12
BADEXTASY: folds
Uncalled bet ($6) returned to Agrotait
Agrotait collected $41.50 from pot
Agrotait: doesn't show hand
*** SUMMARY ***
Total pot $42 | Rake $0.50
Board [4c 6c 7h 5d]
Seat 3: BADEXTASY (button) (small blind) folded on the Turn
Seat 4: Agrotait (big blind) collected ($41.50)


PokerStars Hand #151160731275:  Hold'em Limit ($3/$6 USD) - 2016/03/30 8:34:08 ET
Table 'Hera II' 6-max Seat #3 is the button
Seat 3: BADEXTASY ($151.02 in chips)
Seat 4: Agrotait ($93 in chips)
BADEXTASY: posts small blind $1
Agrotait: posts big blind $3
*** HOLE CARDS ***
BADEXTASY: raises $3 to $6
Agrotait: calls $3
*** FLOP *** [3d Jd Kc]
Agrotait: checks
BADEXTASY: bets $3
Agrotait: calls $3
*** TURN *** [3d Jd Kc] [4h]
Agrotait: checks
BADEXTASY: bets $6
Agrotait: raises $6 to $12
BADEXTASY: raises $6 to $18
Agrotait: calls $6
*** RIVER *** [3d Jd Kc 4h] [Ah]
Agrotait: checks
BADEXTASY: bets $6
Agrotait: folds
Uncalled bet ($6) returned to BADEXTASY
BADEXTASY collected $53.50 from pot
BADEXTASY: doesn't show hand
*** SUMMARY ***
Total pot $54 | Rake $0.50
Board [3d Jd Kc 4h Ah]
Seat 3: BADEXTASY (button) (small blind) collected ($53.50)
Seat 4: Agrotait (big blind) folded on the River


PokerStars Hand #151160769897:  Hold'em Limit ($3/$6 USD) - 2016/03/30 8:35:17 ET
Table 'Hera II' 6-max Seat #4 is the button
Seat 3: BADEXTASY ($177.52 in chips)
Seat 4: Agrotait ($66 in chips)
Agrotait: posts small blind $1
BADEXTASY: posts big blind $3
*** HOLE CARDS ***
Agrotait: raises $3 to $6
BADEXTASY: calls $3
*** FLOP *** [Jc 8s Qc]
BADEXTASY: checks
Agrotait: bets $3
BADEXTASY: calls $3
*** TURN *** [Jc 8s Qc] [9c]
BADEXTASY: checks
Agrotait: bets $6
BADEXTASY: calls $6
*** RIVER *** [Jc 8s Qc 9c] [Tc]
BADEXTASY: checks
Agrotait: bets $6
IrRaFirst joins the table at seat #5
BADEXTASY: folds
Uncalled bet ($6) returned to Agrotait
Agrotait collected $29.50 from pot
Agrotait: doesn't show hand
*** SUMMARY ***
Total pot $30 | Rake $0.50
Board [Jc 8s Qc 9c Tc]
Seat 3: BADEXTASY (big blind) folded on the River
Seat 4: Agrotait (button) (small blind) collected ($29.50)


PokerStars Hand #151160861395:  Hold'em Limit ($3/$6 USD) - 2016/03/30 8:37:59 ET
Table 'Hera II' 6-max Seat #3 is the button
Seat 3: BADEXTASY ($147.52 in chips)
Seat 6: Agrotait ($86.10 in chips)
IrRaFirst will be allowed to play after the button
BADEXTASY: posts small blind $1
Agrotait: posts big blind $3
*** HOLE CARDS ***
BADEXTASY: raises $3 to $6
IrRaFirst leaves the table
Agrotait: calls $3
*** FLOP *** [8s 9s Td]
Agrotait: checks
BADEXTASY: bets $3
Agrotait: raises $3 to $6
BADEXTASY: raises $3 to $9
Agrotait: calls $3
*** TURN *** [8s 9s Td] [Jc]
Agrotait: checks
BADEXTASY: checks
*** RIVER *** [8s 9s Td Jc] [5d]
Agrotait: bets $6
BADEXTASY: calls $6
*** SHOW DOWN ***
Agrotait: shows [Jh 9d] (two pair, Jacks and Nines)
BADEXTASY: shows [Js 7h] (a straight, Seven to Jack)
BADEXTASY collected $41.50 from pot
*** SUMMARY ***
Total pot $42 | Rake $0.50
Board [8s 9s Td Jc 5d]
Seat 3: BADEXTASY (button) (small blind) showed [Js 7h] and won ($41.50) with a straight, Seven to Jack
Seat 6: Agrotait (big blind) showed [Jh 9d] and lost with two pair, Jacks and Nines


