PokerStars Hand #176004522793:  Hold'em Limit ($3/$6 USD) - 2017/09/23 3:01:31 ET
Table 'Hera' 6-max Seat #1 is the button
Seat 1: LifeisagameX ($84 in chips)
Seat 3: LeandroNSN ($120 in chips)
LifeisagameX: posts small blind $1
LeandroNSN: posts big blind $3
*** HOLE CARDS ***
LifeisagameX: raises $3 to $6
LeandroNSN: calls $3
*** FLOP *** [7d 4c 4d]
LeandroNSN: checks
LifeisagameX: bets $3
LeandroNSN: calls $3
*** TURN *** [7d 4c 4d] [9c]
LeandroNSN: checks
LifeisagameX: bets $6
LeandroNSN: calls $6
*** RIVER *** [7d 4c 4d 9c] [Qd]
LeandroNSN: checks
LifeisagameX: checks
*** SHOW DOWN ***
LeandroNSN: shows [Ad 7s] (two pair, Sevens and Fours)
LifeisagameX: mucks hand
LeandroNSN collected $29.50 from pot
*** SUMMARY ***
Total pot $30 | Rake $0.50
Board [7d 4c 4d 9c Qd]
Seat 1: LifeisagameX (button) (small blind) mucked
Seat 3: LeandroNSN (big blind) showed [Ad 7s] and won ($29.50) with two pair, Sevens and Fours


PokerStars Hand #176004536765:  Hold'em Limit ($3/$6 USD) - 2017/09/23 3:02:24 ET
Table 'Hera' 6-max Seat #3 is the button
Seat 1: LifeisagameX ($84 in chips)
Seat 3: LeandroNSN ($134.50 in chips)
LeandroNSN: posts small blind $1
LifeisagameX: posts big blind $3
*** HOLE CARDS ***
LeandroNSN: raises $3 to $6
LifeisagameX: raises $3 to $9
LeandroNSN: calls $3
*** FLOP *** [Ac 2h 4h]
LifeisagameX: bets $3
LeandroNSN: calls $3
*** TURN *** [Ac 2h 4h] [6s]
LifeisagameX: checks
LeandroNSN: bets $6
LifeisagameX: calls $6
*** RIVER *** [Ac 2h 4h 6s] [9d]
LifeisagameX: checks
LeandroNSN: bets $6
LifeisagameX: calls $6
*** SHOW DOWN ***
LeandroNSN: shows [2s 8s] (a pair of Deuces)
LifeisagameX: mucks hand
LeandroNSN collected $47.50 from pot
*** SUMMARY ***
Total pot $48 | Rake $0.50
Board [Ac 2h 4h 6s 9d]
Seat 1: LifeisagameX (big blind) mucked
Seat 3: LeandroNSN (button) (small blind) showed [2s 8s] and won ($47.50) with a pair of Deuces


PokerStars Hand #176004548959:  Hold'em Limit ($3/$6 USD) - 2017/09/23 3:03:10 ET
Table 'Hera' 6-max Seat #1 is the button
Seat 1: LifeisagameX ($84 in chips)
Seat 3: LeandroNSN ($158 in chips)
LifeisagameX: posts small blind $1
LeandroNSN: posts big blind $3
*** HOLE CARDS ***
LifeisagameX: raises $3 to $6
LeandroNSN: calls $3
*** FLOP *** [Js 7d 2c]
LeandroNSN: checks
LifeisagameX: bets $3
LeandroNSN: raises $3 to $6
LifeisagameX: folds
Uncalled bet ($3) returned to LeandroNSN
LeandroNSN collected $17.64 from pot
LeandroNSN: doesn't show hand
*** SUMMARY ***
Total pot $18 | Rake $0.36
Board [Js 7d 2c]
Seat 1: LifeisagameX (button) (small blind) folded on the Flop
Seat 3: LeandroNSN (big blind) collected ($17.64)


PokerStars Hand #176004581016:  Hold'em Limit ($3/$6 USD) - 2017/09/23 3:05:10 ET
Table 'Hera' 6-max Seat #1 is the button
Seat 1: LifeisagameX ($98.50 in chips)
Seat 3: LeandroNSN ($151.64 in chips)
LifeisagameX: posts small blind $1
LeandroNSN: posts big blind $3
*** HOLE CARDS ***
LifeisagameX: folds
Uncalled bet ($2) returned to LeandroNSN
LeandroNSN collected $2 from pot
LeandroNSN: doesn't show hand
*** SUMMARY ***
Total pot $2 | Rake $0
Seat 1: LifeisagameX (button) (small blind) folded before Flop
Seat 3: LeandroNSN (big blind) collected ($2)


PokerStars Hand #176004583450:  Hold'em Limit ($3/$6 USD) - 2017/09/23 3:05:19 ET
Table 'Hera' 6-max Seat #3 is the button
Seat 1: LifeisagameX ($97.50 in chips)
Seat 3: LeandroNSN ($152.64 in chips)
LeandroNSN: posts small blind $1
LifeisagameX: posts big blind $3
*** HOLE CARDS ***
LeandroNSN: raises $3 to $6
LifeisagameX: raises $3 to $9
LeandroNSN: calls $3
*** FLOP *** [Kd 7d Kh]
LifeisagameX: bets $3
LeandroNSN: calls $3
*** TURN *** [Kd 7d Kh] [Ts]
LifeisagameX: checks
LeandroNSN: bets $6
LifeisagameX: calls $6
*** RIVER *** [Kd 7d Kh Ts] [Ad]
LifeisagameX: checks
LeandroNSN: bets $6
LifeisagameX: raises $6 to $12
LeandroNSN: calls $6
*** SHOW DOWN ***
LifeisagameX: shows [Qs Jd] (a straight, Ten to Ace)
LeandroNSN: mucks hand
LifeisagameX collected $59.50 from pot
*** SUMMARY ***
Total pot $60 | Rake $0.50
Board [Kd 7d Kh Ts Ad]
Seat 1: LifeisagameX (big blind) showed [Qs Jd] and won ($59.50) with a straight, Ten to Ace
Seat 3: LeandroNSN (button) (small blind) mucked


PokerStars Hand #176004557330:  Hold'em Limit ($3/$6 USD) - 2017/09/23 3:03:41 ET
Table 'Hera' 6-max Seat #3 is the button
Seat 1: LifeisagameX ($84 in chips)
Seat 3: LeandroNSN ($166.64 in chips)
LeandroNSN: posts small blind $1
LifeisagameX: posts big blind $3
*** HOLE CARDS ***
LeandroNSN: raises $3 to $6
LifeisagameX: calls $3
*** FLOP *** [5d 7c 3h]
LifeisagameX: checks
LeandroNSN: bets $3
LifeisagameX: calls $3
*** TURN *** [5d 7c 3h] [Qh]
LifeisagameX: checks
LeandroNSN: bets $6
LifeisagameX: calls $6
*** RIVER *** [5d 7c 3h Qh] [5c]
LifeisagameX: bets $6
LeandroNSN: folds
Uncalled bet ($6) returned to LifeisagameX
LifeisagameX collected $29.50 from pot
LifeisagameX: doesn't show hand
*** SUMMARY ***
Total pot $30 | Rake $0.50
Board [5d 7c 3h Qh 5c]
Seat 1: LifeisagameX (big blind) collected ($29.50)
Seat 3: LeandroNSN (button) (small blind) folded on the River


PokerStars Hand #176004595761:  Hold'em Limit ($3/$6 USD) - 2017/09/23 3:06:04 ET
Table 'Hera' 6-max Seat #1 is the button
Seat 1: LifeisagameX ($127 in chips)
Seat 3: LeandroNSN ($122.64 in chips)
LifeisagameX: posts small blind $1
LeandroNSN: posts big blind $3
*** HOLE CARDS ***
LifeisagameX: folds
Uncalled bet ($2) returned to LeandroNSN
LeandroNSN collected $2 from pot
LeandroNSN: doesn't show hand
*** SUMMARY ***
Total pot $2 | Rake $0
Seat 1: LifeisagameX (button) (small blind) folded before Flop
Seat 3: LeandroNSN (big blind) collected ($2)


PokerStars Hand #176004600175:  Hold'em Limit ($3/$6 USD) - 2017/09/23 3:06:21 ET
Table 'Hera' 6-max Seat #3 is the button
Seat 1: LifeisagameX ($126 in chips)
Seat 3: LeandroNSN ($123.64 in chips)
LeandroNSN: posts small blind $1
LifeisagameX: posts big blind $3
*** HOLE CARDS ***
LeandroNSN: raises $3 to $6
LifeisagameX: calls $3
*** FLOP *** [5c 3h 4s]
LifeisagameX: checks
LeandroNSN: bets $3
LifeisagameX is connected
LifeisagameX: raises $3 to $6
LeandroNSN: calls $3
*** TURN *** [5c 3h 4s] [5s]
LifeisagameX: bets $6
LeandroNSN: folds
Uncalled bet ($6) returned to LifeisagameX
LifeisagameX collected $23.52 from pot
LifeisagameX: doesn't show hand
*** SUMMARY ***
Total pot $24 | Rake $0.48
Board [5c 3h 4s 5s]
Seat 1: LifeisagameX (big blind) collected ($23.52)
Seat 3: LeandroNSN (button) (small blind) folded on the Turn


PokerStars Hand #176004768572:  Hold'em Limit ($3/$6 USD) - 2017/09/23 3:16:45 ET
Table 'Hera' 6-max Seat #3 is the button
Seat 3: LeandroNSN ($97.41 in chips)
Seat 4: VolkovDmitri ($120 in chips)
LeandroNSN: posts small blind $1
VolkovDmitri: posts big blind $3
*** HOLE CARDS ***
LeandroNSN: folds
Uncalled bet ($2) returned to VolkovDmitri
LeandroNSN leaves the table
VolkovDmitri collected $2 from pot
VolkovDmitri: doesn't show hand
*** SUMMARY ***
Total pot $2 | Rake $0
Seat 3: LeandroNSN (button) (small blind) folded before Flop
Seat 4: VolkovDmitri (big blind) collected ($2)


PokerStars Hand #176004757850:  Hold'em Limit ($3/$6 USD) - 2017/09/23 3:16:06 ET
Table 'Hera' 6-max Seat #4 is the button
Seat 3: LeandroNSN ($85.89 in chips)
Seat 4: VolkovDmitri ($128.64 in chips)
VolkovDmitri: posts small blind $1
LeandroNSN: posts big blind $3
*** HOLE CARDS ***
VolkovDmitri: raises $3 to $6
LeandroNSN: raises $3 to $9
VolkovDmitri: calls $3
*** FLOP *** [5s Jd 7d]
LeandroNSN: bets $3
VolkovDmitri: calls $3
*** TURN *** [5s Jd 7d] [5d]
LeandroNSN: checks
VolkovDmitri: checks
*** RIVER *** [5s Jd 7d 5d] [8h]
LeandroNSN: bets $6
VolkovDmitri: folds
Uncalled bet ($6) returned to LeandroNSN
LeandroNSN collected $23.52 from pot
LeandroNSN: doesn't show hand
*** SUMMARY ***
Total pot $24 | Rake $0.48
Board [5s Jd 7d 5d 8h]
Seat 3: LeandroNSN (big blind) collected ($23.52)
Seat 4: VolkovDmitri (button) (small blind) folded on the River


