PokerStars Hand #165098066732:  Hold'em Limit ($3/$6 USD) - 2017/01/24 12:06:47 ET
Table 'Hera' 6-max Seat #3 is the button
Seat 3: LouisB ($93.61 in chips)
Seat 5: Hannibal2211 ($113.49 in chips)
LouisB: posts small blind $1
Hannibal2211: posts big blind $3
*** HOLE CARDS ***
LouisB: folds
Uncalled bet ($2) returned to Hannibal2211
Hannibal2211 collected $2 from pot
Hannibal2211: doesn't show hand
*** SUMMARY ***
Total pot $2 | Rake $0
Seat 3: LouisB (button) (small blind) folded before Flop
Seat 5: Hannibal2211 (big blind) collected ($2)


PokerStars Hand #165098062005:  Hold'em Limit ($3/$6 USD) - 2017/01/24 12:06:41 ET
Table 'Hera' 6-max Seat #5 is the button
Seat 3: LouisB ($92.61 in chips)
Seat 5: Hannibal2211 ($114.49 in chips)
Hannibal2211: posts small blind $1
TbIP-TbIP 88: is sitting out
LouisB: posts big blind $3
*** HOLE CARDS ***
Hannibal2211: folds
Uncalled bet ($2) returned to LouisB
LouisB collected $2 from pot
LouisB: doesn't show hand
*** SUMMARY ***
Total pot $2 | Rake $0
Seat 3: LouisB (big blind) collected ($2)
Seat 5: Hannibal2211 (button) (small blind) folded before Flop


