PokerStars Hand #166306451159:  Hold'em Limit ($3/$6 USD) - 2017/02/16 14:16:20 ET
Table 'Herberta II' 6-max Seat #3 is the button
Seat 3: kirichetto ($56.64 in chips)
Seat 4: FHstyles ($56.76 in chips)
kirichetto: posts small blind $1
FHstyles: posts big blind $3
*** HOLE CARDS ***
kirichetto: folds
Uncalled bet ($2) returned to FHstyles
234599330 joins the table at seat #6
FHstyles collected $2 from pot
FHstyles: doesn't show hand
*** SUMMARY ***
Total pot $2 | Rake $0
Seat 3: kirichetto (button) (small blind) folded before Flop
Seat 4: FHstyles (big blind) collected ($2)


PokerStars Hand #166306422998:  Hold'em Limit ($3/$6 USD) - 2017/02/16 14:15:48 ET
Table 'Herberta II' 6-max Seat #4 is the button
Seat 3: kirichetto ($48 in chips)
Seat 4: FHstyles ($65.76 in chips)
FHstyles: posts small blind $1
kirichetto: posts big blind $3
*** HOLE CARDS ***
FHstyles: raises $3 to $6
kirichetto: calls $3
*** FLOP *** [Qh 6s Kh]
kirichetto: bets $3
FHstyles: calls $3
*** TURN *** [Qh 6s Kh] [Tc]
kirichetto: checks
FHstyles: checks
*** RIVER *** [Qh 6s Kh Tc] [Kc]
kirichetto: checks
FHstyles: checks
*** SHOW DOWN ***
kirichetto: shows [6d Td] (two pair, Kings and Tens)
FHstyles: mucks hand
kirichetto collected $17.64 from pot
Zubasa07 joins the table at seat #5
*** SUMMARY ***
Total pot $18 | Rake $0.36
Board [Qh 6s Kh Tc Kc]
Seat 3: kirichetto (big blind) showed [6d Td] and won ($17.64) with two pair, Kings and Tens
Seat 4: FHstyles (button) (small blind) mucked


PokerStars Hand #166308059711:  Hold'em Limit ($3/$6 USD) - 2017/02/16 14:45:52 ET
Table 'Herberta II' 6-max Seat #4 is the button
Seat 3: kirichetto ($20.91 in chips)
Seat 4: Koraseg ($96.74 in chips)
Koraseg: posts small blind $1
pompier40: is sitting out
kirichetto: posts big blind $3
*** HOLE CARDS ***
Koraseg: raises $3 to $6
Zubasa07 leaves the table
kirichetto: calls $3
*** FLOP *** [9c 9h Ah]
kirichetto: bets $3
Koraseg: calls $3
*** TURN *** [9c 9h Ah] [6s]
kirichetto: bets $6
Koraseg: raises $6 to $12
kirichetto: calls $5.91 and is all-in
Uncalled bet ($0.09) returned to Koraseg
*** RIVER *** [9c 9h Ah 6s] [3d]
*** SHOW DOWN ***
kirichetto: shows [8h 7d] (a pair of Nines)
Koraseg: shows [Kh 2h] (a pair of Nines - Ace+King kicker)
Koraseg collected $41.32 from pot
*** SUMMARY ***
Total pot $41.82 | Rake $0.50
Board [9c 9h Ah 6s 3d]
Seat 3: kirichetto (big blind) showed [8h 7d] and lost with a pair of Nines
Seat 4: Koraseg (button) (small blind) showed [Kh 2h] and won ($41.32) with a pair of Nines


