PokerStars Hand #152133105125:  Hold'em Limit ($3/$6 USD) - 2016/04/19 5:21:09 ET
Table 'Herberta' 6-max Seat #4 is the button
Seat 4: VolkovDmitri ($140.50 in chips)
Seat 6: kaypoker619 ($9.55 in chips)
VolkovDmitri: posts small blind $1
kaypoker619: posts big blind $3
*** HOLE CARDS ***
VolkovDmitri: folds
Uncalled bet ($2) returned to kaypoker619
kaypoker619 collected $2 from pot
kaypoker619: doesn't show hand
*** SUMMARY ***
Total pot $2 | Rake $0
Seat 4: VolkovDmitri (button) (small blind) folded before Flop
Seat 6: kaypoker619 (big blind) collected ($2)


PokerStars Hand #152133095921:  Hold'em Limit ($3/$6 USD) - 2016/04/19 5:20:46 ET
Table 'Herberta' 6-max Seat #6 is the button
Seat 4: VolkovDmitri ($120 in chips)
Seat 6: kaypoker619 ($30.55 in chips)
kaypoker619: posts small blind $1
VolkovDmitri: posts big blind $3
*** HOLE CARDS ***
kaypoker619: calls $2
VolkovDmitri: raises $3 to $6
kaypoker619: calls $3
*** FLOP *** [Jc 3s 6d]
VolkovDmitri: bets $3
kaypoker619: calls $3
*** TURN *** [Jc 3s 6d] [Kc]
Ale4o joins the table at seat #1
VolkovDmitri: bets $6
kaypoker619: calls $6
*** RIVER *** [Jc 3s 6d Kc] [9c]
VolkovDmitri: bets $6
kaypoker619: calls $6
*** SHOW DOWN ***
VolkovDmitri: shows [Kh 2c] (a pair of Kings)
kaypoker619: mucks hand
VolkovDmitri collected $41.50 from pot
*** SUMMARY ***
Total pot $42 | Rake $0.50
Board [Jc 3s 6d Kc 9c]
Seat 4: VolkovDmitri (big blind) showed [Kh 2c] and won ($41.50) with a pair of Kings
Seat 6: kaypoker619 (button) (small blind) mucked


PokerStars Hand #152133111741:  Hold'em Limit ($3/$6 USD) - 2016/04/19 5:21:26 ET
Table 'Herberta' 6-max Seat #6 is the button
Seat 1: Ale4o ($120 in chips)
Seat 6: kaypoker619 ($10.55 in chips)
kaypoker619: posts small blind $1
Ale4o: posts big blind $3
*** HOLE CARDS ***
VolkovDmitri leaves the table
kaypoker619: folds
Uncalled bet ($2) returned to Ale4o
Ale4o collected $2 from pot
Ale4o: doesn't show hand
*** SUMMARY ***
Total pot $2 | Rake $0
Seat 1: Ale4o (big blind) collected ($2)
Seat 6: kaypoker619 (button) (small blind) folded before Flop


