PokerStars Hand #149119017830:  Hold'em Limit ($3/$6 USD) - 2016/02/20 10:11:02 ET
Table 'Herberta' 6-max Seat #4 is the button
Seat 1: msanyi ($27 in chips)
Seat 4: Agrotait ($74.88 in chips)
Agrotait: posts small blind $1
msanyi: posts big blind $3
*** HOLE CARDS ***
Agrotait: raises $3 to $6
msanyi: raises $3 to $9
Agrotait: calls $3
*** FLOP *** [7c 2h Jh]
msanyi: bets $3
Agrotait: calls $3
*** TURN *** [7c 2h Jh] [Ks]
msanyi: bets $6
Agrotait: calls $6
*** RIVER *** [7c 2h Jh Ks] [Tc]
msanyi: checks
Agrotait: checks
*** SHOW DOWN ***
msanyi: shows [9d 9c] (a pair of Nines)
Agrotait: mucks hand
msanyi collected $35.50 from pot
*** SUMMARY ***
Total pot $36 | Rake $0.50
Board [7c 2h Jh Ks Tc]
Seat 1: msanyi (big blind) showed [9d 9c] and won ($35.50) with a pair of Nines
Seat 4: Agrotait (button) (small blind) mucked


PokerStars Hand #149119033723:  Hold'em Limit ($3/$6 USD) - 2016/02/20 10:11:21 ET
Table 'Herberta' 6-max Seat #1 is the button
Seat 1: msanyi ($44.50 in chips)
Seat 4: Agrotait ($72 in chips)
msanyi: posts small blind $1
Agrotait: posts big blind $3
*** HOLE CARDS ***
msanyi: folds
Uncalled bet ($2) returned to Agrotait
Agrotait collected $2 from pot
Agrotait: doesn't show hand
*** SUMMARY ***
Total pot $2 | Rake $0
Seat 1: msanyi (button) (small blind) folded before Flop
Seat 4: Agrotait (big blind) collected ($2)


PokerStars Hand #149119037423:  Hold'em Limit ($3/$6 USD) - 2016/02/20 10:11:26 ET
Table 'Herberta' 6-max Seat #4 is the button
Seat 1: msanyi ($43.50 in chips)
Seat 4: Agrotait ($73 in chips)
Agrotait: posts small blind $1
msanyi: posts big blind $3
*** HOLE CARDS ***
Agrotait: raises $3 to $6
msanyi: raises $3 to $9
Agrotait: calls $3
*** FLOP *** [2c 3d Qs]
msanyi: checks
Agrotait: bets $3
msanyi: calls $3
*** TURN *** [2c 3d Qs] [2d]
msanyi: checks
Agrotait: checks
*** RIVER *** [2c 3d Qs 2d] [9s]
msanyi: checks
Agrotait: checks
RockKillerTY joins the table at seat #2
*** SHOW DOWN ***
msanyi: shows [6d Ac] (a pair of Deuces)
Agrotait: mucks hand
msanyi collected $23.52 from pot
*** SUMMARY ***
Total pot $24 | Rake $0.48
Board [2c 3d Qs 2d 9s]
Seat 1: msanyi (big blind) showed [6d Ac] and won ($23.52) with a pair of Deuces
Seat 4: Agrotait (button) (small blind) mucked


PokerStars Hand #149119501471:  Hold'em Limit ($3/$6 USD) - 2016/02/20 10:20:45 ET
Table 'Herberta' 6-max Seat #3 is the button
Seat 3: Eklund_1891 ($93.15 in chips)
Seat 4: Agrotait ($77.76 in chips)
Eklund_1891: posts small blind $1
Agrotait: posts big blind $3
*** HOLE CARDS ***
Eklund_1891: folds
Uncalled bet ($2) returned to Agrotait
Agrotait collected $2 from pot
Agrotait: doesn't show hand
*** SUMMARY ***
Total pot $2 | Rake $0
Seat 3: Eklund_1891 (button) (small blind) folded before Flop
Seat 4: Agrotait (big blind) collected ($2)


PokerStars Hand #149119497574:  Hold'em Limit ($3/$6 USD) - 2016/02/20 10:20:40 ET
Table 'Herberta' 6-max Seat #4 is the button
Seat 3: Eklund_1891 ($92.15 in chips)
Seat 4: Agrotait ($78.76 in chips)
Agrotait: posts small blind $1
Eklund_1891: posts big blind $3
*** HOLE CARDS ***
Agrotait: folds
Uncalled bet ($2) returned to Eklund_1891
Eklund_1891 collected $2 from pot
Eklund_1891: doesn't show hand
*** SUMMARY ***
Total pot $2 | Rake $0
Seat 3: Eklund_1891 (big blind) collected ($2)
Seat 4: Agrotait (button) (small blind) folded before Flop


PokerStars Hand #149119485242:  Hold'em Limit ($3/$6 USD) - 2016/02/20 10:20:26 ET
Table 'Herberta' 6-max Seat #3 is the button
Seat 3: Eklund_1891 ($93.15 in chips)
Seat 4: Agrotait ($77.76 in chips)
Eklund_1891: posts small blind $1
Agrotait: posts big blind $3
*** HOLE CARDS ***
Eklund_1891: folds
Uncalled bet ($2) returned to Agrotait
Agrotait collected $2 from pot
Agrotait: doesn't show hand
*** SUMMARY ***
Total pot $2 | Rake $0
Seat 3: Eklund_1891 (button) (small blind) folded before Flop
Seat 4: Agrotait (big blind) collected ($2)


PokerStars Hand #149119472146:  Hold'em Limit ($3/$6 USD) - 2016/02/20 10:20:10 ET
Table 'Herberta' 6-max Seat #4 is the button
Seat 3: Eklund_1891 ($99.15 in chips)
Seat 4: Agrotait ($72 in chips)
Agrotait: posts small blind $1
Eklund_1891: posts big blind $3
*** HOLE CARDS ***
Agrotait: raises $3 to $6
Eklund_1891: calls $3
*** FLOP *** [7h 9s 9c]
Eklund_1891: checks
Agrotait: bets $3
Eklund_1891: folds
Uncalled bet ($3) returned to Agrotait
Agrotait collected $11.76 from pot
Agrotait: doesn't show hand
*** SUMMARY ***
Total pot $12 | Rake $0.24
Board [7h 9s 9c]
Seat 3: Eklund_1891 (big blind) folded on the Flop
Seat 4: Agrotait (button) (small blind) collected ($11.76)


PokerStars Hand #149119433649:  Hold'em Limit ($3/$6 USD) - 2016/02/20 10:19:23 ET
Table 'Herberta' 6-max Seat #3 is the button
Seat 3: Eklund_1891 ($78.65 in chips)
Seat 4: Agrotait ($72 in chips)
Eklund_1891: posts small blind $1
Agrotait: posts big blind $3
*** HOLE CARDS ***
Eklund_1891: raises $3 to $6
Agrotait: calls $3
*** FLOP *** [Ah Kh 6h]
Agrotait: checks
Eklund_1891: bets $3
Agrotait: calls $3
*** TURN *** [Ah Kh 6h] [Td]
Agrotait: checks
Eklund_1891: bets $6
Agrotait: calls $6
*** RIVER *** [Ah Kh 6h Td] [Js]
Agrotait: checks
Eklund_1891: bets $6
Agrotait: calls $6
*** SHOW DOWN ***
Eklund_1891: shows [Jc Ac] (two pair, Aces and Jacks)
Agrotait: mucks hand
Eklund_1891 collected $41.50 from pot
*** SUMMARY ***
Total pot $42 | Rake $0.50
Board [Ah Kh 6h Td Js]
Seat 3: Eklund_1891 (button) (small blind) showed [Jc Ac] and won ($41.50) with two pair, Aces and Jacks
Seat 4: Agrotait (big blind) mucked


PokerStars Hand #149119523460:  Hold'em Limit ($3/$6 USD) - 2016/02/20 10:21:12 ET
Table 'Herberta' 6-max Seat #3 is the button
Seat 3: Eklund_1891 ($62.15 in chips)
Seat 4: Agrotait ($108.26 in chips)
Eklund_1891: posts small blind $1
Agrotait: posts big blind $3
*** HOLE CARDS ***
Eklund_1891: raises $3 to $6
Agrotait: raises $3 to $9
Eklund_1891: calls $3
*** FLOP *** [3c 3h 7h]
Agrotait: checks
Eklund_1891: checks
*** TURN *** [3c 3h 7h] [2h]
Agrotait: bets $6
Eklund_1891: calls $6
*** RIVER *** [3c 3h 7h 2h] [Kh]
Agrotait: checks
RockKillerTY joins the table at seat #5
Eklund_1891: checks
*** SHOW DOWN ***
Agrotait: shows [As Jc] (a pair of Threes)
Eklund_1891: mucks hand
Agrotait collected $29.50 from pot
*** SUMMARY ***
Total pot $30 | Rake $0.50
Board [3c 3h 7h 2h Kh]
Seat 3: Eklund_1891 (button) (small blind) mucked
Seat 4: Agrotait (big blind) showed [As Jc] and won ($29.50) with a pair of Threes


PokerStars Hand #149119505196:  Hold'em Limit ($3/$6 USD) - 2016/02/20 10:20:50 ET
Table 'Herberta' 6-max Seat #4 is the button
Seat 3: Eklund_1891 ($92.15 in chips)
Seat 4: Agrotait ($78.76 in chips)
Agrotait: posts small blind $1
Eklund_1891: posts big blind $3
*** HOLE CARDS ***
Agrotait: raises $3 to $6
Eklund_1891: calls $3
*** FLOP *** [2d 8h 7s]
Eklund_1891: checks
Agrotait: bets $3
Eklund_1891: raises $3 to $6
Agrotait: calls $3
*** TURN *** [2d 8h 7s] [6s]
Eklund_1891: bets $6
Agrotait: calls $6
*** RIVER *** [2d 8h 7s 6s] [2h]
Eklund_1891: bets $6
Agrotait: raises $6 to $12
Eklund_1891: calls $6
*** SHOW DOWN ***
Agrotait: shows [Ad 8c] (two pair, Eights and Deuces)
Eklund_1891: mucks hand
Agrotait collected $59.50 from pot
*** SUMMARY ***
Total pot $60 | Rake $0.50
Board [2d 8h 7s 6s 2h]
Seat 3: Eklund_1891 (big blind) mucked
Seat 4: Agrotait (button) (small blind) showed [Ad 8c] and won ($59.50) with two pair, Eights and Deuces


PokerStars Hand #149119698343:  Hold'em Limit ($3/$6 USD) - 2016/02/20 10:24:41 ET
Table 'Herberta' 6-max Seat #3 is the button
Seat 3: Eklund_1891 ($51.05 in chips)
Seat 5: RockKillerTY ($127.25 in chips)
Eklund_1891: posts small blind $1
Agrotait: is sitting out
RockKillerTY: posts big blind $3
*** HOLE CARDS ***
Agrotait leaves the table
Eklund_1891: raises $3 to $6
RockKillerTY: calls $3
*** FLOP *** [Kc 5c 7c]
RockKillerTY: checks
Eklund_1891: bets $3
RockKillerTY: folds
Uncalled bet ($3) returned to Eklund_1891
Eklund_1891 collected $11.76 from pot
Eklund_1891: doesn't show hand
*** SUMMARY ***
Total pot $12 | Rake $0.24
Board [Kc 5c 7c]
Seat 3: Eklund_1891 (button) (small blind) collected ($11.76)
Seat 5: RockKillerTY (big blind) folded on the Flop


PokerStars Hand #149119734338:  Hold'em Limit ($3/$6 USD) - 2016/02/20 10:25:24 ET
Table 'Herberta' 6-max Seat #3 is the button
Seat 3: Eklund_1891 ($35.81 in chips)
Seat 5: RockKillerTY ($141.75 in chips)
Eklund_1891: posts small blind $1
RockKillerTY: posts big blind $3
*** HOLE CARDS ***
Eklund_1891: folds
Uncalled bet ($2) returned to RockKillerTY
RockKillerTY collected $2 from pot
RockKillerTY: doesn't show hand
*** SUMMARY ***
Total pot $2 | Rake $0
Seat 3: Eklund_1891 (button) (small blind) folded before Flop
Seat 5: RockKillerTY (big blind) collected ($2)


PokerStars Hand #149119710648:  Hold'em Limit ($3/$6 USD) - 2016/02/20 10:24:56 ET
Table 'Herberta' 6-max Seat #5 is the button
Seat 3: Eklund_1891 ($56.81 in chips)
Seat 5: RockKillerTY ($121.25 in chips)
RockKillerTY: posts small blind $1
Eklund_1891: posts big blind $3
*** HOLE CARDS ***
RockKillerTY: raises $3 to $6
Eklund_1891: calls $3
*** FLOP *** [2h 6h Qd]
Eklund_1891: checks
RockKillerTY: bets $3
Eklund_1891: calls $3
*** TURN *** [2h 6h Qd] [7h]
Eklund_1891: checks
RockKillerTY: bets $6
Eklund_1891: calls $6
*** RIVER *** [2h 6h Qd 7h] [4s]
Eklund_1891: checks
RockKillerTY: bets $6
Eklund_1891: calls $6
*** SHOW DOWN ***
RockKillerTY: shows [Qh Ac] (a pair of Queens)
Eklund_1891: mucks hand
RockKillerTY collected $41.50 from pot
*** SUMMARY ***
Total pot $42 | Rake $0.50
Board [2h 6h Qd 7h 4s]
Seat 3: Eklund_1891 (big blind) mucked
Seat 5: RockKillerTY (button) (small blind) showed [Qh Ac] and won ($41.50) with a pair of Queens


PokerStars Hand #149119791048:  Hold'em Limit ($3/$6 USD) - 2016/02/20 10:26:32 ET
Table 'Herberta' 6-max Seat #3 is the button
Seat 3: Eklund_1891 ($46.33 in chips)
Seat 5: RockKillerTY ($130.75 in chips)
Eklund_1891: posts small blind $1
RockKillerTY: posts big blind $3
*** HOLE CARDS ***
Eklund_1891: raises $3 to $6
RockKillerTY: folds
Uncalled bet ($3) returned to Eklund_1891
Eklund_1891 collected $6 from pot
Eklund_1891: doesn't show hand
*** SUMMARY ***
Total pot $6 | Rake $0
Seat 3: Eklund_1891 (button) (small blind) collected ($6)
Seat 5: RockKillerTY (big blind) folded before Flop


PokerStars Hand #149119739684:  Hold'em Limit ($3/$6 USD) - 2016/02/20 10:25:30 ET
Table 'Herberta' 6-max Seat #5 is the button
Seat 3: Eklund_1891 ($34.81 in chips)
Seat 5: RockKillerTY ($142.75 in chips)
RockKillerTY: posts small blind $1
Eklund_1891: posts big blind $3
*** HOLE CARDS ***
RockKillerTY: raises $3 to $6
Eklund_1891: raises $3 to $9
RockKillerTY: calls $3
*** FLOP *** [4c Kh Tc]
Eklund_1891: bets $3
RockKillerTY: calls $3
*** TURN *** [4c Kh Tc] [Js]
Eklund_1891: bets $6
RockKillerTY: folds
Uncalled bet ($6) returned to Eklund_1891
Eklund_1891 collected $23.52 from pot
Eklund_1891: doesn't show hand
*** SUMMARY ***
Total pot $24 | Rake $0.48
Board [4c Kh Tc Js]
Seat 3: Eklund_1891 (big blind) collected ($23.52)
Seat 5: RockKillerTY (button) (small blind) folded on the Turn


PokerStars Hand #149119858776:  Hold'em Limit ($3/$6 USD) - 2016/02/20 10:27:52 ET
Table 'Herberta' 6-max Seat #5 is the button
Seat 3: Eklund_1891 ($32.33 in chips)
Seat 5: RockKillerTY ($144.15 in chips)
RockKillerTY: posts small blind $1
Eklund_1891: posts big blind $3
*** HOLE CARDS ***
RockKillerTY: folds
Uncalled bet ($2) returned to Eklund_1891
Eklund_1891 collected $2 from pot
Eklund_1891: doesn't show hand
*** SUMMARY ***
Total pot $2 | Rake $0
Seat 3: Eklund_1891 (big blind) collected ($2)
Seat 5: RockKillerTY (button) (small blind) folded before Flop


PokerStars Hand #149119854839:  Hold'em Limit ($3/$6 USD) - 2016/02/20 10:27:48 ET
Table 'Herberta' 6-max Seat #3 is the button
Seat 3: Eklund_1891 ($33.33 in chips)
Seat 5: RockKillerTY ($143.15 in chips)
Eklund_1891: posts small blind $1
RockKillerTY: posts big blind $3
*** HOLE CARDS ***
Eklund_1891: folds
Uncalled bet ($2) returned to RockKillerTY
RockKillerTY collected $2 from pot
RockKillerTY: doesn't show hand
*** SUMMARY ***
Total pot $2 | Rake $0
Seat 3: Eklund_1891 (button) (small blind) folded before Flop
Seat 5: RockKillerTY (big blind) collected ($2)


PokerStars Hand #149119844446:  Hold'em Limit ($3/$6 USD) - 2016/02/20 10:27:35 ET
Table 'Herberta' 6-max Seat #5 is the button
Seat 3: Eklund_1891 ($39.33 in chips)
Seat 5: RockKillerTY ($137.39 in chips)
RockKillerTY: posts small blind $1
Eklund_1891: posts big blind $3
*** HOLE CARDS ***
RockKillerTY: raises $3 to $6
Eklund_1891: calls $3
*** FLOP *** [2h 7c 3h]
Eklund_1891: checks
RockKillerTY: bets $3
Eklund_1891: folds
Uncalled bet ($3) returned to RockKillerTY
RockKillerTY collected $11.76 from pot
RockKillerTY: doesn't show hand
*** SUMMARY ***
Total pot $12 | Rake $0.24
Board [2h 7c 3h]
Seat 3: Eklund_1891 (big blind) folded on the Flop
Seat 5: RockKillerTY (button) (small blind) collected ($11.76)


PokerStars Hand #149119840605:  Hold'em Limit ($3/$6 USD) - 2016/02/20 10:27:31 ET
Table 'Herberta' 6-max Seat #3 is the button
Seat 3: Eklund_1891 ($40.33 in chips)
Seat 5: RockKillerTY ($136.39 in chips)
Eklund_1891: posts small blind $1
RockKillerTY: posts big blind $3
*** HOLE CARDS ***
Eklund_1891: folds
Uncalled bet ($2) returned to RockKillerTY
RockKillerTY collected $2 from pot
RockKillerTY: doesn't show hand
*** SUMMARY ***
Total pot $2 | Rake $0
Seat 3: Eklund_1891 (button) (small blind) folded before Flop
Seat 5: RockKillerTY (big blind) collected ($2)


PokerStars Hand #149119822813:  Hold'em Limit ($3/$6 USD) - 2016/02/20 10:27:09 ET
Table 'Herberta' 6-max Seat #5 is the button
Seat 3: Eklund_1891 ($49.33 in chips)
Seat 5: RockKillerTY ($127.75 in chips)
RockKillerTY: posts small blind $1
Eklund_1891: posts big blind $3
*** HOLE CARDS ***
RockKillerTY: raises $3 to $6
Eklund_1891: calls $3
*** FLOP *** [5h As Qs]
Eklund_1891: checks
RockKillerTY: bets $3
Eklund_1891: calls $3
*** TURN *** [5h As Qs] [5d]
Eklund_1891: checks
RockKillerTY: bets $6
Eklund_1891: folds
Uncalled bet ($6) returned to RockKillerTY
RockKillerTY collected $17.64 from pot
RockKillerTY: doesn't show hand
*** SUMMARY ***
Total pot $18 | Rake $0.36
Board [5h As Qs 5d]
Seat 3: Eklund_1891 (big blind) folded on the Turn
Seat 5: RockKillerTY (button) (small blind) collected ($17.64)


PokerStars Hand #149119816671:  Hold'em Limit ($3/$6 USD) - 2016/02/20 10:27:02 ET
Table 'Herberta' 6-max Seat #3 is the button
Seat 3: Eklund_1891 ($50.33 in chips)
Seat 5: RockKillerTY ($126.75 in chips)
Eklund_1891: posts small blind $1
RockKillerTY: posts big blind $3
*** HOLE CARDS ***
Eklund_1891: folds
Uncalled bet ($2) returned to RockKillerTY
RockKillerTY collected $2 from pot
RockKillerTY: doesn't show hand
*** SUMMARY ***
Total pot $2 | Rake $0
Seat 3: Eklund_1891 (button) (small blind) folded before Flop
Seat 5: RockKillerTY (big blind) collected ($2)


PokerStars Hand #149119811670:  Hold'em Limit ($3/$6 USD) - 2016/02/20 10:26:56 ET
Table 'Herberta' 6-max Seat #5 is the button
Seat 3: Eklund_1891 ($49.33 in chips)
Seat 5: RockKillerTY ($127.75 in chips)
RockKillerTY: posts small blind $1
Eklund_1891: posts big blind $3
*** HOLE CARDS ***
RockKillerTY: folds
Uncalled bet ($2) returned to Eklund_1891
Eklund_1891 collected $2 from pot
Eklund_1891: doesn't show hand
*** SUMMARY ***
Total pot $2 | Rake $0
Seat 3: Eklund_1891 (big blind) collected ($2)
Seat 5: RockKillerTY (button) (small blind) folded before Flop


PokerStars Hand #149119862175:  Hold'em Limit ($3/$6 USD) - 2016/02/20 10:27:56 ET
Table 'Herberta' 6-max Seat #3 is the button
Seat 3: Eklund_1891 ($33.33 in chips)
Seat 5: RockKillerTY ($143.15 in chips)
Eklund_1891: posts small blind $1
RockKillerTY: posts big blind $3
*** HOLE CARDS ***
Eklund_1891: raises $3 to $6
RockKillerTY: calls $3
*** FLOP *** [6h 9d 2s]
RockKillerTY: checks
Eklund_1891: bets $3
RockKillerTY: calls $3
*** TURN *** [6h 9d 2s] [7c]
RockKillerTY: checks
Eklund_1891: checks
*** RIVER *** [6h 9d 2s 7c] [3s]
RockKillerTY: checks
Eklund_1891: checks
*** SHOW DOWN ***
RockKillerTY: shows [As 4c] (high card Ace)
Eklund_1891: mucks hand
RockKillerTY collected $17.64 from pot
*** SUMMARY ***
Total pot $18 | Rake $0.36
Board [6h 9d 2s 7c 3s]
Seat 3: Eklund_1891 (button) (small blind) mucked
Seat 5: RockKillerTY (big blind) showed [As 4c] and won ($17.64) with high card Ace


PokerStars Hand #149119951887:  Hold'em Limit ($3/$6 USD) - 2016/02/20 10:29:43 ET
Table 'Herberta' 6-max Seat #5 is the button
Seat 3: Eklund_1891 ($11.85 in chips)
Seat 5: RockKillerTY ($163.29 in chips)
RockKillerTY: posts small blind $1
Eklund_1891: posts big blind $3
*** HOLE CARDS ***
RockKillerTY: folds
Uncalled bet ($2) returned to Eklund_1891
Eklund_1891 collected $2 from pot
Eklund_1891: doesn't show hand
*** SUMMARY ***
Total pot $2 | Rake $0
Seat 3: Eklund_1891 (big blind) collected ($2)
Seat 5: RockKillerTY (button) (small blind) folded before Flop


PokerStars Hand #149119932438:  Hold'em Limit ($3/$6 USD) - 2016/02/20 10:29:20 ET
Table 'Herberta' 6-max Seat #3 is the button
Seat 3: Eklund_1891 ($35.85 in chips)
Seat 5: RockKillerTY ($139.79 in chips)
Eklund_1891: posts small blind $1
RockKillerTY: posts big blind $3
*** HOLE CARDS ***
Eklund_1891: raises $3 to $6
RockKillerTY: raises $3 to $9
msanyi joins the table at seat #4
Eklund_1891: calls $3
*** FLOP *** [5h 6c Qh]
RockKillerTY: bets $3
Eklund_1891: calls $3
*** TURN *** [5h 6c Qh] [2d]
RockKillerTY: bets $6
Eklund_1891: calls $6
*** RIVER *** [5h 6c Qh 2d] [7h]
RockKillerTY: bets $6
Eklund_1891: calls $6
*** SHOW DOWN ***
RockKillerTY: shows [6h Ad] (a pair of Sixes)
Eklund_1891: mucks hand
RockKillerTY collected $47.50 from pot
*** SUMMARY ***
Total pot $48 | Rake $0.50
Board [5h 6c Qh 2d 7h]
Seat 3: Eklund_1891 (button) (small blind) mucked
Seat 5: RockKillerTY (big blind) showed [6h Ad] and won ($47.50) with a pair of Sixes


PokerStars Hand #149119882170:  Hold'em Limit ($3/$6 USD) - 2016/02/20 10:28:20 ET
Table 'Herberta' 6-max Seat #5 is the button
Seat 3: Eklund_1891 ($24.33 in chips)
Seat 5: RockKillerTY ($151.79 in chips)
RockKillerTY: posts small blind $1
Eklund_1891: posts big blind $3
*** HOLE CARDS ***
RockKillerTY: raises $3 to $6
Eklund_1891: raises $3 to $9
RockKillerTY: calls $3
*** FLOP *** [7s Ad 3c]
Eklund_1891: checks
RockKillerTY: bets $3
Eklund_1891: calls $3
*** TURN *** [7s Ad 3c] [3h]
Eklund_1891: checks
RockKillerTY: checks
*** RIVER *** [7s Ad 3c 3h] [2h]
Eklund_1891: bets $6
RockKillerTY: folds
Uncalled bet ($6) returned to Eklund_1891
Eklund_1891 collected $23.52 from pot
Eklund_1891: doesn't show hand
*** SUMMARY ***
Total pot $24 | Rake $0.48
Board [7s Ad 3c 3h 2h]
Seat 3: Eklund_1891 (big blind) collected ($23.52)
Seat 5: RockKillerTY (button) (small blind) folded on the River


