PokerStars Hand #155909374367:  Hold'em Limit ($3/$6 USD) - 2016/07/13 4:22:01 ET
Table 'Herba' 6-max Seat #5 is the button
Seat 5: buddhasway ($141.64 in chips)
Seat 6: kolaz03 ($78.76 in chips)
buddhasway: posts small blind $1
kolaz03: posts big blind $3
*** HOLE CARDS ***
buddhasway: folds
Uncalled bet ($2) returned to kolaz03
kolaz03 collected $2 from pot
kolaz03: doesn't show hand
*** SUMMARY ***
Total pot $2 | Rake $0
Seat 5: buddhasway (button) (small blind) folded before Flop
Seat 6: kolaz03 (big blind) collected ($2)


PokerStars Hand #155909366139:  Hold'em Limit ($3/$6 USD) - 2016/07/13 4:21:32 ET
Table 'Herba' 6-max Seat #5 is the button
Seat 5: buddhasway ($148.64 in chips)
Seat 6: kolaz03 ($72 in chips)
buddhasway: posts small blind $1
kolaz03: posts big blind $3
*** HOLE CARDS ***
buddhasway: folds
Uncalled bet ($2) returned to kolaz03
kolaz03 collected $2 from pot
kolaz03: doesn't show hand
*** SUMMARY ***
Total pot $2 | Rake $0
Seat 5: buddhasway (button) (small blind) folded before Flop
Seat 6: kolaz03 (big blind) collected ($2)


PokerStars Hand #155909367576:  Hold'em Limit ($3/$6 USD) - 2016/07/13 4:21:37 ET
Table 'Herba' 6-max Seat #6 is the button
Seat 5: buddhasway ($147.64 in chips)
Seat 6: kolaz03 ($73 in chips)
kolaz03: posts small blind $1
buddhasway: posts big blind $3
*** HOLE CARDS ***
kolaz03: raises $3 to $6
buddhasway: calls $3
*** FLOP *** [Qs 8s 9s]
buddhasway: checks
kolaz03: bets $3
buddhasway: folds
Uncalled bet ($3) returned to kolaz03
kolaz03 collected $11.76 from pot
kolaz03: doesn't show hand
*** SUMMARY ***
Total pot $12 | Rake $0.24
Board [Qs 8s 9s]
Seat 5: buddhasway (big blind) folded on the Flop
Seat 6: kolaz03 (button) (small blind) collected ($11.76)


PokerStars Hand #155909356840:  Hold'em Limit ($3/$6 USD) - 2016/07/13 4:20:59 ET
Table 'Herba' 6-max Seat #6 is the button
Seat 5: buddhasway ($140 in chips)
Seat 6: kolaz03 ($72 in chips)
kolaz03: posts small blind $1
buddhasway: posts big blind $3
*** HOLE CARDS ***
kolaz03: raises $3 to $6
buddhasway: raises $3 to $9
kolaz03: calls $3
*** FLOP *** [8c 4h 2d]
buddhasway: checks
kolaz03: checks
*** TURN *** [8c 4h 2d] [Qh]
buddhasway: bets $6
kolaz03: folds
Uncalled bet ($6) returned to buddhasway
buddhasway collected $17.64 from pot
buddhasway: doesn't show hand
*** SUMMARY ***
Total pot $18 | Rake $0.36
Board [8c 4h 2d Qh]
Seat 5: buddhasway (big blind) collected ($17.64)
Seat 6: kolaz03 (button) (small blind) folded on the Turn


PokerStars Hand #155909376593:  Hold'em Limit ($3/$6 USD) - 2016/07/13 4:22:09 ET
Table 'Herba' 6-max Seat #6 is the button
Seat 5: buddhasway ($140.64 in chips)
Seat 6: kolaz03 ($79.76 in chips)
kolaz03: posts small blind $1
buddhasway: posts big blind $3
*** HOLE CARDS ***
kolaz03: raises $3 to $6
buddhasway: calls $3
*** FLOP *** [Qc Ad Ac]
buddhasway: checks
kolaz03: bets $3
buddhasway: calls $3
*** TURN *** [Qc Ad Ac] [9s]
buddhasway: checks
kolaz03: bets $6
buddhasway: calls $6
*** RIVER *** [Qc Ad Ac 9s] [9c]
buddhasway: checks
kolaz03: bets $6
buddhasway: calls $6
*** SHOW DOWN ***
kolaz03: shows [As 8h] (a full house, Aces full of Nines)
buddhasway: mucks hand
kolaz03 collected $41.50 from pot
*** SUMMARY ***
Total pot $42 | Rake $0.50
Board [Qc Ad Ac 9s 9c]
Seat 5: buddhasway (big blind) mucked
Seat 6: kolaz03 (button) (small blind) showed [As 8h] and won ($41.50) with a full house, Aces full of Nines


PokerStars Hand #155909391652:  Hold'em Limit ($3/$6 USD) - 2016/07/13 4:23:02 ET
Table 'Herba' 6-max Seat #5 is the button
Seat 5: buddhasway ($119.64 in chips)
Seat 6: kolaz03 ($100.26 in chips)
buddhasway: posts small blind $1
kolaz03: posts big blind $3
*** HOLE CARDS ***
buddhasway: raises $3 to $6
kolaz03: calls $3
*** FLOP *** [5c 3h Jd]
kolaz03: checks
_fayzulllo_ joins the table at seat #2
buddhasway: bets $3
kolaz03: calls $3
*** TURN *** [5c 3h Jd] [9d]
kolaz03: checks
buddhasway: bets $6
kolaz03: calls $6
*** RIVER *** [5c 3h Jd 9d] [3d]
kolaz03: checks
buddhasway: checks
*** SHOW DOWN ***
kolaz03: shows [Qh 8c] (a pair of Threes)
buddhasway: mucks hand
kolaz03 collected $29.50 from pot
*** SUMMARY ***
Total pot $30 | Rake $0.50
Board [5c 3h Jd 9d 3d]
Seat 5: buddhasway (button) (small blind) mucked
Seat 6: kolaz03 (big blind) showed [Qh 8c] and won ($29.50) with a pair of Threes


PokerStars Hand #155910610587:  Hold'em Limit ($3/$6 USD) - 2016/07/13 5:28:46 ET
Table 'Herba' 6-max Seat #5 is the button
Seat 5: buddhasway ($219.48 in chips)
Seat 6: kolaz03 ($158.55 in chips)
jbauer55 joins the table at seat #4
buddhasway: posts small blind $1
kolaz03: posts big blind $3
*** HOLE CARDS ***
buddhasway: folds
Uncalled bet ($2) returned to kolaz03
kolaz03 collected $2 from pot
kolaz03: doesn't show hand
*** SUMMARY ***
Total pot $2 | Rake $0
Seat 5: buddhasway (button) (small blind) folded before Flop
Seat 6: kolaz03 (big blind) collected ($2)


PokerStars Hand #155910601237:  Hold'em Limit ($3/$6 USD) - 2016/07/13 5:28:18 ET
Table 'Herba' 6-max Seat #6 is the button
Seat 5: buddhasway ($210.84 in chips)
Seat 6: kolaz03 ($167.55 in chips)
kolaz03: posts small blind $1
buddhasway: posts big blind $3
*** HOLE CARDS ***
kolaz03: raises $3 to $6
buddhasway: raises $3 to $9
Fabulous108 joins the table at seat #1
kolaz03: calls $3
*** FLOP *** [Qh Jh 5c]
Dim_Denim_ joins the table at seat #3
buddhasway: bets $3
kolaz03: folds
Uncalled bet ($3) returned to buddhasway
buddhasway collected $17.64 from pot
buddhasway: doesn't show hand
*** SUMMARY ***
Total pot $18 | Rake $0.36
Board [Qh Jh 5c]
Seat 5: buddhasway (big blind) collected ($17.64)
Seat 6: kolaz03 (button) (small blind) folded on the Flop


