PokerStars Hand #150749726014:  Hold'em Limit ($3/$6 USD) - 2016/03/22 8:04:15 ET
Table 'Herba II' 6-max Seat #3 is the button
Seat 3: ManuelSikora ($69.84 in chips)
Seat 4: Actionni13 ($185.50 in chips)
ManuelSikora: posts small blind $1
Actionni13: posts big blind $3
*** HOLE CARDS ***
ManuelSikora: raises $3 to $6
Actionni13: raises $3 to $9
ManuelSikora: raises $3 to $12
Betting is capped
Actionni13: calls $3
*** FLOP *** [Qd Ac 8d]
Actionni13: checks
ManuelSikora: checks
*** TURN *** [Qd Ac 8d] [3d]
Actionni13: bets $6
ManuelSikora: raises $6 to $12
Actionni13: calls $6
*** RIVER *** [Qd Ac 8d 3d] [Jc]
Actionni13: bets $6
ManuelSikora: raises $6 to $12
Actionni13: calls $6
*** SHOW DOWN ***
ManuelSikora: shows [Ad Kc] (a pair of Aces)
Actionni13: shows [Qs Js] (two pair, Queens and Jacks)
Actionni13 collected $71.50 from pot
*** SUMMARY ***
Total pot $72 | Rake $0.50
Board [Qd Ac 8d 3d Jc]
Seat 3: ManuelSikora (button) (small blind) showed [Ad Kc] and lost with a pair of Aces
Seat 4: Actionni13 (big blind) showed [Qs Js] and won ($71.50) with two pair, Queens and Jacks


PokerStars Hand #150749745610:  Hold'em Limit ($3/$6 USD) - 2016/03/22 8:04:52 ET
Table 'Herba II' 6-max Seat #4 is the button
Seat 3: ManuelSikora ($33.84 in chips)
Seat 4: Actionni13 ($221 in chips)
Actionni13: posts small blind $1
ManuelSikora: posts big blind $3
*** HOLE CARDS ***
Actionni13: raises $3 to $6
ManuelSikora: calls $3
*** FLOP *** [Td Kh 4h]
ManuelSikora: checks
Actionni13: bets $3
ManuelSikora: calls $3
*** TURN *** [Td Kh 4h] [6s]
ManuelSikora: bets $6
Actionni13: raises $6 to $12
ManuelSikora: calls $6
*** RIVER *** [Td Kh 4h 6s] [4d]
ManuelSikora: checks
Actionni13: bets $6
ManuelSikora: folds
Uncalled bet ($6) returned to Actionni13
Actionni13 collected $41.50 from pot
Actionni13: doesn't show hand
*** SUMMARY ***
Total pot $42 | Rake $0.50
Board [Td Kh 4h 6s 4d]
Seat 3: ManuelSikora (big blind) folded on the River
Seat 4: Actionni13 (button) (small blind) collected ($41.50)


PokerStars Hand #150749760816:  Hold'em Limit ($3/$6 USD) - 2016/03/22 8:05:22 ET
Table 'Herba II' 6-max Seat #3 is the button
Seat 3: ManuelSikora ($12.84 in chips)
Seat 4: Actionni13 ($241.50 in chips)
ManuelSikora: posts small blind $1
Actionni13: posts big blind $3
*** HOLE CARDS ***
ManuelSikora: raises $3 to $6
Actionni13: calls $3
*** FLOP *** [2c 4s Qd]
Actionni13: checks
ManuelSikora: bets $3
Actionni13: calls $3
*** TURN *** [2c 4s Qd] [5s]
Actionni13: bets $6
ManuelSikora: calls $3.84 and is all-in
Uncalled bet ($2.16) returned to Actionni13
*** RIVER *** [2c 4s Qd 5s] [Qs]
*** SHOW DOWN ***
Actionni13: shows [5h Jd] (two pair, Queens and Fives)
ManuelSikora: shows [7h 8h] (a pair of Queens)
Actionni13 collected $25.18 from pot
*** SUMMARY ***
Total pot $25.68 | Rake $0.50
Board [2c 4s Qd 5s Qs]
Seat 3: ManuelSikora (button) (small blind) showed [7h 8h] and lost with a pair of Queens
Seat 4: Actionni13 (big blind) showed [5h Jd] and won ($25.18) with two pair, Queens and Fives


PokerStars Hand #150751122801:  Hold'em Limit ($3/$6 USD) - 2016/03/22 8:47:24 ET
Table 'Herba II' 6-max Seat #5 is the button
Seat 4: Actionni13 ($268.34 in chips)
Seat 5: PayMyAudiR8 ($58.68 in chips)
PayMyAudiR8: posts small blind $1
Actionni13: posts big blind $3
*** HOLE CARDS ***
PayMyAudiR8: raises $3 to $6
Actionni13: calls $3
*** FLOP *** [9s 9d 5c]
Actionni13: checks
PayMyAudiR8: bets $3
Actionni13: calls $3
*** TURN *** [9s 9d 5c] [Jh]
Actionni13: checks
PayMyAudiR8: bets $6
Actionni13: folds
Uncalled bet ($6) returned to PayMyAudiR8
PayMyAudiR8 collected $17.64 from pot
PayMyAudiR8: doesn't show hand
*** SUMMARY ***
Total pot $18 | Rake $0.36
Board [9s 9d 5c Jh]
Seat 4: Actionni13 (big blind) folded on the Turn
Seat 5: PayMyAudiR8 (button) (small blind) collected ($17.64)


PokerStars Hand #150751110033:  Hold'em Limit ($3/$6 USD) - 2016/03/22 8:47:01 ET
Table 'Herba II' 6-max Seat #4 is the button
Seat 4: Actionni13 ($253.84 in chips)
Seat 5: PayMyAudiR8 ($73.68 in chips)
Actionni13: posts small blind $1
PayMyAudiR8: posts big blind $3
*** HOLE CARDS ***
Actionni13: raises $3 to $6
PayMyAudiR8: calls $3
*** FLOP *** [3c Td 2h]
PayMyAudiR8: checks
Actionni13: bets $3
PayMyAudiR8: calls $3
*** TURN *** [3c Td 2h] [4c]
PayMyAudiR8: checks
Actionni13: bets $6
PayMyAudiR8: calls $6
*** RIVER *** [3c Td 2h 4c] [9s]
PayMyAudiR8: checks
Actionni13: bets $6
PayMyAudiR8: folds
Uncalled bet ($6) returned to Actionni13
Actionni13 collected $29.50 from pot
Actionni13: doesn't show hand
*** SUMMARY ***
Total pot $30 | Rake $0.50
Board [3c Td 2h 4c 9s]
Seat 4: Actionni13 (button) (small blind) collected ($29.50)
Seat 5: PayMyAudiR8 (big blind) folded on the River


