PokerStars Hand #146312611260:  Hold'em Limit ($3/$6 USD) - 2016/01/02 2:58:05 ET
Table 'Herberta II' 6-max Seat #3 is the button
Seat 1: VolkovDmitri ($120 in chips)
Seat 3: permafrost07 ($143.50 in chips)
permafrost07: posts small blind $1
VolkovDmitri: posts big blind $3
*** HOLE CARDS ***
permafrost07: raises $3 to $6
VolkovDmitri: calls $3
*** FLOP *** [9c Qs 4s]
VolkovDmitri: checks
permafrost07: checks
*** TURN *** [9c Qs 4s] [9s]
VolkovDmitri: checks
permafrost07: checks
*** RIVER *** [9c Qs 4s 9s] [6s]
VolkovDmitri: checks
permafrost07: bets $6
VolkovDmitri: calls $6
*** SHOW DOWN ***
permafrost07: shows [6h 6c] (a full house, Sixes full of Nines)
VolkovDmitri: mucks hand
permafrost07 collected $23.52 from pot
*** SUMMARY ***
Total pot $24 | Rake $0.48
Board [9c Qs 4s 9s 6s]
Seat 1: VolkovDmitri (big blind) mucked
Seat 3: permafrost07 (button) (small blind) showed [6h 6c] and won ($23.52) with a full house, Sixes full of Nines


PokerStars Hand #146312601838:  Hold'em Limit ($3/$6 USD) - 2016/01/02 2:57:33 ET
Table 'Herberta II' 6-max Seat #1 is the button
Seat 1: VolkovDmitri ($120 in chips)
Seat 3: permafrost07 ($120 in chips)
VolkovDmitri: posts small blind $1
permafrost07: posts big blind $3
*** HOLE CARDS ***
VolkovDmitri: raises $3 to $6
permafrost07: raises $3 to $9
VolkovDmitri: calls $3
*** FLOP *** [9s Jh 6h]
permafrost07: bets $3
VolkovDmitri: calls $3
*** TURN *** [9s Jh 6h] [2d]
permafrost07: bets $6
VolkovDmitri: calls $6
*** RIVER *** [9s Jh 6h 2d] [2h]
permafrost07: bets $6
VolkovDmitri: calls $6
*** SHOW DOWN ***
permafrost07: shows [Jc Ts] (two pair, Jacks and Deuces)
VolkovDmitri: mucks hand
permafrost07 collected $47.50 from pot
*** SUMMARY ***
Total pot $48 | Rake $0.50
Board [9s Jh 6h 2d 2h]
Seat 1: VolkovDmitri (button) (small blind) mucked
Seat 3: permafrost07 (big blind) showed [Jc Ts] and won ($47.50) with two pair, Jacks and Deuces


PokerStars Hand #146312617977:  Hold'em Limit ($3/$6 USD) - 2016/01/02 2:58:28 ET
Table 'Herberta II' 6-max Seat #1 is the button
Seat 1: VolkovDmitri ($120 in chips)
Seat 3: permafrost07 ($155.02 in chips)
VolkovDmitri: posts small blind $1
permafrost07: posts big blind $3
*** HOLE CARDS ***
VolkovDmitri: raises $3 to $6
permafrost07: calls $3
*** FLOP *** [Jd 7s 5d]
permafrost07: bets $3
VolkovDmitri: calls $3
*** TURN *** [Jd 7s 5d] [Qh]
permafrost07: checks
VolkovDmitri: checks
*** RIVER *** [Jd 7s 5d Qh] [3c]
permafrost07: checks
VolkovDmitri: checks
*** SHOW DOWN ***
permafrost07: shows [Kd 8c] (high card King)
VolkovDmitri: shows [4h Ah] (high card Ace)
VolkovDmitri collected $17.64 from pot
*** SUMMARY ***
Total pot $18 | Rake $0.36
Board [Jd 7s 5d Qh 3c]
Seat 1: VolkovDmitri (button) (small blind) showed [4h Ah] and won ($17.64) with high card Ace
Seat 3: permafrost07 (big blind) showed [Kd 8c] and lost with high card King


PokerStars Hand #146312625449:  Hold'em Limit ($3/$6 USD) - 2016/01/02 2:58:54 ET
Table 'Herberta II' 6-max Seat #3 is the button
Seat 1: VolkovDmitri ($128.64 in chips)
Seat 3: permafrost07 ($146.02 in chips)
permafrost07: posts small blind $1
VolkovDmitri: posts big blind $3
*** HOLE CARDS ***
permafrost07: raises $3 to $6
VolkovDmitri: calls $3
*** FLOP *** [5d 9s 4c]
VolkovDmitri: checks
permafrost07: checks
*** TURN *** [5d 9s 4c] [6s]
VolkovDmitri: bets $6
permafrost07: calls $6
*** RIVER *** [5d 9s 4c 6s] [4h]
VolkovDmitri: bets $6
permafrost07: calls $6
*** SHOW DOWN ***
VolkovDmitri: shows [8c 7d] (a straight, Five to Nine)
permafrost07: mucks hand
VolkovDmitri collected $35.50 from pot
*** SUMMARY ***
Total pot $36 | Rake $0.50
Board [5d 9s 4c 6s 4h]
Seat 1: VolkovDmitri (big blind) showed [8c 7d] and won ($35.50) with a straight, Five to Nine
Seat 3: permafrost07 (button) (small blind) mucked


PokerStars Hand #146312641826:  Hold'em Limit ($3/$6 USD) - 2016/01/02 2:59:51 ET
Table 'Herberta II' 6-max Seat #3 is the button
Seat 1: VolkovDmitri ($128.14 in chips)
Seat 3: permafrost07 ($145.52 in chips)
permafrost07: posts small blind $1
VolkovDmitri: posts big blind $3
*** HOLE CARDS ***
permafrost07: raises $3 to $6
VolkovDmitri: calls $3
*** FLOP *** [Js 9h Qc]
VolkovDmitri: checks
permafrost07: bets $3
VolkovDmitri: folds
Uncalled bet ($3) returned to permafrost07
permafrost07 collected $11.76 from pot
permafrost07: doesn't show hand
*** SUMMARY ***
Total pot $12 | Rake $0.24
Board [Js 9h Qc]
Seat 1: VolkovDmitri (big blind) folded on the Flop
Seat 3: permafrost07 (button) (small blind) collected ($11.76)


PokerStars Hand #146312631128:  Hold'em Limit ($3/$6 USD) - 2016/01/02 2:59:14 ET
Table 'Herberta II' 6-max Seat #1 is the button
Seat 1: VolkovDmitri ($146.14 in chips)
Seat 3: permafrost07 ($128.02 in chips)
VolkovDmitri: posts small blind $1
permafrost07: posts big blind $3
*** HOLE CARDS ***
VolkovDmitri: raises $3 to $6
permafrost07: raises $3 to $9
VolkovDmitri: calls $3
*** FLOP *** [5s 2c Ts]
permafrost07: bets $3
VolkovDmitri: calls $3
*** TURN *** [5s 2c Ts] [9c]
permafrost07: bets $6
VolkovDmitri: calls $6
*** RIVER *** [5s 2c Ts 9c] [4h]
permafrost07: bets $6
VolkovDmitri: folds
Uncalled bet ($6) returned to permafrost07
permafrost07 collected $35.50 from pot
permafrost07: doesn't show hand
*** SUMMARY ***
Total pot $36 | Rake $0.50
Board [5s 2c Ts 9c 4h]
Seat 1: VolkovDmitri (button) (small blind) folded on the River
Seat 3: permafrost07 (big blind) collected ($35.50)


PokerStars Hand #146312658621:  Hold'em Limit ($3/$6 USD) - 2016/01/02 3:00:46 ET
Table 'Herberta II' 6-max Seat #3 is the button
Seat 1: VolkovDmitri ($120 in chips)
Seat 3: permafrost07 ($159.92 in chips)
permafrost07: posts small blind $1
VolkovDmitri: posts big blind $3
*** HOLE CARDS ***
permafrost07: raises $3 to $6
VolkovDmitri: calls $3
*** FLOP *** [9d 6s 3d]
VolkovDmitri: bets $3
permafrost07: calls $3
*** TURN *** [9d 6s 3d] [3s]
VolkovDmitri: bets $6
permafrost07: folds
Uncalled bet ($6) returned to VolkovDmitri
VolkovDmitri collected $17.64 from pot
VolkovDmitri: doesn't show hand
*** SUMMARY ***
Total pot $18 | Rake $0.36
Board [9d 6s 3d 3s]
Seat 1: VolkovDmitri (big blind) collected ($17.64)
Seat 3: permafrost07 (button) (small blind) folded on the Turn


PokerStars Hand #146312648312:  Hold'em Limit ($3/$6 USD) - 2016/01/02 3:00:12 ET
Table 'Herberta II' 6-max Seat #1 is the button
Seat 1: VolkovDmitri ($122.14 in chips)
Seat 3: permafrost07 ($151.28 in chips)
VolkovDmitri: posts small blind $1
permafrost07: posts big blind $3
*** HOLE CARDS ***
VolkovDmitri: raises $3 to $6
permafrost07: raises $3 to $9
VolkovDmitri: calls $3
*** FLOP *** [8s 2h Jc]
permafrost07: bets $3
VolkovDmitri: folds
Uncalled bet ($3) returned to permafrost07
permafrost07 collected $17.64 from pot
permafrost07: doesn't show hand
*** SUMMARY ***
Total pot $18 | Rake $0.36
Board [8s 2h Jc]
Seat 1: VolkovDmitri (button) (small blind) folded on the Flop
Seat 3: permafrost07 (big blind) collected ($17.64)


PokerStars Hand #146312667582:  Hold'em Limit ($3/$6 USD) - 2016/01/02 3:01:15 ET
Table 'Herberta II' 6-max Seat #1 is the button
Seat 1: VolkovDmitri ($128.64 in chips)
Seat 3: permafrost07 ($150.92 in chips)
VolkovDmitri: posts small blind $1
permafrost07: posts big blind $3
*** HOLE CARDS ***
VolkovDmitri: raises $3 to $6
permafrost07: calls $3
*** FLOP *** [8s Ah 7h]
permafrost07: checks
VolkovDmitri: bets $3
permafrost07: folds
Uncalled bet ($3) returned to VolkovDmitri
VolkovDmitri collected $11.76 from pot
VolkovDmitri: doesn't show hand
*** SUMMARY ***
Total pot $12 | Rake $0.24
Board [8s Ah 7h]
Seat 1: VolkovDmitri (button) (small blind) collected ($11.76)
Seat 3: permafrost07 (big blind) folded on the Flop


