PokerStars Hand #162628411217:  Hold'em Limit ($3/$6 USD) - 2016/12/08 15:56:13 ET
Table 'Herba II' 6-max Seat #4 is the button
Seat 3: ShenChiDo73 ($60.37 in chips)
Seat 4: vestimokrec ($121 in chips)
vestimokrec: posts small blind $1
ShenChiDo73: posts big blind $3
*** HOLE CARDS ***
vestimokrec: raises $3 to $6
ShenChiDo73: folds
Uncalled bet ($3) returned to vestimokrec
vestimokrec collected $6 from pot
vestimokrec: doesn't show hand
*** SUMMARY ***
Total pot $6 | Rake $0
Seat 3: ShenChiDo73 (big blind) folded before Flop
Seat 4: vestimokrec (button) (small blind) collected ($6)


PokerStars Hand #162628402991:  Hold'em Limit ($3/$6 USD) - 2016/12/08 15:56:02 ET
Table 'Herba II' 6-max Seat #3 is the button
Seat 3: ShenChiDo73 ($61.37 in chips)
Seat 4: vestimokrec ($120 in chips)
ShenChiDo73: posts small blind $1
vestimokrec: posts big blind $3
*** HOLE CARDS ***
ShenChiDo73: folds
Uncalled bet ($2) returned to vestimokrec
vestimokrec collected $2 from pot
vestimokrec: doesn't show hand
*** SUMMARY ***
Total pot $2 | Rake $0
Seat 3: ShenChiDo73 (button) (small blind) folded before Flop
Seat 4: vestimokrec (big blind) collected ($2)


PokerStars Hand #162628415930:  Hold'em Limit ($3/$6 USD) - 2016/12/08 15:56:19 ET
Table 'Herba II' 6-max Seat #3 is the button
Seat 3: ShenChiDo73 ($57.37 in chips)
Seat 4: vestimokrec ($124 in chips)
ShenChiDo73: posts small blind $1
vestimokrec: posts big blind $3
*** HOLE CARDS ***
ShenChiDo73: raises $3 to $6
vestimokrec: calls $3
*** FLOP *** [4h 8s Ts]
vestimokrec: checks
ShenChiDo73: bets $3
vestimokrec: calls $3
*** TURN *** [4h 8s Ts] [9c]
vestimokrec: checks
ShenChiDo73: bets $6
vestimokrec: calls $6
*** RIVER *** [4h 8s Ts 9c] [3h]
vestimokrec: checks
ShenChiDo73: bets $6
vestimokrec: calls $6
*** SHOW DOWN ***
ShenChiDo73: shows [5c 7c] (high card Ten)
vestimokrec: shows [Ad 6h] (high card Ace)
vestimokrec collected $41.50 from pot
*** SUMMARY ***
Total pot $42 | Rake $0.50
Board [4h 8s Ts 9c 3h]
Seat 3: ShenChiDo73 (button) (small blind) showed [5c 7c] and lost with high card Ten
Seat 4: vestimokrec (big blind) showed [Ad 6h] and won ($41.50) with high card Ace


PokerStars Hand #162628484402:  Hold'em Limit ($3/$6 USD) - 2016/12/08 15:57:45 ET
Table 'Herba II' 6-max Seat #3 is the button
Seat 3: ShenChiDo73 ($21.37 in chips)
Seat 4: vestimokrec ($159 in chips)
ShenChiDo73: posts small blind $1
vestimokrec: posts big blind $3
*** HOLE CARDS ***
ShenChiDo73: folds
Uncalled bet ($2) returned to vestimokrec
vestimokrec collected $2 from pot
vestimokrec: doesn't show hand
*** SUMMARY ***
Total pot $2 | Rake $0
Seat 3: ShenChiDo73 (button) (small blind) folded before Flop
Seat 4: vestimokrec (big blind) collected ($2)


PokerStars Hand #162628452163:  Hold'em Limit ($3/$6 USD) - 2016/12/08 15:57:05 ET
Table 'Herba II' 6-max Seat #4 is the button
Seat 3: ShenChiDo73 ($36.37 in chips)
Seat 4: vestimokrec ($144.50 in chips)
vestimokrec: posts small blind $1
ShenChiDo73: posts big blind $3
*** HOLE CARDS ***
vestimokrec: raises $3 to $6
ShenChiDo73: calls $3
*** FLOP *** [3s 5s 8s]
ShenChiDo73: checks
vestimokrec: bets $3
ShenChiDo73: calls $3
*** TURN *** [3s 5s 8s] [5c]
ShenChiDo73: checks
hasky156 joins the table at seat #6
vestimokrec: checks
*** RIVER *** [3s 5s 8s 5c] [2c]
ShenChiDo73: bets $6
vestimokrec: raises $6 to $12
ShenChiDo73: folds
Uncalled bet ($6) returned to vestimokrec
vestimokrec collected $29.50 from pot
vestimokrec: doesn't show hand
*** SUMMARY ***
Total pot $30 | Rake $0.50
Board [3s 5s 8s 5c 2c]
Seat 3: ShenChiDo73 (big blind) folded on the River
Seat 4: vestimokrec (button) (small blind) collected ($29.50)


PokerStars Hand #162630410202:  Hold'em Limit ($3/$6 USD) - 2016/12/08 16:30:21 ET
Table 'Herba II' 6-max Seat #6 is the button
Seat 4: vestimokrec ($97.83 in chips)
Seat 6: hasky156 ($186.80 in chips)
hasky156: posts small blind $1
hairy1961: is sitting out
hairy1961 leaves the table
vestimokrec: posts big blind $3
*** HOLE CARDS ***
hasky156: folds
Uncalled bet ($2) returned to vestimokrec
vestimokrec collected $2 from pot
vestimokrec: doesn't show hand
*** SUMMARY ***
Total pot $2 | Rake $0
Seat 4: vestimokrec (big blind) collected ($2)
Seat 6: hasky156 (button) (small blind) folded before Flop


PokerStars Hand #162630487228:  Hold'em Limit ($3/$6 USD) - 2016/12/08 16:31:33 ET
Table 'Herba II' 6-max Seat #6 is the button
Seat 4: vestimokrec ($113.33 in chips)
Seat 6: hasky156 ($170.80 in chips)
hasky156: posts small blind $1
vestimokrec: posts big blind $3
*** HOLE CARDS ***
hasky156: folds
Uncalled bet ($2) returned to vestimokrec
vestimokrec collected $2 from pot
vestimokrec: doesn't show hand
*** SUMMARY ***
Total pot $2 | Rake $0
Seat 4: vestimokrec (big blind) collected ($2)
Seat 6: hasky156 (button) (small blind) folded before Flop


PokerStars Hand #162630422348:  Hold'em Limit ($3/$6 USD) - 2016/12/08 16:30:32 ET
Table 'Herba II' 6-max Seat #4 is the button
Seat 4: vestimokrec ($98.83 in chips)
Seat 6: hasky156 ($185.80 in chips)
vestimokrec: posts small blind $1
hasky156: posts big blind $3
*** HOLE CARDS ***
vestimokrec: raises $3 to $6
hasky156: calls $3
*** FLOP *** [5d 2c 7s]
hasky156: checks
vestimokrec: bets $3
hasky156: calls $3
*** TURN *** [5d 2c 7s] [8h]
hasky156: checks
krytalex joins the table at seat #5
vestimokrec: bets $6
hasky156: calls $6
*** RIVER *** [5d 2c 7s 8h] [Qc]
hasky156: checks
vestimokrec: bets $6
hasky156: folds
Uncalled bet ($6) returned to vestimokrec
vestimokrec collected $29.50 from pot
vestimokrec: doesn't show hand
*** SUMMARY ***
Total pot $30 | Rake $0.50
Board [5d 2c 7s 8h Qc]
Seat 4: vestimokrec (button) (small blind) collected ($29.50)
Seat 6: hasky156 (big blind) folded on the River


