PokerStars Hand #149320753511:  Hold'em Limit ($3/$6 USD) - 2016/02/23 23:23:14 ET
Table 'Herba' 6-max Seat #3 is the button
Seat 3: HaekJiu ($120 in chips)
Seat 4: Griffin2400 ($120 in chips)
HaekJiu: posts small blind $1
Griffin2400: posts big blind $3
*** HOLE CARDS ***
HaekJiu: raises $3 to $6
Griffin2400: calls $3
*** FLOP *** [7h 4h 5s]
Griffin2400: checks
HaekJiu: bets $3
Griffin2400: raises $3 to $6
HaekJiu: raises $3 to $9
Griffin2400: calls $3
*** TURN *** [7h 4h 5s] [As]
Griffin2400: checks
HaekJiu: bets $6
Griffin2400: calls $6
*** RIVER *** [7h 4h 5s As] [Ac]
Griffin2400: checks
HaekJiu: bets $6
Griffin2400: folds
Uncalled bet ($6) returned to HaekJiu
HaekJiu collected $41.50 from pot
HaekJiu: doesn't show hand
*** SUMMARY ***
Total pot $42 | Rake $0.50
Board [7h 4h 5s As Ac]
Seat 3: HaekJiu (button) (small blind) collected ($41.50)
Seat 4: Griffin2400 (big blind) folded on the River


PokerStars Hand #149320765659:  Hold'em Limit ($3/$6 USD) - 2016/02/23 23:23:53 ET
Table 'Herba' 6-max Seat #4 is the button
Seat 3: HaekJiu ($140.50 in chips)
Seat 4: Griffin2400 ($120 in chips)
Griffin2400: posts small blind $1
HaekJiu: posts big blind $3
*** HOLE CARDS ***
Griffin2400: raises $3 to $6
HaekJiu: raises $3 to $9
Griffin2400: calls $3
*** FLOP *** [4s 6h 2d]
HaekJiu: bets $3
Griffin2400: calls $3
*** TURN *** [4s 6h 2d] [Kc]
HaekJiu: bets $6
Griffin2400: folds
Uncalled bet ($6) returned to HaekJiu
HaekJiu collected $23.52 from pot
HaekJiu: doesn't show hand
*** SUMMARY ***
Total pot $24 | Rake $0.48
Board [4s 6h 2d Kc]
Seat 3: HaekJiu (big blind) collected ($23.52)
Seat 4: Griffin2400 (button) (small blind) folded on the Turn


PokerStars Hand #149320771226:  Hold'em Limit ($3/$6 USD) - 2016/02/23 23:24:11 ET
Table 'Herba' 6-max Seat #3 is the button
Seat 3: HaekJiu ($152.02 in chips)
Seat 4: Griffin2400 ($120 in chips)
HaekJiu: posts small blind $1
Griffin2400: posts big blind $3
*** HOLE CARDS ***
HaekJiu: raises $3 to $6
Griffin2400: folds
Uncalled bet ($3) returned to HaekJiu
HaekJiu collected $6 from pot
HaekJiu: doesn't show hand
*** SUMMARY ***
Total pot $6 | Rake $0
Seat 3: HaekJiu (button) (small blind) collected ($6)
Seat 4: Griffin2400 (big blind) folded before Flop


PokerStars Hand #149320794391:  Hold'em Limit ($3/$6 USD) - 2016/02/23 23:25:28 ET
Table 'Herba' 6-max Seat #3 is the button
Seat 3: HaekJiu ($103.02 in chips)
Seat 4: Griffin2400 ($170.90 in chips)
HaekJiu: posts small blind $1
Griffin2400: posts big blind $3
*** HOLE CARDS ***
HaekJiu: folds
Uncalled bet ($2) returned to Griffin2400
Griffin2400 collected $2 from pot
Griffin2400: doesn't show hand
*** SUMMARY ***
Total pot $2 | Rake $0
Seat 3: HaekJiu (button) (small blind) folded before Flop
Seat 4: Griffin2400 (big blind) collected ($2)


PokerStars Hand #149320775185:  Hold'em Limit ($3/$6 USD) - 2016/02/23 23:24:24 ET
Table 'Herba' 6-max Seat #4 is the button
Seat 3: HaekJiu ($155.02 in chips)
Seat 4: Griffin2400 ($120 in chips)
Griffin2400: posts small blind $1
HaekJiu: posts big blind $3
*** HOLE CARDS ***
Griffin2400: raises $3 to $6
HaekJiu: calls $3
*** FLOP *** [8h 8d 9d]
HaekJiu: checks
Griffin2400: bets $3
HaekJiu: calls $3
*** TURN *** [8h 8d 9d] [6s]
HaekJiu: checks
Griffin2400: bets $6
HaekJiu: raises $6 to $12
Griffin2400: raises $6 to $18
HaekJiu: calls $6
*** RIVER *** [8h 8d 9d 6s] [Th]
HaekJiu: checks
Griffin2400: bets $6
HaekJiu: calls $6
*** SHOW DOWN ***
Griffin2400: shows [As 7d] (a straight, Six to Ten)
HaekJiu: mucks hand
Griffin2400 collected $65.50 from pot
*** SUMMARY ***
Total pot $66 | Rake $0.50
Board [8h 8d 9d 6s Th]
Seat 3: HaekJiu (big blind) mucked
Seat 4: Griffin2400 (button) (small blind) showed [As 7d] and won ($65.50) with a straight, Six to Ten


PokerStars Hand #149320786781:  Hold'em Limit ($3/$6 USD) - 2016/02/23 23:25:02 ET
Table 'Herba' 6-max Seat #4 is the button
Seat 3: HaekJiu ($113.02 in chips)
Seat 4: Griffin2400 ($161.14 in chips)
Griffin2400: posts small blind $1
HaekJiu: posts big blind $3
*** HOLE CARDS ***
Griffin2400: raises $3 to $6
HaekJiu: folds
Uncalled bet ($3) returned to Griffin2400
Griffin2400 collected $6 from pot
*** SUMMARY ***
Total pot $6 | Rake $0
Seat 3: HaekJiu (big blind) folded before Flop
Seat 4: Griffin2400 (button) (small blind) collected ($6)


PokerStars Hand #149320782191:  Hold'em Limit ($3/$6 USD) - 2016/02/23 23:24:47 ET
Table 'Herba' 6-max Seat #3 is the button
Seat 3: HaekJiu ($122.02 in chips)
Seat 4: Griffin2400 ($152.50 in chips)
HaekJiu: posts small blind $1
Griffin2400: posts big blind $3
*** HOLE CARDS ***
HaekJiu: raises $3 to $6
Griffin2400: raises $3 to $9
HaekJiu: calls $3
*** FLOP *** [9h Ah 7c]
Griffin2400: bets $3
HaekJiu: folds
Uncalled bet ($3) returned to Griffin2400
Griffin2400 collected $17.64 from pot
Griffin2400: doesn't show hand
*** SUMMARY ***
Total pot $18 | Rake $0.36
Board [9h Ah 7c]
Seat 3: HaekJiu (button) (small blind) folded on the Flop
Seat 4: Griffin2400 (big blind) collected ($17.64)


PokerStars Hand #149320788502:  Hold'em Limit ($3/$6 USD) - 2016/02/23 23:25:08 ET
Table 'Herba' 6-max Seat #3 is the button
Seat 3: HaekJiu ($110.02 in chips)
Seat 4: Griffin2400 ($164.14 in chips)
HaekJiu: posts small blind $1
Griffin2400: posts big blind $3
*** HOLE CARDS ***
HaekJiu: folds
Uncalled bet ($2) returned to Griffin2400
Griffin2400 collected $2 from pot
Griffin2400: doesn't show hand
*** SUMMARY ***
Total pot $2 | Rake $0
Seat 3: HaekJiu (button) (small blind) folded before Flop
Seat 4: Griffin2400 (big blind) collected ($2)


PokerStars Hand #149320805489:  Hold'em Limit ($3/$6 USD) - 2016/02/23 23:26:04 ET
Table 'Herba' 6-max Seat #4 is the button
Seat 3: HaekJiu ($104.54 in chips)
Seat 4: Griffin2400 ($168.54 in chips)
Griffin2400: posts small blind $1
HaekJiu: posts big blind $3
*** HOLE CARDS ***
Griffin2400: raises $3 to $6
HaekJiu: raises $3 to $9
Griffin2400: raises $3 to $12
Betting is capped
HaekJiu: calls $3
*** FLOP *** [Jc 9d 4d]
HaekJiu: bets $3
Griffin2400: raises $3 to $6
HaekJiu: calls $3
*** TURN *** [Jc 9d 4d] [Qs]
HaekJiu: checks
Griffin2400: checks
*** RIVER *** [Jc 9d 4d Qs] [8h]
HaekJiu: bets $6
Griffin2400: folds
Uncalled bet ($6) returned to HaekJiu
HaekJiu collected $35.50 from pot
HaekJiu: doesn't show hand
*** SUMMARY ***
Total pot $36 | Rake $0.50
Board [Jc 9d 4d Qs 8h]
Seat 3: HaekJiu (big blind) collected ($35.50)
Seat 4: Griffin2400 (button) (small blind) folded on the River


PokerStars Hand #149320801778:  Hold'em Limit ($3/$6 USD) - 2016/02/23 23:25:52 ET
Table 'Herba' 6-max Seat #3 is the button
Seat 3: HaekJiu ($113.54 in chips)
Seat 4: Griffin2400 ($159.90 in chips)
HaekJiu: posts small blind $1
Griffin2400: posts big blind $3
*** HOLE CARDS ***
HaekJiu: raises $3 to $6
Griffin2400: raises $3 to $9
HaekJiu: calls $3
*** FLOP *** [9s Qd Kh]
Griffin2400: bets $3
HaekJiu: folds
Uncalled bet ($3) returned to Griffin2400
Griffin2400 collected $17.64 from pot
Griffin2400: doesn't show hand
*** SUMMARY ***
Total pot $18 | Rake $0.36
Board [9s Qd Kh]
Seat 3: HaekJiu (button) (small blind) folded on the Flop
Seat 4: Griffin2400 (big blind) collected ($17.64)


PokerStars Hand #149320796169:  Hold'em Limit ($3/$6 USD) - 2016/02/23 23:25:34 ET
Table 'Herba' 6-max Seat #4 is the button
Seat 3: HaekJiu ($102.02 in chips)
Seat 4: Griffin2400 ($171.90 in chips)
Griffin2400: posts small blind $1
HaekJiu: posts big blind $3
*** HOLE CARDS ***
Griffin2400: raises $3 to $6
HaekJiu: raises $3 to $9
Griffin2400: calls $3
*** FLOP *** [9s Jc 4h]
HaekJiu: bets $3
Griffin2400: calls $3
*** TURN *** [9s Jc 4h] [Jh]
HaekJiu: bets $6
Griffin2400: folds
Uncalled bet ($6) returned to HaekJiu
HaekJiu collected $23.52 from pot
HaekJiu: doesn't show hand
*** SUMMARY ***
Total pot $24 | Rake $0.48
Board [9s Jc 4h Jh]
Seat 3: HaekJiu (big blind) collected ($23.52)
Seat 4: Griffin2400 (button) (small blind) folded on the Turn


PokerStars Hand #149320813543:  Hold'em Limit ($3/$6 USD) - 2016/02/23 23:26:31 ET
Table 'Herba' 6-max Seat #3 is the button
Seat 3: HaekJiu ($122.04 in chips)
Seat 4: Griffin2400 ($150.54 in chips)
HaekJiu: posts small blind $1
Griffin2400: posts big blind $3
*** HOLE CARDS ***
HaekJiu: raises $3 to $6
Griffin2400: folds
Uncalled bet ($3) returned to HaekJiu
HaekJiu collected $6 from pot
HaekJiu: doesn't show hand
*** SUMMARY ***
Total pot $6 | Rake $0
Seat 3: HaekJiu (button) (small blind) collected ($6)
Seat 4: Griffin2400 (big blind) folded before Flop


PokerStars Hand #149320829574:  Hold'em Limit ($3/$6 USD) - 2016/02/23 23:27:23 ET
Table 'Herba' 6-max Seat #3 is the button
Seat 3: HaekJiu ($92.04 in chips)
Seat 4: Griffin2400 ($179.80 in chips)
HaekJiu: posts small blind $1
Griffin2400: posts big blind $3
*** HOLE CARDS ***
HaekJiu: folds
Uncalled bet ($2) returned to Griffin2400
Griffin2400 collected $2 from pot
Griffin2400: doesn't show hand
*** SUMMARY ***
Total pot $2 | Rake $0
Seat 3: HaekJiu (button) (small blind) folded before Flop
Seat 4: Griffin2400 (big blind) collected ($2)


PokerStars Hand #149320824659:  Hold'em Limit ($3/$6 USD) - 2016/02/23 23:27:07 ET
Table 'Herba' 6-max Seat #3 is the button
Seat 3: HaekJiu ($95.04 in chips)
Seat 4: Griffin2400 ($177.04 in chips)
HaekJiu: posts small blind $1
Griffin2400: posts big blind $3
*** HOLE CARDS ***
HaekJiu: raises $3 to $6
Griffin2400: folds
Uncalled bet ($3) returned to HaekJiu
HaekJiu collected $6 from pot
HaekJiu: doesn't show hand
*** SUMMARY ***
Total pot $6 | Rake $0
Seat 3: HaekJiu (button) (small blind) collected ($6)
Seat 4: Griffin2400 (big blind) folded before Flop


PokerStars Hand #149320815182:  Hold'em Limit ($3/$6 USD) - 2016/02/23 23:26:36 ET
Table 'Herba' 6-max Seat #4 is the button
Seat 3: HaekJiu ($125.04 in chips)
Seat 4: Griffin2400 ($147.54 in chips)
Griffin2400: posts small blind $1
HaekJiu: posts big blind $3
*** HOLE CARDS ***
Griffin2400: raises $3 to $6
HaekJiu: calls $3
*** FLOP *** [7h 5s 3d]
HaekJiu: checks
Griffin2400: bets $3
HaekJiu: raises $3 to $6
Griffin2400: calls $3
*** TURN *** [7h 5s 3d] [4s]
HaekJiu: bets $6
Griffin2400: raises $6 to $12
HaekJiu: calls $6
*** RIVER *** [7h 5s 3d 4s] [2d]
HaekJiu: checks
Griffin2400: bets $6
HaekJiu: calls $6
*** SHOW DOWN ***
Griffin2400: shows [9h 6c] (a straight, Three to Seven)
HaekJiu: mucks hand
Griffin2400 collected $59.50 from pot
*** SUMMARY ***
Total pot $60 | Rake $0.50
Board [7h 5s 3d 4s 2d]
Seat 3: HaekJiu (big blind) mucked
Seat 4: Griffin2400 (button) (small blind) showed [9h 6c] and won ($59.50) with a straight, Three to Seven


PokerStars Hand #149320846608:  Hold'em Limit ($3/$6 USD) - 2016/02/23 23:28:19 ET
Table 'Herba' 6-max Seat #3 is the button
Seat 3: HaekJiu ($96.44 in chips)
Seat 4: Griffin2400 ($174.44 in chips)
HaekJiu: posts small blind $1
Griffin2400: posts big blind $3
*** HOLE CARDS ***
HaekJiu: raises $3 to $6
Griffin2400: folds
Uncalled bet ($3) returned to HaekJiu
HaekJiu collected $6 from pot
HaekJiu: doesn't show hand
*** SUMMARY ***
Total pot $6 | Rake $0
Seat 3: HaekJiu (button) (small blind) collected ($6)
Seat 4: Griffin2400 (big blind) folded before Flop


PokerStars Hand #149320841956:  Hold'em Limit ($3/$6 USD) - 2016/02/23 23:28:04 ET
Table 'Herba' 6-max Seat #4 is the button
Seat 3: HaekJiu ($105.44 in chips)
Seat 4: Griffin2400 ($165.80 in chips)
Griffin2400: posts small blind $1
HaekJiu: posts big blind $3
*** HOLE CARDS ***
Griffin2400: raises $3 to $6
HaekJiu: calls $3
*** FLOP *** [2s 9h 5h]
HaekJiu: checks
Griffin2400: bets $3
HaekJiu: calls $3
*** TURN *** [2s 9h 5h] [7h]
HaekJiu: checks
Griffin2400: bets $6
HaekJiu: folds
Uncalled bet ($6) returned to Griffin2400
Griffin2400 collected $17.64 from pot
Griffin2400: doesn't show hand
*** SUMMARY ***
Total pot $18 | Rake $0.36
Board [2s 9h 5h 7h]
Seat 3: HaekJiu (big blind) folded on the Turn
Seat 4: Griffin2400 (button) (small blind) collected ($17.64)


PokerStars Hand #149320837146:  Hold'em Limit ($3/$6 USD) - 2016/02/23 23:27:48 ET
Table 'Herba' 6-max Seat #3 is the button
Seat 3: HaekJiu ($99.68 in chips)
Seat 4: Griffin2400 ($171.80 in chips)
HaekJiu: posts small blind $1
Griffin2400: posts big blind $3
*** HOLE CARDS ***
HaekJiu: raises $3 to $6
Griffin2400: calls $3
*** FLOP *** [Ac Tc Jc]
Griffin2400: checks
HaekJiu: bets $3
Griffin2400: folds
Uncalled bet ($3) returned to HaekJiu
HaekJiu collected $11.76 from pot
HaekJiu: doesn't show hand
*** SUMMARY ***
Total pot $12 | Rake $0.24
Board [Ac Tc Jc]
Seat 3: HaekJiu (button) (small blind) collected ($11.76)
Seat 4: Griffin2400 (big blind) folded on the Flop


PokerStars Hand #149320848425:  Hold'em Limit ($3/$6 USD) - 2016/02/23 23:28:24 ET
Table 'Herba' 6-max Seat #4 is the button
Seat 3: HaekJiu ($99.44 in chips)
Seat 4: Griffin2400 ($171.44 in chips)
Griffin2400: posts small blind $1
HaekJiu: posts big blind $3
*** HOLE CARDS ***
Griffin2400: raises $3 to $6
HaekJiu: calls $3
*** FLOP *** [6c 3c Js]
HaekJiu: checks
Griffin2400: bets $3
HaekJiu: folds
Uncalled bet ($3) returned to Griffin2400
Griffin2400 collected $11.76 from pot
Griffin2400: doesn't show hand
*** SUMMARY ***
Total pot $12 | Rake $0.24
Board [6c 3c Js]
Seat 3: HaekJiu (big blind) folded on the Flop
Seat 4: Griffin2400 (button) (small blind) collected ($11.76)


PokerStars Hand #149320831186:  Hold'em Limit ($3/$6 USD) - 2016/02/23 23:27:28 ET
Table 'Herba' 6-max Seat #4 is the button
Seat 3: HaekJiu ($91.04 in chips)
Seat 4: Griffin2400 ($180.80 in chips)
Griffin2400: posts small blind $1
HaekJiu: posts big blind $3
*** HOLE CARDS ***
Griffin2400: raises $3 to $6
HaekJiu: calls $3
*** FLOP *** [Ah 8s 4h]
HaekJiu: checks
Griffin2400: bets $3
HaekJiu: calls $3
*** TURN *** [Ah 8s 4h] [6d]
HaekJiu: checks
Griffin2400: checks
*** RIVER *** [Ah 8s 4h 6d] [4d]
HaekJiu: bets $6
Griffin2400: folds
Uncalled bet ($6) returned to HaekJiu
HaekJiu collected $17.64 from pot
HaekJiu: doesn't show hand
*** SUMMARY ***
Total pot $18 | Rake $0.36
Board [Ah 8s 4h 6d 4d]
Seat 3: HaekJiu (big blind) collected ($17.64)
Seat 4: Griffin2400 (button) (small blind) folded on the River


PokerStars Hand #149320858816:  Hold'em Limit ($3/$6 USD) - 2016/02/23 23:28:59 ET
Table 'Herba' 6-max Seat #4 is the button
Seat 3: HaekJiu ($122.94 in chips)
Seat 4: Griffin2400 ($147.20 in chips)
Griffin2400: posts small blind $1
HaekJiu: posts big blind $3
*** HOLE CARDS ***
Griffin2400: raises $3 to $6
HaekJiu: calls $3
*** FLOP *** [2h Js 4s]
HaekJiu: checks
Griffin2400: bets $3
HaekJiu: calls $3
*** TURN *** [2h Js 4s] [2d]
HaekJiu: checks
Griffin2400: bets $6
HaekJiu: calls $6
*** RIVER *** [2h Js 4s 2d] [6c]
HaekJiu: checks
Griffin2400: bets $6
HaekJiu: calls $6
*** SHOW DOWN ***
Griffin2400: shows [Kd Jc] (two pair, Jacks and Deuces)
HaekJiu: mucks hand
Griffin2400 collected $41.50 from pot
*** SUMMARY ***
Total pot $42 | Rake $0.50
Board [2h Js 4s 2d 6c]
Seat 3: HaekJiu (big blind) mucked
Seat 4: Griffin2400 (button) (small blind) showed [Kd Jc] and won ($41.50) with two pair, Jacks and Deuces


PokerStars Hand #149320851393:  Hold'em Limit ($3/$6 USD) - 2016/02/23 23:28:34 ET
Table 'Herba' 6-max Seat #3 is the button
Seat 3: HaekJiu ($93.44 in chips)
Seat 4: Griffin2400 ($177.20 in chips)
HaekJiu: posts small blind $1
Griffin2400: posts big blind $3
*** HOLE CARDS ***
HaekJiu: raises $3 to $6
Griffin2400: calls $3
*** FLOP *** [Th 2c 9d]
Griffin2400: checks
HaekJiu: bets $3
Griffin2400: raises $3 to $6
HaekJiu: calls $3
*** TURN *** [Th 2c 9d] [4c]
Griffin2400: bets $6
HaekJiu: raises $6 to $12
Griffin2400: calls $6
*** RIVER *** [Th 2c 9d 4c] [Ts]
Griffin2400: checks
HaekJiu: bets $6
Griffin2400: calls $6
*** SHOW DOWN ***
HaekJiu: shows [8d Td] (three of a kind, Tens)
Griffin2400: mucks hand
HaekJiu collected $59.50 from pot
*** SUMMARY ***
Total pot $60 | Rake $0.50
Board [Th 2c 9d 4c Ts]
Seat 3: HaekJiu (button) (small blind) showed [8d Td] and won ($59.50) with three of a kind, Tens
Seat 4: Griffin2400 (big blind) mucked


PokerStars Hand #149320865356:  Hold'em Limit ($3/$6 USD) - 2016/02/23 23:29:20 ET
Table 'Herba' 6-max Seat #3 is the button
Seat 3: HaekJiu ($101.94 in chips)
Seat 4: Griffin2400 ($167.70 in chips)
HaekJiu: posts small blind $1
Griffin2400: posts big blind $3
*** HOLE CARDS ***
HaekJiu: raises $3 to $6
Griffin2400: raises $3 to $9
HaekJiu: calls $3
*** FLOP *** [5h 4d Qs]
Griffin2400: bets $3
HaekJiu: calls $3
*** TURN *** [5h 4d Qs] [6d]
Griffin2400: bets $6
HaekJiu: raises $6 to $12
Griffin2400: folds
Uncalled bet ($6) returned to HaekJiu
HaekJiu collected $35.50 from pot
HaekJiu: doesn't show hand
*** SUMMARY ***
Total pot $36 | Rake $0.50
Board [5h 4d Qs 6d]
Seat 3: HaekJiu (button) (small blind) collected ($35.50)
Seat 4: Griffin2400 (big blind) folded on the Turn


PokerStars Hand #149320881189:  Hold'em Limit ($3/$6 USD) - 2016/02/23 23:30:13 ET
Table 'Herba' 6-max Seat #4 is the button
Seat 3: HaekJiu ($112.44 in chips)
Seat 4: Griffin2400 ($156.46 in chips)
Griffin2400: posts small blind $1
HaekJiu: posts big blind $3
*** HOLE CARDS ***
Griffin2400: folds
Uncalled bet ($2) returned to HaekJiu
HaekJiu collected $2 from pot
HaekJiu: doesn't show hand
*** SUMMARY ***
Total pot $2 | Rake $0
Seat 3: HaekJiu (big blind) collected ($2)
Seat 4: Griffin2400 (button) (small blind) folded before Flop


PokerStars Hand #149320879707:  Hold'em Limit ($3/$6 USD) - 2016/02/23 23:30:08 ET
Table 'Herba' 6-max Seat #3 is the button
Seat 3: HaekJiu ($113.44 in chips)
Seat 4: Griffin2400 ($155.46 in chips)
HaekJiu: posts small blind $1
Griffin2400: posts big blind $3
*** HOLE CARDS ***
HaekJiu: folds
Uncalled bet ($2) returned to Griffin2400
Griffin2400 collected $2 from pot
Griffin2400: doesn't show hand
*** SUMMARY ***
Total pot $2 | Rake $0
Seat 3: HaekJiu (button) (small blind) folded before Flop
Seat 4: Griffin2400 (big blind) collected ($2)


PokerStars Hand #149320877564:  Hold'em Limit ($3/$6 USD) - 2016/02/23 23:30:01 ET
Table 'Herba' 6-max Seat #4 is the button
Seat 3: HaekJiu ($112.44 in chips)
Seat 4: Griffin2400 ($156.46 in chips)
Griffin2400: posts small blind $1
HaekJiu: posts big blind $3
*** HOLE CARDS ***
Griffin2400: folds
Uncalled bet ($2) returned to HaekJiu
HaekJiu collected $2 from pot
HaekJiu: doesn't show hand
*** SUMMARY ***
Total pot $2 | Rake $0
Seat 3: HaekJiu (big blind) collected ($2)
Seat 4: Griffin2400 (button) (small blind) folded before Flop


PokerStars Hand #149320876018:  Hold'em Limit ($3/$6 USD) - 2016/02/23 23:29:56 ET
Table 'Herba' 6-max Seat #3 is the button
Seat 3: HaekJiu ($113.44 in chips)
Seat 4: Griffin2400 ($155.46 in chips)
HaekJiu: posts small blind $1
Griffin2400: posts big blind $3
*** HOLE CARDS ***
HaekJiu: folds
Uncalled bet ($2) returned to Griffin2400
Griffin2400 collected $2 from pot
Griffin2400: doesn't show hand
*** SUMMARY ***
Total pot $2 | Rake $0
Seat 3: HaekJiu (button) (small blind) folded before Flop
Seat 4: Griffin2400 (big blind) collected ($2)


PokerStars Hand #149320871770:  Hold'em Limit ($3/$6 USD) - 2016/02/23 23:29:42 ET
Table 'Herba' 6-max Seat #4 is the button
Seat 3: HaekJiu ($119.44 in chips)
Seat 4: Griffin2400 ($149.70 in chips)
Griffin2400: posts small blind $1
HaekJiu: posts big blind $3
*** HOLE CARDS ***
Griffin2400: raises $3 to $6
HaekJiu: calls $3
*** FLOP *** [6h 3s Ad]
HaekJiu: checks
Griffin2400: bets $3
HaekJiu: folds
Uncalled bet ($3) returned to Griffin2400
Griffin2400 collected $11.76 from pot
Griffin2400: doesn't show hand
*** SUMMARY ***
Total pot $12 | Rake $0.24
Board [6h 3s Ad]
Seat 3: HaekJiu (big blind) folded on the Flop
Seat 4: Griffin2400 (button) (small blind) collected ($11.76)


PokerStars Hand #149320883192:  Hold'em Limit ($3/$6 USD) - 2016/02/23 23:30:19 ET
Table 'Herba' 6-max Seat #3 is the button
Seat 3: HaekJiu ($113.44 in chips)
Seat 4: Griffin2400 ($155.46 in chips)
HaekJiu: posts small blind $1
Griffin2400: posts big blind $3
*** HOLE CARDS ***
HaekJiu: raises $3 to $6
Griffin2400: raises $3 to $9
HaekJiu: calls $3
*** FLOP *** [4c 9d Qh]
Griffin2400: bets $3
HaekJiu: calls $3
*** TURN *** [4c 9d Qh] [8s]
Griffin2400: bets $6
HaekJiu: calls $6
*** RIVER *** [4c 9d Qh 8s] [4h]
Griffin2400: bets $6
HaekJiu: calls $6
*** SHOW DOWN ***
Griffin2400: shows [8h 9h] (two pair, Nines and Eights)
HaekJiu: mucks hand
Griffin2400 collected $47.50 from pot
*** SUMMARY ***
Total pot $48 | Rake $0.50
Board [4c 9d Qh 8s 4h]
Seat 3: HaekJiu (button) (small blind) mucked
Seat 4: Griffin2400 (big blind) showed [8h 9h] and won ($47.50) with two pair, Nines and Eights


PokerStars Hand #149320903691:  Hold'em Limit ($3/$6 USD) - 2016/02/23 23:31:27 ET
Table 'Herba' 6-max Seat #3 is the button
Seat 3: HaekJiu ($55.44 in chips)
Seat 4: Griffin2400 ($212.34 in chips)
HaekJiu: posts small blind $1
Griffin2400: posts big blind $3
*** HOLE CARDS ***
HaekJiu: raises $3 to $6
Griffin2400: folds
Uncalled bet ($3) returned to HaekJiu
HaekJiu collected $6 from pot
HaekJiu: doesn't show hand
*** SUMMARY ***
Total pot $6 | Rake $0
Seat 3: HaekJiu (button) (small blind) collected ($6)
Seat 4: Griffin2400 (big blind) folded before Flop


PokerStars Hand #149320900456:  Hold'em Limit ($3/$6 USD) - 2016/02/23 23:31:16 ET
Table 'Herba' 6-max Seat #4 is the button
Seat 3: HaekJiu ($58.44 in chips)
Seat 4: Griffin2400 ($209.46 in chips)
Griffin2400: posts small blind $1
HaekJiu: posts big blind $3
*** HOLE CARDS ***
Griffin2400: calls $2
HaekJiu: checks
*** FLOP *** [8h Ks Ad]
HaekJiu: checks
Griffin2400: bets $3
HaekJiu: folds
Uncalled bet ($3) returned to Griffin2400
Griffin2400 collected $5.88 from pot
Griffin2400: doesn't show hand
*** SUMMARY ***
Total pot $6 | Rake $0.12
Board [8h Ks Ad]
Seat 3: HaekJiu (big blind) folded on the Flop
Seat 4: Griffin2400 (button) (small blind) collected ($5.88)


PokerStars Hand #149320891254:  Hold'em Limit ($3/$6 USD) - 2016/02/23 23:30:46 ET
Table 'Herba' 6-max Seat #3 is the button
Seat 3: HaekJiu ($90.44 in chips)
Seat 4: Griffin2400 ($177.96 in chips)
HaekJiu: posts small blind $1
Griffin2400: posts big blind $3
*** HOLE CARDS ***
HaekJiu: folds
Uncalled bet ($2) returned to Griffin2400
Griffin2400 collected $2 from pot
Griffin2400: doesn't show hand
*** SUMMARY ***
Total pot $2 | Rake $0
Seat 3: HaekJiu (button) (small blind) folded before Flop
Seat 4: Griffin2400 (big blind) collected ($2)


PokerStars Hand #149320889210:  Hold'em Limit ($3/$6 USD) - 2016/02/23 23:30:39 ET
Table 'Herba' 6-max Seat #4 is the button
Seat 3: HaekJiu ($89.44 in chips)
Seat 4: Griffin2400 ($178.96 in chips)
Griffin2400: posts small blind $1
HaekJiu: posts big blind $3
*** HOLE CARDS ***
Griffin2400: folds
Uncalled bet ($2) returned to HaekJiu
HaekJiu collected $2 from pot
HaekJiu: doesn't show hand
*** SUMMARY ***
Total pot $2 | Rake $0
Seat 3: HaekJiu (big blind) collected ($2)
Seat 4: Griffin2400 (button) (small blind) folded before Flop


PokerStars Hand #149320898919:  Hold'em Limit ($3/$6 USD) - 2016/02/23 23:31:11 ET
Table 'Herba' 6-max Seat #3 is the button
Seat 3: HaekJiu ($59.44 in chips)
Seat 4: Griffin2400 ($208.46 in chips)
HaekJiu: posts small blind $1
Griffin2400: posts big blind $3
*** HOLE CARDS ***
HaekJiu: folds
Uncalled bet ($2) returned to Griffin2400
Griffin2400 collected $2 from pot
Griffin2400: doesn't show hand
*** SUMMARY ***
Total pot $2 | Rake $0
Seat 3: HaekJiu (button) (small blind) folded before Flop
Seat 4: Griffin2400 (big blind) collected ($2)


PokerStars Hand #149320892868:  Hold'em Limit ($3/$6 USD) - 2016/02/23 23:30:51 ET
Table 'Herba' 6-max Seat #4 is the button
Seat 3: HaekJiu ($89.44 in chips)
Seat 4: Griffin2400 ($178.96 in chips)
Griffin2400: posts small blind $1
HaekJiu: posts big blind $3
*** HOLE CARDS ***
Griffin2400: raises $3 to $6
HaekJiu: calls $3
*** FLOP *** [9c 3d 8c]
HaekJiu: checks
Griffin2400: bets $3
HaekJiu: raises $3 to $6
Griffin2400: calls $3
*** TURN *** [9c 3d 8c] [Jh]
HaekJiu: bets $6
Griffin2400: calls $6
*** RIVER *** [9c 3d 8c Jh] [8d]
HaekJiu: bets $6
Griffin2400: raises $6 to $12
HaekJiu: calls $6
*** SHOW DOWN ***
Griffin2400: shows [Ah 8h] (three of a kind, Eights)
HaekJiu: mucks hand
Griffin2400 collected $59.50 from pot
*** SUMMARY ***
Total pot $60 | Rake $0.50
Board [9c 3d 8c Jh 8d]
Seat 3: HaekJiu (big blind) mucked
Seat 4: Griffin2400 (button) (small blind) showed [Ah 8h] and won ($59.50) with three of a kind, Eights


PokerStars Hand #149320914715:  Hold'em Limit ($3/$6 USD) - 2016/02/23 23:32:04 ET
Table 'Herba' 6-max Seat #3 is the button
Seat 3: HaekJiu ($84.94 in chips)
Seat 4: Griffin2400 ($182.34 in chips)
HaekJiu: posts small blind $1
Griffin2400: posts big blind $3
*** HOLE CARDS ***
HaekJiu: folds
Uncalled bet ($2) returned to Griffin2400
Griffin2400 collected $2 from pot
Griffin2400: doesn't show hand
*** SUMMARY ***
Total pot $2 | Rake $0
Seat 3: HaekJiu (button) (small blind) folded before Flop
Seat 4: Griffin2400 (big blind) collected ($2)


PokerStars Hand #149320912925:  Hold'em Limit ($3/$6 USD) - 2016/02/23 23:31:58 ET
Table 'Herba' 6-max Seat #4 is the button
Seat 3: HaekJiu ($87.94 in chips)
Seat 4: Griffin2400 ($179.34 in chips)
Griffin2400: posts small blind $1
HaekJiu: posts big blind $3
*** HOLE CARDS ***
Griffin2400: raises $3 to $6
HaekJiu: folds
Uncalled bet ($3) returned to Griffin2400
Griffin2400 collected $6 from pot
Griffin2400: doesn't show hand
*** SUMMARY ***
Total pot $6 | Rake $0
Seat 3: HaekJiu (big blind) folded before Flop
Seat 4: Griffin2400 (button) (small blind) collected ($6)


PokerStars Hand #149320911116:  Hold'em Limit ($3/$6 USD) - 2016/02/23 23:31:52 ET
Table 'Herba' 6-max Seat #3 is the button
Seat 3: HaekJiu ($84.94 in chips)
Seat 4: Griffin2400 ($182.34 in chips)
HaekJiu: posts small blind $1
Griffin2400: posts big blind $3
*** HOLE CARDS ***
HaekJiu: raises $3 to $6
Griffin2400: folds
Uncalled bet ($3) returned to HaekJiu
HaekJiu collected $6 from pot
HaekJiu: doesn't show hand
*** SUMMARY ***
Total pot $6 | Rake $0
Seat 3: HaekJiu (button) (small blind) collected ($6)
Seat 4: Griffin2400 (big blind) folded before Flop


PokerStars Hand #149320905318:  Hold'em Limit ($3/$6 USD) - 2016/02/23 23:31:33 ET
Table 'Herba' 6-max Seat #4 is the button
Seat 3: HaekJiu ($58.44 in chips)
Seat 4: Griffin2400 ($209.34 in chips)
Griffin2400: posts small blind $1
HaekJiu: posts big blind $3
*** HOLE CARDS ***
Griffin2400: raises $3 to $6
HaekJiu: calls $3
*** FLOP *** [4h 2d Ah]
HaekJiu: checks
Griffin2400: bets $3
HaekJiu: calls $3
*** TURN *** [4h 2d Ah] [Jh]
HaekJiu: checks
Griffin2400: bets $6
HaekJiu: raises $6 to $12
Griffin2400: calls $6
*** RIVER *** [4h 2d Ah Jh] [3c]
HaekJiu: bets $6
Griffin2400: calls $6
*** SHOW DOWN ***
HaekJiu: shows [3d 5d] (a straight, Ace to Five)
Griffin2400: mucks hand
HaekJiu collected $53.50 from pot
*** SUMMARY ***
Total pot $54 | Rake $0.50
Board [4h 2d Ah Jh 3c]
Seat 3: HaekJiu (big blind) showed [3d 5d] and won ($53.50) with a straight, Ace to Five
Seat 4: Griffin2400 (button) (small blind) mucked


PokerStars Hand #149320921467:  Hold'em Limit ($3/$6 USD) - 2016/02/23 23:32:26 ET
Table 'Herba' 6-max Seat #3 is the button
Seat 3: HaekJiu ($74.94 in chips)
Seat 4: Griffin2400 ($191.98 in chips)
HaekJiu: posts small blind $1
Griffin2400: posts big blind $3
*** HOLE CARDS ***
HaekJiu: raises $3 to $6
Griffin2400: folds
Uncalled bet ($3) returned to HaekJiu
HaekJiu collected $6 from pot
HaekJiu: doesn't show hand
*** SUMMARY ***
Total pot $6 | Rake $0
Seat 3: HaekJiu (button) (small blind) collected ($6)
Seat 4: Griffin2400 (big blind) folded before Flop


PokerStars Hand #149320916612:  Hold'em Limit ($3/$6 USD) - 2016/02/23 23:32:10 ET
Table 'Herba' 6-max Seat #4 is the button
Seat 3: HaekJiu ($83.94 in chips)
Seat 4: Griffin2400 ($183.34 in chips)
Griffin2400: posts small blind $1
HaekJiu: posts big blind $3
*** HOLE CARDS ***
Griffin2400: raises $3 to $6
HaekJiu: calls $3
*** FLOP *** [8s 5c 2s]
HaekJiu: checks
Griffin2400: bets $3
HaekJiu: calls $3
*** TURN *** [8s 5c 2s] [5h]
HaekJiu: checks
Griffin2400: bets $6
HaekJiu: folds
Uncalled bet ($6) returned to Griffin2400
Griffin2400 collected $17.64 from pot
Griffin2400: doesn't show hand
*** SUMMARY ***
Total pot $18 | Rake $0.36
Board [8s 5c 2s 5h]
Seat 3: HaekJiu (big blind) folded on the Turn
Seat 4: Griffin2400 (button) (small blind) collected ($17.64)


PokerStars Hand #149320934922:  Hold'em Limit ($3/$6 USD) - 2016/02/23 23:33:11 ET
Table 'Herba' 6-max Seat #4 is the button
Seat 3: HaekJiu ($86.44 in chips)
Seat 4: Griffin2400 ($179.74 in chips)
Griffin2400: posts small blind $1
HaekJiu: posts big blind $3
*** HOLE CARDS ***
Griffin2400: folds
Uncalled bet ($2) returned to HaekJiu
HaekJiu collected $2 from pot
HaekJiu: doesn't show hand
*** SUMMARY ***
Total pot $2 | Rake $0
Seat 3: HaekJiu (big blind) collected ($2)
Seat 4: Griffin2400 (button) (small blind) folded before Flop


PokerStars Hand #149320933493:  Hold'em Limit ($3/$6 USD) - 2016/02/23 23:33:06 ET
Table 'Herba' 6-max Seat #3 is the button
Seat 3: HaekJiu ($87.44 in chips)
Seat 4: Griffin2400 ($178.74 in chips)
HaekJiu: posts small blind $1
Griffin2400: posts big blind $3
*** HOLE CARDS ***
HaekJiu: folds
Uncalled bet ($2) returned to Griffin2400
Griffin2400 collected $2 from pot
Griffin2400: doesn't show hand
*** SUMMARY ***
Total pot $2 | Rake $0
Seat 3: HaekJiu (button) (small blind) folded before Flop
Seat 4: Griffin2400 (big blind) collected ($2)


PokerStars Hand #149320931747:  Hold'em Limit ($3/$6 USD) - 2016/02/23 23:33:01 ET
Table 'Herba' 6-max Seat #4 is the button
Seat 3: HaekJiu ($86.44 in chips)
Seat 4: Griffin2400 ($179.74 in chips)
Griffin2400: posts small blind $1
HaekJiu: posts big blind $3
*** HOLE CARDS ***
Griffin2400: folds
Uncalled bet ($2) returned to HaekJiu
HaekJiu collected $2 from pot
HaekJiu: doesn't show hand
*** SUMMARY ***
Total pot $2 | Rake $0
Seat 3: HaekJiu (big blind) collected ($2)
Seat 4: Griffin2400 (button) (small blind) folded before Flop


PokerStars Hand #149320928239:  Hold'em Limit ($3/$6 USD) - 2016/02/23 23:32:49 ET
Table 'Herba' 6-max Seat #3 is the button
Seat 3: HaekJiu ($92.44 in chips)
Seat 4: Griffin2400 ($173.98 in chips)
HaekJiu: posts small blind $1
Griffin2400: posts big blind $3
*** HOLE CARDS ***
HaekJiu: raises $3 to $6
Griffin2400: calls $3
*** FLOP *** [3d 7h 2d]
Griffin2400: checks
HaekJiu: checks
*** TURN *** [3d 7h 2d] [7d]
Griffin2400: bets $6
HaekJiu: folds
Uncalled bet ($6) returned to Griffin2400
Griffin2400 collected $11.76 from pot
Griffin2400: doesn't show hand
*** SUMMARY ***
Total pot $12 | Rake $0.24
Board [3d 7h 2d 7d]
Seat 3: HaekJiu (button) (small blind) folded on the Turn
Seat 4: Griffin2400 (big blind) collected ($11.76)


PokerStars Hand #149320923136:  Hold'em Limit ($3/$6 USD) - 2016/02/23 23:32:32 ET
Table 'Herba' 6-max Seat #4 is the button
Seat 3: HaekJiu ($77.94 in chips)
Seat 4: Griffin2400 ($188.98 in chips)
Griffin2400: posts small blind $1
HaekJiu: posts big blind $3
*** HOLE CARDS ***
Griffin2400: raises $3 to $6
HaekJiu: calls $3
*** FLOP *** [Ad 6d 5s]
HaekJiu: checks
Griffin2400: bets $3
HaekJiu: calls $3
*** TURN *** [Ad 6d 5s] [4s]
HaekJiu: checks
Griffin2400: checks
*** RIVER *** [Ad 6d 5s 4s] [Jc]
HaekJiu: bets $6
Griffin2400: calls $6
*** SHOW DOWN ***
HaekJiu: shows [Ac 4d] (two pair, Aces and Fours)
Griffin2400: mucks hand
HaekJiu collected $29.50 from pot
*** SUMMARY ***
Total pot $30 | Rake $0.50
Board [Ad 6d 5s 4s Jc]
Seat 3: HaekJiu (big blind) showed [Ac 4d] and won ($29.50) with two pair, Aces and Fours
Seat 4: Griffin2400 (button) (small blind) mucked


PokerStars Hand #149320954203:  Hold'em Limit ($3/$6 USD) - 2016/02/23 23:34:17 ET
Table 'Herba' 6-max Seat #4 is the button
Seat 3: HaekJiu ($100.96 in chips)
Seat 4: Griffin2400 ($164.74 in chips)
Griffin2400: posts small blind $1
HaekJiu: posts big blind $3
*** HOLE CARDS ***
Griffin2400: raises $3 to $6
HaekJiu: calls $3
*** FLOP *** [Qh Kd Ts]
HaekJiu: checks
Griffin2400: bets $3
HaekJiu: calls $3
*** TURN *** [Qh Kd Ts] [Kc]
HaekJiu: checks
Griffin2400: bets $6
HaekJiu: raises $6 to $12
Griffin2400: calls $6
*** RIVER *** [Qh Kd Ts Kc] [3d]
HaekJiu: bets $6
Griffin2400: folds
Uncalled bet ($6) returned to HaekJiu
HaekJiu collected $41.50 from pot
HaekJiu: doesn't show hand
*** SUMMARY ***
Total pot $42 | Rake $0.50
Board [Qh Kd Ts Kc 3d]
Seat 3: HaekJiu (big blind) collected ($41.50)
Seat 4: Griffin2400 (button) (small blind) folded on the River


PokerStars Hand #149320952577:  Hold'em Limit ($3/$6 USD) - 2016/02/23 23:34:11 ET
Table 'Herba' 6-max Seat #3 is the button
Seat 3: HaekJiu ($101.96 in chips)
Seat 4: Griffin2400 ($163.74 in chips)
HaekJiu: posts small blind $1
Griffin2400: posts big blind $3
*** HOLE CARDS ***
HaekJiu: folds
Uncalled bet ($2) returned to Griffin2400
Griffin2400 collected $2 from pot
Griffin2400: doesn't show hand
*** SUMMARY ***
Total pot $2 | Rake $0
Seat 3: HaekJiu (button) (small blind) folded before Flop
Seat 4: Griffin2400 (big blind) collected ($2)


PokerStars Hand #149320950996:  Hold'em Limit ($3/$6 USD) - 2016/02/23 23:34:06 ET
Table 'Herba' 6-max Seat #4 is the button
Seat 3: HaekJiu ($100.96 in chips)
Seat 4: Griffin2400 ($164.74 in chips)
Griffin2400: posts small blind $1
HaekJiu: posts big blind $3
*** HOLE CARDS ***
Griffin2400: folds
Uncalled bet ($2) returned to HaekJiu
HaekJiu collected $2 from pot
HaekJiu: doesn't show hand
*** SUMMARY ***
Total pot $2 | Rake $0
Seat 3: HaekJiu (big blind) collected ($2)
Seat 4: Griffin2400 (button) (small blind) folded before Flop


PokerStars Hand #149320949460:  Hold'em Limit ($3/$6 USD) - 2016/02/23 23:34:01 ET
Table 'Herba' 6-max Seat #3 is the button
Seat 3: HaekJiu ($101.96 in chips)
Seat 4: Griffin2400 ($163.74 in chips)
HaekJiu: posts small blind $1
Griffin2400: posts big blind $3
*** HOLE CARDS ***
HaekJiu: folds
Uncalled bet ($2) returned to Griffin2400
Griffin2400 collected $2 from pot
*** SUMMARY ***
Total pot $2 | Rake $0
Seat 3: HaekJiu (button) (small blind) folded before Flop
Seat 4: Griffin2400 (big blind) collected ($2)


PokerStars Hand #149320944922:  Hold'em Limit ($3/$6 USD) - 2016/02/23 23:33:45 ET
Table 'Herba' 6-max Seat #4 is the button
Seat 3: HaekJiu ($90.44 in chips)
Seat 4: Griffin2400 ($175.74 in chips)
Griffin2400: posts small blind $1
HaekJiu: posts big blind $3
*** HOLE CARDS ***
Griffin2400: raises $3 to $6
HaekJiu: calls $3
*** FLOP *** [6c 9c 5s]
HaekJiu: checks
Griffin2400: bets $3
HaekJiu: raises $3 to $6
Griffin2400: calls $3
*** TURN *** [6c 9c 5s] [4d]
HaekJiu: bets $6
Griffin2400: folds
Uncalled bet ($6) returned to HaekJiu
HaekJiu collected $23.52 from pot
HaekJiu: doesn't show hand
*** SUMMARY ***
Total pot $24 | Rake $0.48
Board [6c 9c 5s 4d]
Seat 3: HaekJiu (big blind) collected ($23.52)
Seat 4: Griffin2400 (button) (small blind) folded on the Turn


PokerStars Hand #149320936452:  Hold'em Limit ($3/$6 USD) - 2016/02/23 23:33:17 ET
Table 'Herba' 6-max Seat #3 is the button
Seat 3: HaekJiu ($87.44 in chips)
Seat 4: Griffin2400 ($178.74 in chips)
HaekJiu: posts small blind $1
Griffin2400: posts big blind $3
*** HOLE CARDS ***
HaekJiu: raises $3 to $6
Griffin2400: folds
Uncalled bet ($3) returned to HaekJiu
HaekJiu collected $6 from pot
HaekJiu: doesn't show hand
*** SUMMARY ***
Total pot $6 | Rake $0
Seat 3: HaekJiu (button) (small blind) collected ($6)
Seat 4: Griffin2400 (big blind) folded before Flop


PokerStars Hand #149320972907:  Hold'em Limit ($3/$6 USD) - 2016/02/23 23:35:20 ET
Table 'Herba' 6-max Seat #3 is the button
Seat 3: HaekJiu ($112.46 in chips)
Seat 4: Griffin2400 ($152.14 in chips)
HaekJiu: posts small blind $1
Griffin2400: posts big blind $3
*** HOLE CARDS ***
HaekJiu: raises $3 to $6
Griffin2400: calls $3
*** FLOP *** [6d Ac 2h]
Griffin2400: checks
HaekJiu: checks
*** TURN *** [6d Ac 2h] [Js]
Griffin2400: bets $6
HaekJiu: folds
Uncalled bet ($6) returned to Griffin2400
Griffin2400 collected $11.76 from pot
Griffin2400: doesn't show hand
*** SUMMARY ***
Total pot $12 | Rake $0.24
Board [6d Ac 2h Js]
Seat 3: HaekJiu (button) (small blind) folded on the Turn
Seat 4: Griffin2400 (big blind) collected ($11.76)


PokerStars Hand #149320977506:  Hold'em Limit ($3/$6 USD) - 2016/02/23 23:35:36 ET
Table 'Herba' 6-max Seat #3 is the button
Seat 3: HaekJiu ($107.46 in chips)
Seat 4: Griffin2400 ($156.90 in chips)
HaekJiu: posts small blind $1
Griffin2400: posts big blind $3
*** HOLE CARDS ***
HaekJiu: folds
Uncalled bet ($2) returned to Griffin2400
Griffin2400 collected $2 from pot
Griffin2400: doesn't show hand
*** SUMMARY ***
Total pot $2 | Rake $0
Seat 3: HaekJiu (button) (small blind) folded before Flop
Seat 4: Griffin2400 (big blind) collected ($2)


PokerStars Hand #149320976103:  Hold'em Limit ($3/$6 USD) - 2016/02/23 23:35:31 ET
Table 'Herba' 6-max Seat #4 is the button
Seat 3: HaekJiu ($106.46 in chips)
Seat 4: Griffin2400 ($157.90 in chips)
Griffin2400: posts small blind $1
HaekJiu: posts big blind $3
*** HOLE CARDS ***
Griffin2400: folds
Uncalled bet ($2) returned to HaekJiu
HaekJiu collected $2 from pot
HaekJiu: doesn't show hand
*** SUMMARY ***
Total pot $2 | Rake $0
Seat 3: HaekJiu (big blind) collected ($2)
Seat 4: Griffin2400 (button) (small blind) folded before Flop


PokerStars Hand #149320968746:  Hold'em Limit ($3/$6 USD) - 2016/02/23 23:35:06 ET
Table 'Herba' 6-max Seat #4 is the button
Seat 3: HaekJiu ($121.46 in chips)
Seat 4: Griffin2400 ($143.50 in chips)
Griffin2400: posts small blind $1
HaekJiu: posts big blind $3
*** HOLE CARDS ***
Griffin2400: raises $3 to $6
HaekJiu: calls $3
*** FLOP *** [Jh 9s 2d]
HaekJiu: checks
Griffin2400: bets $3
HaekJiu: calls $3
*** TURN *** [Jh 9s 2d] [9h]
HaekJiu: checks
Griffin2400: bets $6
HaekJiu: folds
Uncalled bet ($6) returned to Griffin2400
Griffin2400 collected $17.64 from pot
Griffin2400: doesn't show hand
*** SUMMARY ***
Total pot $18 | Rake $0.36
Board [Jh 9s 2d 9h]
Seat 3: HaekJiu (big blind) folded on the Turn
Seat 4: Griffin2400 (button) (small blind) collected ($17.64)


PokerStars Hand #149320966828:  Hold'em Limit ($3/$6 USD) - 2016/02/23 23:34:59 ET
Table 'Herba' 6-max Seat #3 is the button
Seat 3: HaekJiu ($118.46 in chips)
Seat 4: Griffin2400 ($146.50 in chips)
HaekJiu: posts small blind $1
Griffin2400: posts big blind $3
*** HOLE CARDS ***
HaekJiu: raises $3 to $6
Griffin2400: folds
Uncalled bet ($3) returned to HaekJiu
HaekJiu collected $6 from pot
HaekJiu: doesn't show hand
*** SUMMARY ***
Total pot $6 | Rake $0
Seat 3: HaekJiu (button) (small blind) collected ($6)
Seat 4: Griffin2400 (big blind) folded before Flop


PokerStars Hand #149320962526:  Hold'em Limit ($3/$6 USD) - 2016/02/23 23:34:45 ET
Table 'Herba' 6-max Seat #4 is the button
Seat 3: HaekJiu ($124.46 in chips)
Seat 4: Griffin2400 ($140.74 in chips)
Griffin2400: posts small blind $1
HaekJiu: posts big blind $3
*** HOLE CARDS ***
Griffin2400: raises $3 to $6
HaekJiu: calls $3
*** FLOP *** [Kd 6h 6d]
HaekJiu: checks
Griffin2400: checks
*** TURN *** [Kd 6h 6d] [2c]
HaekJiu: checks
Griffin2400: checks
*** RIVER *** [Kd 6h 6d 2c] [4d]
HaekJiu: checks
Griffin2400: checks
*** SHOW DOWN ***
HaekJiu: shows [9c Th] (a pair of Sixes)
Griffin2400: shows [9d Jc] (a pair of Sixes - King+Jack kicker)
Griffin2400 collected $11.76 from pot
*** SUMMARY ***
Total pot $12 | Rake $0.24
Board [Kd 6h 6d 2c 4d]
Seat 3: HaekJiu (big blind) showed [9c Th] and lost with a pair of Sixes
Seat 4: Griffin2400 (button) (small blind) showed [9d Jc] and won ($11.76) with a pair of Sixes


PokerStars Hand #149320960134:  Hold'em Limit ($3/$6 USD) - 2016/02/23 23:34:37 ET
Table 'Herba' 6-max Seat #3 is the button
Seat 3: HaekJiu ($121.46 in chips)
Seat 4: Griffin2400 ($143.74 in chips)
HaekJiu: posts small blind $1
Griffin2400: posts big blind $3
*** HOLE CARDS ***
HaekJiu: raises $3 to $6
Griffin2400: folds
Uncalled bet ($3) returned to HaekJiu
HaekJiu collected $6 from pot
HaekJiu: doesn't show hand
*** SUMMARY ***
Total pot $6 | Rake $0
Seat 3: HaekJiu (button) (small blind) collected ($6)
Seat 4: Griffin2400 (big blind) folded before Flop


PokerStars Hand #149320984942:  Hold'em Limit ($3/$6 USD) - 2016/02/23 23:36:01 ET
Table 'Herba' 6-max Seat #3 is the button
Seat 3: HaekJiu ($103.46 in chips)
Seat 4: Griffin2400 ($160.90 in chips)
HaekJiu: posts small blind $1
Griffin2400: posts big blind $3
*** HOLE CARDS ***
HaekJiu: raises $3 to $6
Griffin2400: calls $3
*** FLOP *** [Th 2c Ad]
Griffin2400: checks
HaekJiu: bets $3
Griffin2400: raises $3 to $6
HaekJiu: calls $3
*** TURN *** [Th 2c Ad] [Jc]
Griffin2400: checks
HaekJiu: bets $6
Griffin2400: folds
Uncalled bet ($6) returned to HaekJiu
HaekJiu collected $23.52 from pot
HaekJiu: doesn't show hand
*** SUMMARY ***
Total pot $24 | Rake $0.48
Board [Th 2c Ad Jc]
Seat 3: HaekJiu (button) (small blind) collected ($23.52)
Seat 4: Griffin2400 (big blind) folded on the Turn


PokerStars Hand #149320982361:  Hold'em Limit ($3/$6 USD) - 2016/02/23 23:35:52 ET
Table 'Herba' 6-max Seat #4 is the button
Seat 3: HaekJiu ($102.46 in chips)
Seat 4: Griffin2400 ($161.90 in chips)
Griffin2400: posts small blind $1
HaekJiu: posts big blind $3
*** HOLE CARDS ***
Griffin2400: folds
Uncalled bet ($2) returned to HaekJiu
HaekJiu collected $2 from pot
HaekJiu: doesn't show hand
*** SUMMARY ***
Total pot $2 | Rake $0
Seat 3: HaekJiu (big blind) collected ($2)
Seat 4: Griffin2400 (button) (small blind) folded before Flop


PokerStars Hand #149320980871:  Hold'em Limit ($3/$6 USD) - 2016/02/23 23:35:47 ET
Table 'Herba' 6-max Seat #3 is the button
Seat 3: HaekJiu ($103.46 in chips)
Seat 4: Griffin2400 ($160.90 in chips)
HaekJiu: posts small blind $1
Griffin2400: posts big blind $3
*** HOLE CARDS ***
HaekJiu: folds
Uncalled bet ($2) returned to Griffin2400
Griffin2400 collected $2 from pot
Griffin2400: doesn't show hand
*** SUMMARY ***
Total pot $2 | Rake $0
Seat 3: HaekJiu (button) (small blind) folded before Flop
Seat 4: Griffin2400 (big blind) collected ($2)


PokerStars Hand #149320979200:  Hold'em Limit ($3/$6 USD) - 2016/02/23 23:35:41 ET
Table 'Herba' 6-max Seat #4 is the button
Seat 3: HaekJiu ($106.46 in chips)
Seat 4: Griffin2400 ($157.90 in chips)
Griffin2400: posts small blind $1
HaekJiu: posts big blind $3
*** HOLE CARDS ***
Griffin2400: raises $3 to $6
HaekJiu: folds
Uncalled bet ($3) returned to Griffin2400
Griffin2400 collected $6 from pot
Griffin2400: doesn't show hand
*** SUMMARY ***
Total pot $6 | Rake $0
Seat 3: HaekJiu (big blind) folded before Flop
Seat 4: Griffin2400 (button) (small blind) collected ($6)


PokerStars Hand #149321006597:  Hold'em Limit ($3/$6 USD) - 2016/02/23 23:37:15 ET
Table 'Herba' 6-max Seat #4 is the button
Seat 3: HaekJiu ($143.48 in chips)
Seat 4: Griffin2400 ($121 in chips)
Griffin2400: posts small blind $1
HaekJiu: posts big blind $3
*** HOLE CARDS ***
Griffin2400: raises $3 to $6
HaekJiu: calls $3
*** FLOP *** [Jd 3c Qd]
HaekJiu: checks
Griffin2400: bets $3
HaekJiu: raises $3 to $6
Griffin2400: raises $3 to $9
HaekJiu: calls $3
*** TURN *** [Jd 3c Qd] [9h]
HaekJiu: checks
Griffin2400: checks
*** RIVER *** [Jd 3c Qd 9h] [8s]
HaekJiu: bets $6
Griffin2400: raises $6 to $12
HaekJiu: calls $6
Chrisgalo33 joins the table at seat #5
*** SHOW DOWN ***
Griffin2400: shows [9s Ad] (a pair of Nines)
HaekJiu: shows [3h Jh] (two pair, Jacks and Threes)
HaekJiu collected $53.50 from pot
*** SUMMARY ***
Total pot $54 | Rake $0.50
Board [Jd 3c Qd 9h 8s]
Seat 3: HaekJiu (big blind) showed [3h Jh] and won ($53.50) with two pair, Jacks and Threes
Seat 4: Griffin2400 (button) (small blind) showed [9s Ad] and lost with a pair of Nines


PokerStars Hand #149321004949:  Hold'em Limit ($3/$6 USD) - 2016/02/23 23:37:09 ET
Table 'Herba' 6-max Seat #3 is the button
Seat 3: HaekJiu ($140.48 in chips)
Seat 4: Griffin2400 ($124 in chips)
HaekJiu: posts small blind $1
Griffin2400: posts big blind $3
*** HOLE CARDS ***
HaekJiu: raises $3 to $6
Griffin2400: folds
Uncalled bet ($3) returned to HaekJiu
HaekJiu collected $6 from pot
HaekJiu: doesn't show hand
*** SUMMARY ***
Total pot $6 | Rake $0
Seat 3: HaekJiu (button) (small blind) collected ($6)
Seat 4: Griffin2400 (big blind) folded before Flop


PokerStars Hand #149321003440:  Hold'em Limit ($3/$6 USD) - 2016/02/23 23:37:04 ET
Table 'Herba' 6-max Seat #4 is the button
Seat 3: HaekJiu ($139.48 in chips)
Seat 4: Griffin2400 ($125 in chips)
Griffin2400: posts small blind $1
HaekJiu: posts big blind $3
*** HOLE CARDS ***
Griffin2400: folds
Uncalled bet ($2) returned to HaekJiu
HaekJiu collected $2 from pot
HaekJiu: doesn't show hand
*** SUMMARY ***
Total pot $2 | Rake $0
Seat 3: HaekJiu (big blind) collected ($2)
Seat 4: Griffin2400 (button) (small blind) folded before Flop


PokerStars Hand #149321001678:  Hold'em Limit ($3/$6 USD) - 2016/02/23 23:36:58 ET
Table 'Herba' 6-max Seat #3 is the button
Seat 3: HaekJiu ($140.48 in chips)
Seat 4: Griffin2400 ($124 in chips)
HaekJiu: posts small blind $1
Griffin2400: posts big blind $3
*** HOLE CARDS ***
HaekJiu: folds
Uncalled bet ($2) returned to Griffin2400
Griffin2400 collected $2 from pot
*** SUMMARY ***
Total pot $2 | Rake $0
Seat 3: HaekJiu (button) (small blind) folded before Flop
Seat 4: Griffin2400 (big blind) collected ($2)


PokerStars Hand #149320999828:  Hold'em Limit ($3/$6 USD) - 2016/02/23 23:36:51 ET
Table 'Herba' 6-max Seat #4 is the button
Seat 3: HaekJiu ($143.48 in chips)
Seat 4: Griffin2400 ($121 in chips)
Griffin2400: posts small blind $1
HaekJiu: posts big blind $3
*** HOLE CARDS ***
Griffin2400: raises $3 to $6
HaekJiu: folds
Uncalled bet ($3) returned to Griffin2400
Griffin2400 collected $6 from pot
*** SUMMARY ***
Total pot $6 | Rake $0
Seat 3: HaekJiu (big blind) folded before Flop
Seat 4: Griffin2400 (button) (small blind) collected ($6)


PokerStars Hand #149320998252:  Hold'em Limit ($3/$6 USD) - 2016/02/23 23:36:46 ET
Table 'Herba' 6-max Seat #3 is the button
Seat 3: HaekJiu ($144.48 in chips)
Seat 4: Griffin2400 ($120 in chips)
HaekJiu: posts small blind $1
Griffin2400: posts big blind $3
*** HOLE CARDS ***
HaekJiu: folds
Uncalled bet ($2) returned to Griffin2400
Griffin2400 collected $2 from pot
Griffin2400: doesn't show hand
*** SUMMARY ***
Total pot $2 | Rake $0
Seat 3: HaekJiu (button) (small blind) folded before Flop
Seat 4: Griffin2400 (big blind) collected ($2)


PokerStars Hand #149320990074:  Hold'em Limit ($3/$6 USD) - 2016/02/23 23:36:18 ET
Table 'Herba' 6-max Seat #4 is the button
Seat 3: HaekJiu ($114.98 in chips)
Seat 4: Griffin2400 ($148.90 in chips)
Griffin2400: posts small blind $1
HaekJiu: posts big blind $3
*** HOLE CARDS ***
Griffin2400: raises $3 to $6
HaekJiu: calls $3
*** FLOP *** [Kc Th 2c]
HaekJiu: checks
Griffin2400: bets $3
HaekJiu: raises $3 to $6
Griffin2400: raises $3 to $9
HaekJiu: raises $3 to $12
Betting is capped
Griffin2400: calls $3
*** TURN *** [Kc Th 2c] [As]
HaekJiu: bets $6
Griffin2400: calls $6
*** RIVER *** [Kc Th 2c As] [6c]
HaekJiu: bets $6
Griffin2400: calls $6
*** SHOW DOWN ***
HaekJiu: shows [2s Ts] (two pair, Tens and Deuces)
Griffin2400: mucks hand
HaekJiu collected $59.50 from pot
*** SUMMARY ***
Total pot $60 | Rake $0.50
Board [Kc Th 2c As 6c]
Seat 3: HaekJiu (big blind) showed [2s Ts] and won ($59.50) with two pair, Tens and Deuces
Seat 4: Griffin2400 (button) (small blind) mucked


PokerStars Hand #149321013709:  Hold'em Limit ($3/$6 USD) - 2016/02/23 23:37:39 ET
Table 'Herba' 6-max Seat #3 is the button
Seat 3: HaekJiu ($169.98 in chips)
Seat 4: Griffin2400 ($120 in chips)
HaekJiu: posts small blind $1
Griffin2400: posts big blind $3
*** HOLE CARDS ***
HaekJiu: raises $3 to $6
Griffin2400: raises $3 to $9
HaekJiu: calls $3
*** FLOP *** [Ad 5h 7c]
Griffin2400: bets $3
HaekJiu: calls $3
*** TURN *** [Ad 5h 7c] [2c]
Griffin2400: bets $6
HaekJiu: calls $6
*** RIVER *** [Ad 5h 7c 2c] [9c]
Griffin2400: checks
HaekJiu: checks
*** SHOW DOWN ***
Griffin2400: shows [3h 3s] (a pair of Threes)
HaekJiu: mucks hand
Griffin2400 collected $35.50 from pot
*** SUMMARY ***
Total pot $36 | Rake $0.50
Board [Ad 5h 7c 2c 9c]
Seat 3: HaekJiu (button) (small blind) mucked
Seat 4: Griffin2400 (big blind) showed [3h 3s] and won ($35.50) with a pair of Threes


PokerStars Hand #149322507047:  Hold'em Limit ($3/$6 USD) - 2016/02/24 1:07:22 ET
Table 'Herba' 6-max Seat #2 is the button
Seat 1: PycV ($482.79 in chips)
Seat 2: chipsdigme86 ($80.62 in chips)
chipsdigme86: posts small blind $1
PycV: posts big blind $3
*** HOLE CARDS ***
chipsdigme86: raises $3 to $6
PycV: raises $3 to $9
chipsdigme86: calls $3
*** FLOP *** [5h 4c 3c]
PycV: checks
chipsdigme86: bets $3
PycV: calls $3
*** TURN *** [5h 4c 3c] [8s]
PycV: checks
chipsdigme86: bets $6
PycV: calls $6
*** RIVER *** [5h 4c 3c 8s] [Ah]
PycV: checks
chipsdigme86: bets $6
PycV: calls $6
*** SHOW DOWN ***
chipsdigme86: shows [2h Qh] (a straight, Ace to Five)
PycV: mucks hand
chipsdigme86 collected $47.50 from pot
*** SUMMARY ***
Total pot $48 | Rake $0.50
Board [5h 4c 3c 8s Ah]
Seat 1: PycV (big blind) mucked
Seat 2: chipsdigme86 (button) (small blind) showed [2h Qh] and won ($47.50) with a straight, Ace to Five


PokerStars Hand #149322505866:  Hold'em Limit ($3/$6 USD) - 2016/02/24 1:07:18 ET
Table 'Herba' 6-max Seat #1 is the button
Seat 1: PycV ($483.79 in chips)
Seat 2: chipsdigme86 ($79.62 in chips)
PycV: posts small blind $1
chipsdigme86: posts big blind $3
*** HOLE CARDS ***
PycV: folds
Uncalled bet ($2) returned to chipsdigme86
chipsdigme86 collected $2 from pot
*** SUMMARY ***
Total pot $2 | Rake $0
Seat 1: PycV (button) (small blind) folded before Flop
Seat 2: chipsdigme86 (big blind) collected ($2)


PokerStars Hand #149322493063:  Hold'em Limit ($3/$6 USD) - 2016/02/24 1:06:34 ET
Table 'Herba' 6-max Seat #2 is the button
Seat 1: PycV ($460.29 in chips)
Seat 2: chipsdigme86 ($103.62 in chips)
chipsdigme86: posts small blind $1
PycV: posts big blind $3
*** HOLE CARDS ***
chipsdigme86: raises $3 to $6
PycV: calls $3
*** FLOP *** [9c 3h 8s]
PycV: checks
chipsdigme86: bets $3
PycV: raises $3 to $6
chipsdigme86: calls $3
*** TURN *** [9c 3h 8s] [As]
PycV: bets $6
chipsdigme86: raises $6 to $12
PycV: calls $6
*** RIVER *** [9c 3h 8s As] [2h]
PycV: checks
chipsdigme86: checks
*** SHOW DOWN ***
PycV: shows [9d Kh] (a pair of Nines)
chipsdigme86: mucks hand
PycV collected $47.50 from pot
*** SUMMARY ***
Total pot $48 | Rake $0.50
Board [9c 3h 8s As 2h]
Seat 1: PycV (big blind) showed [9d Kh] and won ($47.50) with a pair of Nines
Seat 2: chipsdigme86 (button) (small blind) mucked


PokerStars Hand #149322523449:  Hold'em Limit ($3/$6 USD) - 2016/02/24 1:08:20 ET
Table 'Herba' 6-max Seat #1 is the button
Seat 1: PycV ($458.43 in chips)
Seat 2: chipsdigme86 ($103.76 in chips)
PycV: posts small blind $1
chipsdigme86: posts big blind $3
*** HOLE CARDS ***
PycV: raises $3 to $6
chipsdigme86: raises $3 to $9
PycV: calls $3
*** FLOP *** [Kh 5c Jd]
chipsdigme86: bets $3
PycV: calls $3
*** TURN *** [Kh 5c Jd] [5s]
chipsdigme86: checks
PycV: bets $6
chipsdigme86: calls $6
*** RIVER *** [Kh 5c Jd 5s] [6h]
chipsdigme86: checks
PycV: bets $6
chipsdigme86: calls $6
*** SHOW DOWN ***
PycV: shows [Tc 5h] (three of a kind, Fives)
chipsdigme86: mucks hand
PycV collected $47.50 from pot
*** SUMMARY ***
Total pot $48 | Rake $0.50
Board [Kh 5c Jd 5s 6h]
Seat 1: PycV (button) (small blind) showed [Tc 5h] and won ($47.50) with three of a kind, Fives
Seat 2: chipsdigme86 (big blind) mucked


PokerStars Hand #149322519542:  Hold'em Limit ($3/$6 USD) - 2016/02/24 1:08:06 ET
Table 'Herba' 6-max Seat #2 is the button
Seat 1: PycV ($449.79 in chips)
Seat 2: chipsdigme86 ($112.76 in chips)
chipsdigme86: posts small blind $1
PycV: posts big blind $3
*** HOLE CARDS ***
chipsdigme86: raises $3 to $6
PycV: calls $3
*** FLOP *** [5s 7c Ah]
PycV: checks
chipsdigme86: bets $3
PycV: raises $3 to $6
Sunny1022 joins the table at seat #3
chipsdigme86: folds
Uncalled bet ($3) returned to PycV
PycV collected $17.64 from pot
PycV: doesn't show hand
*** SUMMARY ***
Total pot $18 | Rake $0.36
Board [5s 7c Ah]
Seat 1: PycV (big blind) collected ($17.64)
Seat 2: chipsdigme86 (button) (small blind) folded on the Flop


PokerStars Hand #149322513564:  Hold'em Limit ($3/$6 USD) - 2016/02/24 1:07:45 ET
Table 'Herba' 6-max Seat #1 is the button
Seat 1: PycV ($458.79 in chips)
Seat 2: chipsdigme86 ($104.12 in chips)
PycV: posts small blind $1
chipsdigme86: posts big blind $3
*** HOLE CARDS ***
PycV: raises $3 to $6
chipsdigme86: calls $3
*** FLOP *** [7s 4s Qh]
chipsdigme86: checks
PycV: bets $3
chipsdigme86: calls $3
*** TURN *** [7s 4s Qh] [8s]
chipsdigme86: checks
PycV: checks
*** RIVER *** [7s 4s Qh 8s] [3d]
chipsdigme86: bets $6
PycV: folds
Uncalled bet ($6) returned to chipsdigme86
chipsdigme86 collected $17.64 from pot
*** SUMMARY ***
Total pot $18 | Rake $0.36
Board [7s 4s Qh 8s 3d]
Seat 1: PycV (button) (small blind) folded on the River
Seat 2: chipsdigme86 (big blind) collected ($17.64)


PokerStars Hand #149323154989:  Hold'em Limit ($3/$6 USD) - 2016/02/24 1:45:27 ET
Table 'Herba' 6-max Seat #3 is the button
Seat 3: Scribe169 ($185.13 in chips)
Seat 5: oregordog ($3.87 in chips)
Scribe169: posts small blind $1
oregordog: posts big blind $3
*** HOLE CARDS ***
Scribe169: raises $3 to $6
oregordog: calls $0.87 and is all-in
Uncalled bet ($2.13) returned to Scribe169
*** FLOP *** [6c 8s Ah]
*** TURN *** [6c 8s Ah] [Ks]
*** RIVER *** [6c 8s Ah Ks] [7d]
*** SHOW DOWN ***
oregordog: shows [3h 5h] (high card Ace)
Scribe169: shows [8d Qc] (a pair of Eights)
Scribe169 collected $7.59 from pot
*** SUMMARY ***
Total pot $7.74 | Rake $0.15
Board [6c 8s Ah Ks 7d]
Seat 3: Scribe169 (button) (small blind) showed [8d Qc] and won ($7.59) with a pair of Eights
Seat 5: oregordog (big blind) showed [3h 5h] and lost with high card Ace


PokerStars Hand #149323149864:  Hold'em Limit ($3/$6 USD) - 2016/02/24 1:45:08 ET
Table 'Herba' 6-max Seat #5 is the button
Seat 3: Scribe169 ($179.37 in chips)
Seat 5: oregordog ($9.87 in chips)
oregordog: posts small blind $1
Scribe169: posts big blind $3
*** HOLE CARDS ***
oregordog: raises $3 to $6
Scribe169: calls $3
*** FLOP *** [Qc Qs 5d]
Scribe169: checks
oregordog: checks
*** TURN *** [Qc Qs 5d] [Kh]
Scribe169: bets $6
oregordog: folds
Uncalled bet ($6) returned to Scribe169
Scribe169 collected $11.76 from pot
Scribe169: doesn't show hand
*** SUMMARY ***
Total pot $12 | Rake $0.24
Board [Qc Qs 5d Kh]
Seat 3: Scribe169 (big blind) collected ($11.76)
Seat 5: oregordog (button) (small blind) folded on the Turn


