PokerStars Hand #144270103233:  Hold'em Limit ($3/$6 USD) - 2015/11/23 12:45:36 ET
Table 'Hercules' 6-max Seat #4 is the button
Seat 1: nicmct ($313.61 in chips)
Seat 4: Karpik09 ($87 in chips)
Karpik09: posts small blind $1
nicmct: posts big blind $3
*** HOLE CARDS ***
Karpik09: raises $3 to $6
nicmct: raises $3 to $9
Karpik09: calls $3
*** FLOP *** [Qc Kc 2c]
nicmct: bets $3
Karpik09: calls $3
*** TURN *** [Qc Kc 2c] [3c]
nicmct: bets $6
Karpik09: folds
Uncalled bet ($6) returned to nicmct
nicmct collected $23.52 from pot
nicmct: doesn't show hand
*** SUMMARY ***
Total pot $24 | Rake $0.48
Board [Qc Kc 2c 3c]
Seat 1: nicmct (big blind) collected ($23.52)
Seat 4: Karpik09 (button) (small blind) folded on the Turn


PokerStars Hand #144270168068:  Hold'em Limit ($3/$6 USD) - 2015/11/23 12:46:50 ET
Table 'Hercules' 6-max Seat #4 is the button
Seat 1: nicmct ($345.63 in chips)
Seat 4: Karpik09 ($90 in chips)
Karpik09: posts small blind $1
nicmct: posts big blind $3
*** HOLE CARDS ***
Karpik09: folds
Uncalled bet ($2) returned to nicmct
nicmct collected $2 from pot
*** SUMMARY ***
Total pot $2 | Rake $0
Seat 1: nicmct (big blind) collected ($2)
Seat 4: Karpik09 (button) (small blind) folded before Flop


PokerStars Hand #144270127308:  Hold'em Limit ($3/$6 USD) - 2015/11/23 12:46:03 ET
Table 'Hercules' 6-max Seat #1 is the button
Seat 1: nicmct ($325.13 in chips)
Seat 4: Karpik09 ($75 in chips)
nicmct: posts small blind $1
Karpik09: posts big blind $3
*** HOLE CARDS ***
nicmct: raises $3 to $6
Karpik09: calls $3
*** FLOP *** [9c 6s 2h]
Karpik09: checks
nicmct: bets $3
Karpik09: calls $3
*** TURN *** [9c 6s 2h] [8c]
Karpik09: checks
nicmct: bets $6
Karpik09: calls $6
*** RIVER *** [9c 6s 2h 8c] [9h]
Karpik09: checks
nicmct: bets $6
Karpik09: calls $6
*** SHOW DOWN ***
nicmct: shows [8d Ac] (two pair, Nines and Eights)
Karpik09: mucks hand
nicmct collected $41.50 from pot
*** SUMMARY ***
Total pot $42 | Rake $0.50
Board [9c 6s 2h 8c 9h]
Seat 1: nicmct (button) (small blind) showed [8d Ac] and won ($41.50) with two pair, Nines and Eights
Seat 4: Karpik09 (big blind) mucked


PokerStars Hand #144270993118:  Hold'em Limit ($3/$6 USD) - 2015/11/23 13:03:34 ET
Table 'Hercules' 6-max Seat #4 is the button
Seat 3: SONCKG ($119 in chips)
Seat 4: Karpik09 ($91 in chips)
Karpik09: posts small blind $1
SONCKG: posts big blind $3
*** HOLE CARDS ***
Karpik09: raises $3 to $6
SONCKG: raises $3 to $9
Karpik09: calls $3
*** FLOP *** [Qs 5h 4s]
SONCKG: bets $3
Karpik09: folds
Uncalled bet ($3) returned to SONCKG
SONCKG collected $17.64 from pot
*** SUMMARY ***
Total pot $18 | Rake $0.36
Board [Qs 5h 4s]
Seat 3: SONCKG (big blind) collected ($17.64)
Seat 4: Karpik09 (button) (small blind) folded on the Flop


PokerStars Hand #144271026191:  Hold'em Limit ($3/$6 USD) - 2015/11/23 13:04:10 ET
Table 'Hercules' 6-max Seat #3 is the button
Seat 3: SONCKG ($127.64 in chips)
Seat 4: Karpik09 ($82 in chips)
SONCKG: posts small blind $1
Karpik09: posts big blind $3
*** HOLE CARDS ***
SONCKG: raises $3 to $6
Karpik09: calls $3
*** FLOP *** [Jh 2s 2h]
Karpik09: checks
SONCKG: bets $3
Karpik09: raises $3 to $6
SONCKG: calls $3
*** TURN *** [Jh 2s 2h] [Js]
Karpik09: bets $6
SONCKG: calls $6
*** RIVER *** [Jh 2s 2h Js] [Jd]
Karpik09: checks
SONCKG: bets $6
Karpik09: calls $6
*** SHOW DOWN ***
SONCKG: shows [Kh Ts] (a full house, Jacks full of Deuces)
Karpik09: shows [Tc 2c] (a full house, Jacks full of Deuces)
Karpik09 collected $23.75 from pot
SONCKG collected $23.75 from pot
*** SUMMARY ***
Total pot $48 | Rake $0.50
Board [Jh 2s 2h Js Jd]
Seat 3: SONCKG (button) (small blind) showed [Kh Ts] and won ($23.75) with a full house, Jacks full of Deuces
Seat 4: Karpik09 (big blind) showed [Tc 2c] and won ($23.75) with a full house, Jacks full of Deuces


PokerStars Hand #144271061356:  Hold'em Limit ($3/$6 USD) - 2015/11/23 13:04:48 ET
Table 'Hercules' 6-max Seat #4 is the button
Seat 3: SONCKG ($127.39 in chips)
Seat 4: Karpik09 ($81.75 in chips)
Karpik09: posts small blind $1
SONCKG: posts big blind $3
*** HOLE CARDS ***
Karpik09: raises $3 to $6
SONCKG: raises $3 to $9
Karpik09: calls $3
*** FLOP *** [6s 2c 3h]
SONCKG: bets $3
Karpik09: calls $3
*** TURN *** [6s 2c 3h] [Ad]
SONCKG: bets $6
Karpik09: folds
Uncalled bet ($6) returned to SONCKG
SONCKG collected $23.52 from pot
*** SUMMARY ***
Total pot $24 | Rake $0.48
Board [6s 2c 3h Ad]
Seat 3: SONCKG (big blind) collected ($23.52)
Seat 4: Karpik09 (button) (small blind) folded on the Turn


PokerStars Hand #144271089282:  Hold'em Limit ($3/$6 USD) - 2015/11/23 13:05:19 ET
Table 'Hercules' 6-max Seat #4 is the button
Seat 3: SONCKG ($137.91 in chips)
Seat 4: Karpik09 ($91 in chips)
Karpik09: posts small blind $1
SONCKG: posts big blind $3
*** HOLE CARDS ***
Karpik09: raises $3 to $6
SONCKG: folds
Uncalled bet ($3) returned to Karpik09
Karpik09 collected $6 from pot
Karpik09: doesn't show hand
*** SUMMARY ***
Total pot $6 | Rake $0
Seat 3: SONCKG (big blind) folded before Flop
Seat 4: Karpik09 (button) (small blind) collected ($6)


PokerStars Hand #144271133999:  Hold'em Limit ($3/$6 USD) - 2015/11/23 13:06:07 ET
Table 'Hercules' 6-max Seat #3 is the button
Seat 3: SONCKG ($148.41 in chips)
Seat 4: Karpik09 ($80 in chips)
SONCKG: posts small blind $1
Karpik09: posts big blind $3
*** HOLE CARDS ***
SONCKG: folds
Uncalled bet ($2) returned to Karpik09
Karpik09 collected $2 from pot
Karpik09: doesn't show hand
*** SUMMARY ***
Total pot $2 | Rake $0
Seat 3: SONCKG (button) (small blind) folded before Flop
Seat 4: Karpik09 (big blind) collected ($2)


PokerStars Hand #144271104731:  Hold'em Limit ($3/$6 USD) - 2015/11/23 13:05:36 ET
Table 'Hercules' 6-max Seat #4 is the button
Seat 3: SONCKG ($133.91 in chips)
Seat 4: Karpik09 ($95 in chips)
Karpik09: posts small blind $1
SONCKG: posts big blind $3
*** HOLE CARDS ***
Karpik09: raises $3 to $6
SONCKG: calls $3
*** FLOP *** [Tc Jh 9h]
SONCKG: checks
Karpik09: bets $3
SONCKG: calls $3
*** TURN *** [Tc Jh 9h] [8c]
SONCKG: checks
Karpik09: checks
*** RIVER *** [Tc Jh 9h 8c] [8s]
SONCKG: bets $6
Karpik09: calls $6
*** SHOW DOWN ***
SONCKG: shows [Kc Kd] (two pair, Kings and Eights)
Karpik09: mucks hand
SONCKG collected $29.50 from pot
*** SUMMARY ***
Total pot $30 | Rake $0.50
Board [Tc Jh 9h 8c 8s]
Seat 3: SONCKG (big blind) showed [Kc Kd] and won ($29.50) with two pair, Kings and Eights
Seat 4: Karpik09 (button) (small blind) mucked


PokerStars Hand #144271138194:  Hold'em Limit ($3/$6 USD) - 2015/11/23 13:06:12 ET
Table 'Hercules' 6-max Seat #4 is the button
Seat 3: SONCKG ($147.41 in chips)
Seat 4: Karpik09 ($81 in chips)
Karpik09: posts small blind $1
SONCKG: posts big blind $3
*** HOLE CARDS ***
Karpik09: raises $3 to $6
SONCKG: folds
Uncalled bet ($3) returned to Karpik09
Karpik09 collected $6 from pot
Karpik09: doesn't show hand
*** SUMMARY ***
Total pot $6 | Rake $0
Seat 3: SONCKG (big blind) folded before Flop
Seat 4: Karpik09 (button) (small blind) collected ($6)


PokerStars Hand #144271148658:  Hold'em Limit ($3/$6 USD) - 2015/11/23 13:06:23 ET
Table 'Hercules' 6-max Seat #4 is the button
Seat 3: SONCKG ($143.41 in chips)
Seat 4: Karpik09 ($85 in chips)
Karpik09: posts small blind $1
SONCKG: posts big blind $3
*** HOLE CARDS ***
Karpik09: raises $3 to $6
SONCKG: calls $3
*** FLOP *** [7c 6c 9h]
SONCKG: checks
Karpik09: bets $3
SONCKG: folds
Uncalled bet ($3) returned to Karpik09
Karpik09 collected $11.76 from pot
Karpik09: doesn't show hand
*** SUMMARY ***
Total pot $12 | Rake $0.24
Board [7c 6c 9h]
Seat 3: SONCKG (big blind) folded on the Flop
Seat 4: Karpik09 (button) (small blind) collected ($11.76)


PokerStars Hand #144271144353:  Hold'em Limit ($3/$6 USD) - 2015/11/23 13:06:19 ET
Table 'Hercules' 6-max Seat #3 is the button
Seat 3: SONCKG ($144.41 in chips)
Seat 4: Karpik09 ($84 in chips)
SONCKG: posts small blind $1
Karpik09: posts big blind $3
*** HOLE CARDS ***
SONCKG: folds
Uncalled bet ($2) returned to Karpik09
Karpik09 collected $2 from pot
Karpik09: doesn't show hand
*** SUMMARY ***
Total pot $2 | Rake $0
Seat 3: SONCKG (button) (small blind) folded before Flop
Seat 4: Karpik09 (big blind) collected ($2)


PokerStars Hand #144271159867:  Hold'em Limit ($3/$6 USD) - 2015/11/23 13:06:35 ET
Table 'Hercules' 6-max Seat #3 is the button
Seat 3: SONCKG ($137.41 in chips)
Seat 4: Karpik09 ($90.76 in chips)
SONCKG: posts small blind $1
Karpik09: posts big blind $3
*** HOLE CARDS ***
SONCKG: raises $3 to $6
Karpik09: calls $3
*** FLOP *** [8d 9c 3d]
Karpik09: checks
SONCKG: checks
*** TURN *** [8d 9c 3d] [8c]
Karpik09: checks
SONCKG: checks
*** RIVER *** [8d 9c 3d 8c] [5c]
Karpik09: bets $6
SONCKG: raises $6 to $12
Karpik09: calls $6
*** SHOW DOWN ***
SONCKG: shows [Jc 2c] (a flush, Jack high)
Karpik09: mucks hand
alictov joins the table at seat #2
SONCKG collected $35.50 from pot
*** SUMMARY ***
Total pot $36 | Rake $0.50
Board [8d 9c 3d 8c 5c]
Seat 3: SONCKG (button) (small blind) showed [Jc 2c] and won ($35.50) with a flush, Jack high
Seat 4: Karpik09 (big blind) mucked


PokerStars Hand #144272708552:  Hold'em Limit ($3/$6 USD) - 2015/11/23 13:34:58 ET
Table 'Hercules' 6-max Seat #3 is the button
Seat 1: 2tight2win22 ($50.41 in chips)
Seat 3: SONCKG ($55.74 in chips)
SONCKG: posts small blind $1
Karpik09: is sitting out
LukaSteel: is sitting out
2tight2win22: posts big blind $3
*** HOLE CARDS ***
SONCKG: folds
Uncalled bet ($2) returned to 2tight2win22
Karpik09 leaves the table
2tight2win22 collected $2 from pot
2tight2win22: doesn't show hand
*** SUMMARY ***
Total pot $2 | Rake $0
Seat 1: 2tight2win22 (big blind) collected ($2)
Seat 3: SONCKG (button) (small blind) folded before Flop


PokerStars Hand #144272713561:  Hold'em Limit ($3/$6 USD) - 2015/11/23 13:35:04 ET
Table 'Hercules' 6-max Seat #1 is the button
Seat 1: 2tight2win22 ($51.41 in chips)
Seat 3: SONCKG ($54.74 in chips)
2tight2win22: posts small blind $1
SONCKG: posts big blind $3
*** HOLE CARDS ***
marhae joins the table at seat #6
LukaSteel leaves the table
2tight2win22: raises $3 to $6
SONCKG: folds
Uncalled bet ($3) returned to 2tight2win22
2tight2win22 collected $6 from pot
2tight2win22: doesn't show hand
*** SUMMARY ***
Total pot $6 | Rake $0
Seat 1: 2tight2win22 (button) (small blind) collected ($6)
Seat 3: SONCKG (big blind) folded before Flop


