PokerStars Hand #168056014950:  Hold'em Limit ($3/$6 USD) - 2017/03/24 16:58:41 ET
Table 'Herculina' 6-max Seat #4 is the button
Seat 3: kungsbjörn ($119 in chips)
Seat 4: FHstyles ($61 in chips)
FHstyles: posts small blind $1
kungsbjörn: posts big blind $3
*** HOLE CARDS ***
FHstyles: raises $3 to $6
kungsbjörn: calls $3
*** FLOP *** [9s 8s 2d]
Lauriston72 joins the table at seat #5
kungsbjörn: checks
FHstyles: bets $3
kungsbjörn: folds
Uncalled bet ($3) returned to FHstyles
FHstyles collected $11.76 from pot
FHstyles: doesn't show hand
*** SUMMARY ***
Total pot $12 | Rake $0.24
Board [9s 8s 2d]
Seat 3: kungsbjörn (big blind) folded on the Flop
Seat 4: FHstyles (button) (small blind) collected ($11.76)


PokerStars Hand #168056023825:  Hold'em Limit ($3/$6 USD) - 2017/03/24 16:58:54 ET
Table 'Herculina' 6-max Seat #3 is the button
Seat 3: kungsbjörn ($113 in chips)
Seat 4: FHstyles ($66.76 in chips)
kungsbjörn: posts small blind $1
FHstyles: posts big blind $3
*** HOLE CARDS ***
kungsbjörn: raises $3 to $6
FHstyles: raises $3 to $9
kungsbjörn: calls $3
*** FLOP *** [Qd 9c 5h]
FHstyles: bets $3
kungsbjörn: calls $3
*** TURN *** [Qd 9c 5h] [Js]
FHstyles: checks
kungsbjörn: bets $6
vestimokrec joins the table at seat #6
FHstyles: folds
Uncalled bet ($6) returned to kungsbjörn
kungsbjörn collected $23.52 from pot
kungsbjörn: doesn't show hand
*** SUMMARY ***
Total pot $24 | Rake $0.48
Board [Qd 9c 5h Js]
Seat 3: kungsbjörn (button) (small blind) collected ($23.52)
Seat 4: FHstyles (big blind) folded on the Turn


