PokerStars Hand #169819396306:  Hold'em Limit ($3/$6 USD) - 2017/05/01 14:28:07 ET
Table 'Hercules II' 6-max Seat #3 is the button
Seat 1: TinaTurner72 ($128.64 in chips)
Seat 3: SalnikovGG ($111 in chips)
SalnikovGG: posts small blind $1
TinaTurner72: posts big blind $3
*** HOLE CARDS ***
vestimokrec joins the table at seat #4
SalnikovGG: raises $3 to $6
TinaTurner72: calls $3
*** FLOP *** [2c 5h Js]
TinaTurner72: checks
SalnikovGG: checks
*** TURN *** [2c 5h Js] [3h]
TinaTurner72: bets $6
SalnikovGG: calls $6
*** RIVER *** [2c 5h Js 3h] [9h]
TinaTurner72: bets $6
SalnikovGG: calls $6
*** SHOW DOWN ***
TinaTurner72: shows [9c 5s] (two pair, Nines and Fives)
SalnikovGG: mucks hand
TinaTurner72 collected $35.50 from pot
*** SUMMARY ***
Total pot $36 | Rake $0.50
Board [2c 5h Js 3h 9h]
Seat 1: TinaTurner72 (big blind) showed [9c 5s] and won ($35.50) with two pair, Nines and Fives
Seat 3: SalnikovGG (button) (small blind) mucked


PokerStars Hand #169819432048:  Hold'em Limit ($3/$6 USD) - 2017/05/01 14:28:49 ET
Table 'Hercules II' 6-max Seat #1 is the button
Seat 1: TinaTurner72 ($146.14 in chips)
Seat 3: SalnikovGG ($93 in chips)
TinaTurner72: posts small blind $1
SalnikovGG: posts big blind $3
*** HOLE CARDS ***
TinaTurner72: raises $3 to $6
SalnikovGG: calls $3
*** FLOP *** [Th 2c 5h]
SalnikovGG: checks
TinaTurner72: bets $3
SalnikovGG: calls $3
*** TURN *** [Th 2c 5h] [Ks]
SalnikovGG: checks
TinaTurner72: bets $6
SalnikovGG: folds
Uncalled bet ($6) returned to TinaTurner72
TinaTurner72 collected $17.64 from pot
TinaTurner72: doesn't show hand
*** SUMMARY ***
Total pot $18 | Rake $0.36
Board [Th 2c 5h Ks]
Seat 1: TinaTurner72 (button) (small blind) collected ($17.64)
Seat 3: SalnikovGG (big blind) folded on the Turn


PokerStars Hand #169819655404:  Hold'em Limit ($3/$6 USD) - 2017/05/01 14:33:14 ET
Table 'Hercules II' 6-max Seat #4 is the button
Seat 1: TinaTurner72 ($202.81 in chips)
Seat 4: vestimokrec ($75.61 in chips)
vestimokrec: posts small blind $1
TinaTurner72: posts big blind $3
*** HOLE CARDS ***
vestimokrec: raises $3 to $6
TinaTurner72: calls $3
*** FLOP *** [2c Kc Td]
TinaTurner72: checks
vestimokrec: bets $3
TinaTurner72: folds
Uncalled bet ($3) returned to vestimokrec
vestimokrec collected $11.76 from pot
vestimokrec: doesn't show hand
*** SUMMARY ***
Total pot $12 | Rake $0.24
Board [2c Kc Td]
Seat 1: TinaTurner72 (big blind) folded on the Flop
Seat 4: vestimokrec (button) (small blind) collected ($11.76)


PokerStars Hand #169819642096:  Hold'em Limit ($3/$6 USD) - 2017/05/01 14:32:59 ET
Table 'Hercules II' 6-max Seat #1 is the button
Seat 1: TinaTurner72 ($197.05 in chips)
Seat 4: vestimokrec ($81.61 in chips)
TinaTurner72: posts small blind $1
vestimokrec: posts big blind $3
*** HOLE CARDS ***
TinaTurner72: raises $3 to $6
vestimokrec: calls $3
*** FLOP *** [4s Jh 8d]
vestimokrec: checks
TinaTurner72: bets $3
vestimokrec: folds
Uncalled bet ($3) returned to TinaTurner72
TinaTurner72 collected $11.76 from pot
TinaTurner72: doesn't show hand
*** SUMMARY ***
Total pot $12 | Rake $0.24
Board [4s Jh 8d]
Seat 1: TinaTurner72 (button) (small blind) collected ($11.76)
Seat 4: vestimokrec (big blind) folded on the Flop


PokerStars Hand #169821523830:  Hold'em Limit ($3/$6 USD) - 2017/05/01 15:11:00 ET
Table 'Hercules II' 6-max Seat #3 is the button
Seat 3: hairy1961 ($21.87 in chips)
Seat 4: Krazy90 ($143.50 in chips)
hairy1961: posts small blind $1
Krazy90: posts big blind $3
*** HOLE CARDS ***
hairy1961: raises $3 to $6
Krazy90: calls $3
*** FLOP *** [6h Kc Kd]
Krazy90: checks
hairy1961: checks
*** TURN *** [6h Kc Kd] [5d]
Krazy90: bets $6
hairy1961: raises $6 to $12
Krazy90: raises $6 to $18
hairy1961: calls $3.87 and is all-in
Uncalled bet ($2.13) returned to Krazy90
*** RIVER *** [6h Kc Kd 5d] [Ks]
*** SHOW DOWN ***
Krazy90: shows [6s 7d] (a full house, Kings full of Sixes)
hairy1961: shows [Td Kh] (four of a kind, Kings)
hairy1961 collected $43.24 from pot
*** SUMMARY ***
Total pot $43.74 | Rake $0.50
Board [6h Kc Kd 5d Ks]
Seat 3: hairy1961 (button) (small blind) showed [Td Kh] and won ($43.24) with four of a kind, Kings
Seat 4: Krazy90 (big blind) showed [6s 7d] and lost with a full house, Kings full of Sixes


PokerStars Hand #169821505155:  Hold'em Limit ($3/$6 USD) - 2017/05/01 15:10:39 ET
Table 'Hercules II' 6-max Seat #4 is the button
Seat 3: hairy1961 ($45.87 in chips)
Seat 4: Krazy90 ($120 in chips)
Krazy90: posts small blind $1
TinaTurner72: is sitting out
hairy1961: posts big blind $3
*** HOLE CARDS ***
Krazy90: raises $3 to $6
hairy1961: raises $3 to $9
Krazy90: calls $3
*** FLOP *** [6c 2h 2c]
hairy1961: bets $3
Krazy90: calls $3
*** TURN *** [6c 2h 2c] [Qc]
hairy1961: bets $6
Krazy90: calls $6
*** RIVER *** [6c 2h 2c Qc] [As]
hairy1961: bets $6
Krazy90: calls $6
*** SHOW DOWN ***
hairy1961: shows [Kd 9h] (a pair of Deuces)
Krazy90: shows [7c Ah] (two pair, Aces and Deuces)
Krazy90 collected $47.50 from pot
*** SUMMARY ***
Total pot $48 | Rake $0.50
Board [6c 2h 2c Qc As]
Seat 3: hairy1961 (big blind) showed [Kd 9h] and lost with a pair of Deuces
Seat 4: Krazy90 (button) (small blind) showed [7c Ah] and won ($47.50) with two pair, Aces and Deuces


PokerStars Hand #169821578360:  Hold'em Limit ($3/$6 USD) - 2017/05/01 15:12:04 ET
Table 'Hercules II' 6-max Seat #4 is the button
Seat 3: hairy1961 ($26.24 in chips)
Seat 4: Krazy90 ($138.03 in chips)
Krazy90: posts small blind $1
hairy1961: posts big blind $3
*** HOLE CARDS ***
Krazy90: folds
Uncalled bet ($2) returned to hairy1961
hairy1961 collected $2 from pot
EVBET joins the table at seat #5
*** SUMMARY ***
Total pot $2 | Rake $0
Seat 3: hairy1961 (big blind) collected ($2)
Seat 4: Krazy90 (button) (small blind) folded before Flop


PokerStars Hand #169821562583:  Hold'em Limit ($3/$6 USD) - 2017/05/01 15:11:46 ET
Table 'Hercules II' 6-max Seat #4 is the button
Seat 3: hairy1961 ($30.24 in chips)
Seat 4: Krazy90 ($134.15 in chips)
Krazy90: posts small blind $1
hairy1961: posts big blind $3
*** HOLE CARDS ***
Krazy90: calls $2
hairy1961: checks
*** FLOP *** [6h Ad 5h]
hairy1961: checks
Krazy90: bets $3
hairy1961: folds
Uncalled bet ($3) returned to Krazy90
Krazy90 collected $5.88 from pot
Krazy90: doesn't show hand
*** SUMMARY ***
Total pot $6 | Rake $0.12
Board [6h Ad 5h]
Seat 3: hairy1961 (big blind) folded on the Flop
Seat 4: Krazy90 (button) (small blind) collected ($5.88)


PokerStars Hand #169821557353:  Hold'em Limit ($3/$6 USD) - 2017/05/01 15:11:39 ET
Table 'Hercules II' 6-max Seat #3 is the button
Seat 3: hairy1961 ($31.24 in chips)
Seat 4: Krazy90 ($133.15 in chips)
hairy1961: posts small blind $1
Krazy90: posts big blind $3
*** HOLE CARDS ***
hairy1961: folds
Uncalled bet ($2) returned to Krazy90
Krazy90 collected $2 from pot
Krazy90: doesn't show hand
*** SUMMARY ***
Total pot $2 | Rake $0
Seat 3: hairy1961 (button) (small blind) folded before Flop
Seat 4: Krazy90 (big blind) collected ($2)


PokerStars Hand #169821539117:  Hold'em Limit ($3/$6 USD) - 2017/05/01 15:11:18 ET
Table 'Hercules II' 6-max Seat #4 is the button
Seat 3: hairy1961 ($43.24 in chips)
Seat 4: Krazy90 ($121.63 in chips)
Krazy90: posts small blind $1
hairy1961: posts big blind $3
*** HOLE CARDS ***
Krazy90: raises $3 to $6
hairy1961: calls $3
*** FLOP *** [Ah Jh 6d]
hairy1961: checks
Krazy90: checks
*** TURN *** [Ah Jh 6d] [Qh]
hairy1961: bets $6
Krazy90: raises $6 to $12
hairy1961: folds
Uncalled bet ($6) returned to Krazy90
Krazy90 collected $23.52 from pot
Krazy90: doesn't show hand
*** SUMMARY ***
Total pot $24 | Rake $0.48
Board [Ah Jh 6d Qh]
Seat 3: hairy1961 (big blind) folded on the Turn
Seat 4: Krazy90 (button) (small blind) collected ($23.52)


PokerStars Hand #169821589223:  Hold'em Limit ($3/$6 USD) - 2017/05/01 15:12:16 ET
Table 'Hercules II' 6-max Seat #3 is the button
Seat 3: hairy1961 ($27.24 in chips)
Seat 4: Krazy90 ($137.03 in chips)
hairy1961: posts small blind $1
Krazy90: posts big blind $3
*** HOLE CARDS ***
hairy1961: raises $3 to $6
Krazy90: calls $3
*** FLOP *** [Kd Td 6h]
Krazy90: checks
hairy1961: bets $3
Krazy90: raises $3 to $6
hairy1961: calls $3
*** TURN *** [Kd Td 6h] [9c]
Krazy90: checks
hairy1961: bets $6
Krazy90: calls $6
*** RIVER *** [Kd Td 6h 9c] [Ac]
Krazy90: checks
hairy1961: checks
*** SHOW DOWN ***
Krazy90: shows [9d 8d] (a pair of Nines)
hairy1961: shows [4d Ks] (a pair of Kings)
hairy1961 collected $35.50 from pot
*** SUMMARY ***
Total pot $36 | Rake $0.50
Board [Kd Td 6h 9c Ac]
Seat 3: hairy1961 (button) (small blind) showed [4d Ks] and won ($35.50) with a pair of Kings
Seat 4: Krazy90 (big blind) showed [9d 8d] and lost with a pair of Nines


