PokerStars Hand #167589688726:  Hold'em Limit ($3/$6 USD) - 2017/03/14 16:22:57 ET
Table 'Hercules' 6-max Seat #4 is the button
Seat 4: kolaz03 ($151.59 in chips)
Seat 6: ToDaFelt ($94.07 in chips)
kolaz03: posts small blind $1
ToDaFelt: posts big blind $3
*** HOLE CARDS ***
kolaz03: folds
Uncalled bet ($2) returned to ToDaFelt
ToDaFelt collected $2 from pot
ToDaFelt: doesn't show hand
sienvan leaves the table
*** SUMMARY ***
Total pot $2 | Rake $0
Seat 4: kolaz03 (button) (small blind) folded before Flop
Seat 6: ToDaFelt (big blind) collected ($2)


PokerStars Hand #167592462426:  Hold'em Limit ($3/$6 USD) - 2017/03/14 17:16:48 ET
Table 'Hercules' 6-max Seat #6 is the button
Seat 2: essam2222 ($98 in chips)
Seat 6: ToDaFelt ($116.57 in chips)
ToDaFelt: posts small blind $1
essam2222: posts big blind $3
*** HOLE CARDS ***
ToDaFelt: folds
Uncalled bet ($2) returned to essam2222
essam2222 collected $2 from pot
essam2222: doesn't show hand
*** SUMMARY ***
Total pot $2 | Rake $0
Seat 2: essam2222 (big blind) collected ($2)
Seat 6: ToDaFelt (button) (small blind) folded before Flop


PokerStars Hand #167592441824:  Hold'em Limit ($3/$6 USD) - 2017/03/14 17:16:24 ET
Table 'Hercules' 6-max Seat #2 is the button
Seat 2: essam2222 ($113 in chips)
Seat 6: ToDaFelt ($102.07 in chips)
essam2222: posts small blind $1
ToDaFelt: posts big blind $3
*** HOLE CARDS ***
essam2222: calls $2
ToDaFelt: raises $3 to $6
essam2222: calls $3
*** FLOP *** [Qs 2s 9h]
ToDaFelt: bets $3
essam2222: calls $3
*** TURN *** [Qs 2s 9h] [8d]
ToDaFelt: bets $6
essam2222: calls $6
*** RIVER *** [Qs 2s 9h 8d] [Ad]
ToDaFelt: bets $6
essam2222: folds
Uncalled bet ($6) returned to ToDaFelt
ToDaFelt collected $29.50 from pot
ToDaFelt: doesn't show hand
*** SUMMARY ***
Total pot $30 | Rake $0.50
Board [Qs 2s 9h 8d Ad]
Seat 2: essam2222 (button) (small blind) folded on the River
Seat 6: ToDaFelt (big blind) collected ($29.50)


PokerStars Hand #167592433088:  Hold'em Limit ($3/$6 USD) - 2017/03/14 17:16:15 ET
Table 'Hercules' 6-max Seat #6 is the button
Seat 2: essam2222 ($116 in chips)
Seat 6: ToDaFelt ($99.07 in chips)
ToDaFelt: posts small blind $1
essam2222: posts big blind $3
*** HOLE CARDS ***
ToDaFelt: raises $3 to $6
essam2222: folds
Uncalled bet ($3) returned to ToDaFelt
ToDaFelt collected $6 from pot
ToDaFelt: doesn't show hand
*** SUMMARY ***
Total pot $6 | Rake $0
Seat 2: essam2222 (big blind) folded before Flop
Seat 6: ToDaFelt (button) (small blind) collected ($6)


PokerStars Hand #167592429014:  Hold'em Limit ($3/$6 USD) - 2017/03/14 17:16:10 ET
Table 'Hercules' 6-max Seat #2 is the button
Seat 2: essam2222 ($117 in chips)
Seat 6: ToDaFelt ($98.07 in chips)
essam2222: posts small blind $1
ToDaFelt: posts big blind $3
*** HOLE CARDS ***
essam2222: folds
Uncalled bet ($2) returned to ToDaFelt
ToDaFelt collected $2 from pot
ToDaFelt: doesn't show hand
*** SUMMARY ***
Total pot $2 | Rake $0
Seat 2: essam2222 (button) (small blind) folded before Flop
Seat 6: ToDaFelt (big blind) collected ($2)


PokerStars Hand #167592413468:  Hold'em Limit ($3/$6 USD) - 2017/03/14 17:15:52 ET
Table 'Hercules' 6-max Seat #6 is the button
Seat 2: essam2222 ($120 in chips)
Seat 6: ToDaFelt ($95.07 in chips)
ToDaFelt: posts small blind $1
essam2222: posts big blind $3
*** HOLE CARDS ***
ToDaFelt: raises $3 to $6
essam2222: folds
Uncalled bet ($3) returned to ToDaFelt
ToDaFelt collected $6 from pot
ToDaFelt: doesn't show hand
*** SUMMARY ***
Total pot $6 | Rake $0
Seat 2: essam2222 (big blind) folded before Flop
Seat 6: ToDaFelt (button) (small blind) collected ($6)


PokerStars Hand #167592513466:  Hold'em Limit ($3/$6 USD) - 2017/03/14 17:17:47 ET
Table 'Hercules' 6-max Seat #6 is the button
Seat 2: essam2222 ($78 in chips)
Seat 6: ToDaFelt ($136.07 in chips)
ToDaFelt: posts small blind $1
essam2222: posts big blind $3
*** HOLE CARDS ***
ToDaFelt: raises $3 to $6
essam2222: folds
Uncalled bet ($3) returned to ToDaFelt
ToDaFelt collected $6 from pot
ToDaFelt: doesn't show hand
*** SUMMARY ***
Total pot $6 | Rake $0
Seat 2: essam2222 (big blind) folded before Flop
Seat 6: ToDaFelt (button) (small blind) collected ($6)


PokerStars Hand #167592468767:  Hold'em Limit ($3/$6 USD) - 2017/03/14 17:16:55 ET
Table 'Hercules' 6-max Seat #2 is the button
Seat 2: essam2222 ($99 in chips)
Seat 6: ToDaFelt ($115.57 in chips)
essam2222: posts small blind $1
ToDaFelt: posts big blind $3
*** HOLE CARDS ***
essam2222: calls $2
ToDaFelt: raises $3 to $6
essam2222: calls $3
*** FLOP *** [Jd Td Kc]
ToDaFelt: bets $3
essam2222: calls $3
*** TURN *** [Jd Td Kc] [4h]
Jack_Wu1985 joins the table at seat #3
ToDaFelt: bets $6
redPOKERman1 joins the table at seat #5
essam2222: calls $6
*** RIVER *** [Jd Td Kc 4h] [Qs]
ToDaFelt: bets $6
essam2222: calls $6
*** SHOW DOWN ***
ToDaFelt: shows [Ac 4d] (a straight, Ten to Ace)
essam2222: mucks hand
ToDaFelt collected $41.50 from pot
*** SUMMARY ***
Total pot $42 | Rake $0.50
Board [Jd Td Kc 4h Qs]
Seat 2: essam2222 (button) (small blind) mucked
Seat 6: ToDaFelt (big blind) showed [Ac 4d] and won ($41.50) with a straight, Ten to Ace


PokerStars Hand #167592551630:  Hold'em Limit ($3/$6 USD) - 2017/03/14 17:18:32 ET
Table 'Hercules' 6-max Seat #5 is the button
Seat 5: redPOKERman1 ($111.25 in chips)
Seat 6: ToDaFelt ($143.07 in chips)
Jack_Wu1985 leaves the table
redPOKERman1: posts small blind $1
ToDaFelt: posts big blind $3
*** HOLE CARDS ***
redPOKERman1: folds
Uncalled bet ($2) returned to ToDaFelt
ToDaFelt collected $2 from pot
ToDaFelt: doesn't show hand
*** SUMMARY ***
Total pot $2 | Rake $0
Seat 5: redPOKERman1 (button) (small blind) folded before Flop
Seat 6: ToDaFelt (big blind) collected ($2)


PokerStars Hand #167592545856:  Hold'em Limit ($3/$6 USD) - 2017/03/14 17:18:25 ET
Table 'Hercules' 6-max Seat #6 is the button
Seat 5: redPOKERman1 ($114.25 in chips)
Seat 6: ToDaFelt ($140.07 in chips)
ToDaFelt: posts small blind $1
Jack_Wu1985: is sitting out
redPOKERman1: posts big blind $3
*** HOLE CARDS ***
ZOGI joins the table at seat #1
ToDaFelt: raises $3 to $6
redPOKERman1: folds
Uncalled bet ($3) returned to ToDaFelt
ToDaFelt collected $6 from pot
ToDaFelt: doesn't show hand
*** SUMMARY ***
Total pot $6 | Rake $0
Seat 5: redPOKERman1 (big blind) folded before Flop
Seat 6: ToDaFelt (button) (small blind) collected ($6)


PokerStars Hand #167595213610:  Hold'em Limit ($3/$6 USD) - 2017/03/14 18:12:27 ET
Table 'Hercules' 6-max Seat #6 is the button
Seat 2: Chessnok ($436.46 in chips)
Seat 6: ToDaFelt ($156.54 in chips)
B_loJkl will be allowed to play after the button
ToDaFelt: posts small blind $1
Chessnok: posts big blind $3
*** HOLE CARDS ***
ToDaFelt: raises $3 to $6
Chessnok: calls $3
*** FLOP *** [7h Ah 4h]
Chessnok: checks
ToDaFelt: bets $3
Chessnok: calls $3
*** TURN *** [7h Ah 4h] [4s]
Chessnok: checks
ToDaFelt: checks
*** RIVER *** [7h Ah 4h 4s] [2d]
Chessnok: checks
ToDaFelt: checks
*** SHOW DOWN ***
Chessnok: shows [5h 8c] (a pair of Fours)
ToDaFelt: shows [5s Js] (a pair of Fours - Ace+Jack kicker)
ToDaFelt collected $17.64 from pot
*** SUMMARY ***
Total pot $18 | Rake $0.36
Board [7h Ah 4h 4s 2d]
Seat 2: Chessnok (big blind) showed [5h 8c] and lost with a pair of Fours
Seat 6: ToDaFelt (button) (small blind) showed [5s Js] and won ($17.64) with a pair of Fours


