PokerStars Hand #151886506878:  Hold'em Limit ($3/$6 USD) - 2016/04/13 22:56:11 ET
Table 'Hercynia II' 10-max Seat #5 is the button
Seat 5: BABENA77 ($40.14 in chips)
Seat 7: VolkovDmitri ($120 in chips)
BABENA77: posts small blind $1
VolkovDmitri: posts big blind $3
*** HOLE CARDS ***
BABENA77: raises $3 to $6
VolkovDmitri: raises $3 to $9
BABENA77: calls $3
*** FLOP *** [6s 2h Qc]
VolkovDmitri: bets $3
BABENA77: folds
Uncalled bet ($3) returned to VolkovDmitri
VolkovDmitri collected $17.64 from pot
VolkovDmitri: doesn't show hand
*** SUMMARY ***
Total pot $18 | Rake $0.36
Board [6s 2h Qc]
Seat 5: BABENA77 (button) (small blind) folded on the Flop
Seat 7: VolkovDmitri (big blind) collected ($17.64)


PokerStars Hand #151886513551:  Hold'em Limit ($3/$6 USD) - 2016/04/13 22:56:36 ET
Table 'Hercynia II' 10-max Seat #7 is the button
Seat 5: BABENA77 ($31.14 in chips)
Seat 7: VolkovDmitri ($128.64 in chips)
VolkovDmitri: posts small blind $1
BABENA77: posts big blind $3
*** HOLE CARDS ***
VolkovDmitri: raises $3 to $6
BABENA77: folds
Uncalled bet ($3) returned to VolkovDmitri
VolkovDmitri collected $6 from pot
VolkovDmitri: doesn't show hand
*** SUMMARY ***
Total pot $6 | Rake $0
Seat 5: BABENA77 (big blind) folded before Flop
Seat 7: VolkovDmitri (button) (small blind) collected ($6)


PokerStars Hand #151886515059:  Hold'em Limit ($3/$6 USD) - 2016/04/13 22:56:42 ET
Table 'Hercynia II' 10-max Seat #5 is the button
Seat 5: BABENA77 ($28.14 in chips)
Seat 7: VolkovDmitri ($131.64 in chips)
BABENA77: posts small blind $1
VolkovDmitri: posts big blind $3
*** HOLE CARDS ***
BABENA77: raises $3 to $6
VolkovDmitri: raises $3 to $9
BABENA77: raises $3 to $12
Betting is capped
VolkovDmitri: calls $3
*** FLOP *** [Qd 3c Kh]
VolkovDmitri: bets $3
BABENA77: calls $3
*** TURN *** [Qd 3c Kh] [Ts]
VolkovDmitri: bets $6
BABENA77: raises $6 to $12
VolkovDmitri: raises $6 to $18
BABENA77: calls $1.14 and is all-in
Uncalled bet ($4.86) returned to VolkovDmitri
*** RIVER *** [Qd 3c Kh Ts] [4h]
*** SHOW DOWN ***
VolkovDmitri: shows [Ah Qs] (a pair of Queens)
BABENA77: shows [Jd Ac] (a straight, Ten to Ace)
BABENA77 collected $55.78 from pot
*** SUMMARY ***
Total pot $56.28 | Rake $0.50
Board [Qd 3c Kh Ts 4h]
Seat 5: BABENA77 (button) (small blind) showed [Jd Ac] and won ($55.78) with a straight, Ten to Ace
Seat 7: VolkovDmitri (big blind) showed [Ah Qs] and lost with a pair of Queens


PokerStars Hand #151886538827:  Hold'em Limit ($3/$6 USD) - 2016/04/13 22:58:09 ET
Table 'Hercynia II' 10-max Seat #7 is the button
Seat 5: BABENA77 ($67.28 in chips)
Seat 7: VolkovDmitri ($122.88 in chips)
VolkovDmitri: posts small blind $1
anetkaapro joins the table at seat #6
BABENA77: posts big blind $3
*** HOLE CARDS ***
VolkovDmitri: folds
Uncalled bet ($2) returned to BABENA77
BABENA77 collected $2 from pot
BABENA77: doesn't show hand
*** SUMMARY ***
Total pot $2 | Rake $0
Seat 5: BABENA77 (big blind) collected ($2)
Seat 7: VolkovDmitri (button) (small blind) folded before Flop


PokerStars Hand #151886532577:  Hold'em Limit ($3/$6 USD) - 2016/04/13 22:57:46 ET
Table 'Hercynia II' 10-max Seat #5 is the button
Seat 5: BABENA77 ($70.28 in chips)
Seat 7: VolkovDmitri ($120 in chips)
BABENA77: posts small blind $1
VolkovDmitri: posts big blind $3
*** HOLE CARDS ***
BABENA77: calls $2
VolkovDmitri: checks
*** FLOP *** [Tc 5d 3d]
VolkovDmitri: bets $3
BABENA77: folds
Uncalled bet ($3) returned to VolkovDmitri
VolkovDmitri collected $5.88 from pot
VolkovDmitri: doesn't show hand
*** SUMMARY ***
Total pot $6 | Rake $0.12
Board [Tc 5d 3d]
Seat 5: BABENA77 (button) (small blind) folded on the Flop
Seat 7: VolkovDmitri (big blind) collected ($5.88)


PokerStars Hand #151886523820:  Hold'em Limit ($3/$6 USD) - 2016/04/13 22:57:14 ET
Table 'Hercynia II' 10-max Seat #7 is the button
Seat 5: BABENA77 ($55.78 in chips)
Seat 7: VolkovDmitri ($120 in chips)
VolkovDmitri: posts small blind $1
BABENA77: posts big blind $3
*** HOLE CARDS ***
VolkovDmitri: raises $3 to $6
BABENA77: calls $3
*** FLOP *** [Kc 8h 9s]
BABENA77: checks
VolkovDmitri: bets $3
BABENA77: calls $3
*** TURN *** [Kc 8h 9s] [Ac]
BABENA77: checks
VolkovDmitri: checks
*** RIVER *** [Kc 8h 9s Ac] [4s]
BABENA77: bets $6
VolkovDmitri: calls $6
*** SHOW DOWN ***
BABENA77: shows [9c Ad] (two pair, Aces and Nines)
VolkovDmitri: mucks hand
BABENA77 collected $29.50 from pot
*** SUMMARY ***
Total pot $30 | Rake $0.50
Board [Kc 8h 9s Ac 4s]
Seat 5: BABENA77 (big blind) showed [9c Ad] and won ($29.50) with two pair, Aces and Nines
Seat 7: VolkovDmitri (button) (small blind) mucked


