PokerStars Hand #149249061696:  Hold'em Limit ($3/$6 USD) - 2016/02/22 14:27:45 ET
Table 'Herculina II' 6-max Seat #2 is the button
Seat 1: boarcastle ($129.74 in chips)
Seat 2: Chessnok ($108.64 in chips)
Chessnok: posts small blind $1
boarcastle: posts big blind $3
*** HOLE CARDS ***
Chessnok: raises $3 to $6
boarcastle: calls $3
*** FLOP *** [Th 3d 9d]
boarcastle: checks
Chessnok: bets $3
boarcastle: calls $3
*** TURN *** [Th 3d 9d] [Ts]
boarcastle: checks
Chessnok: checks
*** RIVER *** [Th 3d 9d Ts] [Jc]
boarcastle: bets $6
Chessnok: calls $6
*** SHOW DOWN ***
boarcastle: shows [Ah 5s] (a pair of Tens)
Chessnok: mucks hand
boarcastle collected $29.50 from pot
*** SUMMARY ***
Total pot $30 | Rake $0.50
Board [Th 3d 9d Ts Jc]
Seat 1: boarcastle (big blind) showed [Ah 5s] and won ($29.50) with a pair of Tens
Seat 2: Chessnok (button) (small blind) mucked


PokerStars Hand #149249056613:  Hold'em Limit ($3/$6 USD) - 2016/02/22 14:27:40 ET
Table 'Herculina II' 6-max Seat #1 is the button
Seat 1: boarcastle ($130.74 in chips)
Seat 2: Chessnok ($107.64 in chips)
boarcastle: posts small blind $1
Chessnok: posts big blind $3
*** HOLE CARDS ***
boarcastle: folds
Uncalled bet ($2) returned to Chessnok
Chessnok collected $2 from pot
Chessnok: doesn't show hand
*** SUMMARY ***
Total pot $2 | Rake $0
Seat 1: boarcastle (button) (small blind) folded before Flop
Seat 2: Chessnok (big blind) collected ($2)


PokerStars Hand #149249084962:  Hold'em Limit ($3/$6 USD) - 2016/02/22 14:28:08 ET
Table 'Herculina II' 6-max Seat #1 is the button
Seat 1: boarcastle ($144.24 in chips)
Seat 2: Chessnok ($93.64 in chips)
boarcastle: posts small blind $1
Chessnok: posts big blind $3
*** HOLE CARDS ***
boarcastle: raises $3 to $6
Bonsey_1 joins the table at seat #4
Chessnok: calls $3
*** FLOP *** [4d 9h 2d]
Chessnok: checks
boarcastle: bets $3
Chessnok: raises $3 to $6
boarcastle: calls $3
*** TURN *** [4d 9h 2d] [7d]
Chessnok: bets $6
boarcastle: calls $6
*** RIVER *** [4d 9h 2d 7d] [8h]
Chessnok: bets $6
boarcastle: folds
Uncalled bet ($6) returned to Chessnok
Chessnok collected $35.50 from pot
Chessnok: doesn't show hand
*** SUMMARY ***
Total pot $36 | Rake $0.50
Board [4d 9h 2d 7d 8h]
Seat 1: boarcastle (button) (small blind) folded on the River
Seat 2: Chessnok (big blind) collected ($35.50)


PokerStars Hand #149249994134:  Hold'em Limit ($3/$6 USD) - 2016/02/22 14:42:52 ET
Table 'Herculina II' 6-max Seat #5 is the button
Seat 2: Chessnok ($183.48 in chips)
Seat 5: GRAILKO ($203.33 in chips)
GRAILKO: posts small blind $1
Chessnok: posts big blind $3
*** HOLE CARDS ***
GRAILKO: raises $3 to $6
Bonsey_1 leaves the table
Chessnok: raises $3 to $9
GRAILKO: calls $3
*** FLOP *** [8d 9s 5s]
Chessnok: bets $3
GRAILKO: raises $3 to $6
Chessnok: calls $3
*** TURN *** [8d 9s 5s] [8c]
Chessnok: checks
GRAILKO: checks
*** RIVER *** [8d 9s 5s 8c] [2d]
Chessnok: bets $6
GRAILKO: folds
Uncalled bet ($6) returned to Chessnok
Chessnok collected $29.50 from pot
Chessnok: doesn't show hand
*** SUMMARY ***
Total pot $30 | Rake $0.50
Board [8d 9s 5s 8c 2d]
Seat 2: Chessnok (big blind) collected ($29.50)
Seat 5: GRAILKO (button) (small blind) folded on the River


PokerStars Hand #149253815089:  Hold'em Limit ($3/$6 USD) - 2016/02/22 15:44:41 ET
Table 'Herculina II' 6-max Seat #4 is the button
Seat 3: Alan The For ($118.77 in chips)
Seat 4: Mordnilap ($76 in chips)
Mordnilap: posts small blind $1
Alan The For: posts big blind $3
*** HOLE CARDS ***
Mordnilap: raises $3 to $6
Alan The For: raises $3 to $9
Mordnilap: calls $3
*** FLOP *** [2s 7c 3c]
Alan The For: bets $3
Mordnilap: folds
Uncalled bet ($3) returned to Alan The For
Alan The For collected $17.64 from pot
*** SUMMARY ***
Total pot $18 | Rake $0.36
Board [2s 7c 3c]
Seat 3: Alan The For (big blind) collected ($17.64)
Seat 4: Mordnilap (button) (small blind) folded on the Flop


PokerStars Hand #149253807537:  Hold'em Limit ($3/$6 USD) - 2016/02/22 15:44:33 ET
Table 'Herculina II' 6-max Seat #3 is the button
Seat 3: Alan The For ($119.77 in chips)
Seat 4: Mordnilap ($75 in chips)
Alan The For: posts small blind $1
Mordnilap: posts big blind $3
*** HOLE CARDS ***
Alan The For: folds
Uncalled bet ($2) returned to Mordnilap
Mordnilap collected $2 from pot
Mordnilap: doesn't show hand
*** SUMMARY ***
Total pot $2 | Rake $0
Seat 3: Alan The For (button) (small blind) folded before Flop
Seat 4: Mordnilap (big blind) collected ($2)


PokerStars Hand #149253832669:  Hold'em Limit ($3/$6 USD) - 2016/02/22 15:44:57 ET
Table 'Herculina II' 6-max Seat #3 is the button
Seat 3: Alan The For ($127.41 in chips)
Seat 4: Mordnilap ($72 in chips)
Alan The For: posts small blind $1
Mordnilap: posts big blind $3
*** HOLE CARDS ***
Alan The For: raises $3 to $6
Mordnilap: raises $3 to $9
Alan The For: raises $3 to $12
Betting is capped
Mordnilap: calls $3
*** FLOP *** [5d Qd 4d]
Mordnilap: checks
Alan The For: bets $3
Mordnilap: calls $3
*** TURN *** [5d Qd 4d] [2c]
Mordnilap: checks
JoeBlack1982 joins the table at seat #6
Alan The For: bets $6
Mordnilap: calls $6
*** RIVER *** [5d Qd 4d 2c] [2d]
Mordnilap: bets $6
Alan The For: calls $6
*** SHOW DOWN ***
Mordnilap: shows [Ts Td] (a flush, Queen high)
Alan The For: shows [Kd Ah] (a flush, King high)
Alan The For collected $53.50 from pot
*** SUMMARY ***
Total pot $54 | Rake $0.50
Board [5d Qd 4d 2c 2d]
Seat 3: Alan The For (button) (small blind) showed [Kd Ah] and won ($53.50) with a flush, King high
Seat 4: Mordnilap (big blind) showed [Ts Td] and lost with a flush, Queen high


PokerStars Hand #149254718753:  Hold'em Limit ($3/$6 USD) - 2016/02/22 15:59:47 ET
Table 'Herculina II' 6-max Seat #3 is the button
Seat 2: Meifod ($100.71 in chips)
Seat 3: fishbla ($135.19 in chips)
fishbla: posts small blind $1
Mordnilap: is sitting out
GRAILKO: is sitting out
aade1ante: is sitting out
Meifod: posts big blind $3
*** HOLE CARDS ***
GRAILKO leaves the table
fishbla: raises $3 to $6
Mordnilap leaves the table
Meifod: calls $3
*** FLOP *** [6h 6c 3d]
Meifod: checks
fishbla: bets $3
Meifod: folds
Uncalled bet ($3) returned to fishbla
fishbla collected $11.76 from pot
fishbla: doesn't show hand
*** SUMMARY ***
Total pot $12 | Rake $0.24
Board [6h 6c 3d]
Seat 2: Meifod (big blind) folded on the Flop
Seat 3: fishbla (button) (small blind) collected ($11.76)


