PokerStars Hand #157682277934:  Hold'em Limit ($3/$6 USD) - 2016/08/24 12:18:18 ET
Table 'Hercules' 10-max Seat #10 is the button
Seat 1: LifeisagameX ($60 in chips)
Seat 10: ManuelSikora ($120 in chips)
ManuelSikora: posts small blind $1
LifeisagameX: posts big blind $3
*** HOLE CARDS ***
ManuelSikora: raises $3 to $6
LifeisagameX: calls $3
*** FLOP *** [2c Jd Td]
LifeisagameX: checks
ManuelSikora: checks
*** TURN *** [2c Jd Td] [7d]
LifeisagameX: bets $6
ManuelSikora: calls $6
*** RIVER *** [2c Jd Td 7d] [As]
LifeisagameX: bets $6
ManuelSikora: calls $6
*** SHOW DOWN ***
LifeisagameX: shows [8d 9d] (a straight flush, Seven to Jack)
ManuelSikora: mucks hand
LifeisagameX collected $35.50 from pot
*** SUMMARY ***
Total pot $36 | Rake $0.50
Board [2c Jd Td 7d As]
Seat 1: LifeisagameX (big blind) showed [8d 9d] and won ($35.50) with a straight flush, Seven to Jack
Seat 10: ManuelSikora (button) (small blind) mucked


PokerStars Hand #157682347825:  Hold'em Limit ($3/$6 USD) - 2016/08/24 12:20:08 ET
Table 'Hercules' 10-max Seat #10 is the button
Seat 1: LifeisagameX ($101 in chips)
Seat 10: ManuelSikora ($78 in chips)
ManuelSikora: posts small blind $1
LifeisagameX: posts big blind $3
*** HOLE CARDS ***
ManuelSikora: folds
Uncalled bet ($2) returned to LifeisagameX
LifeisagameX collected $2 from pot
LifeisagameX: doesn't show hand
*** SUMMARY ***
Total pot $2 | Rake $0
Seat 1: LifeisagameX (big blind) collected ($2)
Seat 10: ManuelSikora (button) (small blind) folded before Flop


PokerStars Hand #157682302850:  Hold'em Limit ($3/$6 USD) - 2016/08/24 12:18:57 ET
Table 'Hercules' 10-max Seat #1 is the button
Seat 1: LifeisagameX ($77.50 in chips)
Seat 10: ManuelSikora ($102 in chips)
LifeisagameX: posts small blind $1
ManuelSikora: posts big blind $3
*** HOLE CARDS ***
LifeisagameX: raises $3 to $6
ManuelSikora: raises $3 to $9
LifeisagameX: calls $3
*** FLOP *** [9c 5c 3s]
ManuelSikora: bets $3
LifeisagameX: calls $3
*** TURN *** [9c 5c 3s] [9d]
ManuelSikora: bets $6
LifeisagameX: raises $6 to $12
ManuelSikora: calls $6
*** RIVER *** [9c 5c 3s 9d] [Kd]
ManuelSikora: checks
LifeisagameX: bets $6
ManuelSikora: folds
Uncalled bet ($6) returned to LifeisagameX
LifeisagameX collected $47.50 from pot
LifeisagameX: doesn't show hand
*** SUMMARY ***
Total pot $48 | Rake $0.50
Board [9c 5c 3s 9d Kd]
Seat 1: LifeisagameX (button) (small blind) collected ($47.50)
Seat 10: ManuelSikora (big blind) folded on the River


PokerStars Hand #157682382564:  Hold'em Limit ($3/$6 USD) - 2016/08/24 12:21:03 ET
Table 'Hercules' 10-max Seat #1 is the button
Seat 1: LifeisagameX ($138.50 in chips)
Seat 10: ManuelSikora ($40 in chips)
LifeisagameX: posts small blind $1
ManuelSikora: posts big blind $3
*** HOLE CARDS ***
LifeisagameX: raises $3 to $6
ManuelSikora: raises $3 to $9
LifeisagameX: calls $3
*** FLOP *** [8d 7c 7h]
ManuelSikora: bets $3
LifeisagameX: calls $3
*** TURN *** [8d 7c 7h] [Jd]
ManuelSikora: bets $6
LifeisagameX: calls $6
*** RIVER *** [8d 7c 7h Jd] [2d]
ManuelSikora: bets $6
LifeisagameX: calls $6
*** SHOW DOWN ***
ManuelSikora: shows [Td Js] (two pair, Jacks and Sevens)
LifeisagameX: mucks hand
ManuelSikora collected $47.50 from pot
*** SUMMARY ***
Total pot $48 | Rake $0.50
Board [8d 7c 7h Jd 2d]
Seat 1: LifeisagameX (button) (small blind) mucked
Seat 10: ManuelSikora (big blind) showed [Td Js] and won ($47.50) with two pair, Jacks and Sevens


PokerStars Hand #157682352113:  Hold'em Limit ($3/$6 USD) - 2016/08/24 12:20:15 ET
Table 'Hercules' 10-max Seat #1 is the button
Seat 1: LifeisagameX ($102 in chips)
Seat 10: ManuelSikora ($77 in chips)
LifeisagameX: posts small blind $1
ManuelSikora: posts big blind $3
*** HOLE CARDS ***
LifeisagameX: raises $3 to $6
ManuelSikora: raises $3 to $9
LifeisagameX: calls $3
*** FLOP *** [Th Kc As]
ManuelSikora: bets $3
LifeisagameX: calls $3
*** TURN *** [Th Kc As] [Qs]
ManuelSikora: bets $6
LifeisagameX: raises $6 to $12
ManuelSikora: raises $6 to $18
LifeisagameX: calls $6
*** RIVER *** [Th Kc As Qs] [4d]
ManuelSikora: bets $6
LifeisagameX: calls $6
*** SHOW DOWN ***
ManuelSikora: shows [Ah 8c] (a pair of Aces)
LifeisagameX: shows [8d Jd] (a straight, Ten to Ace)
LifeisagameX collected $71.50 from pot
*** SUMMARY ***
Total pot $72 | Rake $0.50
Board [Th Kc As Qs 4d]
Seat 1: LifeisagameX (button) (small blind) showed [8d Jd] and won ($71.50) with a straight, Ten to Ace
Seat 10: ManuelSikora (big blind) showed [Ah 8c] and lost with a pair of Aces


PokerStars Hand #157682432083:  Hold'em Limit ($3/$6 USD) - 2016/08/24 12:22:22 ET
Table 'Hercules' 10-max Seat #1 is the button
Seat 1: LifeisagameX ($123.14 in chips)
Seat 10: ManuelSikora ($54.50 in chips)
LifeisagameX: posts small blind $1
ManuelSikora: posts big blind $3
*** HOLE CARDS ***
LifeisagameX: raises $3 to $6
ManuelSikora: folds
Uncalled bet ($3) returned to LifeisagameX
LifeisagameX collected $6 from pot
LifeisagameX: doesn't show hand
*** SUMMARY ***
Total pot $6 | Rake $0
Seat 1: LifeisagameX (button) (small blind) collected ($6)
Seat 10: ManuelSikora (big blind) folded before Flop


PokerStars Hand #157682409346:  Hold'em Limit ($3/$6 USD) - 2016/08/24 12:21:45 ET
Table 'Hercules' 10-max Seat #10 is the button
Seat 1: LifeisagameX ($114.50 in chips)
Seat 10: ManuelSikora ($63.50 in chips)
ManuelSikora: posts small blind $1
LifeisagameX: posts big blind $3
*** HOLE CARDS ***
ManuelSikora: raises $3 to $6
LifeisagameX: calls $3
*** FLOP *** [Qs 5c Td]
LifeisagameX: checks
ManuelSikora: bets $3
LifeisagameX: calls $3
*** TURN *** [Qs 5c Td] [4s]
LifeisagameX: checks
ManuelSikora: checks
*** RIVER *** [Qs 5c Td 4s] [4h]
LifeisagameX: bets $6
ManuelSikora: folds
Uncalled bet ($6) returned to LifeisagameX
LifeisagameX collected $17.64 from pot
LifeisagameX: doesn't show hand
*** SUMMARY ***
Total pot $18 | Rake $0.36
Board [Qs 5c Td 4s 4h]
Seat 1: LifeisagameX (big blind) collected ($17.64)
Seat 10: ManuelSikora (button) (small blind) folded on the River


PokerStars Hand #157682439224:  Hold'em Limit ($3/$6 USD) - 2016/08/24 12:22:33 ET
Table 'Hercules' 10-max Seat #10 is the button
Seat 1: LifeisagameX ($126.14 in chips)
Seat 10: ManuelSikora ($51.50 in chips)
ManuelSikora: posts small blind $1
LifeisagameX: posts big blind $3
*** HOLE CARDS ***
ManuelSikora: raises $3 to $6
LifeisagameX: calls $3
*** FLOP *** [9s 8h 5s]
LifeisagameX: checks
ManuelSikora: bets $3
LifeisagameX: folds
Uncalled bet ($3) returned to ManuelSikora
ManuelSikora collected $11.76 from pot
ManuelSikora: doesn't show hand
*** SUMMARY ***
Total pot $12 | Rake $0.24
Board [9s 8h 5s]
Seat 1: LifeisagameX (big blind) folded on the Flop
Seat 10: ManuelSikora (button) (small blind) collected ($11.76)


PokerStars Hand #157682495542:  Hold'em Limit ($3/$6 USD) - 2016/08/24 12:23:50 ET
Table 'Hercules' 10-max Seat #10 is the button
Seat 1: LifeisagameX ($140.64 in chips)
Seat 10: ManuelSikora ($36.26 in chips)
ManuelSikora: posts small blind $1
LifeisagameX: posts big blind $3
*** HOLE CARDS ***
ManuelSikora: raises $3 to $6
LifeisagameX: calls $3
*** FLOP *** [9d 3d 8h]
LifeisagameX: checks
ManuelSikora: bets $3
LifeisagameX: calls $3
*** TURN *** [9d 3d 8h] [Qh]
LifeisagameX: bets $6
ManuelSikora: calls $6
*** RIVER *** [9d 3d 8h Qh] [Ah]
LifeisagameX: checks
ManuelSikora: bets $6
LifeisagameX: raises $6 to $12
ManuelSikora: raises $6 to $18
LifeisagameX: calls $6
*** SHOW DOWN ***
ManuelSikora: shows [Jh 2h] (a flush, Ace high)
LifeisagameX: mucks hand
ManuelSikora collected $65.50 from pot
*** SUMMARY ***
Total pot $66 | Rake $0.50
Board [9d 3d 8h Qh Ah]
Seat 1: LifeisagameX (big blind) mucked
Seat 10: ManuelSikora (button) (small blind) showed [Jh 2h] and won ($65.50) with a flush, Ace high


PokerStars Hand #157682460811:  Hold'em Limit ($3/$6 USD) - 2016/08/24 12:23:07 ET
Table 'Hercules' 10-max Seat #1 is the button
Seat 1: LifeisagameX ($120.14 in chips)
Seat 10: ManuelSikora ($57.26 in chips)
LifeisagameX: posts small blind $1
ManuelSikora: posts big blind $3
*** HOLE CARDS ***
LifeisagameX: raises $3 to $6
ManuelSikora: raises $3 to $9
LifeisagameX: calls $3
*** FLOP *** [As Kd Jh]
ManuelSikora: checks
LifeisagameX: checks
*** TURN *** [As Kd Jh] [6s]
ManuelSikora: bets $6
LifeisagameX: calls $6
*** RIVER *** [As Kd Jh 6s] [7c]
ManuelSikora: bets $6
LifeisagameX: calls $6
*** SHOW DOWN ***
ManuelSikora: shows [9s 7s] (a pair of Sevens)
LifeisagameX: shows [8h Jd] (a pair of Jacks)
LifeisagameX collected $41.50 from pot
*** SUMMARY ***
Total pot $42 | Rake $0.50
Board [As Kd Jh 6s 7c]
Seat 1: LifeisagameX (button) (small blind) showed [8h Jd] and won ($41.50) with a pair of Jacks
Seat 10: ManuelSikora (big blind) showed [9s 7s] and lost with a pair of Sevens


PokerStars Hand #157682522252:  Hold'em Limit ($3/$6 USD) - 2016/08/24 12:24:33 ET
Table 'Hercules' 10-max Seat #1 is the button
Seat 1: LifeisagameX ($107.64 in chips)
Seat 10: ManuelSikora ($68.76 in chips)
LifeisagameX: posts small blind $1
ManuelSikora: posts big blind $3
*** HOLE CARDS ***
LifeisagameX: raises $3 to $6
ManuelSikora: calls $3
*** FLOP *** [6h As 5s]
ManuelSikora: bets $3
LifeisagameX: calls $3
*** TURN *** [6h As 5s] [Jd]
ManuelSikora: bets $6
LifeisagameX: calls $6
*** RIVER *** [6h As 5s Jd] [4s]
ManuelSikora: bets $6
LifeisagameX: calls $6
*** SHOW DOWN ***
ManuelSikora: shows [Qh 6s] (a pair of Sixes)
LifeisagameX: shows [3d Ah] (a pair of Aces)
LifeisagameX collected $41.50 from pot
*** SUMMARY ***
Total pot $42 | Rake $0.50
Board [6h As 5s Jd 4s]
Seat 1: LifeisagameX (button) (small blind) showed [3d Ah] and won ($41.50) with a pair of Aces
Seat 10: ManuelSikora (big blind) showed [Qh 6s] and lost with a pair of Sixes


PokerStars Hand #157682601754:  Hold'em Limit ($3/$6 USD) - 2016/08/24 12:26:37 ET
Table 'Hercules' 10-max Seat #1 is the button
Seat 1: LifeisagameX ($145.64 in chips)
Seat 10: ManuelSikora ($29.16 in chips)
LifeisagameX: posts small blind $1
ManuelSikora: posts big blind $3
*** HOLE CARDS ***
LifeisagameX: raises $3 to $6
ManuelSikora: calls $3
*** FLOP *** [2c 2s 8h]
ManuelSikora: bets $3
LifeisagameX: folds
Uncalled bet ($3) returned to ManuelSikora
ManuelSikora collected $11.76 from pot
ManuelSikora: doesn't show hand
*** SUMMARY ***
Total pot $12 | Rake $0.24
Board [2c 2s 8h]
Seat 1: LifeisagameX (button) (small blind) folded on the Flop
Seat 10: ManuelSikora (big blind) collected ($11.76)


PokerStars Hand #157682590040:  Hold'em Limit ($3/$6 USD) - 2016/08/24 12:26:19 ET
Table 'Hercules' 10-max Seat #10 is the button
Seat 1: LifeisagameX ($151.64 in chips)
Seat 10: ManuelSikora ($23.40 in chips)
ManuelSikora: posts small blind $1
LifeisagameX: posts big blind $3
*** HOLE CARDS ***
ManuelSikora: raises $3 to $6
LifeisagameX: calls $3
*** FLOP *** [Th Ah Kd]
LifeisagameX: checks
ManuelSikora: bets $3
LifeisagameX: folds
Uncalled bet ($3) returned to ManuelSikora
ManuelSikora collected $11.76 from pot
ManuelSikora: doesn't show hand
*** SUMMARY ***
Total pot $12 | Rake $0.24
Board [Th Ah Kd]
Seat 1: LifeisagameX (big blind) folded on the Flop
Seat 10: ManuelSikora (button) (small blind) collected ($11.76)


PokerStars Hand #157682579308:  Hold'em Limit ($3/$6 USD) - 2016/08/24 12:26:02 ET
Table 'Hercules' 10-max Seat #1 is the button
Seat 1: LifeisagameX ($160.64 in chips)
Seat 10: ManuelSikora ($14.76 in chips)
LifeisagameX: posts small blind $1
ManuelSikora: posts big blind $3
*** HOLE CARDS ***
LifeisagameX: raises $3 to $6
ManuelSikora: raises $3 to $9
LifeisagameX: calls $3
*** FLOP *** [6h Td 9h]
ManuelSikora: bets $3
LifeisagameX: folds
Uncalled bet ($3) returned to ManuelSikora
ManuelSikora collected $17.64 from pot
ManuelSikora: doesn't show hand
*** SUMMARY ***
Total pot $18 | Rake $0.36
Board [6h Td 9h]
Seat 1: LifeisagameX (button) (small blind) folded on the Flop
Seat 10: ManuelSikora (big blind) collected ($17.64)


PokerStars Hand #157682555620:  Hold'em Limit ($3/$6 USD) - 2016/08/24 12:25:25 ET
Table 'Hercules' 10-max Seat #10 is the button
Seat 1: LifeisagameX ($128.14 in chips)
Seat 10: ManuelSikora ($47.76 in chips)
ManuelSikora: posts small blind $1
LifeisagameX: posts big blind $3
*** HOLE CARDS ***
ManuelSikora: raises $3 to $6
LifeisagameX: raises $3 to $9
ManuelSikora: raises $3 to $12
Betting is capped
LifeisagameX: calls $3
*** FLOP *** [4c 3d Td]
LifeisagameX: bets $3
ManuelSikora: calls $3
*** TURN *** [4c 3d Td] [Ah]
LifeisagameX: bets $6
ManuelSikora: calls $6
*** RIVER *** [4c 3d Td Ah] [8d]
LifeisagameX: bets $6
ManuelSikora: raises $6 to $12
LifeisagameX: calls $6
*** SHOW DOWN ***
ManuelSikora: shows [4h As] (two pair, Aces and Fours)
LifeisagameX: shows [Th Ts] (three of a kind, Tens)
LifeisagameX collected $65.50 from pot
*** SUMMARY ***
Total pot $66 | Rake $0.50
Board [4c 3d Td Ah 8d]
Seat 1: LifeisagameX (big blind) showed [Th Ts] and won ($65.50) with three of a kind, Tens
Seat 10: ManuelSikora (button) (small blind) showed [4h As] and lost with two pair, Aces and Fours


PokerStars Hand #157682622977:  Hold'em Limit ($3/$6 USD) - 2016/08/24 12:27:10 ET
Table 'Hercules' 10-max Seat #1 is the button
Seat 1: LifeisagameX ($127.64 in chips)
Seat 10: ManuelSikora ($46.44 in chips)
LifeisagameX: posts small blind $1
ManuelSikora: posts big blind $3
*** HOLE CARDS ***
LifeisagameX: raises $3 to $6
ManuelSikora: raises $3 to $9
LifeisagameX: calls $3
*** FLOP *** [3c 5c Kd]
ManuelSikora: bets $3
LifeisagameX: calls $3
*** TURN *** [3c 5c Kd] [6s]
ManuelSikora: bets $6
LifeisagameX: raises $6 to $12
ManuelSikora: calls $6
*** RIVER *** [3c 5c Kd 6s] [Qh]
ManuelSikora: checks
LifeisagameX: checks
*** SHOW DOWN ***
ManuelSikora: shows [As Js] (high card Ace)
LifeisagameX: mucks hand
ManuelSikora collected $47.50 from pot
*** SUMMARY ***
Total pot $48 | Rake $0.50
Board [3c 5c Kd 6s Qh]
Seat 1: LifeisagameX (button) (small blind) mucked
Seat 10: ManuelSikora (big blind) showed [As Js] and won ($47.50) with high card Ace


PokerStars Hand #157682607628:  Hold'em Limit ($3/$6 USD) - 2016/08/24 12:26:47 ET
Table 'Hercules' 10-max Seat #10 is the button
Seat 1: LifeisagameX ($139.64 in chips)
Seat 10: ManuelSikora ($34.92 in chips)
ManuelSikora: posts small blind $1
LifeisagameX: posts big blind $3
*** HOLE CARDS ***
ManuelSikora: raises $3 to $6
LifeisagameX: calls $3
*** FLOP *** [Qh Qs Qc]
LifeisagameX: checks
ManuelSikora: checks
*** TURN *** [Qh Qs Qc] [9d]
LifeisagameX: bets $6
ManuelSikora: calls $6
*** RIVER *** [Qh Qs Qc 9d] [Jd]
LifeisagameX: checks
ManuelSikora: checks
*** SHOW DOWN ***
LifeisagameX: shows [Kd Th] (a straight, Nine to King)
ManuelSikora: shows [8c Jh] (a full house, Queens full of Jacks)
ManuelSikora collected $23.52 from pot
*** SUMMARY ***
Total pot $24 | Rake $0.48
Board [Qh Qs Qc 9d Jd]
Seat 1: LifeisagameX (big blind) showed [Kd Th] and lost with a straight, Nine to King
Seat 10: ManuelSikora (button) (small blind) showed [8c Jh] and won ($23.52) with a full house, Queens full of Jacks


PokerStars Hand #157682653075:  Hold'em Limit ($3/$6 USD) - 2016/08/24 12:27:58 ET
Table 'Hercules' 10-max Seat #1 is the button
Seat 1: LifeisagameX ($115.16 in chips)
Seat 10: ManuelSikora ($57.94 in chips)
LifeisagameX: posts small blind $1
ManuelSikora: posts big blind $3
*** HOLE CARDS ***
LifeisagameX: raises $3 to $6
ManuelSikora: calls $3
*** FLOP *** [4h Ah 6h]
ManuelSikora: bets $3
LifeisagameX: calls $3
*** TURN *** [4h Ah 6h] [3h]
ManuelSikora: bets $6
LifeisagameX: calls $6
*** RIVER *** [4h Ah 6h 3h] [Ts]
ManuelSikora: bets $6
LifeisagameX: calls $6
*** SHOW DOWN ***
ManuelSikora: shows [7d 9h] (a flush, Ace high)
LifeisagameX: mucks hand
ManuelSikora collected $41.50 from pot
*** SUMMARY ***
Total pot $42 | Rake $0.50
Board [4h Ah 6h 3h Ts]
Seat 1: LifeisagameX (button) (small blind) mucked
Seat 10: ManuelSikora (big blind) showed [7d 9h] and won ($41.50) with a flush, Ace high


PokerStars Hand #157682640357:  Hold'em Limit ($3/$6 USD) - 2016/08/24 12:27:38 ET
Table 'Hercules' 10-max Seat #10 is the button
Seat 1: LifeisagameX ($103.64 in chips)
Seat 10: ManuelSikora ($69.94 in chips)
ManuelSikora: posts small blind $1
LifeisagameX: posts big blind $3
*** HOLE CARDS ***
ManuelSikora: raises $3 to $6
LifeisagameX: calls $3
*** FLOP *** [As 2s 8s]
LifeisagameX: checks
ManuelSikora: bets $3
LifeisagameX: raises $3 to $6
ManuelSikora: calls $3
*** TURN *** [As 2s 8s] [2h]
LifeisagameX: bets $6
ManuelSikora: folds
Uncalled bet ($6) returned to LifeisagameX
LifeisagameX collected $23.52 from pot
LifeisagameX: doesn't show hand
*** SUMMARY ***
Total pot $24 | Rake $0.48
Board [As 2s 8s 2h]
Seat 1: LifeisagameX (big blind) collected ($23.52)
Seat 10: ManuelSikora (button) (small blind) folded on the Turn


PokerStars Hand #157682694730:  Hold'em Limit ($3/$6 USD) - 2016/08/24 12:29:03 ET
Table 'Hercules' 10-max Seat #10 is the button
Seat 1: LifeisagameX ($81.92 in chips)
Seat 10: ManuelSikora ($89.94 in chips)
ManuelSikora: posts small blind $1
LifeisagameX: posts big blind $3
*** HOLE CARDS ***
ManuelSikora: raises $3 to $6
LifeisagameX: calls $3
*** FLOP *** [Th 3h Ah]
LifeisagameX: checks
ManuelSikora: checks
*** TURN *** [Th 3h Ah] [Jc]
LifeisagameX: bets $6
ManuelSikora: raises $6 to $12
LifeisagameX: calls $6
*** RIVER *** [Th 3h Ah Jc] [7s]
LifeisagameX: checks
ManuelSikora: bets $6
LifeisagameX: calls $6
*** SHOW DOWN ***
ManuelSikora: shows [Tc Ac] (two pair, Aces and Tens)
LifeisagameX: mucks hand
ManuelSikora collected $47.50 from pot
*** SUMMARY ***
Total pot $48 | Rake $0.50
Board [Th 3h Ah Jc 7s]
Seat 1: LifeisagameX (big blind) mucked
Seat 10: ManuelSikora (button) (small blind) showed [Tc Ac] and won ($47.50) with two pair, Aces and Tens


PokerStars Hand #157682686246:  Hold'em Limit ($3/$6 USD) - 2016/08/24 12:28:50 ET
Table 'Hercules' 10-max Seat #1 is the button
Seat 1: LifeisagameX ($76.16 in chips)
Seat 10: ManuelSikora ($95.94 in chips)
LifeisagameX: posts small blind $1
ManuelSikora: posts big blind $3
*** HOLE CARDS ***
LifeisagameX: raises $3 to $6
ManuelSikora: calls $3
*** FLOP *** [9c 3d Ks]
ManuelSikora: checks
LifeisagameX: bets $3
ManuelSikora: folds
Uncalled bet ($3) returned to LifeisagameX
LifeisagameX collected $11.76 from pot
LifeisagameX: doesn't show hand
*** SUMMARY ***
Total pot $12 | Rake $0.24
Board [9c 3d Ks]
Seat 1: LifeisagameX (button) (small blind) collected ($11.76)
Seat 10: ManuelSikora (big blind) folded on the Flop


PokerStars Hand #157682673373:  Hold'em Limit ($3/$6 USD) - 2016/08/24 12:28:30 ET
Table 'Hercules' 10-max Seat #10 is the button
Seat 1: LifeisagameX ($94.16 in chips)
Seat 10: ManuelSikora ($78.44 in chips)
ManuelSikora: posts small blind $1
LifeisagameX: posts big blind $3
*** HOLE CARDS ***
ManuelSikora: raises $3 to $6
LifeisagameX: calls $3
*** FLOP *** [Qc 8h 7d]
LifeisagameX: checks
ManuelSikora: checks
*** TURN *** [Qc 8h 7d] [7s]
LifeisagameX: bets $6
ManuelSikora: calls $6
*** RIVER *** [Qc 8h 7d 7s] [4c]
LifeisagameX: bets $6
ManuelSikora: calls $6
*** SHOW DOWN ***
LifeisagameX: shows [8s Tc] (two pair, Eights and Sevens)
ManuelSikora: shows [Qs 4s] (two pair, Queens and Sevens)
ManuelSikora collected $35.50 from pot
*** SUMMARY ***
Total pot $36 | Rake $0.50
Board [Qc 8h 7d 7s 4c]
Seat 1: LifeisagameX (big blind) showed [8s Tc] and lost with two pair, Eights and Sevens
Seat 10: ManuelSikora (button) (small blind) showed [Qs 4s] and won ($35.50) with two pair, Queens and Sevens


PokerStars Hand #157682711520:  Hold'em Limit ($3/$6 USD) - 2016/08/24 12:29:30 ET
Table 'Hercules' 10-max Seat #1 is the button
Seat 1: LifeisagameX ($57.92 in chips)
Seat 10: ManuelSikora ($113.44 in chips)
LifeisagameX: posts small blind $1
ManuelSikora: posts big blind $3
*** HOLE CARDS ***
LifeisagameX: raises $3 to $6
ManuelSikora: raises $3 to $9
LifeisagameX: calls $3
*** FLOP *** [2s 3d 6s]
ManuelSikora: bets $3
LifeisagameX: calls $3
*** TURN *** [2s 3d 6s] [Jh]
ManuelSikora: bets $6
LifeisagameX: calls $6
*** RIVER *** [2s 3d 6s Jh] [Th]
ManuelSikora: bets $6
LifeisagameX: calls $6
*** SHOW DOWN ***
ManuelSikora: shows [7d 7c] (a pair of Sevens)
LifeisagameX: mucks hand
ManuelSikora collected $47.50 from pot
*** SUMMARY ***
Total pot $48 | Rake $0.50
Board [2s 3d 6s Jh Th]
Seat 1: LifeisagameX (button) (small blind) mucked
Seat 10: ManuelSikora (big blind) showed [7d 7c] and won ($47.50) with a pair of Sevens


PokerStars Hand #157682770299:  Hold'em Limit ($3/$6 USD) - 2016/08/24 12:31:01 ET
Table 'Hercules' 10-max Seat #10 is the button
Seat 1: LifeisagameX ($57.42 in chips)
Seat 10: ManuelSikora ($593.54 in chips)
ManuelSikora: posts small blind $1
LifeisagameX: posts big blind $3
*** HOLE CARDS ***
ManuelSikora: raises $3 to $6
LifeisagameX: calls $3
*** FLOP *** [5h Jc Qd]
LifeisagameX: checks
ManuelSikora: checks
*** TURN *** [5h Jc Qd] [5d]
LifeisagameX: checks
ManuelSikora: bets $6
LifeisagameX: folds
Uncalled bet ($6) returned to ManuelSikora
ManuelSikora collected $11.76 from pot
ManuelSikora: doesn't show hand
*** SUMMARY ***
Total pot $12 | Rake $0.24
Board [5h Jc Qd 5d]
Seat 1: LifeisagameX (big blind) folded on the Turn
Seat 10: ManuelSikora (button) (small blind) collected ($11.76)


PokerStars Hand #157682761973:  Hold'em Limit ($3/$6 USD) - 2016/08/24 12:30:48 ET
Table 'Hercules' 10-max Seat #1 is the button
Seat 1: LifeisagameX ($54.42 in chips)
Seat 10: ManuelSikora ($596.54 in chips)
LifeisagameX: posts small blind $1
ManuelSikora: posts big blind $3
*** HOLE CARDS ***
LifeisagameX: raises $3 to $6
ManuelSikora: folds
Uncalled bet ($3) returned to LifeisagameX
LifeisagameX collected $6 from pot
LifeisagameX: doesn't show hand
*** SUMMARY ***
Total pot $6 | Rake $0
Seat 1: LifeisagameX (button) (small blind) collected ($6)
Seat 10: ManuelSikora (big blind) folded before Flop


PokerStars Hand #157682740800:  Hold'em Limit ($3/$6 USD) - 2016/08/24 12:30:15 ET
Table 'Hercules' 10-max Seat #10 is the button
Seat 1: LifeisagameX ($33.92 in chips)
Seat 10: ManuelSikora ($136.94 in chips)
ManuelSikora: posts small blind $1
LifeisagameX: posts big blind $3
*** HOLE CARDS ***
ManuelSikora: calls $2
LifeisagameX: raises $3 to $6
ManuelSikora: calls $3
*** FLOP *** [4c Ad Kc]
LifeisagameX: bets $3
ManuelSikora: calls $3
*** TURN *** [4c Ad Kc] [4h]
LifeisagameX: bets $6
ManuelSikora: calls $6
*** RIVER *** [4c Ad Kc 4h] [Ts]
LifeisagameX: bets $6
ManuelSikora: calls $6
*** SHOW DOWN ***
LifeisagameX: shows [Js Tc] (two pair, Tens and Fours)
ManuelSikora: mucks hand
LifeisagameX collected $41.50 from pot
*** SUMMARY ***
Total pot $42 | Rake $0.50
Board [4c Ad Kc 4h Ts]
Seat 1: LifeisagameX (big blind) showed [Js Tc] and won ($41.50) with two pair, Tens and Fours
Seat 10: ManuelSikora (button) (small blind) mucked


PokerStars Hand #157682787945:  Hold'em Limit ($3/$6 USD) - 2016/08/24 12:31:29 ET
Table 'Hercules' 10-max Seat #1 is the button
Seat 1: LifeisagameX ($51.42 in chips)
Seat 10: ManuelSikora ($599.30 in chips)
LifeisagameX: posts small blind $1
ManuelSikora: posts big blind $3
*** HOLE CARDS ***
LifeisagameX: raises $3 to $6
ManuelSikora: raises $3 to $9
LifeisagameX: calls $3
*** FLOP *** [Qc 4h 3c]
ManuelSikora: bets $3
LifeisagameX: calls $3
*** TURN *** [Qc 4h 3c] [Qs]
ManuelSikora: bets $6
LifeisagameX: folds
Uncalled bet ($6) returned to ManuelSikora
ManuelSikora collected $23.52 from pot
ManuelSikora: doesn't show hand
*** SUMMARY ***
Total pot $24 | Rake $0.48
Board [Qc 4h 3c Qs]
Seat 1: LifeisagameX (button) (small blind) folded on the Turn
Seat 10: ManuelSikora (big blind) collected ($23.52)


PokerStars Hand #157682809059:  Hold'em Limit ($3/$6 USD) - 2016/08/24 12:32:02 ET
Table 'Hercules' 10-max Seat #10 is the button
Seat 1: LifeisagameX ($39.42 in chips)
Seat 10: ManuelSikora ($610.82 in chips)
ManuelSikora: posts small blind $1
LifeisagameX: posts big blind $3
*** HOLE CARDS ***
ManuelSikora: raises $3 to $6
LifeisagameX: raises $3 to $9
ManuelSikora: raises $3 to $12
Betting is capped
LifeisagameX: calls $3
*** FLOP *** [6h 8c 9d]
LifeisagameX: bets $3
ManuelSikora: calls $3
*** TURN *** [6h 8c 9d] [Ad]
LifeisagameX: checks
ManuelSikora: checks
*** RIVER *** [6h 8c 9d Ad] [Jh]
LifeisagameX: bets $6
ManuelSikora: calls $6
*** SHOW DOWN ***
LifeisagameX: shows [Ts 9s] (a pair of Nines)
ManuelSikora: mucks hand
LifeisagameX collected $41.50 from pot
*** SUMMARY ***
Total pot $42 | Rake $0.50
Board [6h 8c 9d Ad Jh]
Seat 1: LifeisagameX (big blind) showed [Ts 9s] and won ($41.50) with a pair of Nines
Seat 10: ManuelSikora (button) (small blind) mucked


PokerStars Hand #157682829666:  Hold'em Limit ($3/$6 USD) - 2016/08/24 12:32:34 ET
Table 'Hercules' 10-max Seat #1 is the button
Seat 1: LifeisagameX ($59.92 in chips)
Seat 10: ManuelSikora ($589.82 in chips)
LifeisagameX: posts small blind $1
ManuelSikora: posts big blind $3
*** HOLE CARDS ***
LifeisagameX: raises $3 to $6
ManuelSikora: raises $3 to $9
LifeisagameX is disconnected
LifeisagameX has timed out while disconnected
LifeisagameX: folds
Uncalled bet ($3) returned to ManuelSikora
ManuelSikora collected $12 from pot
ManuelSikora: doesn't show hand
*** SUMMARY ***
Total pot $12 | Rake $0
Seat 1: LifeisagameX (button) (small blind) folded before Flop
Seat 10: ManuelSikora (big blind) collected ($12)


