PokerStars Hand #160266121898:  Hold'em Limit ($3/$6 USD) - 2016/10/22 1:31:56 ET
Table 'Hercynia' 6-max Seat #6 is the button
Seat 4: assitoni ($72 in chips)
Seat 6: swics1202 ($80 in chips)
swics1202: posts small blind $1
assitoni: posts big blind $3
*** HOLE CARDS ***
swics1202: raises $3 to $6
assitoni: calls $3
*** FLOP *** [8s 8c 6d]
assitoni: checks
swics1202: bets $3
assitoni: raises $3 to $6
swics1202: calls $3
*** TURN *** [8s 8c 6d] [Kd]
assitoni: bets $6
swics1202: calls $6
*** RIVER *** [8s 8c 6d Kd] [6c]
assitoni: bets $6
swics1202: raises $6 to $12
assitoni: calls $6
*** SHOW DOWN ***
swics1202: shows [6h Qh] (a full house, Sixes full of Eights)
assitoni: shows [6s Td] (a full house, Sixes full of Eights)
assitoni collected $29.75 from pot
swics1202 collected $29.75 from pot
*** SUMMARY ***
Total pot $60 | Rake $0.50
Board [8s 8c 6d Kd 6c]
Seat 4: assitoni (big blind) showed [6s Td] and won ($29.75) with a full house, Sixes full of Eights
Seat 6: swics1202 (button) (small blind) showed [6h Qh] and won ($29.75) with a full house, Sixes full of Eights


PokerStars Hand #160266140605:  Hold'em Limit ($3/$6 USD) - 2016/10/22 1:33:10 ET
Table 'Hercynia' 6-max Seat #4 is the button
Seat 4: assitoni ($73 in chips)
Seat 6: swics1202 ($79.75 in chips)
assitoni: posts small blind $1
swics1202: posts big blind $3
*** HOLE CARDS ***
assitoni: folds
Uncalled bet ($2) returned to swics1202
swics1202 collected $2 from pot
swics1202: doesn't show hand
*** SUMMARY ***
Total pot $2 | Rake $0
Seat 4: assitoni (button) (small blind) folded before Flop
Seat 6: swics1202 (big blind) collected ($2)


PokerStars Hand #160266138572:  Hold'em Limit ($3/$6 USD) - 2016/10/22 1:33:02 ET
Table 'Hercynia' 6-max Seat #6 is the button
Seat 4: assitoni ($72 in chips)
Seat 6: swics1202 ($80.75 in chips)
swics1202: posts small blind $1
assitoni: posts big blind $3
*** HOLE CARDS ***
swics1202: folds
Uncalled bet ($2) returned to assitoni
assitoni collected $2 from pot
assitoni: doesn't show hand
*** SUMMARY ***
Total pot $2 | Rake $0
Seat 4: assitoni (big blind) collected ($2)
Seat 6: swics1202 (button) (small blind) folded before Flop


PokerStars Hand #160266136198:  Hold'em Limit ($3/$6 USD) - 2016/10/22 1:32:53 ET
Table 'Hercynia' 6-max Seat #4 is the button
Seat 4: assitoni ($72 in chips)
Seat 6: swics1202 ($79.75 in chips)
assitoni: posts small blind $1
swics1202: posts big blind $3
*** HOLE CARDS ***
assitoni: folds
Uncalled bet ($2) returned to swics1202
swics1202 collected $2 from pot
swics1202: doesn't show hand
*** SUMMARY ***
Total pot $2 | Rake $0
Seat 4: assitoni (button) (small blind) folded before Flop
Seat 6: swics1202 (big blind) collected ($2)


PokerStars Hand #160266154981:  Hold'em Limit ($3/$6 USD) - 2016/10/22 1:34:06 ET
Table 'Hercynia' 6-max Seat #4 is the button
Seat 4: assitoni ($72 in chips)
Seat 6: swics1202 ($104.25 in chips)
assitoni: posts small blind $1
swics1202: posts big blind $3
*** HOLE CARDS ***
assitoni: folds
Uncalled bet ($2) returned to swics1202
swics1202 collected $2 from pot
swics1202: doesn't show hand
*** SUMMARY ***
Total pot $2 | Rake $0
Seat 4: assitoni (button) (small blind) folded before Flop
Seat 6: swics1202 (big blind) collected ($2)


PokerStars Hand #160266141917:  Hold'em Limit ($3/$6 USD) - 2016/10/22 1:33:15 ET
Table 'Hercynia' 6-max Seat #6 is the button
Seat 4: assitoni ($72 in chips)
Seat 6: swics1202 ($80.75 in chips)
swics1202: posts small blind $1
assitoni: posts big blind $3
*** HOLE CARDS ***
swics1202: raises $3 to $6
assitoni: raises $3 to $9
swics1202: calls $3
*** FLOP *** [5s 2h Jh]
assitoni: bets $3
swics1202: calls $3
*** TURN *** [5s 2h Jh] [5h]
assitoni: bets $6
swics1202: calls $6
*** RIVER *** [5s 2h Jh 5h] [4s]
assitoni: checks
swics1202: bets $6
assitoni: calls $6
*** SHOW DOWN ***
swics1202: shows [3c As] (a straight, Ace to Five)
assitoni: mucks hand
swics1202 collected $47.50 from pot
*** SUMMARY ***
Total pot $48 | Rake $0.50
Board [5s 2h Jh 5h 4s]
Seat 4: assitoni (big blind) mucked
Seat 6: swics1202 (button) (small blind) showed [3c As] and won ($47.50) with a straight, Ace to Five


