PokerStars Hand #160485904518:  Hold'em Limit ($3/$6 USD) - 2016/10/26 18:32:36 ET
Table 'Herculina' 6-max Seat #1 is the button
Seat 1: Zubasa07 ($487 in chips)
Seat 2: Ly_lanu ($45.40 in chips)
Zubasa07: posts small blind $1
Ly_lanu: posts big blind $3
*** HOLE CARDS ***
Zubasa07: raises $3 to $6
Ly_lanu: calls $3
*** FLOP *** [Kc 5h 7s]
Ly_lanu: checks
Zubasa07: bets $3
Ly_lanu: folds
Uncalled bet ($3) returned to Zubasa07
vestimokrec joins the table at seat #3
Zubasa07 collected $11.76 from pot
Zubasa07: doesn't show hand
*** SUMMARY ***
Total pot $12 | Rake $0.24
Board [Kc 5h 7s]
Seat 1: Zubasa07 (button) (small blind) collected ($11.76)
Seat 2: Ly_lanu (big blind) folded on the Flop


PokerStars Hand #160485900181:  Hold'em Limit ($3/$6 USD) - 2016/10/26 18:32:30 ET
Table 'Herculina' 6-max Seat #2 is the button
Seat 1: Zubasa07 ($486 in chips)
Seat 2: Ly_lanu ($46.40 in chips)
Ly_lanu: posts small blind $1
Zubasa07: posts big blind $3
*** HOLE CARDS ***
Ly_lanu: folds
Uncalled bet ($2) returned to Zubasa07
Zubasa07 collected $2 from pot
Zubasa07: doesn't show hand
*** SUMMARY ***
Total pot $2 | Rake $0
Seat 1: Zubasa07 (big blind) collected ($2)
Seat 2: Ly_lanu (button) (small blind) folded before Flop


PokerStars Hand #160485887271:  Hold'em Limit ($3/$6 USD) - 2016/10/26 18:32:12 ET
Table 'Herculina' 6-max Seat #1 is the button
Seat 1: Zubasa07 ($492 in chips)
Seat 2: Ly_lanu ($40.64 in chips)
Zubasa07: posts small blind $1
Ly_lanu: posts big blind $3
*** HOLE CARDS ***
Zubasa07: raises $3 to $6
Ly_lanu: calls $3
*** FLOP *** [5s As 3h]
Ly_lanu: checks
Zubasa07: checks
*** TURN *** [5s As 3h] [Qd]
Ly_lanu: bets $6
Zubasa07: folds
Uncalled bet ($6) returned to Ly_lanu
Ly_lanu collected $11.76 from pot
*** SUMMARY ***
Total pot $12 | Rake $0.24
Board [5s As 3h Qd]
Seat 1: Zubasa07 (button) (small blind) folded on the Turn
Seat 2: Ly_lanu (big blind) collected ($11.76)


PokerStars Hand #160485883338:  Hold'em Limit ($3/$6 USD) - 2016/10/26 18:32:06 ET
Table 'Herculina' 6-max Seat #2 is the button
Seat 1: Zubasa07 ($491 in chips)
Seat 2: Ly_lanu ($41.64 in chips)
Ly_lanu: posts small blind $1
Zubasa07: posts big blind $3
*** HOLE CARDS ***
Ly_lanu: folds
Uncalled bet ($2) returned to Zubasa07
Zubasa07 collected $2 from pot
Zubasa07: doesn't show hand
*** SUMMARY ***
Total pot $2 | Rake $0
Seat 1: Zubasa07 (big blind) collected ($2)
Seat 2: Ly_lanu (button) (small blind) folded before Flop


PokerStars Hand #160485862490:  Hold'em Limit ($3/$6 USD) - 2016/10/26 18:31:37 ET
Table 'Herculina' 6-max Seat #1 is the button
Seat 1: Zubasa07 ($500 in chips)
Seat 2: Ly_lanu ($33 in chips)
Zubasa07: posts small blind $1
Ly_lanu: posts big blind $3
*** HOLE CARDS ***
Zubasa07: raises $3 to $6
Ly_lanu: calls $3
*** FLOP *** [4d 8h 7s]
Ly_lanu: checks
Zubasa07: bets $3
Ly_lanu: calls $3
*** TURN *** [4d 8h 7s] [2h]
Ly_lanu: checks
Zubasa07: checks
*** RIVER *** [4d 8h 7s 2h] [Ac]
Ly_lanu: bets $6
Zubasa07: folds
Uncalled bet ($6) returned to Ly_lanu
Ly_lanu collected $17.64 from pot
*** SUMMARY ***
Total pot $18 | Rake $0.36
Board [4d 8h 7s 2h Ac]
Seat 1: Zubasa07 (button) (small blind) folded on the River
Seat 2: Ly_lanu (big blind) collected ($17.64)


PokerStars Hand #160486489746:  Hold'em Limit ($3/$6 USD) - 2016/10/26 18:46:37 ET
Table 'Herculina' 6-max Seat #4 is the button
Seat 4: ToDaFelt ($108.50 in chips)
Seat 5: xxPSRxx ($109.35 in chips)
ToDaFelt: posts small blind $1
xxPSRxx: posts big blind $3
*** HOLE CARDS ***
ToDaFelt: folds
Uncalled bet ($2) returned to xxPSRxx
xxPSRxx collected $2 from pot
xxPSRxx: doesn't show hand
*** SUMMARY ***
Total pot $2 | Rake $0
Seat 4: ToDaFelt (button) (small blind) folded before Flop
Seat 5: xxPSRxx (big blind) collected ($2)


PokerStars Hand #160486451198:  Hold'em Limit ($3/$6 USD) - 2016/10/26 18:45:40 ET
Table 'Herculina' 6-max Seat #5 is the button
Seat 4: ToDaFelt ($123.50 in chips)
Seat 5: xxPSRxx ($94.85 in chips)
xxPSRxx: posts small blind $1
vestimokrec: is sitting out
ToDaFelt: posts big blind $3
*** HOLE CARDS ***
xxPSRxx: raises $3 to $6
ToDaFelt: calls $3
*** FLOP *** [Ah Kd Qc]
ToDaFelt: checks
xxPSRxx: bets $3
vestimokrec leaves the table
ToDaFelt: calls $3
*** TURN *** [Ah Kd Qc] [9h]
ToDaFelt: checks
xxPSRxx: checks
*** RIVER *** [Ah Kd Qc 9h] [5c]
ToDaFelt: bets $6
xxPSRxx: calls $6
*** SHOW DOWN ***
ToDaFelt: shows [Ts 6c] (high card Ace)
xxPSRxx: shows [8s 8d] (a pair of Eights)
xxPSRxx collected $29.50 from pot
*** SUMMARY ***
Total pot $30 | Rake $0.50
Board [Ah Kd Qc 9h 5c]
Seat 4: ToDaFelt (big blind) showed [Ts 6c] and lost with high card Ace
Seat 5: xxPSRxx (button) (small blind) showed [8s 8d] and won ($29.50) with a pair of Eights


PokerStars Hand #160486502482:  Hold'em Limit ($3/$6 USD) - 2016/10/26 18:46:56 ET
Table 'Herculina' 6-max Seat #5 is the button
Seat 4: ToDaFelt ($107.50 in chips)
Seat 5: xxPSRxx ($110.35 in chips)
xxPSRxx: posts small blind $1
ToDaFelt: posts big blind $3
*** HOLE CARDS ***
xxPSRxx: raises $3 to $6
ToDaFelt: raises $3 to $9
xxPSRxx: calls $3
*** FLOP *** [Ts 4d 7s]
ToDaFelt: bets $3
xxPSRxx: calls $3
*** TURN *** [Ts 4d 7s] [9c]
ToDaFelt: bets $6
xxPSRxx: raises $6 to $12
ToDaFelt: calls $6
*** RIVER *** [Ts 4d 7s 9c] [Js]
ToDaFelt: checks
xxPSRxx: bets $6
ToDaFelt: raises $6 to $12
xxPSRxx: raises $6 to $18
ToDaFelt: raises $6 to $24
Betting is capped
xxPSRxx: calls $6
*** SHOW DOWN ***
ToDaFelt: shows [Qs As] (a flush, Ace high)
xxPSRxx: mucks hand
partyalex92 joins the table at seat #2
ToDaFelt collected $95.50 from pot
*** SUMMARY ***
Total pot $96 | Rake $0.50
Board [Ts 4d 7s 9c Js]
Seat 4: ToDaFelt (big blind) showed [Qs As] and won ($95.50) with a flush, Ace high
Seat 5: xxPSRxx (button) (small blind) mucked


PokerStars Hand #160486529524:  Hold'em Limit ($3/$6 USD) - 2016/10/26 18:47:36 ET
Table 'Herculina' 6-max Seat #4 is the button
Seat 4: ToDaFelt ($155 in chips)
Seat 5: xxPSRxx ($62.35 in chips)
ToDaFelt: posts small blind $1
xxPSRxx: posts big blind $3
*** HOLE CARDS ***
ToDaFelt: raises $3 to $6
xxPSRxx: raises $3 to $9
ToDaFelt: calls $3
*** FLOP *** [5h 7s 9s]
xxPSRxx: checks
Ag3r0n joins the table at seat #3
ToDaFelt: checks
*** TURN *** [5h 7s 9s] [Jh]
xxPSRxx: checks
ToDaFelt: bets $6
xxPSRxx: calls $6
*** RIVER *** [5h 7s 9s Jh] [6d]
xxPSRxx: checks
ToDaFelt: bets $6
vestimokrec joins the table at seat #6
xxPSRxx: raises $6 to $12
ToDaFelt: calls $6
*** SHOW DOWN ***
xxPSRxx: shows [8c Ad] (a straight, Five to Nine)
ToDaFelt: mucks hand
xxPSRxx collected $53.50 from pot
*** SUMMARY ***
Total pot $54 | Rake $0.50
Board [5h 7s 9s Jh 6d]
Seat 4: ToDaFelt (button) (small blind) mucked
Seat 5: xxPSRxx (big blind) showed [8c Ad] and won ($53.50) with a straight, Five to Nine


