PokerStars Hand #172065500828:  Hold'em Limit ($3/$6 USD) - 2017/06/21 14:38:55 ET
Table 'Herero' 6-max Seat #4 is the button
Seat 1: Auge72 ($49.93 in chips)
Seat 4: Actionni13 ($151 in chips)
Actionni13: posts small blind $1
Auge72: posts big blind $3
*** HOLE CARDS ***
Actionni13: raises $3 to $6
Auge72: raises $3 to $9
Actionni13: calls $3
*** FLOP *** [3s 2s 5c]
Auge72: checks
Actionni13: checks
*** TURN *** [3s 2s 5c] [9s]
Auge72: checks
Actionni13: checks
*** RIVER *** [3s 2s 5c 9s] [Kh]
Auge72: bets $6
belik555 joins the table at seat #2
Actionni13: folds
Uncalled bet ($6) returned to Auge72
Auge72 collected $17.64 from pot
*** SUMMARY ***
Total pot $18 | Rake $0.36
Board [3s 2s 5c 9s Kh]
Seat 1: Auge72 (big blind) collected ($17.64)
Seat 4: Actionni13 (button) (small blind) folded on the River


PokerStars Hand #172065634787:  Hold'em Limit ($3/$6 USD) - 2017/06/21 14:41:58 ET
Table 'Herero' 6-max Seat #4 is the button
Seat 2: belik555 ($105.17 in chips)
Seat 4: Actionni13 ($194.71 in chips)
Actionni13: posts small blind $1
belik555: posts big blind $3
*** HOLE CARDS ***
Actionni13: folds
Uncalled bet ($2) returned to belik555
belik555 collected $2 from pot
belik555: doesn't show hand
*** SUMMARY ***
Total pot $2 | Rake $0
Seat 2: belik555 (big blind) collected ($2)
Seat 4: Actionni13 (button) (small blind) folded before Flop


PokerStars Hand #172065641206:  Hold'em Limit ($3/$6 USD) - 2017/06/21 14:42:06 ET
Table 'Herero' 6-max Seat #2 is the button
Seat 2: belik555 ($106.17 in chips)
Seat 4: Actionni13 ($193.71 in chips)
belik555: posts small blind $1
Actionni13: posts big blind $3
*** HOLE CARDS ***
belik555: raises $3 to $6
Actionni13: folds
Uncalled bet ($3) returned to belik555
Auge72 leaves the table
belik555 collected $6 from pot
belik555: doesn't show hand
*** SUMMARY ***
Total pot $6 | Rake $0
Seat 2: belik555 (button) (small blind) collected ($6)
Seat 4: Actionni13 (big blind) folded before Flop


PokerStars Hand #172065652465:  Hold'em Limit ($3/$6 USD) - 2017/06/21 14:42:17 ET
Table 'Herero' 6-max Seat #4 is the button
Seat 2: belik555 ($109.17 in chips)
Seat 4: Actionni13 ($190.71 in chips)
Actionni13: posts small blind $1
belik555: posts big blind $3
*** HOLE CARDS ***
Actionni13: raises $3 to $6
belik555: raises $3 to $9
Actionni13: raises $3 to $12
Betting is capped
belik555: calls $3
*** FLOP *** [9h 6c Kc]
belik555: checks
Actionni13: bets $3
belik555: calls $3
*** TURN *** [9h 6c Kc] [8c]
belik555: bets $6
Actionni13: calls $6
*** RIVER *** [9h 6c Kc 8c] [3c]
belik555: bets $6
Actionni13: folds
Uncalled bet ($6) returned to belik555
belik555 collected $41.50 from pot
belik555: doesn't show hand
*** SUMMARY ***
Total pot $42 | Rake $0.50
Board [9h 6c Kc 8c 3c]
Seat 2: belik555 (big blind) collected ($41.50)
Seat 4: Actionni13 (button) (small blind) folded on the River


