PokerStars Hand #163684586785:  Hold'em Limit ($3/$6 USD) - 2016/12/28 17:38:19 ET
Table 'Herero' 6-max Seat #2 is the button
Seat 1: 111shimi111 ($131.81 in chips)
Seat 2: karambakilla ($131.52 in chips)
karambakilla: posts small blind $1
111shimi111: posts big blind $3
*** HOLE CARDS ***
karambakilla: calls $2
111shimi111: checks
*** FLOP *** [Ks Ad 7h]
111shimi111: checks
karambakilla: bets $3
111shimi111: folds
Uncalled bet ($3) returned to karambakilla
karambakilla collected $5.88 from pot
karambakilla: doesn't show hand
*** SUMMARY ***
Total pot $6 | Rake $0.12
Board [Ks Ad 7h]
Seat 1: 111shimi111 (big blind) folded on the Flop
Seat 2: karambakilla (button) (small blind) collected ($5.88)


PokerStars Hand #163684561959:  Hold'em Limit ($3/$6 USD) - 2016/12/28 17:37:54 ET
Table 'Herero' 6-max Seat #1 is the button
Seat 1: 111shimi111 ($143.81 in chips)
Seat 2: karambakilla ($120 in chips)
111shimi111: posts small blind $1
karambakilla: posts big blind $3
*** HOLE CARDS ***
111shimi111: calls $2
karambakilla: checks
*** FLOP *** [9c 9d 9s]
karambakilla: checks
111shimi111: bets $3
karambakilla: calls $3
*** TURN *** [9c 9d 9s] [6c]
karambakilla: checks
111shimi111: checks
*** RIVER *** [9c 9d 9s 6c] [Ac]
karambakilla: bets $6
111shimi111: calls $6
*** SHOW DOWN ***
karambakilla: shows [Qd 6s] (a full house, Nines full of Sixes)
111shimi111: mucks hand
karambakilla collected $23.52 from pot
*** SUMMARY ***
Total pot $24 | Rake $0.48
Board [9c 9d 9s 6c Ac]
Seat 1: 111shimi111 (button) (small blind) mucked
Seat 2: karambakilla (big blind) showed [Qd 6s] and won ($23.52) with a full house, Nines full of Sixes


PokerStars Hand #163684641364:  Hold'em Limit ($3/$6 USD) - 2016/12/28 17:39:15 ET
Table 'Herero' 6-max Seat #1 is the button
Seat 1: 111shimi111 ($102.81 in chips)
Seat 2: karambakilla ($159.90 in chips)
111shimi111: posts small blind $1
karambakilla: posts big blind $3
*** HOLE CARDS ***
111shimi111: folds
Uncalled bet ($2) returned to karambakilla
karambakilla collected $2 from pot
karambakilla: doesn't show hand
*** SUMMARY ***
Total pot $2 | Rake $0
Seat 1: 111shimi111 (button) (small blind) folded before Flop
Seat 2: karambakilla (big blind) collected ($2)


PokerStars Hand #163684633267:  Hold'em Limit ($3/$6 USD) - 2016/12/28 17:39:07 ET
Table 'Herero' 6-max Seat #2 is the button
Seat 1: 111shimi111 ($101.81 in chips)
Seat 2: karambakilla ($160.90 in chips)
karambakilla: posts small blind $1
111shimi111: posts big blind $3
*** HOLE CARDS ***
karambakilla: folds
Uncalled bet ($2) returned to 111shimi111
111shimi111 collected $2 from pot
*** SUMMARY ***
Total pot $2 | Rake $0
Seat 1: 111shimi111 (big blind) collected ($2)
Seat 2: karambakilla (button) (small blind) folded before Flop


PokerStars Hand #163684602708:  Hold'em Limit ($3/$6 USD) - 2016/12/28 17:38:36 ET
Table 'Herero' 6-max Seat #1 is the button
Seat 1: 111shimi111 ($128.81 in chips)
Seat 2: karambakilla ($134.40 in chips)
111shimi111: posts small blind $1
karambakilla: posts big blind $3
*** HOLE CARDS ***
111shimi111: raises $3 to $6
karambakilla: calls $3
*** FLOP *** [Ts 7h Jh]
karambakilla: checks
111shimi111: bets $3
karambakilla: calls $3
*** TURN *** [Ts 7h Jh] [Qs]
karambakilla: checks
111shimi111: bets $6
karambakilla: calls $6
*** RIVER *** [Ts 7h Jh Qs] [Qh]
karambakilla: checks
111shimi111: bets $6
karambakilla: raises $6 to $12
111shimi111: calls $6
*** SHOW DOWN ***
karambakilla: shows [Ks 9s] (a straight, Nine to King)
111shimi111: mucks hand
karambakilla collected $53.50 from pot
*** SUMMARY ***
Total pot $54 | Rake $0.50
Board [Ts 7h Jh Qs Qh]
Seat 1: 111shimi111 (button) (small blind) mucked
Seat 2: karambakilla (big blind) showed [Ks 9s] and won ($53.50) with a straight, Nine to King


PokerStars Hand #163684667699:  Hold'em Limit ($3/$6 USD) - 2016/12/28 17:39:43 ET
Table 'Herero' 6-max Seat #1 is the button
Seat 1: 111shimi111 ($92.81 in chips)
Seat 2: karambakilla ($169.54 in chips)
111shimi111: posts small blind $1
karambakilla: posts big blind $3
*** HOLE CARDS ***
111shimi111: raises $3 to $6
karambakilla: calls $3
*** FLOP *** [7d 3d 9h]
karambakilla: checks
111shimi111: bets $3
karambakilla: calls $3
*** TURN *** [7d 3d 9h] [7c]
karambakilla: checks
111shimi111: bets $6
karambakilla: raises $6 to $12
111shimi111: calls $6
*** RIVER *** [7d 3d 9h 7c] [Ts]
karambakilla: bets $6
111shimi111: calls $6
*** SHOW DOWN ***
karambakilla: shows [Jh Js] (two pair, Jacks and Sevens)
111shimi111: mucks hand
karambakilla collected $53.50 from pot
*** SUMMARY ***
Total pot $54 | Rake $0.50
Board [7d 3d 9h 7c Ts]
Seat 1: 111shimi111 (button) (small blind) mucked
Seat 2: karambakilla (big blind) showed [Jh Js] and won ($53.50) with two pair, Jacks and Sevens


PokerStars Hand #163684647147:  Hold'em Limit ($3/$6 USD) - 2016/12/28 17:39:22 ET
Table 'Herero' 6-max Seat #2 is the button
Seat 1: 111shimi111 ($101.81 in chips)
Seat 2: karambakilla ($160.90 in chips)
karambakilla: posts small blind $1
111shimi111: posts big blind $3
*** HOLE CARDS ***
karambakilla: raises $3 to $6
111shimi111: calls $3
*** FLOP *** [Qh Th 4d]
111shimi111: checks
karambakilla: bets $3
111shimi111: calls $3
*** TURN *** [Qh Th 4d] [6d]
111shimi111: checks
karambakilla: bets $6
111shimi111: folds
Uncalled bet ($6) returned to karambakilla
karambakilla collected $17.64 from pot
karambakilla: doesn't show hand
ToDaFelt joins the table at seat #3
*** SUMMARY ***
Total pot $18 | Rake $0.36
Board [Qh Th 4d 6d]
Seat 1: 111shimi111 (big blind) folded on the Turn
Seat 2: karambakilla (button) (small blind) collected ($17.64)


PokerStars Hand #163684829996:  Hold'em Limit ($3/$6 USD) - 2016/12/28 17:42:32 ET
Table 'Herero' 6-max Seat #3 is the button
Seat 2: karambakilla ($200.60 in chips)
Seat 3: ToDaFelt ($144.03 in chips)
ToDaFelt: posts small blind $1
karambakilla: posts big blind $3
*** HOLE CARDS ***
ToDaFelt: raises $3 to $6
karambakilla: calls $3
*** FLOP *** [6s 8d Qc]
karambakilla: checks
ToDaFelt: bets $3
karambakilla: calls $3
*** TURN *** [6s 8d Qc] [7d]
karambakilla: checks
ToDaFelt: bets $6
karambakilla: calls $6
*** RIVER *** [6s 8d Qc 7d] [5h]
karambakilla: bets $6
ToDaFelt: calls $6
*** SHOW DOWN ***
karambakilla: shows [4c 7c] (a straight, Four to Eight)
ToDaFelt: shows [5c 4h] (a straight, Four to Eight)
karambakilla collected $20.75 from pot
ToDaFelt collected $20.75 from pot
*** SUMMARY ***
Total pot $42 | Rake $0.50
Board [6s 8d Qc 7d 5h]
Seat 2: karambakilla (big blind) showed [4c 7c] and won ($20.75) with a straight, Four to Eight
Seat 3: ToDaFelt (button) (small blind) showed [5c 4h] and won ($20.75) with a straight, Four to Eight


