PokerStars Hand #157840126746:  Hold'em Limit ($3/$6 USD) - 2016/08/28 7:53:24 ET
Table 'Herget II' 6-max Seat #3 is the button
Seat 3: poherstar777 ($82.25 in chips)
Seat 4: Agrotait ($72 in chips)
poherstar777: posts small blind $1
Agrotait: posts big blind $3
*** HOLE CARDS ***
poherstar777: raises $3 to $6
Agrotait: calls $3
*** FLOP *** [2h 4c 6c]
Agrotait: checks
poherstar777: bets $3
Agrotait: raises $3 to $6
poherstar777: calls $3
*** TURN *** [2h 4c 6c] [As]
Agrotait: bets $6
poherstar777: calls $6
*** RIVER *** [2h 4c 6c As] [8d]
Agrotait: checks
poherstar777: bets $6
Agrotait: calls $6
*** SHOW DOWN ***
poherstar777: shows [Qh Ad] (a pair of Aces)
Agrotait: mucks hand
poherstar777 collected $47.50 from pot
*** SUMMARY ***
Total pot $48 | Rake $0.50
Board [2h 4c 6c As 8d]
Seat 3: poherstar777 (button) (small blind) showed [Qh Ad] and won ($47.50) with a pair of Aces
Seat 4: Agrotait (big blind) mucked


PokerStars Hand #157840327687:  Hold'em Limit ($3/$6 USD) - 2016/08/28 8:01:11 ET
Table 'Herget II' 6-max Seat #3 is the button
Seat 3: Mite1981 ($848.38 in chips)
Seat 4: Agrotait ($95.14 in chips)
Mite1981: posts small blind $1
Agrotait: posts big blind $3
*** HOLE CARDS ***
Mite1981: folds
Uncalled bet ($2) returned to Agrotait
Agrotait collected $2 from pot
Agrotait: doesn't show hand
*** SUMMARY ***
Total pot $2 | Rake $0
Seat 3: Mite1981 (button) (small blind) folded before Flop
Seat 4: Agrotait (big blind) collected ($2)


PokerStars Hand #157840316323:  Hold'em Limit ($3/$6 USD) - 2016/08/28 8:00:46 ET
Table 'Herget II' 6-max Seat #4 is the button
Seat 3: Mite1981 ($857.38 in chips)
Seat 4: Agrotait ($86.50 in chips)
Agrotait: posts small blind $1
Mite1981: posts big blind $3
*** HOLE CARDS ***
Agrotait: raises $3 to $6
Mite1981: calls $3
*** FLOP *** [Kd 2h 3s]
Mite1981: checks
Agrotait: bets $3
Mite1981: calls $3
*** TURN *** [Kd 2h 3s] [3h]
Mite1981: checks
Agrotait: checks
*** RIVER *** [Kd 2h 3s 3h] [3c]
Mite1981: checks
Agrotait: checks
*** SHOW DOWN ***
Mite1981: shows [4d 6d] (three of a kind, Threes)
Agrotait: shows [Qs 7h] (three of a kind, Threes - King+Queen kicker)
Agrotait collected $17.64 from pot
*** SUMMARY ***
Total pot $18 | Rake $0.36
Board [Kd 2h 3s 3h 3c]
Seat 3: Mite1981 (big blind) showed [4d 6d] and lost with three of a kind, Threes
Seat 4: Agrotait (button) (small blind) showed [Qs 7h] and won ($17.64) with three of a kind, Threes


PokerStars Hand #157840306564:  Hold'em Limit ($3/$6 USD) - 2016/08/28 8:00:24 ET
Table 'Herget II' 6-max Seat #3 is the button
Seat 3: Mite1981 ($881.38 in chips)
Seat 4: Agrotait ($63 in chips)
Mite1981: posts small blind $1
Agrotait: posts big blind $3
*** HOLE CARDS ***
Mite1981: raises $3 to $6
Agrotait: calls $3
*** FLOP *** [7d 7c 9s]
Agrotait: checks
Mite1981: bets $3
Agrotait: raises $3 to $6
Mite1981: calls $3
*** TURN *** [7d 7c 9s] [Th]
Agrotait: bets $6
Mite1981: calls $6
*** RIVER *** [7d 7c 9s Th] [7h]
Agrotait: bets $6
Mite1981: calls $6
*** SHOW DOWN ***
Agrotait: shows [Qh 9d] (a full house, Sevens full of Nines)
Mite1981: mucks hand
Agrotait collected $47.50 from pot
*** SUMMARY ***
Total pot $48 | Rake $0.50
Board [7d 7c 9s Th 7h]
Seat 3: Mite1981 (button) (small blind) mucked
Seat 4: Agrotait (big blind) showed [Qh 9d] and won ($47.50) with a full house, Sevens full of Nines


PokerStars Hand #157840295444:  Hold'em Limit ($3/$6 USD) - 2016/08/28 7:59:59 ET
Table 'Herget II' 6-max Seat #4 is the button
Seat 3: Mite1981 ($872.74 in chips)
Seat 4: Agrotait ($72 in chips)
Agrotait: posts small blind $1
Mite1981: posts big blind $3
*** HOLE CARDS ***
Agrotait: raises $3 to $6
Mite1981: calls $3
*** FLOP *** [9c Jd 2c]
Mite1981: checks
Agrotait: bets $3
Mite1981: calls $3
*** TURN *** [9c Jd 2c] [Ac]
Mite1981: checks
Agrotait: checks
*** RIVER *** [9c Jd 2c Ac] [5c]
Mite1981: bets $6
Agrotait: folds
Uncalled bet ($6) returned to Mite1981
Mite1981 collected $17.64 from pot
Mite1981: doesn't show hand
*** SUMMARY ***
Total pot $18 | Rake $0.36
Board [9c Jd 2c Ac 5c]
Seat 3: Mite1981 (big blind) collected ($17.64)
Seat 4: Agrotait (button) (small blind) folded on the River


PokerStars Hand #157840338750:  Hold'em Limit ($3/$6 USD) - 2016/08/28 8:01:35 ET
Table 'Herget II' 6-max Seat #3 is the button
Seat 3: Mite1981 ($841.38 in chips)
Seat 4: Agrotait ($101.90 in chips)
Mite1981: posts small blind $1
Agrotait: posts big blind $3
*** HOLE CARDS ***
Mite1981: raises $3 to $6
Agrotait: calls $3
*** FLOP *** [Ks 4s 8h]
Agrotait: checks
Mite1981: bets $3
Agrotait: calls $3
*** TURN *** [Ks 4s 8h] [Js]
Agrotait: checks
Mite1981: bets $6
Agrotait: calls $6
*** RIVER *** [Ks 4s 8h Js] [2s]
Agrotait: checks
Mite1981: checks
*** SHOW DOWN ***
Agrotait: shows [7d 4d] (a pair of Fours)
Mite1981: shows [Jd 5h] (a pair of Jacks)
Mite1981 collected $29.50 from pot
*** SUMMARY ***
Total pot $30 | Rake $0.50
Board [Ks 4s 8h Js 2s]
Seat 3: Mite1981 (button) (small blind) showed [Jd 5h] and won ($29.50) with a pair of Jacks
Seat 4: Agrotait (big blind) showed [7d 4d] and lost with a pair of Fours


PokerStars Hand #157840330053:  Hold'em Limit ($3/$6 USD) - 2016/08/28 8:01:16 ET
Table 'Herget II' 6-max Seat #4 is the button
Seat 3: Mite1981 ($847.38 in chips)
Seat 4: Agrotait ($96.14 in chips)
Agrotait: posts small blind $1
Mite1981: posts big blind $3
*** HOLE CARDS ***
Agrotait: raises $3 to $6
Mite1981: calls $3
*** FLOP *** [Ks 4h Td]
Mite1981: checks
Agrotait: bets $3
Mite1981: folds
Uncalled bet ($3) returned to Agrotait
Agrotait collected $11.76 from pot
Agrotait: doesn't show hand
*** SUMMARY ***
Total pot $12 | Rake $0.24
Board [Ks 4h Td]
Seat 3: Mite1981 (big blind) folded on the Flop
Seat 4: Agrotait (button) (small blind) collected ($11.76)


PokerStars Hand #157840378350:  Hold'em Limit ($3/$6 USD) - 2016/08/28 8:02:57 ET
Table 'Herget II' 6-max Seat #3 is the button
Seat 3: Mite1981 ($866.38 in chips)
Seat 4: Agrotait ($75.90 in chips)
Mite1981: posts small blind $1
Agrotait: posts big blind $3
*** HOLE CARDS ***
Mite1981: folds
Uncalled bet ($2) returned to Agrotait
Agrotait collected $2 from pot
Agrotait: doesn't show hand
*** SUMMARY ***
Total pot $2 | Rake $0
Seat 3: Mite1981 (button) (small blind) folded before Flop
Seat 4: Agrotait (big blind) collected ($2)


PokerStars Hand #157840370369:  Hold'em Limit ($3/$6 USD) - 2016/08/28 8:02:41 ET
Table 'Herget II' 6-max Seat #4 is the button
Seat 3: Mite1981 ($869.38 in chips)
Seat 4: Agrotait ($72.90 in chips)
Agrotait: posts small blind $1
Mite1981: posts big blind $3
*** HOLE CARDS ***
Agrotait: raises $3 to $6
Mite1981: folds
Uncalled bet ($3) returned to Agrotait
Agrotait collected $6 from pot
Agrotait: doesn't show hand
*** SUMMARY ***
Total pot $6 | Rake $0
Seat 3: Mite1981 (big blind) folded before Flop
Seat 4: Agrotait (button) (small blind) collected ($6)


PokerStars Hand #157840368157:  Hold'em Limit ($3/$6 USD) - 2016/08/28 8:02:36 ET
Table 'Herget II' 6-max Seat #3 is the button
Seat 3: Mite1981 ($870.38 in chips)
Seat 4: Agrotait ($71.90 in chips)
Mite1981: posts small blind $1
Agrotait: posts big blind $3
*** HOLE CARDS ***
Mite1981: folds
Uncalled bet ($2) returned to Agrotait
Agrotait collected $2 from pot
Agrotait: doesn't show hand
*** SUMMARY ***
Total pot $2 | Rake $0
Seat 3: Mite1981 (button) (small blind) folded before Flop
Seat 4: Agrotait (big blind) collected ($2)


PokerStars Hand #157840347547:  Hold'em Limit ($3/$6 USD) - 2016/08/28 8:01:54 ET
Table 'Herget II' 6-max Seat #4 is the button
Seat 3: Mite1981 ($855.88 in chips)
Seat 4: Agrotait ($86.90 in chips)
Agrotait: posts small blind $1
Mite1981: posts big blind $3
*** HOLE CARDS ***
Agrotait: raises $3 to $6
Mite1981: calls $3
*** FLOP *** [Jc 2c Qc]
Mite1981: checks
Agrotait: bets $3
Mite1981: calls $3
*** TURN *** [Jc 2c Qc] [3h]
Mite1981: checks
Agrotait: bets $6
Mite1981: raises $6 to $12
Agrotait: folds
Uncalled bet ($6) returned to Mite1981
Mite1981 collected $29.50 from pot
Mite1981: doesn't show hand
*** SUMMARY ***
Total pot $30 | Rake $0.50
Board [Jc 2c Qc 3h]
Seat 3: Mite1981 (big blind) collected ($29.50)
Seat 4: Agrotait (button) (small blind) folded on the Turn


PokerStars Hand #157840404669:  Hold'em Limit ($3/$6 USD) - 2016/08/28 8:03:52 ET
Table 'Herget II' 6-max Seat #3 is the button
Seat 3: Mite1981 ($874.02 in chips)
Seat 4: Agrotait ($67.90 in chips)
Mite1981: posts small blind $1
Agrotait: posts big blind $3
*** HOLE CARDS ***
Mite1981: raises $3 to $6
Agrotait: raises $3 to $9
Mite1981: calls $3
*** FLOP *** [Ts 6c Qd]
Agrotait: bets $3
Mite1981: calls $3
*** TURN *** [Ts 6c Qd] [6h]
Agrotait: checks
Mite1981: bets $6
Agrotait: calls $6
*** RIVER *** [Ts 6c Qd 6h] [7s]
Agrotait: checks
Mite1981: bets $6
Agrotait: calls $6
*** SHOW DOWN ***
Mite1981: shows [8d Ac] (a pair of Sixes)
Agrotait: shows [Js Ad] (a pair of Sixes - Ace+Queen+Jack kicker)
Agrotait collected $47.50 from pot
*** SUMMARY ***
Total pot $48 | Rake $0.50
Board [Ts 6c Qd 6h 7s]
Seat 3: Mite1981 (button) (small blind) showed [8d Ac] and lost with a pair of Sixes
Seat 4: Agrotait (big blind) showed [Js Ad] and won ($47.50) with a pair of Sixes


PokerStars Hand #157840380868:  Hold'em Limit ($3/$6 USD) - 2016/08/28 8:03:03 ET
Table 'Herget II' 6-max Seat #4 is the button
Seat 3: Mite1981 ($865.38 in chips)
Seat 4: Agrotait ($76.90 in chips)
Agrotait: posts small blind $1
Mite1981: posts big blind $3
*** HOLE CARDS ***
Agrotait: raises $3 to $6
Mite1981: calls $3
*** FLOP *** [4d 7d 4h]
Mite1981: checks
Agrotait: bets $3
Mite1981: calls $3
*** TURN *** [4d 7d 4h] [7c]
Mite1981: bets $6
Agrotait: folds
Uncalled bet ($6) returned to Mite1981
Mite1981 collected $17.64 from pot
Mite1981: doesn't show hand
*** SUMMARY ***
Total pot $18 | Rake $0.36
Board [4d 7d 4h 7c]
Seat 3: Mite1981 (big blind) collected ($17.64)
Seat 4: Agrotait (button) (small blind) folded on the Turn


PokerStars Hand #157840427863:  Hold'em Limit ($3/$6 USD) - 2016/08/28 8:04:40 ET
Table 'Herget II' 6-max Seat #3 is the button
Seat 3: Mite1981 ($851.02 in chips)
Seat 4: Agrotait ($90.40 in chips)
Mite1981: posts small blind $1
Agrotait: posts big blind $3
*** HOLE CARDS ***
Mite1981: raises $3 to $6
Agrotait: calls $3
*** FLOP *** [9d Tc Kc]
Agrotait: checks
Mite1981: bets $3
Agrotait: calls $3
*** TURN *** [9d Tc Kc] [5s]
Agrotait: checks
Mite1981: bets $6
Agrotait: calls $6
*** RIVER *** [9d Tc Kc 5s] [Td]
Agrotait: checks
Mite1981: bets $6
Agrotait: calls $6
*** SHOW DOWN ***
Mite1981: shows [7h 4c] (a pair of Tens)
Agrotait: shows [7s 9c] (two pair, Tens and Nines)
Agrotait collected $41.50 from pot
*** SUMMARY ***
Total pot $42 | Rake $0.50
Board [9d Tc Kc 5s Td]
Seat 3: Mite1981 (button) (small blind) showed [7h 4c] and lost with a pair of Tens
Seat 4: Agrotait (big blind) showed [7s 9c] and won ($41.50) with two pair, Tens and Nines


PokerStars Hand #157840421785:  Hold'em Limit ($3/$6 USD) - 2016/08/28 8:04:27 ET
Table 'Herget II' 6-max Seat #4 is the button
Seat 3: Mite1981 ($850.02 in chips)
Seat 4: Agrotait ($91.40 in chips)
Agrotait: posts small blind $1
Mite1981: posts big blind $3
*** HOLE CARDS ***
Agrotait: folds
Uncalled bet ($2) returned to Mite1981
Mite1981 collected $2 from pot
Mite1981: doesn't show hand
*** SUMMARY ***
Total pot $2 | Rake $0
Seat 3: Mite1981 (big blind) collected ($2)
Seat 4: Agrotait (button) (small blind) folded before Flop


PokerStars Hand #157840461764:  Hold'em Limit ($3/$6 USD) - 2016/08/28 8:05:50 ET
Table 'Herget II' 6-max Seat #3 is the button
Seat 3: Mite1981 ($838.66 in chips)
Seat 4: Agrotait ($101.90 in chips)
Mite1981: posts small blind $1
Agrotait: posts big blind $3
*** HOLE CARDS ***
Mite1981: raises $3 to $6
Agrotait: raises $3 to $9
Mite1981: raises $3 to $12
Betting is capped
Agrotait: calls $3
*** FLOP *** [4h 9h 6s]
Agrotait: checks
Mite1981: bets $3
Agrotait: folds
Uncalled bet ($3) returned to Mite1981
Mite1981 collected $23.52 from pot
Mite1981: doesn't show hand
*** SUMMARY ***
Total pot $24 | Rake $0.48
Board [4h 9h 6s]
Seat 3: Mite1981 (button) (small blind) collected ($23.52)
Seat 4: Agrotait (big blind) folded on the Flop


PokerStars Hand #157840447508:  Hold'em Limit ($3/$6 USD) - 2016/08/28 8:05:20 ET
Table 'Herget II' 6-max Seat #4 is the button
Seat 3: Mite1981 ($830.02 in chips)
Seat 4: Agrotait ($110.90 in chips)
Agrotait: posts small blind $1
Mite1981: posts big blind $3
*** HOLE CARDS ***
Agrotait: raises $3 to $6
Mite1981: calls $3
*** FLOP *** [6s 2h Jh]
Mite1981: checks
Agrotait: bets $3
Mite1981: calls $3
*** TURN *** [6s 2h Jh] [4h]
Mite1981: checks
Agrotait: checks
*** RIVER *** [6s 2h Jh 4h] [8c]
Mite1981: bets $6
Agrotait: folds
Uncalled bet ($6) returned to Mite1981
Mite1981 collected $17.64 from pot
Mite1981: doesn't show hand
*** SUMMARY ***
Total pot $18 | Rake $0.36
Board [6s 2h Jh 4h 8c]
Seat 3: Mite1981 (big blind) collected ($17.64)
Seat 4: Agrotait (button) (small blind) folded on the River


PokerStars Hand #157840484021:  Hold'em Limit ($3/$6 USD) - 2016/08/28 8:06:35 ET
Table 'Herget II' 6-max Seat #3 is the button
Seat 3: Mite1981 ($844.18 in chips)
Seat 4: Agrotait ($95.66 in chips)
Mite1981: posts small blind $1
Agrotait: posts big blind $3
*** HOLE CARDS ***
Mite1981: raises $3 to $6
Agrotait: calls $3
*** FLOP *** [6s 7c 8c]
Agrotait: checks
Mite1981: bets $3
Agrotait: calls $3
*** TURN *** [6s 7c 8c] [2c]
Agrotait: checks
Mite1981: bets $6
Agrotait: raises $6 to $12
Mite1981: calls $6
*** RIVER *** [6s 7c 8c 2c] [Qd]
Agrotait: checks
Mite1981: bets $6
Agrotait: folds
Uncalled bet ($6) returned to Mite1981
_stel_23_ joins the table at seat #2
Mite1981 collected $41.50 from pot
Mite1981: doesn't show hand
*** SUMMARY ***
Total pot $42 | Rake $0.50
Board [6s 7c 8c 2c Qd]
Seat 3: Mite1981 (button) (small blind) collected ($41.50)
Seat 4: Agrotait (big blind) folded on the River


PokerStars Hand #157840472150:  Hold'em Limit ($3/$6 USD) - 2016/08/28 8:06:11 ET
Table 'Herget II' 6-max Seat #4 is the button
Seat 3: Mite1981 ($850.18 in chips)
Seat 4: Agrotait ($89.90 in chips)
Agrotait: posts small blind $1
Mite1981: posts big blind $3
*** HOLE CARDS ***
Agrotait: raises $3 to $6
Mite1981: calls $3
*** FLOP *** [8d 8c 6s]
Mite1981: checks
Agrotait: bets $3
Mite1981: folds
Uncalled bet ($3) returned to Agrotait
Agrotait collected $11.76 from pot
Agrotait: doesn't show hand
*** SUMMARY ***
Total pot $12 | Rake $0.24
Board [8d 8c 6s]
Seat 3: Mite1981 (big blind) folded on the Flop
Seat 4: Agrotait (button) (small blind) collected ($11.76)


PokerStars Hand #157840563782:  Hold'em Limit ($3/$6 USD) - 2016/08/28 8:09:23 ET
Table 'Herget II' 6-max Seat #2 is the button
Seat 2: _stel_23_ ($142.85 in chips)
Seat 4: Agrotait ($65.66 in chips)
_stel_23_: posts small blind $1
Agrotait: posts big blind $3
*** HOLE CARDS ***
_stel_23_: raises $3 to $6
Agrotait: calls $3
*** FLOP *** [4s 4c Kd]
Agrotait: checks
_stel_23_: bets $3
Agrotait: raises $3 to $6
_stel_23_: folds
Uncalled bet ($3) returned to Agrotait
Agrotait collected $17.64 from pot
Agrotait: doesn't show hand
*** SUMMARY ***
Total pot $18 | Rake $0.36
Board [4s 4c Kd]
Seat 2: _stel_23_ (button) (small blind) folded on the Flop
Seat 4: Agrotait (big blind) collected ($17.64)


PokerStars Hand #157844238761:  Hold'em Limit ($3/$6 USD) - 2016/08/28 10:01:54 ET
Table 'Herget II' 6-max Seat #3 is the button
Seat 3: AAAbeta ($173.11 in chips)
Seat 4: Samace10 ($95.71 in chips)
AAAbeta: posts small blind $1
Samace10: posts big blind $3
*** HOLE CARDS ***
AAAbeta: folds
Uncalled bet ($2) returned to Samace10
Samace10 collected $2 from pot
*** SUMMARY ***
Total pot $2 | Rake $0
Seat 3: AAAbeta (button) (small blind) folded before Flop
Seat 4: Samace10 (big blind) collected ($2)


PokerStars Hand #157844215773:  Hold'em Limit ($3/$6 USD) - 2016/08/28 10:01:14 ET
Table 'Herget II' 6-max Seat #4 is the button
Seat 3: AAAbeta ($155.61 in chips)
Seat 4: Samace10 ($113.71 in chips)
Samace10: posts small blind $1
Velbor107: is sitting out
AAAbeta: posts big blind $3
*** HOLE CARDS ***
VolkovDmitri leaves the table
Samace10: calls $2
AAAbeta: checks
*** FLOP *** [8d Ah 5h]
AAAbeta: bets $3
Samace10: calls $3
*** TURN *** [8d Ah 5h] [4c]
Krazy90 joins the table at seat #5
AAAbeta: bets $6
Samace10: calls $6
*** RIVER *** [8d Ah 5h 4c] [Ad]
Velbor107 leaves the table
AAAbeta: bets $6
Samace10: calls $6
*** SHOW DOWN ***
AAAbeta: shows [3c 8c] (two pair, Aces and Eights)
Samace10: mucks hand
AAAbeta collected $35.50 from pot
*** SUMMARY ***
Total pot $36 | Rake $0.50
Board [8d Ah 5h 4c Ad]
Seat 3: AAAbeta (big blind) showed [3c 8c] and won ($35.50) with two pair, Aces and Eights
Seat 4: Samace10 (button) (small blind) mucked


PokerStars Hand #157845794799:  Hold'em Limit ($3/$6 USD) - 2016/08/28 10:28:46 ET
Table 'Herget II' 6-max Seat #5 is the button
Seat 4: Samace10 ($97.93 in chips)
Seat 5: Krazy90 ($140.91 in chips)
Krazy90: posts small blind $1
Samace10: posts big blind $3
*** HOLE CARDS ***
Krazy90: raises $3 to $6
Samace10: calls $3
*** FLOP *** [9h Jd 7c]
Kaisersoyze leaves the table
Samace10: checks
Krazy90: bets $3
Samace10: folds
Uncalled bet ($3) returned to Krazy90
Krazy90 collected $11.76 from pot
Krazy90: doesn't show hand
*** SUMMARY ***
Total pot $12 | Rake $0.24
Board [9h Jd 7c]
Seat 4: Samace10 (big blind) folded on the Flop
Seat 5: Krazy90 (button) (small blind) collected ($11.76)


PokerStars Hand #157847213484:  Hold'em Limit ($3/$6 USD) - 2016/08/28 11:04:29 ET
Table 'Herget II' 6-max Seat #6 is the button
Seat 4: VolkovDmitri ($187.62 in chips)
Seat 6: degal76 ($72.05 in chips)
degal76: posts small blind $1
belik555: is sitting out
ruslik1005: is sitting out
VolkovDmitri: posts big blind $3
*** HOLE CARDS ***
ruslik1005 leaves the table
degal76: raises $3 to $6
belik555 leaves the table
VolkovDmitri: raises $3 to $9
degal76: calls $3
*** FLOP *** [2h Jd 4c]
VolkovDmitri: bets $3
degal76: calls $3
*** TURN *** [2h Jd 4c] [Ah]
VolkovDmitri: bets $6
degal76: folds
Uncalled bet ($6) returned to VolkovDmitri
VolkovDmitri collected $23.52 from pot
VolkovDmitri: doesn't show hand
*** SUMMARY ***
Total pot $24 | Rake $0.48
Board [2h Jd 4c Ah]
Seat 4: VolkovDmitri (big blind) collected ($23.52)
Seat 6: degal76 (button) (small blind) folded on the Turn


PokerStars Hand #157847241312:  Hold'em Limit ($3/$6 USD) - 2016/08/28 11:05:08 ET
Table 'Herget II' 6-max Seat #4 is the button
Seat 4: VolkovDmitri ($199.14 in chips)
Seat 6: degal76 ($60.05 in chips)
VolkovDmitri: posts small blind $1
degal76: posts big blind $3
*** HOLE CARDS ***
VolkovDmitri: raises $3 to $6
degal76: folds
Uncalled bet ($3) returned to VolkovDmitri
VolkovDmitri collected $6 from pot
VolkovDmitri: doesn't show hand
*** SUMMARY ***
Total pot $6 | Rake $0
Seat 4: VolkovDmitri (button) (small blind) collected ($6)
Seat 6: degal76 (big blind) folded before Flop


PokerStars Hand #157847247048:  Hold'em Limit ($3/$6 USD) - 2016/08/28 11:05:17 ET
Table 'Herget II' 6-max Seat #6 is the button
Seat 4: VolkovDmitri ($202.14 in chips)
Seat 6: degal76 ($57.05 in chips)
degal76: posts small blind $1
VolkovDmitri: posts big blind $3
*** HOLE CARDS ***
degal76: raises $3 to $6
VolkovDmitri: raises $3 to $9
degal76: calls $3
*** FLOP *** [8c 2d 3c]
VolkovDmitri: bets $3
degal76: raises $3 to $6
VolkovDmitri: calls $3
*** TURN *** [8c 2d 3c] [Qs]
VolkovDmitri: checks
degal76: bets $6
VolkovDmitri: calls $6
*** RIVER *** [8c 2d 3c Qs] [6d]
VolkovDmitri: checks
degal76: bets $6
VolkovDmitri: folds
Uncalled bet ($6) returned to degal76
degal76 collected $41.50 from pot
degal76: doesn't show hand
*** SUMMARY ***
Total pot $42 | Rake $0.50
Board [8c 2d 3c Qs 6d]
Seat 4: VolkovDmitri (big blind) folded on the River
Seat 6: degal76 (button) (small blind) collected ($41.50)


PokerStars Hand #157847289401:  Hold'em Limit ($3/$6 USD) - 2016/08/28 11:06:17 ET
Table 'Herget II' 6-max Seat #4 is the button
Seat 4: VolkovDmitri ($181.14 in chips)
Seat 6: degal76 ($137.55 in chips)
VolkovDmitri: posts small blind $1
degal76: posts big blind $3
*** HOLE CARDS ***
VolkovDmitri: raises $3 to $6
degal76: calls $3
*** FLOP *** [Td Ks 6d]
degal76: checks
VolkovDmitri: bets $3
degal76: calls $3
*** TURN *** [Td Ks 6d] [4c]
degal76: checks
VolkovDmitri: bets $6
degal76: folds
Uncalled bet ($6) returned to VolkovDmitri
VolkovDmitri collected $17.64 from pot
VolkovDmitri: doesn't show hand
*** SUMMARY ***
Total pot $18 | Rake $0.36
Board [Td Ks 6d 4c]
Seat 4: VolkovDmitri (button) (small blind) collected ($17.64)
Seat 6: degal76 (big blind) folded on the Turn


PokerStars Hand #157847304221:  Hold'em Limit ($3/$6 USD) - 2016/08/28 11:06:38 ET
Table 'Herget II' 6-max Seat #6 is the button
Seat 4: VolkovDmitri ($189.78 in chips)
Seat 6: degal76 ($128.55 in chips)
degal76: posts small blind $1
VolkovDmitri: posts big blind $3
*** HOLE CARDS ***
degal76: raises $3 to $6
VolkovDmitri: calls $3
*** FLOP *** [4h Kd Ks]
VolkovDmitri: checks
dirk 0001 joins the table at seat #5
degal76: bets $3
VolkovDmitri: raises $3 to $6
degal76: calls $3
*** TURN *** [4h Kd Ks] [Jc]
VolkovDmitri: bets $6
degal76: raises $6 to $12
VolkovDmitri: calls $6
*** RIVER *** [4h Kd Ks Jc] [Js]
VolkovDmitri: checks
degal76: checks
*** SHOW DOWN ***
VolkovDmitri: shows [4c 6d] (two pair, Kings and Jacks)
degal76: shows [Qc Qh] (two pair, Kings and Queens)
degal76 collected $47.50 from pot
*** SUMMARY ***
Total pot $48 | Rake $0.50
Board [4h Kd Ks Jc Js]
Seat 4: VolkovDmitri (big blind) showed [4c 6d] and lost with two pair, Kings and Jacks
Seat 6: degal76 (button) (small blind) showed [Qc Qh] and won ($47.50) with two pair, Kings and Queens


PokerStars Hand #157848483684:  Hold'em Limit ($3/$6 USD) - 2016/08/28 11:34:19 ET
Table 'Herget II' 6-max Seat #4 is the button
Seat 3: Shara.Vi ($75.02 in chips)
Seat 4: VolkovDmitri ($193.16 in chips)
VolkovDmitri: posts small blind $1
Shara.Vi: posts big blind $3
*** HOLE CARDS ***
VolkovDmitri: raises $3 to $6
Shara.Vi: calls $3
*** FLOP *** [3c 9c Kh]
Shara.Vi: checks
VolkovDmitri: bets $3
Shara.Vi: folds
Uncalled bet ($3) returned to VolkovDmitri
VolkovDmitri collected $11.76 from pot
VolkovDmitri: doesn't show hand
*** SUMMARY ***
Total pot $12 | Rake $0.24
Board [3c 9c Kh]
Seat 3: Shara.Vi (big blind) folded on the Flop
Seat 4: VolkovDmitri (button) (small blind) collected ($11.76)


PokerStars Hand #157848492617:  Hold'em Limit ($3/$6 USD) - 2016/08/28 11:34:32 ET
Table 'Herget II' 6-max Seat #3 is the button
Seat 3: Shara.Vi ($69.02 in chips)
Seat 4: VolkovDmitri ($198.92 in chips)
Shara.Vi: posts small blind $1
VolkovDmitri: posts big blind $3
*** HOLE CARDS ***
Shara.Vi: calls $2
Apanage joins the table at seat #1
VolkovDmitri: checks
*** FLOP *** [Qh 2h 8d]
VolkovDmitri: bets $3
Shara.Vi: folds
Uncalled bet ($3) returned to VolkovDmitri
VolkovDmitri collected $5.88 from pot
VolkovDmitri: doesn't show hand
*** SUMMARY ***
Total pot $6 | Rake $0.12
Board [Qh 2h 8d]
Seat 3: Shara.Vi (button) (small blind) folded on the Flop
Seat 4: VolkovDmitri (big blind) collected ($5.88)


PokerStars Hand #157848526925:  Hold'em Limit ($3/$6 USD) - 2016/08/28 11:35:21 ET
Table 'Herget II' 6-max Seat #3 is the button
Seat 3: Shara.Vi ($54.02 in chips)
Seat 4: VolkovDmitri ($215.99 in chips)
mylifeluvsol will be allowed to play after the button
Shara.Vi: posts small blind $1
VolkovDmitri: posts big blind $3
*** HOLE CARDS ***
Shara.Vi: calls $2
VolkovDmitri: checks
*** FLOP *** [Qc Kh 7c]
VolkovDmitri: checks
Shara.Vi: checks
*** TURN *** [Qc Kh 7c] [9s]
VolkovDmitri: bets $6
Shara.Vi: raises $6 to $12
VolkovDmitri: calls $6
*** RIVER *** [Qc Kh 7c 9s] [5d]
VolkovDmitri: checks
Shara.Vi: bets $6
VolkovDmitri: calls $6
*** SHOW DOWN ***
Shara.Vi: shows [2d Kc] (a pair of Kings)
VolkovDmitri: mucks hand
Shara.Vi collected $41.50 from pot
*** SUMMARY ***
Total pot $42 | Rake $0.50
Board [Qc Kh 7c 9s 5d]
Seat 3: Shara.Vi (button) (small blind) showed [2d Kc] and won ($41.50) with a pair of Kings
Seat 4: VolkovDmitri (big blind) mucked


PokerStars Hand #157848715683:  Hold'em Limit ($3/$6 USD) - 2016/08/28 11:39:53 ET
Table 'Herget II' 6-max Seat #6 is the button
Seat 4: VolkovDmitri ($197.68 in chips)
Seat 6: mylifeluvsol ($123.03 in chips)
mylifeluvsol: posts small blind $1
Apanage: is sitting out
VolkovDmitri: posts big blind $3
*** HOLE CARDS ***
Apanage leaves the table
mylifeluvsol: calls $2
VolkovDmitri: raises $3 to $6
mylifeluvsol: calls $3
*** FLOP *** [Tc 8d Ks]
VolkovDmitri: bets $3
mylifeluvsol: calls $3
*** TURN *** [Tc 8d Ks] [9c]
VolkovDmitri: checks
Bedard joins the table at seat #1
mylifeluvsol: bets $6
VolkovDmitri: calls $6
*** RIVER *** [Tc 8d Ks 9c] [9h]
VolkovDmitri: checks
mylifeluvsol: bets $6
VolkovDmitri: calls $6
*** SHOW DOWN ***
mylifeluvsol: shows [Jh Kc] (two pair, Kings and Nines)
VolkovDmitri: mucks hand
mylifeluvsol collected $41.50 from pot
*** SUMMARY ***
Total pot $42 | Rake $0.50
Board [Tc 8d Ks 9c 9h]
Seat 4: VolkovDmitri (big blind) mucked
Seat 6: mylifeluvsol (button) (small blind) showed [Jh Kc] and won ($41.50) with two pair, Kings and Nines


PokerStars Hand #157848742612:  Hold'em Limit ($3/$6 USD) - 2016/08/28 11:40:32 ET
Table 'Herget II' 6-max Seat #4 is the button
Seat 4: VolkovDmitri ($176.68 in chips)
Seat 6: mylifeluvsol ($143.53 in chips)
VolkovDmitri: posts small blind $1
mylifeluvsol: posts big blind $3
*** HOLE CARDS ***
VolkovDmitri: raises $3 to $6
mylifeluvsol: calls $3
*** FLOP *** [Ac 2c 6c]
mylifeluvsol: checks
VolkovDmitri: bets $3
mylifeluvsol: calls $3
*** TURN *** [Ac 2c 6c] [3c]
degal76 joins the table at seat #5
mylifeluvsol: checks
VolkovDmitri: checks
*** RIVER *** [Ac 2c 6c 3c] [2h]
mylifeluvsol: bets $6
VolkovDmitri: calls $6
*** SHOW DOWN ***
mylifeluvsol: shows [As 7c] (a flush, Ace high)
VolkovDmitri: shows [8c 5s] (a flush, Ace high - Eight higher)
VolkovDmitri collected $29.50 from pot
*** SUMMARY ***
Total pot $30 | Rake $0.50
Board [Ac 2c 6c 3c 2h]
Seat 4: VolkovDmitri (button) (small blind) showed [8c 5s] and won ($29.50) with a flush, Ace high
Seat 6: mylifeluvsol (big blind) showed [As 7c] and lost with a flush, Ace high


PokerStars Hand #157848836275:  Hold'em Limit ($3/$6 USD) - 2016/08/28 11:42:47 ET
Table 'Herget II' 6-max Seat #5 is the button
Seat 1: Bedard ($16.98 in chips)
Seat 5: degal76 ($148.25 in chips)
degal76: posts small blind $1
Bedard: posts big blind $3
*** HOLE CARDS ***
degal76: folds
Uncalled bet ($2) returned to Bedard
degal76 leaves the table
Bedard collected $2 from pot
Bedard: doesn't show hand
*** SUMMARY ***
Total pot $2 | Rake $0
Seat 1: Bedard (big blind) collected ($2)
Seat 5: degal76 (button) (small blind) folded before Flop


