PokerStars Hand #150495867236:  Hold'em Limit ($3/$6 USD) - 2016/03/17 12:58:55 ET
Table 'Herge' 6-max Seat #4 is the button
Seat 3: rttattar ($130.64 in chips)
Seat 4: Actionni13 ($151 in chips)
Actionni13: posts small blind $1
rttattar: posts big blind $3
*** HOLE CARDS ***
Actionni13: folds
Uncalled bet ($2) returned to rttattar
rttattar collected $2 from pot
rttattar: doesn't show hand
*** SUMMARY ***
Total pot $2 | Rake $0
Seat 3: rttattar (big blind) collected ($2)
Seat 4: Actionni13 (button) (small blind) folded before Flop


PokerStars Hand #150495871148:  Hold'em Limit ($3/$6 USD) - 2016/03/17 12:59:01 ET
Table 'Herge' 6-max Seat #3 is the button
Seat 3: rttattar ($131.64 in chips)
Seat 4: Actionni13 ($150 in chips)
rttattar: posts small blind $1
Actionni13: posts big blind $3
*** HOLE CARDS ***
rttattar: raises $3 to $6
Actionni13: calls $3
*** FLOP *** [6s 2s 3c]
Actionni13: checks
OnFire35 joins the table at seat #6
rttattar: checks
*** TURN *** [6s 2s 3c] [Qh]
Actionni13: checks
rttattar: bets $6
Ale4o joins the table at seat #1
Actionni13: calls $6
*** RIVER *** [6s 2s 3c Qh] [7h]
Actionni13: checks
rttattar: bets $6
Actionni13: calls $6
*** SHOW DOWN ***
rttattar: shows [5s 8d] (high card Queen)
Actionni13: shows [Kc 6d] (a pair of Sixes)
Actionni13 collected $35.50 from pot
*** SUMMARY ***
Total pot $36 | Rake $0.50
Board [6s 2s 3c Qh 7h]
Seat 3: rttattar (button) (small blind) showed [5s 8d] and lost with high card Queen
Seat 4: Actionni13 (big blind) showed [Kc 6d] and won ($35.50) with a pair of Sixes


PokerStars Hand #150497031652:  Hold'em Limit ($3/$6 USD) - 2016/03/17 13:22:30 ET
Table 'Herge' 6-max Seat #3 is the button
Seat 3: rttattar ($130.22 in chips)
Seat 5: fsreibnitz ($26.52 in chips)
rttattar: posts small blind $1
Actionni13 was removed from the table for failing to post
fsreibnitz: posts big blind $3
*** HOLE CARDS ***
rttattar: folds
Uncalled bet ($2) returned to fsreibnitz
fsreibnitz collected $2 from pot
*** SUMMARY ***
Total pot $2 | Rake $0
Seat 3: rttattar (button) (small blind) folded before Flop
Seat 5: fsreibnitz (big blind) collected ($2)


PokerStars Hand #150497037857:  Hold'em Limit ($3/$6 USD) - 2016/03/17 13:22:38 ET
Table 'Herge' 6-max Seat #5 is the button
Seat 3: rttattar ($129.22 in chips)
Seat 5: fsreibnitz ($27.52 in chips)
fsreibnitz: posts small blind $1
rttattar: posts big blind $3
*** HOLE CARDS ***
fsreibnitz: raises $3 to $6
rttattar: calls $3
*** FLOP *** [2s Kc 4d]
rttattar: checks
fsreibnitz: bets $3
rttattar: folds
Uncalled bet ($3) returned to fsreibnitz
fsreibnitz collected $11.76 from pot
*** SUMMARY ***
Total pot $12 | Rake $0.24
Board [2s Kc 4d]
Seat 3: rttattar (big blind) folded on the Flop
Seat 5: fsreibnitz (button) (small blind) collected ($11.76)


PokerStars Hand #150497048294:  Hold'em Limit ($3/$6 USD) - 2016/03/17 13:22:50 ET
Table 'Herge' 6-max Seat #3 is the button
Seat 3: rttattar ($123.22 in chips)
Seat 5: fsreibnitz ($33.28 in chips)
rttattar: posts small blind $1
fsreibnitz: posts big blind $3
*** HOLE CARDS ***
rttattar: raises $3 to $6
fsreibnitz: calls $3
*** FLOP *** [4c 4h 4s]
fsreibnitz: checks
rttattar: checks
*** TURN *** [4c 4h 4s] [Jh]
fsreibnitz: checks
rttattar: checks
*** RIVER *** [4c 4h 4s Jh] [3h]
fsreibnitz: checks
rttattar: bets $6
fsreibnitz: folds
Uncalled bet ($6) returned to rttattar
rttattar collected $11.76 from pot
rttattar: doesn't show hand
*** SUMMARY ***
Total pot $12 | Rake $0.24
Board [4c 4h 4s Jh 3h]
Seat 3: rttattar (button) (small blind) collected ($11.76)
Seat 5: fsreibnitz (big blind) folded on the River


PokerStars Hand #150497069770:  Hold'em Limit ($3/$6 USD) - 2016/03/17 13:23:16 ET
Table 'Herge' 6-max Seat #5 is the button
Seat 3: rttattar ($128.98 in chips)
Seat 5: fsreibnitz ($27.28 in chips)
fsreibnitz: posts small blind $1
OnFire35 was removed from the table for failing to post
rttattar: posts big blind $3
*** HOLE CARDS ***
fsreibnitz: raises $3 to $6
rttattar: raises $3 to $9
fsreibnitz: calls $3
*** FLOP *** [Ad 3s Td]
rttattar: checks
fsreibnitz: bets $3
rttattar: folds
Uncalled bet ($3) returned to fsreibnitz
fsreibnitz collected $17.64 from pot
*** SUMMARY ***
Total pot $18 | Rake $0.36
Board [Ad 3s Td]
Seat 3: rttattar (big blind) folded on the Flop
Seat 5: fsreibnitz (button) (small blind) collected ($17.64)


PokerStars Hand #150497093098:  Hold'em Limit ($3/$6 USD) - 2016/03/17 13:23:44 ET
Table 'Herge' 6-max Seat #3 is the button
Seat 3: rttattar ($119.98 in chips)
Seat 5: fsreibnitz ($35.92 in chips)
rttattar: posts small blind $1
fsreibnitz: posts big blind $3
*** HOLE CARDS ***
rttattar: raises $3 to $6
fsreibnitz: calls $3
*** FLOP *** [Qh Qd 6h]
fsreibnitz: checks
rttattar: bets $3
fsreibnitz: folds
Uncalled bet ($3) returned to rttattar
rttattar collected $11.76 from pot
rttattar: doesn't show hand
*** SUMMARY ***
Total pot $12 | Rake $0.24
Board [Qh Qd 6h]
Seat 3: rttattar (button) (small blind) collected ($11.76)
Seat 5: fsreibnitz (big blind) folded on the Flop


PokerStars Hand #150497130377:  Hold'em Limit ($3/$6 USD) - 2016/03/17 13:24:28 ET
Table 'Herge' 6-max Seat #3 is the button
Seat 3: rttattar ($134.38 in chips)
Seat 5: fsreibnitz ($20.92 in chips)
rttattar: posts small blind $1
fsreibnitz: posts big blind $3
*** HOLE CARDS ***
rttattar: folds
Uncalled bet ($2) returned to fsreibnitz
carmello774 joins the table at seat #6
fsreibnitz collected $2 from pot
*** SUMMARY ***
Total pot $2 | Rake $0
Seat 3: rttattar (button) (small blind) folded before Flop
Seat 5: fsreibnitz (big blind) collected ($2)


PokerStars Hand #150497103384:  Hold'em Limit ($3/$6 USD) - 2016/03/17 13:23:56 ET
Table 'Herge' 6-max Seat #5 is the button
Seat 3: rttattar ($125.74 in chips)
Seat 5: fsreibnitz ($29.92 in chips)
fsreibnitz: posts small blind $1
rttattar: posts big blind $3
*** HOLE CARDS ***
fsreibnitz: raises $3 to $6
rttattar: calls $3
*** FLOP *** [7s 5s 2h]
rttattar: checks
fsreibnitz: bets $3
rttattar: calls $3
*** TURN *** [7s 5s 2h] [2c]
rttattar: bets $6
fsreibnitz: folds
Uncalled bet ($6) returned to rttattar
rttattar collected $17.64 from pot
rttattar: doesn't show hand
*** SUMMARY ***
Total pot $18 | Rake $0.36
Board [7s 5s 2h 2c]
Seat 3: rttattar (big blind) collected ($17.64)
Seat 5: fsreibnitz (button) (small blind) folded on the Turn


PokerStars Hand #150499521830:  Hold'em Limit ($3/$6 USD) - 2016/03/17 14:12:12 ET
Table 'Herge' 6-max Seat #1 is the button
Seat 1: Chessnok ($171.82 in chips)
Seat 6: pompier40 ($171.46 in chips)
Chessnok: posts small blind $1
Ale4o: is sitting out
pompier40: posts big blind $3
*** HOLE CARDS ***
Ale4o leaves the table
Chessnok: raises $3 to $6
pompier40: folds
Uncalled bet ($3) returned to Chessnok
Chessnok collected $6 from pot
*** SUMMARY ***
Total pot $6 | Rake $0
Seat 1: Chessnok (button) (small blind) collected ($6)
Seat 6: pompier40 (big blind) folded before Flop


