PokerStars Hand #152205408250:  Hold'em Limit ($3/$6 USD) - 2016/04/20 16:28:41 ET
Table 'Herluga II' 6-max Seat #6 is the button
Seat 2: Mizt3r X ($83.74 in chips)
Seat 6: gabiruboy ($38 in chips)
gabiruboy: posts small blind $1
Mizt3r X: posts big blind $3
*** HOLE CARDS ***
gabiruboy: raises $3 to $6
Mizt3r X: calls $3
*** FLOP *** [8s Ad Kc]
Mizt3r X: checks
gabiruboy: bets $3
Mizt3r X: folds
Uncalled bet ($3) returned to gabiruboy
gabiruboy collected $11.76 from pot
*** SUMMARY ***
Total pot $12 | Rake $0.24
Board [8s Ad Kc]
Seat 2: Mizt3r X (big blind) folded on the Flop
Seat 6: gabiruboy (button) (small blind) collected ($11.76)


PokerStars Hand #152205468472:  Hold'em Limit ($3/$6 USD) - 2016/04/20 16:29:51 ET
Table 'Herluga II' 6-max Seat #2 is the button
Seat 2: Mizt3r X ($120.37 in chips)
Seat 4: 76198 ($213.63 in chips)
Mizt3r X: posts small blind $1
76198: posts big blind $3
*** HOLE CARDS ***
Mizt3r X: raises $3 to $6
76198: calls $3
*** FLOP *** [6h 6d 4d]
gabiruboy leaves the table
76198: checks
Mizt3r X: bets $3
76198: calls $3
*** TURN *** [6h 6d 4d] [2h]
76198: bets $6
Mizt3r X: calls $6
*** RIVER *** [6h 6d 4d 2h] [8c]
76198: checks
Mizt3r X: checks
*** SHOW DOWN ***
76198: shows [Ad 5h] (a pair of Sixes)
Mizt3r X: mucks hand
76198 collected $29.50 from pot
*** SUMMARY ***
Total pot $30 | Rake $0.50
Board [6h 6d 4d 2h 8c]
Seat 2: Mizt3r X (button) (small blind) mucked
Seat 4: 76198 (big blind) showed [Ad 5h] and won ($29.50) with a pair of Sixes


PokerStars Hand #152205457324:  Hold'em Limit ($3/$6 USD) - 2016/04/20 16:29:39 ET
Table 'Herluga II' 6-max Seat #6 is the button
Seat 2: Mizt3r X ($116.76 in chips)
Seat 6: gabiruboy ($3.76 in chips)
gabiruboy: posts small blind $1
Mizt3r X: posts big blind $3
*** HOLE CARDS ***
gabiruboy: raises $0.76 to $3.76 and is all-in
Mizt3r X: calls $0.76
*** FLOP *** [Qd 6c Tc]
*** TURN *** [Qd 6c Tc] [2d]
76198 joins the table at seat #4
*** RIVER *** [Qd 6c Tc 2d] [Td]
*** SHOW DOWN ***
Mizt3r X: shows [Ts 5h] (three of a kind, Tens)
gabiruboy: shows [Jd 3c] (a pair of Tens)
Mizt3r X collected $7.37 from pot
*** SUMMARY ***
Total pot $7.52 | Rake $0.15
Board [Qd 6c Tc 2d Td]
Seat 2: Mizt3r X (big blind) showed [Ts 5h] and won ($7.37) with three of a kind, Tens
Seat 6: gabiruboy (button) (small blind) showed [Jd 3c] and lost with a pair of Tens


PokerStars Hand #152205444570:  Hold'em Limit ($3/$6 USD) - 2016/04/20 16:29:24 ET
Table 'Herluga II' 6-max Seat #2 is the button
Seat 2: Mizt3r X ($105.24 in chips)
Seat 6: gabiruboy ($15.76 in chips)
Mizt3r X: posts small blind $1
gabiruboy: posts big blind $3
*** HOLE CARDS ***
Mizt3r X: raises $3 to $6
gabiruboy: calls $3
*** FLOP *** [7s Ks 7c]
gabiruboy: checks
Mizt3r X: bets $3
gabiruboy: raises $3 to $6
Mizt3r X: raises $3 to $9
gabiruboy: folds
Uncalled bet ($3) returned to Mizt3r X
Mizt3r X collected $23.52 from pot
*** SUMMARY ***
Total pot $24 | Rake $0.48
Board [7s Ks 7c]
Seat 2: Mizt3r X (button) (small blind) collected ($23.52)
Seat 6: gabiruboy (big blind) folded on the Flop


PokerStars Hand #152205440262:  Hold'em Limit ($3/$6 USD) - 2016/04/20 16:29:18 ET
Table 'Herluga II' 6-max Seat #6 is the button
Seat 2: Mizt3r X ($104.24 in chips)
Seat 6: gabiruboy ($16.76 in chips)
gabiruboy: posts small blind $1
Mizt3r X: posts big blind $3
*** HOLE CARDS ***
gabiruboy: folds
Uncalled bet ($2) returned to Mizt3r X
Mizt3r X collected $2 from pot
*** SUMMARY ***
Total pot $2 | Rake $0
Seat 2: Mizt3r X (big blind) collected ($2)
Seat 6: gabiruboy (button) (small blind) folded before Flop


PokerStars Hand #152205419118:  Hold'em Limit ($3/$6 USD) - 2016/04/20 16:28:54 ET
Table 'Herluga II' 6-max Seat #2 is the button
Seat 2: Mizt3r X ($77.74 in chips)
Seat 6: gabiruboy ($43.76 in chips)
Mizt3r X: posts small blind $1
gabiruboy: posts big blind $3
*** HOLE CARDS ***
Mizt3r X: raises $3 to $6
gabiruboy: calls $3
*** FLOP *** [6s Js Tc]
gabiruboy: checks
Mizt3r X: bets $3
gabiruboy: raises $3 to $6
Mizt3r X: raises $3 to $9
gabiruboy: calls $3
*** TURN *** [6s Js Tc] [Ad]
gabiruboy: checks
Mizt3r X: bets $6
gabiruboy: calls $6
*** RIVER *** [6s Js Tc Ad] [4s]
gabiruboy: checks
Mizt3r X: bets $6
gabiruboy: calls $6
*** SHOW DOWN ***
Mizt3r X: shows [Kh Ks] (a pair of Kings)
gabiruboy: mucks hand
Mizt3r X collected $53.50 from pot
*** SUMMARY ***
Total pot $54 | Rake $0.50
Board [6s Js Tc Ad 4s]
Seat 2: Mizt3r X (button) (small blind) showed [Kh Ks] and won ($53.50) with a pair of Kings
Seat 6: gabiruboy (big blind) mucked


PokerStars Hand #152205511633:  Hold'em Limit ($3/$6 USD) - 2016/04/20 16:30:42 ET
Table 'Herluga II' 6-max Seat #2 is the button
Seat 2: Mizt3r X ($127.87 in chips)
Seat 4: 76198 ($205.13 in chips)
Mizt3r X: posts small blind $1
76198: posts big blind $3
*** HOLE CARDS ***
Mizt3r X: raises $3 to $6
76198: raises $3 to $9
kairobs joins the table at seat #5
Mizt3r X: calls $3
*** FLOP *** [5s 2s 4c]
76198: checks
Mizt3r X: checks
*** TURN *** [5s 2s 4c] [8s]
76198: bets $6
Mizt3r X: folds
Uncalled bet ($6) returned to 76198
tutones87 joins the table at seat #1
76198 collected $17.64 from pot
76198: doesn't show hand
*** SUMMARY ***
Total pot $18 | Rake $0.36
Board [5s 2s 4c 8s]
Seat 2: Mizt3r X (button) (small blind) folded on the Turn
Seat 4: 76198 (big blind) collected ($17.64)


PokerStars Hand #152205507413:  Hold'em Limit ($3/$6 USD) - 2016/04/20 16:30:37 ET
Table 'Herluga II' 6-max Seat #4 is the button
Seat 2: Mizt3r X ($126.87 in chips)
Seat 4: 76198 ($206.13 in chips)
76198: posts small blind $1
Mizt3r X: posts big blind $3
*** HOLE CARDS ***
76198: folds
Uncalled bet ($2) returned to Mizt3r X
Mizt3r X collected $2 from pot
*** SUMMARY ***
Total pot $2 | Rake $0
Seat 2: Mizt3r X (big blind) collected ($2)
Seat 4: 76198 (button) (small blind) folded before Flop


PokerStars Hand #152205486966:  Hold'em Limit ($3/$6 USD) - 2016/04/20 16:30:13 ET
Table 'Herluga II' 6-max Seat #4 is the button
Seat 2: Mizt3r X ($105.37 in chips)
Seat 4: 76198 ($228.13 in chips)
76198: posts small blind $1
Mizt3r X: posts big blind $3
*** HOLE CARDS ***
76198: folds
Uncalled bet ($2) returned to Mizt3r X
Mizt3r X collected $2 from pot
*** SUMMARY ***
Total pot $2 | Rake $0
Seat 2: Mizt3r X (big blind) collected ($2)
Seat 4: 76198 (button) (small blind) folded before Flop


PokerStars Hand #152209180699:  Hold'em Limit ($3/$6 USD) - 2016/04/20 17:42:57 ET
Table 'Herluga II' 6-max Seat #4 is the button
Seat 4: aloven ($221.70 in chips)
Seat 5: lin1rabbit ($118.35 in chips)
aloven: posts small blind $1
lin1rabbit: posts big blind $3
*** HOLE CARDS ***
IzGulaga leaves the table
aloven: raises $3 to $6
lin1rabbit: raises $3 to $9
aloven: calls $3
*** FLOP *** [Qc Ad 4d]
lin1rabbit: bets $3
aloven: raises $3 to $6
lin1rabbit: raises $3 to $9
aloven: folds
Uncalled bet ($3) returned to lin1rabbit
lin1rabbit collected $29.50 from pot
lin1rabbit: doesn't show hand
*** SUMMARY ***
Total pot $30 | Rake $0.50
Board [Qc Ad 4d]
Seat 4: aloven (button) (small blind) folded on the Flop
Seat 5: lin1rabbit (big blind) collected ($29.50)


PokerStars Hand #152209225417:  Hold'em Limit ($3/$6 USD) - 2016/04/20 17:43:54 ET
Table 'Herluga II' 6-max Seat #4 is the button
Seat 4: aloven ($215.34 in chips)
Seat 5: lin1rabbit ($123.85 in chips)
aloven: posts small blind $1
lin1rabbit: posts big blind $3
*** HOLE CARDS ***
aloven: folds
Uncalled bet ($2) returned to lin1rabbit
lin1rabbit collected $2 from pot
lin1rabbit: doesn't show hand
*** SUMMARY ***
Total pot $2 | Rake $0
Seat 4: aloven (button) (small blind) folded before Flop
Seat 5: lin1rabbit (big blind) collected ($2)


PokerStars Hand #152209201636:  Hold'em Limit ($3/$6 USD) - 2016/04/20 17:43:24 ET
Table 'Herluga II' 6-max Seat #5 is the button
Seat 4: aloven ($206.70 in chips)
Seat 5: lin1rabbit ($132.85 in chips)
lin1rabbit: posts small blind $1
aloven: posts big blind $3
*** HOLE CARDS ***
lin1rabbit: raises $3 to $6
aloven: calls $3
*** FLOP *** [Kd Ah Qs]
aloven: checks
lin1rabbit: bets $3
aloven: calls $3
*** TURN *** [Kd Ah Qs] [8c]
aloven: checks
lin1rabbit: checks
*** RIVER *** [Kd Ah Qs 8c] [Ac]
aloven: checks
lin1rabbit: checks
*** SHOW DOWN ***
aloven: shows [9d Jc] (a pair of Aces)
lin1rabbit: mucks hand
aloven collected $17.64 from pot
*** SUMMARY ***
Total pot $18 | Rake $0.36
Board [Kd Ah Qs 8c Ac]
Seat 4: aloven (big blind) showed [9d Jc] and won ($17.64) with a pair of Aces
Seat 5: lin1rabbit (button) (small blind) mucked


PokerStars Hand #152209229955:  Hold'em Limit ($3/$6 USD) - 2016/04/20 17:44:00 ET
Table 'Herluga II' 6-max Seat #5 is the button
Seat 4: aloven ($214.34 in chips)
Seat 5: lin1rabbit ($124.85 in chips)
lin1rabbit: posts small blind $1
aloven: posts big blind $3
*** HOLE CARDS ***
lin1rabbit: folds
Uncalled bet ($2) returned to aloven
aloven collected $2 from pot
aloven: doesn't show hand
*** SUMMARY ***
Total pot $2 | Rake $0
Seat 4: aloven (big blind) collected ($2)
Seat 5: lin1rabbit (button) (small blind) folded before Flop


PokerStars Hand #152209234466:  Hold'em Limit ($3/$6 USD) - 2016/04/20 17:44:05 ET
Table 'Herluga II' 6-max Seat #4 is the button
Seat 4: aloven ($215.34 in chips)
Seat 5: lin1rabbit ($123.85 in chips)
aloven: posts small blind $1
lin1rabbit: posts big blind $3
*** HOLE CARDS ***
aloven: raises $3 to $6
lin1rabbit: raises $3 to $9
aloven: calls $3
*** FLOP *** [Ah 7s Ac]
lin1rabbit: bets $3
aloven: calls $3
*** TURN *** [Ah 7s Ac] [Td]
lin1rabbit: checks
aloven: bets $6
lin1rabbit: calls $6
*** RIVER *** [Ah 7s Ac Td] [4s]
lin1rabbit: checks
aloven: bets $6
lin1rabbit: calls $6
*** SHOW DOWN ***
aloven: shows [Tc 7d] (two pair, Aces and Tens)
lin1rabbit: shows [Jd Jc] (two pair, Aces and Jacks)
lin1rabbit collected $47.50 from pot
*** SUMMARY ***
Total pot $48 | Rake $0.50
Board [Ah 7s Ac Td 4s]
Seat 4: aloven (button) (small blind) showed [Tc 7d] and lost with two pair, Aces and Tens
Seat 5: lin1rabbit (big blind) showed [Jd Jc] and won ($47.50) with two pair, Aces and Jacks


PokerStars Hand #152209258425:  Hold'em Limit ($3/$6 USD) - 2016/04/20 17:44:36 ET
Table 'Herluga II' 6-max Seat #5 is the button
Seat 4: aloven ($191.34 in chips)
Seat 5: lin1rabbit ($147.35 in chips)
lin1rabbit: posts small blind $1
aloven: posts big blind $3
*** HOLE CARDS ***
lin1rabbit: raises $3 to $6
aloven: calls $3
*** FLOP *** [9d As 2d]
aloven: checks
lin1rabbit: bets $3
aloven: folds
Uncalled bet ($3) returned to lin1rabbit
lin1rabbit collected $11.76 from pot
lin1rabbit: doesn't show hand
*** SUMMARY ***
Total pot $12 | Rake $0.24
Board [9d As 2d]
Seat 4: aloven (big blind) folded on the Flop
Seat 5: lin1rabbit (button) (small blind) collected ($11.76)


PokerStars Hand #152209267855:  Hold'em Limit ($3/$6 USD) - 2016/04/20 17:44:48 ET
Table 'Herluga II' 6-max Seat #4 is the button
Seat 4: aloven ($185.34 in chips)
Seat 5: lin1rabbit ($153.11 in chips)
aloven: posts small blind $1
lin1rabbit: posts big blind $3
*** HOLE CARDS ***
Pelurile leaves the table
aloven: folds
Uncalled bet ($2) returned to lin1rabbit
lin1rabbit collected $2 from pot
lin1rabbit: doesn't show hand
*** SUMMARY ***
Total pot $2 | Rake $0
Seat 4: aloven (button) (small blind) folded before Flop
Seat 5: lin1rabbit (big blind) collected ($2)


PokerStars Hand #152209273200:  Hold'em Limit ($3/$6 USD) - 2016/04/20 17:44:55 ET
Table 'Herluga II' 6-max Seat #5 is the button
Seat 4: aloven ($184.34 in chips)
Seat 5: lin1rabbit ($154.11 in chips)
lin1rabbit: posts small blind $1
aloven: posts big blind $3
*** HOLE CARDS ***
lin1rabbit: raises $3 to $6
aloven: calls $3
*** FLOP *** [Qs Js Kh]
aloven: checks
lin1rabbit: bets $3
aloven: folds
Uncalled bet ($3) returned to lin1rabbit
lin1rabbit collected $11.76 from pot
lin1rabbit: doesn't show hand
*** SUMMARY ***
Total pot $12 | Rake $0.24
Board [Qs Js Kh]
Seat 4: aloven (big blind) folded on the Flop
Seat 5: lin1rabbit (button) (small blind) collected ($11.76)


PokerStars Hand #152209283707:  Hold'em Limit ($3/$6 USD) - 2016/04/20 17:45:08 ET
Table 'Herluga II' 6-max Seat #4 is the button
Seat 4: aloven ($178.34 in chips)
Seat 5: lin1rabbit ($159.87 in chips)
aloven: posts small blind $1
lin1rabbit: posts big blind $3
*** HOLE CARDS ***
aloven: folds
Uncalled bet ($2) returned to lin1rabbit
lin1rabbit collected $2 from pot
lin1rabbit: doesn't show hand
*** SUMMARY ***
Total pot $2 | Rake $0
Seat 4: aloven (button) (small blind) folded before Flop
Seat 5: lin1rabbit (big blind) collected ($2)


PokerStars Hand #152209287520:  Hold'em Limit ($3/$6 USD) - 2016/04/20 17:45:13 ET
Table 'Herluga II' 6-max Seat #5 is the button
Seat 4: aloven ($177.34 in chips)
Seat 5: lin1rabbit ($160.87 in chips)
lin1rabbit: posts small blind $1
aloven: posts big blind $3
*** HOLE CARDS ***
lin1rabbit: raises $3 to $6
aloven: raises $3 to $9
lin1rabbit: calls $3
*** FLOP *** [Th 4d As]
aloven: bets $3
lin1rabbit: folds
Uncalled bet ($3) returned to aloven
aloven collected $17.64 from pot
aloven: doesn't show hand
*** SUMMARY ***
Total pot $18 | Rake $0.36
Board [Th 4d As]
Seat 4: aloven (big blind) collected ($17.64)
Seat 5: lin1rabbit (button) (small blind) folded on the Flop


PokerStars Hand #152209301303:  Hold'em Limit ($3/$6 USD) - 2016/04/20 17:45:30 ET
Table 'Herluga II' 6-max Seat #4 is the button
Seat 4: aloven ($185.98 in chips)
Seat 5: lin1rabbit ($151.87 in chips)
aloven: posts small blind $1
lin1rabbit: posts big blind $3
*** HOLE CARDS ***
aloven: raises $3 to $6
lin1rabbit: calls $3
*** FLOP *** [7s 6c 7d]
lin1rabbit: bets $3
aloven: calls $3
*** TURN *** [7s 6c 7d] [3c]
lin1rabbit: bets $6
aloven: calls $6
*** RIVER *** [7s 6c 7d 3c] [5c]
lin1rabbit: bets $6
aloven: folds
Uncalled bet ($6) returned to lin1rabbit
lin1rabbit collected $29.50 from pot
lin1rabbit: doesn't show hand
*** SUMMARY ***
Total pot $30 | Rake $0.50
Board [7s 6c 7d 3c 5c]
Seat 4: aloven (button) (small blind) folded on the River
Seat 5: lin1rabbit (big blind) collected ($29.50)


PokerStars Hand #152209318197:  Hold'em Limit ($3/$6 USD) - 2016/04/20 17:45:52 ET
Table 'Herluga II' 6-max Seat #5 is the button
Seat 4: aloven ($170.98 in chips)
Seat 5: lin1rabbit ($166.37 in chips)
lin1rabbit: posts small blind $1
aloven: posts big blind $3
*** HOLE CARDS ***
lin1rabbit: raises $3 to $6
aloven: calls $3
*** FLOP *** [Kh 3c Jh]
aloven: checks
lin1rabbit: bets $3
aloven: folds
Uncalled bet ($3) returned to lin1rabbit
lin1rabbit collected $11.76 from pot
lin1rabbit: doesn't show hand
*** SUMMARY ***
Total pot $12 | Rake $0.24
Board [Kh 3c Jh]
Seat 4: aloven (big blind) folded on the Flop
Seat 5: lin1rabbit (button) (small blind) collected ($11.76)


PokerStars Hand #152209330391:  Hold'em Limit ($3/$6 USD) - 2016/04/20 17:46:07 ET
Table 'Herluga II' 6-max Seat #4 is the button
Seat 4: aloven ($164.98 in chips)
Seat 5: lin1rabbit ($172.13 in chips)
aloven: posts small blind $1
lin1rabbit: posts big blind $3
*** HOLE CARDS ***
aloven: folds
Uncalled bet ($2) returned to lin1rabbit
lin1rabbit collected $2 from pot
lin1rabbit: doesn't show hand
*** SUMMARY ***
Total pot $2 | Rake $0
Seat 4: aloven (button) (small blind) folded before Flop
Seat 5: lin1rabbit (big blind) collected ($2)


PokerStars Hand #152209334629:  Hold'em Limit ($3/$6 USD) - 2016/04/20 17:46:13 ET
Table 'Herluga II' 6-max Seat #5 is the button
Seat 4: aloven ($163.98 in chips)
Seat 5: lin1rabbit ($173.13 in chips)
lin1rabbit: posts small blind $1
aloven: posts big blind $3
*** HOLE CARDS ***
lin1rabbit: raises $3 to $6
aloven: calls $3
*** FLOP *** [7h 2d Qh]
aloven: checks
lin1rabbit: bets $3
aloven: calls $3
*** TURN *** [7h 2d Qh] [5c]
aloven: checks
lin1rabbit: bets $6
aloven: calls $6
*** RIVER *** [7h 2d Qh 5c] [7s]
aloven: checks
lin1rabbit: bets $6
aloven: folds
Uncalled bet ($6) returned to lin1rabbit
lin1rabbit collected $29.50 from pot
lin1rabbit: doesn't show hand
*** SUMMARY ***
Total pot $30 | Rake $0.50
Board [7h 2d Qh 5c 7s]
Seat 4: aloven (big blind) folded on the River
Seat 5: lin1rabbit (button) (small blind) collected ($29.50)


PokerStars Hand #152209353759:  Hold'em Limit ($3/$6 USD) - 2016/04/20 17:46:37 ET
Table 'Herluga II' 6-max Seat #4 is the button
Seat 4: aloven ($148.98 in chips)
Seat 5: lin1rabbit ($187.63 in chips)
aloven: posts small blind $1
lin1rabbit: posts big blind $3
*** HOLE CARDS ***
aloven: raises $3 to $6
lin1rabbit: calls $3
*** FLOP *** [2h 3s 4d]
lin1rabbit: checks
aloven: bets $3
lin1rabbit: raises $3 to $6
aloven: calls $3
*** TURN *** [2h 3s 4d] [6h]
lin1rabbit: bets $6
aloven: raises $6 to $12
lin1rabbit: folds
Uncalled bet ($6) returned to aloven
aloven collected $35.50 from pot
aloven: doesn't show hand
*** SUMMARY ***
Total pot $36 | Rake $0.50
Board [2h 3s 4d 6h]
Seat 4: aloven (button) (small blind) collected ($35.50)
Seat 5: lin1rabbit (big blind) folded on the Turn


PokerStars Hand #152209370257:  Hold'em Limit ($3/$6 USD) - 2016/04/20 17:46:58 ET
Table 'Herluga II' 6-max Seat #5 is the button
Seat 4: aloven ($166.48 in chips)
Seat 5: lin1rabbit ($169.63 in chips)
lin1rabbit: posts small blind $1
aloven: posts big blind $3
*** HOLE CARDS ***
lin1rabbit: raises $3 to $6
aloven: calls $3
*** FLOP *** [3d Ah As]
aloven: checks
lin1rabbit: bets $3
aloven: calls $3
*** TURN *** [3d Ah As] [9d]
aloven: checks
lin1rabbit: bets $6
aloven: calls $6
*** RIVER *** [3d Ah As 9d] [8h]
aloven: checks
lin1rabbit: checks
*** SHOW DOWN ***
aloven: shows [3s 4d] (two pair, Aces and Threes)
lin1rabbit: shows [3c 4h] (two pair, Aces and Threes)
aloven collected $14.75 from pot
lin1rabbit collected $14.75 from pot
*** SUMMARY ***
Total pot $30 | Rake $0.50
Board [3d Ah As 9d 8h]
Seat 4: aloven (big blind) showed [3s 4d] and won ($14.75) with two pair, Aces and Threes
Seat 5: lin1rabbit (button) (small blind) showed [3c 4h] and won ($14.75) with two pair, Aces and Threes


PokerStars Hand #152209388900:  Hold'em Limit ($3/$6 USD) - 2016/04/20 17:47:22 ET
Table 'Herluga II' 6-max Seat #4 is the button
Seat 4: aloven ($166.23 in chips)
Seat 5: lin1rabbit ($169.38 in chips)
aloven: posts small blind $1
lin1rabbit: posts big blind $3
*** HOLE CARDS ***
aloven: raises $3 to $6
lin1rabbit: calls $3
*** FLOP *** [2d 2h 5d]
lin1rabbit: bets $3
aloven: calls $3
*** TURN *** [2d 2h 5d] [5h]
lin1rabbit: checks
aloven: bets $6
lin1rabbit: folds
Uncalled bet ($6) returned to aloven
aloven collected $17.64 from pot
aloven: doesn't show hand
*** SUMMARY ***
Total pot $18 | Rake $0.36
Board [2d 2h 5d 5h]
Seat 4: aloven (button) (small blind) collected ($17.64)
Seat 5: lin1rabbit (big blind) folded on the Turn


PokerStars Hand #152209420684:  Hold'em Limit ($3/$6 USD) - 2016/04/20 17:48:02 ET
Table 'Herluga II' 6-max Seat #4 is the button
Seat 4: aloven ($183.51 in chips)
Seat 5: lin1rabbit ($151.38 in chips)
aloven: posts small blind $1
lin1rabbit: posts big blind $3
*** HOLE CARDS ***
aloven: folds
Uncalled bet ($2) returned to lin1rabbit
lin1rabbit collected $2 from pot
lin1rabbit: doesn't show hand
*** SUMMARY ***
Total pot $2 | Rake $0
Seat 4: aloven (button) (small blind) folded before Flop
Seat 5: lin1rabbit (big blind) collected ($2)


PokerStars Hand #152209404424:  Hold'em Limit ($3/$6 USD) - 2016/04/20 17:47:42 ET
Table 'Herluga II' 6-max Seat #5 is the button
Seat 4: aloven ($174.87 in chips)
Seat 5: lin1rabbit ($160.38 in chips)
lin1rabbit: posts small blind $1
aloven: posts big blind $3
*** HOLE CARDS ***
lin1rabbit: raises $3 to $6
aloven: calls $3
*** FLOP *** [9s Jc 6d]
aloven: checks
lin1rabbit: bets $3
aloven: calls $3
*** TURN *** [9s Jc 6d] [6c]
aloven: checks
lin1rabbit: checks
*** RIVER *** [9s Jc 6d 6c] [2h]
aloven: checks
lin1rabbit: checks
*** SHOW DOWN ***
aloven: shows [Qh Ks] (a pair of Sixes)
lin1rabbit: mucks hand
aloven collected $17.64 from pot
*** SUMMARY ***
Total pot $18 | Rake $0.36
Board [9s Jc 6d 6c 2h]
Seat 4: aloven (big blind) showed [Qh Ks] and won ($17.64) with a pair of Sixes
Seat 5: lin1rabbit (button) (small blind) mucked


PokerStars Hand #152209424453:  Hold'em Limit ($3/$6 USD) - 2016/04/20 17:48:07 ET
Table 'Herluga II' 6-max Seat #5 is the button
Seat 4: aloven ($182.51 in chips)
Seat 5: lin1rabbit ($152.38 in chips)
lin1rabbit: posts small blind $1
aloven: posts big blind $3
*** HOLE CARDS ***
lin1rabbit: raises $3 to $6
aloven: calls $3
*** FLOP *** [Js 6c 2h]
aloven: bets $3
lin1rabbit: folds
Uncalled bet ($3) returned to aloven
aloven collected $11.76 from pot
aloven: doesn't show hand
*** SUMMARY ***
Total pot $12 | Rake $0.24
Board [Js 6c 2h]
Seat 4: aloven (big blind) collected ($11.76)
Seat 5: lin1rabbit (button) (small blind) folded on the Flop


PokerStars Hand #152209434115:  Hold'em Limit ($3/$6 USD) - 2016/04/20 17:48:20 ET
Table 'Herluga II' 6-max Seat #4 is the button
Seat 4: aloven ($188.27 in chips)
Seat 5: lin1rabbit ($146.38 in chips)
aloven: posts small blind $1
lin1rabbit: posts big blind $3
*** HOLE CARDS ***
aloven: raises $3 to $6
lin1rabbit: calls $3
*** FLOP *** [9c Ad Th]
lin1rabbit: checks
aloven: bets $3
lin1rabbit: calls $3
*** TURN *** [9c Ad Th] [4h]
lin1rabbit: checks
aloven: bets $6
lin1rabbit: calls $6
*** RIVER *** [9c Ad Th 4h] [Ah]
lin1rabbit: checks
aloven: bets $6
lin1rabbit: folds
Uncalled bet ($6) returned to aloven
aloven collected $29.50 from pot
aloven: doesn't show hand
*** SUMMARY ***
Total pot $30 | Rake $0.50
Board [9c Ad Th 4h Ah]
Seat 4: aloven (button) (small blind) collected ($29.50)
Seat 5: lin1rabbit (big blind) folded on the River


PokerStars Hand #152209483557:  Hold'em Limit ($3/$6 USD) - 2016/04/20 17:49:24 ET
Table 'Herluga II' 6-max Seat #4 is the button
Seat 4: aloven ($220.27 in chips)
Seat 5: lin1rabbit ($113.38 in chips)
aloven: posts small blind $1
lin1rabbit: posts big blind $3
*** HOLE CARDS ***
aloven: folds
Uncalled bet ($2) returned to lin1rabbit
lin1rabbit collected $2 from pot
lin1rabbit: doesn't show hand
*** SUMMARY ***
Total pot $2 | Rake $0
Seat 4: aloven (button) (small blind) folded before Flop
Seat 5: lin1rabbit (big blind) collected ($2)


PokerStars Hand #152209463966:  Hold'em Limit ($3/$6 USD) - 2016/04/20 17:48:59 ET
Table 'Herluga II' 6-max Seat #5 is the button
Seat 4: aloven ($202.77 in chips)
Seat 5: lin1rabbit ($131.38 in chips)
lin1rabbit: posts small blind $1
aloven: posts big blind $3
*** HOLE CARDS ***
lin1rabbit: raises $3 to $6
aloven: raises $3 to $9
lin1rabbit: calls $3
*** FLOP *** [5s 9d 2d]
aloven: bets $3
lin1rabbit: calls $3
*** TURN *** [5s 9d 2d] [Kd]
aloven: bets $6
lin1rabbit: calls $6
*** RIVER *** [5s 9d 2d Kd] [6d]
aloven: checks
lin1rabbit: checks
*** SHOW DOWN ***
aloven: shows [As Ah] (a pair of Aces)
lin1rabbit: mucks hand
aloven collected $35.50 from pot
*** SUMMARY ***
Total pot $36 | Rake $0.50
Board [5s 9d 2d Kd 6d]
Seat 4: aloven (big blind) showed [As Ah] and won ($35.50) with a pair of Aces
Seat 5: lin1rabbit (button) (small blind) mucked


PokerStars Hand #152209497988:  Hold'em Limit ($3/$6 USD) - 2016/04/20 17:49:43 ET
Table 'Herluga II' 6-max Seat #4 is the button
Seat 4: aloven ($216.27 in chips)
Seat 5: lin1rabbit ($117.38 in chips)
aloven: posts small blind $1
lin1rabbit: posts big blind $3
*** HOLE CARDS ***
aloven: folds
Uncalled bet ($2) returned to lin1rabbit
lin1rabbit collected $2 from pot
lin1rabbit: doesn't show hand
*** SUMMARY ***
Total pot $2 | Rake $0
Seat 4: aloven (button) (small blind) folded before Flop
Seat 5: lin1rabbit (big blind) collected ($2)


PokerStars Hand #152209489852:  Hold'em Limit ($3/$6 USD) - 2016/04/20 17:49:32 ET
Table 'Herluga II' 6-max Seat #5 is the button
Seat 4: aloven ($219.27 in chips)
Seat 5: lin1rabbit ($114.38 in chips)
lin1rabbit: posts small blind $1
aloven: posts big blind $3
*** HOLE CARDS ***
lin1rabbit: raises $3 to $6
aloven: folds
Uncalled bet ($3) returned to lin1rabbit
lin1rabbit collected $6 from pot
lin1rabbit: doesn't show hand
*** SUMMARY ***
Total pot $6 | Rake $0
Seat 4: aloven (big blind) folded before Flop
Seat 5: lin1rabbit (button) (small blind) collected ($6)


PokerStars Hand #152209501813:  Hold'em Limit ($3/$6 USD) - 2016/04/20 17:49:48 ET
Table 'Herluga II' 6-max Seat #5 is the button
Seat 4: aloven ($215.27 in chips)
Seat 5: lin1rabbit ($118.38 in chips)
lin1rabbit: posts small blind $1
aloven: posts big blind $3
*** HOLE CARDS ***
lin1rabbit: raises $3 to $6
aloven: calls $3
*** FLOP *** [7s 7c Tc]
aloven: checks
lin1rabbit: bets $3
aloven: folds
Uncalled bet ($3) returned to lin1rabbit
lin1rabbit collected $11.76 from pot
lin1rabbit: doesn't show hand
*** SUMMARY ***
Total pot $12 | Rake $0.24
Board [7s 7c Tc]
Seat 4: aloven (big blind) folded on the Flop
Seat 5: lin1rabbit (button) (small blind) collected ($11.76)


PokerStars Hand #152209511762:  Hold'em Limit ($3/$6 USD) - 2016/04/20 17:50:01 ET
Table 'Herluga II' 6-max Seat #4 is the button
Seat 4: aloven ($209.27 in chips)
Seat 5: lin1rabbit ($124.14 in chips)
aloven: posts small blind $1
lin1rabbit: posts big blind $3
*** HOLE CARDS ***
aloven: raises $3 to $6
lin1rabbit: raises $3 to $9
aloven: calls $3
*** FLOP *** [6s Td 8c]
lin1rabbit: bets $3
aloven: calls $3
*** TURN *** [6s Td 8c] [6d]
lin1rabbit: bets $6
aloven: calls $6
*** RIVER *** [6s Td 8c 6d] [2h]
lin1rabbit: bets $6
aloven: calls $6
*** SHOW DOWN ***
lin1rabbit: shows [Ts Jc] (two pair, Tens and Sixes)
aloven: mucks hand
lin1rabbit collected $47.50 from pot
*** SUMMARY ***
Total pot $48 | Rake $0.50
Board [6s Td 8c 6d 2h]
Seat 4: aloven (button) (small blind) mucked
Seat 5: lin1rabbit (big blind) showed [Ts Jc] and won ($47.50) with two pair, Tens and Sixes


PokerStars Hand #152209558240:  Hold'em Limit ($3/$6 USD) - 2016/04/20 17:51:02 ET
Table 'Herluga II' 6-max Seat #4 is the button
Seat 4: aloven ($193.91 in chips)
Seat 5: lin1rabbit ($138.64 in chips)
aloven: posts small blind $1
lin1rabbit: posts big blind $3
*** HOLE CARDS ***
aloven: folds
Uncalled bet ($2) returned to lin1rabbit
lin1rabbit collected $2 from pot
lin1rabbit: doesn't show hand
*** SUMMARY ***
Total pot $2 | Rake $0
Seat 4: aloven (button) (small blind) folded before Flop
Seat 5: lin1rabbit (big blind) collected ($2)


PokerStars Hand #152209542198:  Hold'em Limit ($3/$6 USD) - 2016/04/20 17:50:41 ET
Table 'Herluga II' 6-max Seat #5 is the button
Seat 4: aloven ($185.27 in chips)
Seat 5: lin1rabbit ($147.64 in chips)
lin1rabbit: posts small blind $1
aloven: posts big blind $3
*** HOLE CARDS ***
lin1rabbit: raises $3 to $6
aloven: calls $3
*** FLOP *** [2d 3c Kh]
aloven: checks
lin1rabbit: bets $3
aloven: calls $3
*** TURN *** [2d 3c Kh] [8s]
aloven: checks
lin1rabbit: checks
*** RIVER *** [2d 3c Kh 8s] [8h]
aloven: bets $6
lin1rabbit: folds
Uncalled bet ($6) returned to aloven
aloven collected $17.64 from pot
aloven: doesn't show hand
*** SUMMARY ***
Total pot $18 | Rake $0.36
Board [2d 3c Kh 8s 8h]
Seat 4: aloven (big blind) collected ($17.64)
Seat 5: lin1rabbit (button) (small blind) folded on the River


PokerStars Hand #152209600890:  Hold'em Limit ($3/$6 USD) - 2016/04/20 17:51:58 ET
Table 'Herluga II' 6-max Seat #4 is the button
Seat 4: aloven ($188.41 in chips)
Seat 5: lin1rabbit ($143.14 in chips)
aloven: posts small blind $1
lin1rabbit: posts big blind $3
*** HOLE CARDS ***
aloven: raises $3 to $6
lin1rabbit: raises $3 to $9
aloven: calls $3
*** FLOP *** [Js Ac 2c]
lin1rabbit: bets $3
aloven: folds
Uncalled bet ($3) returned to lin1rabbit
lin1rabbit collected $17.64 from pot
lin1rabbit: doesn't show hand
*** SUMMARY ***
Total pot $18 | Rake $0.36
Board [Js Ac 2c]
Seat 4: aloven (button) (small blind) folded on the Flop
Seat 5: lin1rabbit (big blind) collected ($17.64)


PokerStars Hand #152209585010:  Hold'em Limit ($3/$6 USD) - 2016/04/20 17:51:37 ET
Table 'Herluga II' 6-max Seat #5 is the button
Seat 4: aloven ($212.41 in chips)
Seat 5: lin1rabbit ($119.64 in chips)
lin1rabbit: posts small blind $1
aloven: posts big blind $3
*** HOLE CARDS ***
lin1rabbit: raises $3 to $6
aloven: calls $3
*** FLOP *** [6h 8h 3c]
aloven: bets $3
lin1rabbit: raises $3 to $6
aloven: calls $3
*** TURN *** [6h 8h 3c] [5s]
aloven: checks
lin1rabbit: bets $6
aloven: calls $6
*** RIVER *** [6h 8h 3c 5s] [3h]
MarekVdb joins the table at seat #6
aloven: checks
lin1rabbit: bets $6
aloven: calls $6
*** SHOW DOWN ***
lin1rabbit: shows [Qs 8d] (two pair, Eights and Threes)
aloven: mucks hand
Zaza232 joins the table at seat #2
lin1rabbit collected $47.50 from pot
*** SUMMARY ***
Total pot $48 | Rake $0.50
Board [6h 8h 3c 5s 3h]
Seat 4: aloven (big blind) mucked
Seat 5: lin1rabbit (button) (small blind) showed [Qs 8d] and won ($47.50) with two pair, Eights and Threes


PokerStars Hand #152209580991:  Hold'em Limit ($3/$6 USD) - 2016/04/20 17:51:32 ET
Table 'Herluga II' 6-max Seat #4 is the button
Seat 4: aloven ($213.41 in chips)
Seat 5: lin1rabbit ($118.64 in chips)
aloven: posts small blind $1
lin1rabbit: posts big blind $3
*** HOLE CARDS ***
aloven: folds
Uncalled bet ($2) returned to lin1rabbit
lin1rabbit collected $2 from pot
lin1rabbit: doesn't show hand
*** SUMMARY ***
Total pot $2 | Rake $0
Seat 4: aloven (button) (small blind) folded before Flop
Seat 5: lin1rabbit (big blind) collected ($2)


PokerStars Hand #152209562383:  Hold'em Limit ($3/$6 USD) - 2016/04/20 17:51:07 ET
Table 'Herluga II' 6-max Seat #5 is the button
Seat 4: aloven ($192.91 in chips)
Seat 5: lin1rabbit ($139.64 in chips)
lin1rabbit: posts small blind $1
aloven: posts big blind $3
*** HOLE CARDS ***
lin1rabbit: raises $3 to $6
aloven: calls $3
*** FLOP *** [Kh 7h 4s]
aloven: checks
lin1rabbit: bets $3
aloven: calls $3
*** TURN *** [Kh 7h 4s] [9c]
aloven: checks
lin1rabbit: bets $6
aloven: calls $6
*** RIVER *** [Kh 7h 4s 9c] [5h]
aloven: bets $6
lin1rabbit: calls $6
*** SHOW DOWN ***
aloven: shows [4h 3h] (a flush, King high)
lin1rabbit: mucks hand
aloven collected $41.50 from pot
*** SUMMARY ***
Total pot $42 | Rake $0.50
Board [Kh 7h 4s 9c 5h]
Seat 4: aloven (big blind) showed [4h 3h] and won ($41.50) with a flush, King high
Seat 5: lin1rabbit (button) (small blind) mucked


PokerStars Hand #152213064865:  Hold'em Limit ($3/$6 USD) - 2016/04/20 19:18:53 ET
Table 'Herluga II' 6-max Seat #5 is the button
Seat 4: aloven ($237.78 in chips)
Seat 5: LukaSteel ($138.58 in chips)
LukaSteel: posts small blind $1
aloven: posts big blind $3
*** HOLE CARDS ***
LukaSteel: raises $3 to $6
Zubasa07 leaves the table
aloven: folds
Uncalled bet ($3) returned to LukaSteel
LukaSteel collected $6 from pot
LukaSteel: doesn't show hand
*** SUMMARY ***
Total pot $6 | Rake $0
Seat 4: aloven (big blind) folded before Flop
Seat 5: LukaSteel (button) (small blind) collected ($6)


PokerStars Hand #152213079488:  Hold'em Limit ($3/$6 USD) - 2016/04/20 19:19:19 ET
Table 'Herluga II' 6-max Seat #4 is the button
Seat 4: aloven ($234.78 in chips)
Seat 5: LukaSteel ($141.58 in chips)
aloven: posts small blind $1
LukaSteel: posts big blind $3
*** HOLE CARDS ***
aloven: raises $3 to $6
LukaSteel: folds
Uncalled bet ($3) returned to aloven
aloven collected $6 from pot
aloven: doesn't show hand
*** SUMMARY ***
Total pot $6 | Rake $0
Seat 4: aloven (button) (small blind) collected ($6)
Seat 5: LukaSteel (big blind) folded before Flop


PokerStars Hand #152213088197:  Hold'em Limit ($3/$6 USD) - 2016/04/20 19:19:34 ET
Table 'Herluga II' 6-max Seat #5 is the button
Seat 4: aloven ($237.78 in chips)
Seat 5: LukaSteel ($138.58 in chips)
LukaSteel: posts small blind $1
aloven: posts big blind $3
*** HOLE CARDS ***
LukaSteel: raises $3 to $6
aloven: calls $3
*** FLOP *** [Ah 4d Jd]
aloven: checks
LukaSteel: bets $3
aloven: calls $3
*** TURN *** [Ah 4d Jd] [3h]
Balu100000 said, "look now him go this zubasa f ucker"
aloven: checks
LukaSteel: checks
*** RIVER *** [Ah 4d Jd 3h] [3c]
aloven: bets $6
LukaSteel: folds
Uncalled bet ($6) returned to aloven
aloven collected $17.64 from pot
aloven: doesn't show hand
*** SUMMARY ***
Total pot $18 | Rake $0.36
Board [Ah 4d Jd 3h 3c]
Seat 4: aloven (big blind) collected ($17.64)
Seat 5: LukaSteel (button) (small blind) folded on the River


PokerStars Hand #152213100987:  Hold'em Limit ($3/$6 USD) - 2016/04/20 19:19:56 ET
Table 'Herluga II' 6-max Seat #4 is the button
Seat 4: aloven ($246.42 in chips)
Seat 5: LukaSteel ($129.58 in chips)
aloven: posts small blind $1
LukaSteel: posts big blind $3
*** HOLE CARDS ***
aloven: folds
Uncalled bet ($2) returned to LukaSteel
LukaSteel collected $2 from pot
LukaSteel: doesn't show hand
*** SUMMARY ***
Total pot $2 | Rake $0
Seat 4: aloven (button) (small blind) folded before Flop
Seat 5: LukaSteel (big blind) collected ($2)


PokerStars Hand #152213127681:  Hold'em Limit ($3/$6 USD) - 2016/04/20 19:20:42 ET
Table 'Herluga II' 6-max Seat #4 is the button
Seat 4: aloven ($215.42 in chips)
Seat 5: LukaSteel ($160.08 in chips)
aloven: posts small blind $1
LukaSteel: posts big blind $3
*** HOLE CARDS ***
aloven: raises $3 to $6
LukaSteel: folds
Uncalled bet ($3) returned to aloven
aloven collected $6 from pot
aloven: doesn't show hand
*** SUMMARY ***
Total pot $6 | Rake $0
Seat 4: aloven (button) (small blind) collected ($6)
Seat 5: LukaSteel (big blind) folded before Flop


PokerStars Hand #152213110297:  Hold'em Limit ($3/$6 USD) - 2016/04/20 19:20:12 ET
Table 'Herluga II' 6-max Seat #5 is the button
Seat 4: aloven ($245.42 in chips)
Seat 5: LukaSteel ($130.58 in chips)
LukaSteel: posts small blind $1
aloven: posts big blind $3
*** HOLE CARDS ***
LukaSteel: raises $3 to $6
Balu100000 leaves the table
aloven: calls $3
*** FLOP *** [5c 5h 9d]
aloven: checks
LukaSteel: bets $3
aloven: raises $3 to $6
LukaSteel: calls $3
*** TURN *** [5c 5h 9d] [5d]
aloven: bets $6
LukaSteel: raises $6 to $12
aloven: calls $6
*** RIVER *** [5c 5h 9d 5d] [6s]
aloven: checks
LukaSteel: bets $6
aloven: calls $6
*** SHOW DOWN ***
LukaSteel: shows [Ac Ad] (a full house, Fives full of Aces)
aloven: mucks hand
LukaSteel collected $59.50 from pot
*** SUMMARY ***
Total pot $60 | Rake $0.50
Board [5c 5h 9d 5d 6s]
Seat 4: aloven (big blind) mucked
Seat 5: LukaSteel (button) (small blind) showed [Ac Ad] and won ($59.50) with a full house, Fives full of Aces


