PokerStars Hand #152484794937:  Hold'em Limit ($3/$6 USD) - 2016/04/26 15:07:10 ET
Table 'Herluga II' 6-max Seat #1 is the button
Seat 1: krytalex ($93.50 in chips)
Seat 6: AA_ILI ($109.74 in chips)
krytalex: posts small blind $1
AA_ILI: posts big blind $3
*** HOLE CARDS ***
krytalex: folds
Uncalled bet ($2) returned to AA_ILI
AA_ILI collected $2 from pot
AA_ILI: doesn't show hand
*** SUMMARY ***
Total pot $2 | Rake $0
Seat 1: krytalex (button) (small blind) folded before Flop
Seat 6: AA_ILI (big blind) collected ($2)


PokerStars Hand #152484761540:  Hold'em Limit ($3/$6 USD) - 2016/04/26 15:06:32 ET
Table 'Herluga II' 6-max Seat #1 is the button
Seat 1: krytalex ($73 in chips)
Seat 6: AA_ILI ($130.74 in chips)
krytalex: posts small blind $1
GarryMcCoy: is sitting out
AA_ILI: posts big blind $3
*** HOLE CARDS ***
GarryMcCoy leaves the table
krytalex: raises $3 to $6
AA_ILI: calls $3
*** FLOP *** [Jc Kd 4s]
AA_ILI: checks
krytalex: bets $3
AA_ILI: raises $3 to $6
krytalex: calls $3
*** TURN *** [Jc Kd 4s] [8s]
AA_ILI: bets $6
krytalex: raises $6 to $12
AA_ILI: calls $6
*** RIVER *** [Jc Kd 4s 8s] [Ac]
AA_ILI: checks
krytalex: bets $6
AA_ILI: folds
Uncalled bet ($6) returned to krytalex
krytalex collected $47.50 from pot
*** SUMMARY ***
Total pot $48 | Rake $0.50
Board [Jc Kd 4s 8s Ac]
Seat 1: krytalex (button) (small blind) collected ($47.50)
Seat 6: AA_ILI (big blind) folded on the River


PokerStars Hand #152484830083:  Hold'em Limit ($3/$6 USD) - 2016/04/26 15:07:50 ET
Table 'Herluga II' 6-max Seat #1 is the button
Seat 1: krytalex ($118 in chips)
Seat 6: AA_ILI ($84.74 in chips)
krytalex: posts small blind $1
AA_ILI: posts big blind $3
*** HOLE CARDS ***
krytalex: raises $3 to $6
AA_ILI: calls $3
*** FLOP *** [5d Qs 5c]
AA_ILI: checks
krytalex: bets $3
AA_ILI: raises $3 to $6
krytalex: calls $3
*** TURN *** [5d Qs 5c] [Kc]
AA_ILI: bets $6
krytalex: calls $6
*** RIVER *** [5d Qs 5c Kc] [8d]
AA_ILI: bets $6
krytalex: calls $6
*** SHOW DOWN ***
AA_ILI: shows [5s 6d] (three of a kind, Fives)
krytalex: mucks hand
AA_ILI collected $47.50 from pot
*** SUMMARY ***
Total pot $48 | Rake $0.50
Board [5d Qs 5c Kc 8d]
Seat 1: krytalex (button) (small blind) mucked
Seat 6: AA_ILI (big blind) showed [5s 6d] and won ($47.50) with three of a kind, Fives


PokerStars Hand #152484822236:  Hold'em Limit ($3/$6 USD) - 2016/04/26 15:07:41 ET
Table 'Herluga II' 6-max Seat #6 is the button
Seat 1: krytalex ($121 in chips)
Seat 6: AA_ILI ($81.74 in chips)
AA_ILI: posts small blind $1
krytalex: posts big blind $3
*** HOLE CARDS ***
AA_ILI: raises $3 to $6
krytalex: folds
Uncalled bet ($3) returned to AA_ILI
AA_ILI collected $6 from pot
AA_ILI: doesn't show hand
*** SUMMARY ***
Total pot $6 | Rake $0
Seat 1: krytalex (big blind) folded before Flop
Seat 6: AA_ILI (button) (small blind) collected ($6)


PokerStars Hand #152484817545:  Hold'em Limit ($3/$6 USD) - 2016/04/26 15:07:36 ET
Table 'Herluga II' 6-max Seat #1 is the button
Seat 1: krytalex ($122 in chips)
Seat 6: AA_ILI ($80.74 in chips)
krytalex: posts small blind $1
AA_ILI: posts big blind $3
*** HOLE CARDS ***
krytalex: folds
Uncalled bet ($2) returned to AA_ILI
AA_ILI collected $2 from pot
AA_ILI: doesn't show hand
*** SUMMARY ***
Total pot $2 | Rake $0
Seat 1: krytalex (button) (small blind) folded before Flop
Seat 6: AA_ILI (big blind) collected ($2)


PokerStars Hand #152484802867:  Hold'em Limit ($3/$6 USD) - 2016/04/26 15:07:19 ET
Table 'Herluga II' 6-max Seat #6 is the button
Seat 1: krytalex ($92.50 in chips)
Seat 6: AA_ILI ($110.74 in chips)
AA_ILI: posts small blind $1
krytalex: posts big blind $3
*** HOLE CARDS ***
AA_ILI: raises $3 to $6
krytalex: raises $3 to $9
AA_ILI: calls $3
*** FLOP *** [2d 8s Qc]
krytalex: bets $3
AA_ILI: calls $3
*** TURN *** [2d 8s Qc] [Ac]
krytalex: bets $6
AA_ILI: raises $6 to $12
krytalex: calls $6
*** RIVER *** [2d 8s Qc Ac] [7d]
krytalex: checks
AA_ILI: bets $6
krytalex: calls $6
*** SHOW DOWN ***
AA_ILI: shows [4h 3s] (high card Ace)
krytalex: shows [Js Jc] (a pair of Jacks)
krytalex collected $59.50 from pot
*** SUMMARY ***
Total pot $60 | Rake $0.50
Board [2d 8s Qc Ac 7d]
Seat 1: krytalex (big blind) showed [Js Jc] and won ($59.50) with a pair of Jacks
Seat 6: AA_ILI (button) (small blind) showed [4h 3s] and lost with high card Ace


PokerStars Hand #152484861533:  Hold'em Limit ($3/$6 USD) - 2016/04/26 15:08:26 ET
Table 'Herluga II' 6-max Seat #1 is the button
Seat 1: krytalex ($88 in chips)
Seat 6: AA_ILI ($114 in chips)
krytalex: posts small blind $1
AA_ILI: posts big blind $3
*** HOLE CARDS ***
krytalex: folds
Uncalled bet ($2) returned to AA_ILI
AA_ILI collected $2 from pot
AA_ILI: doesn't show hand
*** SUMMARY ***
Total pot $2 | Rake $0
Seat 1: krytalex (button) (small blind) folded before Flop
Seat 6: AA_ILI (big blind) collected ($2)


PokerStars Hand #152484848596:  Hold'em Limit ($3/$6 USD) - 2016/04/26 15:08:11 ET
Table 'Herluga II' 6-max Seat #6 is the button
Seat 1: krytalex ($94 in chips)
Seat 6: AA_ILI ($108.24 in chips)
AA_ILI: posts small blind $1
krytalex: posts big blind $3
*** HOLE CARDS ***
AA_ILI: raises $3 to $6
krytalex: calls $3
*** FLOP *** [Ad 6h 2d]
krytalex: checks
AA_ILI: bets $3
krytalex: folds
Uncalled bet ($3) returned to AA_ILI
AA_ILI collected $11.76 from pot
AA_ILI: doesn't show hand
*** SUMMARY ***
Total pot $12 | Rake $0.24
Board [Ad 6h 2d]
Seat 1: krytalex (big blind) folded on the Flop
Seat 6: AA_ILI (button) (small blind) collected ($11.76)


PokerStars Hand #152484866713:  Hold'em Limit ($3/$6 USD) - 2016/04/26 15:08:32 ET
Table 'Herluga II' 6-max Seat #6 is the button
Seat 1: krytalex ($87 in chips)
Seat 6: AA_ILI ($115 in chips)
AA_ILI: posts small blind $1
krytalex: posts big blind $3
*** HOLE CARDS ***
AA_ILI: raises $3 to $6
krytalex: folds
Uncalled bet ($3) returned to AA_ILI
AA_ILI collected $6 from pot
AA_ILI: doesn't show hand
*** SUMMARY ***
Total pot $6 | Rake $0
Seat 1: krytalex (big blind) folded before Flop
Seat 6: AA_ILI (button) (small blind) collected ($6)


PokerStars Hand #152484889230:  Hold'em Limit ($3/$6 USD) - 2016/04/26 15:08:57 ET
Table 'Herluga II' 6-max Seat #6 is the button
Seat 1: krytalex ($98.50 in chips)
Seat 6: AA_ILI ($103 in chips)
AA_ILI: posts small blind $1
krytalex: posts big blind $3
*** HOLE CARDS ***
AA_ILI: raises $3 to $6
krytalex: folds
Uncalled bet ($3) returned to AA_ILI
AA_ILI collected $6 from pot
AA_ILI: doesn't show hand
*** SUMMARY ***
Total pot $6 | Rake $0
Seat 1: krytalex (big blind) folded before Flop
Seat 6: AA_ILI (button) (small blind) collected ($6)


PokerStars Hand #152484917406:  Hold'em Limit ($3/$6 USD) - 2016/04/26 15:09:29 ET
Table 'Herluga II' 6-max Seat #6 is the button
Seat 1: krytalex ($113 in chips)
Seat 6: AA_ILI ($88 in chips)
AA_ILI: posts small blind $1
krytalex: posts big blind $3
*** HOLE CARDS ***
AA_ILI: folds
Uncalled bet ($2) returned to krytalex
krytalex collected $2 from pot
*** SUMMARY ***
Total pot $2 | Rake $0
Seat 1: krytalex (big blind) collected ($2)
Seat 6: AA_ILI (button) (small blind) folded before Flop


PokerStars Hand #152484895497:  Hold'em Limit ($3/$6 USD) - 2016/04/26 15:09:05 ET
Table 'Herluga II' 6-max Seat #1 is the button
Seat 1: krytalex ($95.50 in chips)
Seat 6: AA_ILI ($106 in chips)
krytalex: posts small blind $1
AA_ILI: posts big blind $3
*** HOLE CARDS ***
krytalex: raises $3 to $6
AA_ILI: calls $3
*** FLOP *** [Ac Jd 9h]
AA_ILI: checks
krytalex: bets $3
AA_ILI: raises $3 to $6
krytalex: calls $3
*** TURN *** [Ac Jd 9h] [Kd]
AA_ILI: checks
krytalex: checks
*** RIVER *** [Ac Jd 9h Kd] [Ah]
AA_ILI: bets $6
krytalex: calls $6
*** SHOW DOWN ***
AA_ILI: shows [5c 4d] (a pair of Aces)
krytalex: shows [Kc 6s] (two pair, Aces and Kings)
krytalex collected $35.50 from pot
*** SUMMARY ***
Total pot $36 | Rake $0.50
Board [Ac Jd 9h Kd Ah]
Seat 1: krytalex (button) (small blind) showed [Kc 6s] and won ($35.50) with two pair, Aces and Kings
Seat 6: AA_ILI (big blind) showed [5c 4d] and lost with a pair of Aces


PokerStars Hand #152484921709:  Hold'em Limit ($3/$6 USD) - 2016/04/26 15:09:34 ET
Table 'Herluga II' 6-max Seat #1 is the button
Seat 1: krytalex ($114 in chips)
Seat 6: AA_ILI ($87 in chips)
krytalex: posts small blind $1
AA_ILI: posts big blind $3
*** HOLE CARDS ***
krytalex: raises $3 to $6
AA_ILI: folds
Uncalled bet ($3) returned to krytalex
krytalex collected $6 from pot
*** SUMMARY ***
Total pot $6 | Rake $0
Seat 1: krytalex (button) (small blind) collected ($6)
Seat 6: AA_ILI (big blind) folded before Flop


PokerStars Hand #152484931905:  Hold'em Limit ($3/$6 USD) - 2016/04/26 15:09:46 ET
Table 'Herluga II' 6-max Seat #6 is the button
Seat 1: krytalex ($117 in chips)
Seat 6: AA_ILI ($84 in chips)
AA_ILI: posts small blind $1
krytalex: posts big blind $3
*** HOLE CARDS ***
AA_ILI: raises $3 to $6
krytalex: raises $3 to $9
AA_ILI: calls $3
*** FLOP *** [8d 4s 8s]
krytalex: bets $3
AA_ILI: calls $3
*** TURN *** [8d 4s 8s] [6c]
krytalex: bets $6
AA_ILI: folds
Uncalled bet ($6) returned to krytalex
krytalex collected $23.52 from pot
*** SUMMARY ***
Total pot $24 | Rake $0.48
Board [8d 4s 8s 6c]
Seat 1: krytalex (big blind) collected ($23.52)
Seat 6: AA_ILI (button) (small blind) folded on the Turn


PokerStars Hand #152484950586:  Hold'em Limit ($3/$6 USD) - 2016/04/26 15:10:08 ET
Table 'Herluga II' 6-max Seat #6 is the button
Seat 1: krytalex ($131.52 in chips)
Seat 6: AA_ILI ($69 in chips)
AA_ILI: posts small blind $1
krytalex: posts big blind $3
*** HOLE CARDS ***
AA_ILI: folds
Uncalled bet ($2) returned to krytalex
krytalex collected $2 from pot
*** SUMMARY ***
Total pot $2 | Rake $0
Seat 1: krytalex (big blind) collected ($2)
Seat 6: AA_ILI (button) (small blind) folded before Flop


PokerStars Hand #152484954752:  Hold'em Limit ($3/$6 USD) - 2016/04/26 15:10:13 ET
Table 'Herluga II' 6-max Seat #1 is the button
Seat 1: krytalex ($132.52 in chips)
Seat 6: AA_ILI ($68 in chips)
krytalex: posts small blind $1
AA_ILI: posts big blind $3
*** HOLE CARDS ***
krytalex: folds
Uncalled bet ($2) returned to AA_ILI
AA_ILI collected $2 from pot
AA_ILI: doesn't show hand
*** SUMMARY ***
Total pot $2 | Rake $0
Seat 1: krytalex (button) (small blind) folded before Flop
Seat 6: AA_ILI (big blind) collected ($2)


PokerStars Hand #152484960923:  Hold'em Limit ($3/$6 USD) - 2016/04/26 15:10:19 ET
Table 'Herluga II' 6-max Seat #6 is the button
Seat 1: krytalex ($131.52 in chips)
Seat 6: AA_ILI ($69 in chips)
AA_ILI: posts small blind $1
krytalex: posts big blind $3
*** HOLE CARDS ***
AA_ILI: raises $3 to $6
krytalex: calls $3
*** FLOP *** [Ts Kh Tc]
krytalex: checks
AA_ILI: bets $3
krytalex: calls $3
*** TURN *** [Ts Kh Tc] [Jh]
krytalex: checks
AA_ILI: bets $6
krytalex: calls $6
*** RIVER *** [Ts Kh Tc Jh] [8d]
krytalex: checks
AA_ILI: bets $6
krytalex: calls $6
*** SHOW DOWN ***
AA_ILI: shows [5h 6h] (a pair of Tens)
krytalex: shows [8s Qc] (two pair, Tens and Eights)
krytalex collected $41.50 from pot
*** SUMMARY ***
Total pot $42 | Rake $0.50
Board [Ts Kh Tc Jh 8d]
Seat 1: krytalex (big blind) showed [8s Qc] and won ($41.50) with two pair, Tens and Eights
Seat 6: AA_ILI (button) (small blind) showed [5h 6h] and lost with a pair of Tens


PokerStars Hand #152484988713:  Hold'em Limit ($3/$6 USD) - 2016/04/26 15:10:51 ET
Table 'Herluga II' 6-max Seat #1 is the button
Seat 1: krytalex ($152.02 in chips)
Seat 6: AA_ILI ($48 in chips)
krytalex: posts small blind $1
AA_ILI: posts big blind $3
*** HOLE CARDS ***
krytalex: folds
Uncalled bet ($2) returned to AA_ILI
AA_ILI collected $2 from pot
AA_ILI: doesn't show hand
*** SUMMARY ***
Total pot $2 | Rake $0
Seat 1: krytalex (button) (small blind) folded before Flop
Seat 6: AA_ILI (big blind) collected ($2)


