PokerStars Hand #160457444229:  Hold'em Limit ($3/$6 USD) - 2016/10/26 7:24:24 ET
Table 'Herluga' 6-max Seat #4 is the button
Seat 3: Jordanovvv ($120.11 in chips)
Seat 4: Agrotait ($92.26 in chips)
Agrotait: posts small blind $1
Jordanovvv: posts big blind $3
*** HOLE CARDS ***
Agrotait: raises $3 to $6
Jordanovvv: calls $3
*** FLOP *** [7s 2h Ks]
Jordanovvv: bets $3
Agrotait: calls $3
*** TURN *** [7s 2h Ks] [9c]
Jordanovvv: checks
Agrotait: bets $6
Jordanovvv: calls $6
*** RIVER *** [7s 2h Ks 9c] [Kh]
Jordanovvv: checks
Agrotait: bets $6
Jordanovvv: calls $6
*** SHOW DOWN ***
Agrotait: shows [Qd 7d] (two pair, Kings and Sevens)
Jordanovvv: mucks hand
Agrotait collected $41.50 from pot
*** SUMMARY ***
Total pot $42 | Rake $0.50
Board [7s 2h Ks 9c Kh]
Seat 3: Jordanovvv (big blind) mucked
Seat 4: Agrotait (button) (small blind) showed [Qd 7d] and won ($41.50) with two pair, Kings and Sevens


PokerStars Hand #160457456927:  Hold'em Limit ($3/$6 USD) - 2016/10/26 7:24:53 ET
Table 'Herluga' 6-max Seat #3 is the button
Seat 3: Jordanovvv ($99.11 in chips)
Seat 4: Agrotait ($112.76 in chips)
Jordanovvv: posts small blind $1
Agrotait: posts big blind $3
*** HOLE CARDS ***
Jordanovvv: raises $3 to $6
Agrotait: calls $3
*** FLOP *** [8c Kd Kh]
Agrotait: checks
Jordanovvv: bets $3
Agrotait: raises $3 to $6
Jordanovvv: calls $3
*** TURN *** [8c Kd Kh] [6d]
Agrotait: bets $6
Jordanovvv: folds
Uncalled bet ($6) returned to Agrotait
Agrotait collected $23.52 from pot
Agrotait: doesn't show hand
*** SUMMARY ***
Total pot $24 | Rake $0.48
Board [8c Kd Kh 6d]
Seat 3: Jordanovvv (button) (small blind) folded on the Turn
Seat 4: Agrotait (big blind) collected ($23.52)


PokerStars Hand #160457472663:  Hold'em Limit ($3/$6 USD) - 2016/10/26 7:25:28 ET
Table 'Herluga' 6-max Seat #4 is the button
Seat 3: Jordanovvv ($87.11 in chips)
Seat 4: Agrotait ($124.28 in chips)
Agrotait: posts small blind $1
Jordanovvv: posts big blind $3
*** HOLE CARDS ***
Agrotait: raises $3 to $6
Jordanovvv said, "offf give me the money ok"
Jordanovvv: calls $3
*** FLOP *** [6c Jh Ah]
Jordanovvv: bets $3
Jordanovvv said, "now"
Agrotait: folds
Uncalled bet ($3) returned to Jordanovvv
Jordanovvv collected $11.76 from pot
Jordanovvv: doesn't show hand
*** SUMMARY ***
Total pot $12 | Rake $0.24
Board [6c Jh Ah]
Seat 3: Jordanovvv (big blind) collected ($11.76)
Seat 4: Agrotait (button) (small blind) folded on the Flop


PokerStars Hand #160457485161:  Hold'em Limit ($3/$6 USD) - 2016/10/26 7:25:55 ET
Table 'Herluga' 6-max Seat #3 is the button
Seat 3: Jordanovvv ($92.87 in chips)
Seat 4: Agrotait ($118.28 in chips)
Jordanovvv: posts small blind $1
Agrotait: posts big blind $3
*** HOLE CARDS ***
Jordanovvv said, "give me"
Jordanovvv: calls $2
Agrotait: raises $3 to $6
Jordanovvv said, "my money"
Jordanovvv: calls $3
*** FLOP *** [5s 7d 6c]
Agrotait: bets $3
Jordanovvv: raises $3 to $6
Agrotait: calls $3
*** TURN *** [5s 7d 6c] [6d]
Jordanovvv said, "give me the money pls"
Agrotait: bets $6
Jordanovvv: raises $6 to $12
Agrotait: calls $6
*** RIVER *** [5s 7d 6c 6d] [Jd]
Agrotait: bets $6
Jordanovvv: calls $6
*** SHOW DOWN ***
Agrotait: shows [Ad 9d] (a flush, Ace high)
Jordanovvv: mucks hand
Agrotait collected $59.50 from pot
*** SUMMARY ***
Total pot $60 | Rake $0.50
Board [5s 7d 6c 6d Jd]
Seat 3: Jordanovvv (button) (small blind) mucked
Seat 4: Agrotait (big blind) showed [Ad 9d] and won ($59.50) with a flush, Ace high


PokerStars Hand #160457504936:  Hold'em Limit ($3/$6 USD) - 2016/10/26 7:26:39 ET
Table 'Herluga' 6-max Seat #4 is the button
Seat 3: Jordanovvv ($62.87 in chips)
Seat 4: Agrotait ($147.78 in chips)
Agrotait: posts small blind $1
Jordanovvv: posts big blind $3
*** HOLE CARDS ***
Jordanovvv said, "pls"
Jordanovvv said, "NOW"
Agrotait: folds
Uncalled bet ($2) returned to Jordanovvv
Jordanovvv collected $2 from pot
Jordanovvv: doesn't show hand
*** SUMMARY ***
Total pot $2 | Rake $0
Seat 3: Jordanovvv (big blind) collected ($2)
Seat 4: Agrotait (button) (small blind) folded before Flop


PokerStars Hand #160457509148:  Hold'em Limit ($3/$6 USD) - 2016/10/26 7:26:48 ET
Table 'Herluga' 6-max Seat #3 is the button
Seat 3: Jordanovvv ($63.87 in chips)
Seat 4: Agrotait ($146.78 in chips)
Jordanovvv: posts small blind $1
Agrotait: posts big blind $3
*** HOLE CARDS ***
Jordanovvv: raises $3 to $6
Agrotait: calls $3
*** FLOP *** [2c Qs Ah]
Agrotait: checks
Jordanovvv: checks
*** TURN *** [2c Qs Ah] [5c]
Agrotait: bets $6
Jordanovvv: raises $6 to $12
Agrotait: calls $6
*** RIVER *** [2c Qs Ah 5c] [Kh]
Agrotait: checks
Jordanovvv: bets $6
Agrotait: calls $6
*** SHOW DOWN ***
Jordanovvv: shows [Ks As] (two pair, Aces and Kings)
Agrotait: mucks hand
Jordanovvv collected $47.50 from pot
*** SUMMARY ***
Total pot $48 | Rake $0.50
Board [2c Qs Ah 5c Kh]
Seat 3: Jordanovvv (button) (small blind) showed [Ks As] and won ($47.50) with two pair, Aces and Kings
Seat 4: Agrotait (big blind) mucked


PokerStars Hand #160457555571:  Hold'em Limit ($3/$6 USD) - 2016/10/26 7:28:31 ET
Table 'Herluga' 6-max Seat #3 is the button
Seat 3: Jordanovvv ($98.89 in chips)
Seat 4: Agrotait ($110.78 in chips)
Jordanovvv: posts small blind $1
Agrotait: posts big blind $3
*** HOLE CARDS ***
Jordanovvv: calls $2
Agrotait: checks
*** FLOP *** [3s Ts 5h]
Agrotait: checks
Jordanovvv: checks
*** TURN *** [3s Ts 5h] [Kd]
Agrotait: bets $6
Jordanovvv: raises $6 to $12
Agrotait: folds
Uncalled bet ($6) returned to Jordanovvv
Jordanovvv collected $17.64 from pot
Jordanovvv: doesn't show hand
*** SUMMARY ***
Total pot $18 | Rake $0.36
Board [3s Ts 5h Kd]
Seat 3: Jordanovvv (button) (small blind) collected ($17.64)
Seat 4: Agrotait (big blind) folded on the Turn


PokerStars Hand #160457524393:  Hold'em Limit ($3/$6 USD) - 2016/10/26 7:27:22 ET
Table 'Herluga' 6-max Seat #4 is the button
Seat 3: Jordanovvv ($87.37 in chips)
Seat 4: Agrotait ($122.78 in chips)
Agrotait: posts small blind $1
Jordanovvv: posts big blind $3
*** HOLE CARDS ***
Agrotait: raises $3 to $6
Jordanovvv: calls $3
*** FLOP *** [9s Kd 8c]
Jordanovvv said, "my mmoney"
Jordanovvv: checks
Agrotait: bets $3
Jordanovvv: raises $3 to $6
Agrotait: calls $3
*** TURN *** [9s Kd 8c] [Ah]
Jordanovvv: checks
Agrotait: checks
*** RIVER *** [9s Kd 8c Ah] [5c]
Jordanovvv: bets $6
Agrotait: folds
Uncalled bet ($6) returned to Jordanovvv
Jordanovvv collected $23.52 from pot
Jordanovvv: doesn't show hand
*** SUMMARY ***
Total pot $24 | Rake $0.48
Board [9s Kd 8c Ah 5c]
Seat 3: Jordanovvv (big blind) collected ($23.52)
Seat 4: Agrotait (button) (small blind) folded on the River


PokerStars Hand #160457578897:  Hold'em Limit ($3/$6 USD) - 2016/10/26 7:29:22 ET
Table 'Herluga' 6-max Seat #3 is the button
Seat 3: Jordanovvv ($113.29 in chips)
Seat 4: Agrotait ($95.78 in chips)
Jordanovvv: posts small blind $1
Agrotait: posts big blind $3
*** HOLE CARDS ***
Jordanovvv: folds
Uncalled bet ($2) returned to Agrotait
Agrotait collected $2 from pot
Agrotait: doesn't show hand
*** SUMMARY ***
Total pot $2 | Rake $0
Seat 3: Jordanovvv (button) (small blind) folded before Flop
Seat 4: Agrotait (big blind) collected ($2)


PokerStars Hand #160457566602:  Hold'em Limit ($3/$6 USD) - 2016/10/26 7:28:55 ET
Table 'Herluga' 6-max Seat #4 is the button
Seat 3: Jordanovvv ($107.53 in chips)
Seat 4: Agrotait ($101.78 in chips)
Agrotait: posts small blind $1
Jordanovvv: posts big blind $3
*** HOLE CARDS ***
Agrotait: raises $3 to $6
Jordanovvv: calls $3
*** FLOP *** [8d Js 8s]
Jordanovvv: checks
Agrotait: checks
*** TURN *** [8d Js 8s] [Jd]
Jordanovvv: bets $6
Agrotait: folds
Uncalled bet ($6) returned to Jordanovvv
Jordanovvv collected $11.76 from pot
Jordanovvv: doesn't show hand
*** SUMMARY ***
Total pot $12 | Rake $0.24
Board [8d Js 8s Jd]
Seat 3: Jordanovvv (big blind) collected ($11.76)
Seat 4: Agrotait (button) (small blind) folded on the Turn


PokerStars Hand #160457594838:  Hold'em Limit ($3/$6 USD) - 2016/10/26 7:29:57 ET
Table 'Herluga' 6-max Seat #3 is the button
Seat 3: Jordanovvv ($100.29 in chips)
Seat 4: Agrotait ($108.30 in chips)
Jordanovvv: posts small blind $1
Agrotait: posts big blind $3
*** HOLE CARDS ***
Jordanovvv: raises $3 to $6
Jordanovvv said, "wtf"
Agrotait: raises $3 to $9
Jordanovvv said, "river"
Jordanovvv: calls $3
*** FLOP *** [4c 8c 2h]
Jordanovvv said, "bot"
Jordanovvv said, "my money"
Agrotait: bets $3
Jordanovvv: calls $3
*** TURN *** [4c 8c 2h] [Jh]
Agrotait: bets $6
Jordanovvv: calls $6
*** RIVER *** [4c 8c 2h Jh] [9d]
Agrotait: bets $6
Jordanovvv: folds [Ac]
Uncalled bet ($6) returned to Agrotait
Agrotait collected $35.50 from pot
Agrotait: doesn't show hand
*** SUMMARY ***
Total pot $36 | Rake $0.50
Board [4c 8c 2h Jh 9d]
Seat 3: Jordanovvv (button) (small blind) folded on the River
Seat 4: Agrotait (big blind) collected ($35.50)


PokerStars Hand #160457803625:  Hold'em Limit ($3/$6 USD) - 2016/10/26 7:37:39 ET
Table 'Herluga' 6-max Seat #5 is the button
Seat 1: HAL9QQQ ($123.94 in chips)
Seat 5: OnlyLuck111 ($53.61 in chips)
OnlyLuck111: posts small blind $1
HAL9QQQ: posts big blind $3
*** HOLE CARDS ***
OnlyLuck111: raises $3 to $6
HAL9QQQ: raises $3 to $9
OnlyLuck111: calls $3
*** FLOP *** [9d 8h Kh]
HAL9QQQ: bets $3
OnlyLuck111: calls $3
*** TURN *** [9d 8h Kh] [2c]
HAL9QQQ: bets $6
OnlyLuck111: folds
Uncalled bet ($6) returned to HAL9QQQ
HAL9QQQ collected $23.52 from pot
HAL9QQQ: doesn't show hand
*** SUMMARY ***
Total pot $24 | Rake $0.48
Board [9d 8h Kh 2c]
Seat 1: HAL9QQQ (big blind) collected ($23.52)
Seat 5: OnlyLuck111 (button) (small blind) folded on the Turn


PokerStars Hand #160457810559:  Hold'em Limit ($3/$6 USD) - 2016/10/26 7:37:55 ET
Table 'Herluga' 6-max Seat #1 is the button
Seat 1: HAL9QQQ ($135.46 in chips)
Seat 5: OnlyLuck111 ($101.61 in chips)
HAL9QQQ: posts small blind $1
OnlyLuck111: posts big blind $3
*** HOLE CARDS ***
HAL9QQQ: raises $3 to $6
OnlyLuck111: calls $3
*** FLOP *** [3c 2d Ts]
OnlyLuck111: checks
HAL9QQQ: bets $3
OnlyLuck111: folds
Uncalled bet ($3) returned to HAL9QQQ
HAL9QQQ collected $11.76 from pot
HAL9QQQ: doesn't show hand
*** SUMMARY ***
Total pot $12 | Rake $0.24
Board [3c 2d Ts]
Seat 1: HAL9QQQ (button) (small blind) collected ($11.76)
Seat 5: OnlyLuck111 (big blind) folded on the Flop


