PokerStars Hand #174045146462:  Hold'em Limit ($3/$6 USD) - 2017/08/07 15:23:46 ET
Table 'Hermentaria' 6-max Seat #6 is the button
Seat 1: Zubasa07 ($300 in chips)
Seat 6: sda.80.16 ($93.32 in chips)
sda.80.16: posts small blind $1
Zubasa07: posts big blind $3
*** HOLE CARDS ***
sda.80.16: raises $3 to $6
Zubasa07: calls $3
*** FLOP *** [Jc 2d 4s]
Zubasa07: checks
sda.80.16: checks
*** TURN *** [Jc 2d 4s] [Jh]
Zubasa07: bets $6
sda.80.16: calls $6
*** RIVER *** [Jc 2d 4s Jh] [7h]
Ale4o joins the table at seat #2
Zubasa07: bets $6
sda.80.16: calls $6
*** SHOW DOWN ***
Zubasa07: shows [Kd 2c] (two pair, Jacks and Deuces)
sda.80.16: mucks hand
Zubasa07 collected $35.50 from pot
*** SUMMARY ***
Total pot $36 | Rake $0.50
Board [Jc 2d 4s Jh 7h]
Seat 1: Zubasa07 (big blind) showed [Kd 2c] and won ($35.50) with two pair, Jacks and Deuces
Seat 6: sda.80.16 (button) (small blind) mucked


PokerStars Hand #174050126524:  Hold'em Limit ($3/$6 USD) - 2017/08/07 17:10:44 ET
Table 'Hermentaria' 6-max Seat #5 is the button
Seat 4: Luanto 14 ($256.17 in chips)
Seat 5: bangolfaren ($57 in chips)
bangolfaren: posts small blind $1
Apanage: is sitting out
Luanto 14: posts big blind $3
*** HOLE CARDS ***
Apanage leaves the table
bangolfaren: folds
Uncalled bet ($2) returned to Luanto 14
Luanto 14 collected $2 from pot
Luanto 14: doesn't show hand
*** SUMMARY ***
Total pot $2 | Rake $0
Seat 4: Luanto 14 (big blind) collected ($2)
Seat 5: bangolfaren (button) (small blind) folded before Flop


PokerStars Hand #174050134684:  Hold'em Limit ($3/$6 USD) - 2017/08/07 17:10:54 ET
Table 'Hermentaria' 6-max Seat #5 is the button
Seat 4: Luanto 14 ($260.17 in chips)
Seat 5: bangolfaren ($53 in chips)
bangolfaren: posts small blind $1
Luanto 14: posts big blind $3
*** HOLE CARDS ***
bangolfaren: folds
Uncalled bet ($2) returned to Luanto 14
Luanto 14 collected $2 from pot
Luanto 14: doesn't show hand
*** SUMMARY ***
Total pot $2 | Rake $0
Seat 4: Luanto 14 (big blind) collected ($2)
Seat 5: bangolfaren (button) (small blind) folded before Flop


PokerStars Hand #174050130391:  Hold'em Limit ($3/$6 USD) - 2017/08/07 17:10:48 ET
Table 'Hermentaria' 6-max Seat #4 is the button
Seat 4: Luanto 14 ($257.17 in chips)
Seat 5: bangolfaren ($56 in chips)
Luanto 14: posts small blind $1
bangolfaren: posts big blind $3
*** HOLE CARDS ***
Luanto 14: raises $3 to $6
bangolfaren: folds
Uncalled bet ($3) returned to Luanto 14
Luanto 14 collected $6 from pot
Luanto 14: doesn't show hand
*** SUMMARY ***
Total pot $6 | Rake $0
Seat 4: Luanto 14 (button) (small blind) collected ($6)
Seat 5: bangolfaren (big blind) folded before Flop


PokerStars Hand #174050155556:  Hold'em Limit ($3/$6 USD) - 2017/08/07 17:11:20 ET
Table 'Hermentaria' 6-max Seat #5 is the button
Seat 4: Luanto 14 ($293.67 in chips)
Seat 5: bangolfaren ($19 in chips)
bangolfaren: posts small blind $1
Luanto 14: posts big blind $3
*** HOLE CARDS ***
bangolfaren: raises $3 to $6
Luanto 14: calls $3
*** FLOP *** [Qd 6s Ac]
Luanto 14: checks
bangolfaren: bets $3
Luanto 14: folds
Uncalled bet ($3) returned to bangolfaren
bangolfaren collected $11.76 from pot
bangolfaren: doesn't show hand
*** SUMMARY ***
Total pot $12 | Rake $0.24
Board [Qd 6s Ac]
Seat 4: Luanto 14 (big blind) folded on the Flop
Seat 5: bangolfaren (button) (small blind) collected ($11.76)


PokerStars Hand #174050171548:  Hold'em Limit ($3/$6 USD) - 2017/08/07 17:11:41 ET
Table 'Hermentaria' 6-max Seat #4 is the button
Seat 4: Luanto 14 ($287.67 in chips)
Seat 5: bangolfaren ($24.76 in chips)
Luanto 14: posts small blind $1
bangolfaren: posts big blind $3
*** HOLE CARDS ***
Luanto 14: raises $3 to $6
bangolfaren: calls $3
*** FLOP *** [2d 5c 4c]
bangolfaren: checks
Luanto 14: bets $3
bangolfaren: calls $3
*** TURN *** [2d 5c 4c] [Jd]
bangolfaren: checks
Luanto 14: bets $6
bangolfaren: calls $6
*** RIVER *** [2d 5c 4c Jd] [6d]
bangolfaren: checks
Luanto 14: checks
*** SHOW DOWN ***
bangolfaren: shows [Qs 3h] (a straight, Deuce to Six)
Luanto 14: mucks hand
bangolfaren collected $29.50 from pot
*** SUMMARY ***
Total pot $30 | Rake $0.50
Board [2d 5c 4c Jd 6d]
Seat 4: Luanto 14 (button) (small blind) mucked
Seat 5: bangolfaren (big blind) showed [Qs 3h] and won ($29.50) with a straight, Deuce to Six


PokerStars Hand #174050138778:  Hold'em Limit ($3/$6 USD) - 2017/08/07 17:10:59 ET
Table 'Hermentaria' 6-max Seat #4 is the button
Seat 4: Luanto 14 ($261.17 in chips)
Seat 5: bangolfaren ($52 in chips)
Luanto 14: posts small blind $1
bangolfaren: posts big blind $3
*** HOLE CARDS ***
Luanto 14: raises $3 to $6
bangolfaren: calls $3
*** FLOP *** [3s 5d Jh]
bangolfaren: checks
Luanto 14: bets $3
bangolfaren: calls $3
*** TURN *** [3s 5d Jh] [5c]
bangolfaren: checks
Luanto 14: bets $6
bangolfaren: raises $6 to $12
Luanto 14: calls $6
*** RIVER *** [3s 5d Jh 5c] [Kd]
bangolfaren: bets $6
Luanto 14: raises $6 to $12
bangolfaren: calls $6
*** SHOW DOWN ***
Luanto 14: shows [5s 4c] (three of a kind, Fives)
bangolfaren: mucks hand
Luanto 14 collected $65.50 from pot
*** SUMMARY ***
Total pot $66 | Rake $0.50
Board [3s 5d Jh 5c Kd]
Seat 4: Luanto 14 (button) (small blind) showed [5s 4c] and won ($65.50) with three of a kind, Fives
Seat 5: bangolfaren (big blind) mucked


PokerStars Hand #174050214474:  Hold'em Limit ($3/$6 USD) - 2017/08/07 17:12:36 ET
Table 'Hermentaria' 6-max Seat #5 is the button
Seat 4: Luanto 14 ($281.17 in chips)
Seat 5: bangolfaren ($30.02 in chips)
bangolfaren: posts small blind $1
Luanto 14: posts big blind $3
*** HOLE CARDS ***
bangolfaren: folds
Uncalled bet ($2) returned to Luanto 14
Luanto 14 collected $2 from pot
Luanto 14: doesn't show hand
*** SUMMARY ***
Total pot $2 | Rake $0
Seat 4: Luanto 14 (big blind) collected ($2)
Seat 5: bangolfaren (button) (small blind) folded before Flop


PokerStars Hand #174050183470:  Hold'em Limit ($3/$6 USD) - 2017/08/07 17:11:56 ET
Table 'Hermentaria' 6-max Seat #5 is the button
Seat 4: Luanto 14 ($272.67 in chips)
Seat 5: bangolfaren ($39.26 in chips)
bangolfaren: posts small blind $1
Luanto 14: posts big blind $3
*** HOLE CARDS ***
bangolfaren: raises $3 to $6
Luanto 14: calls $3
*** FLOP *** [Td Js 7d]
Luanto 14: checks
bangolfaren: bets $3
Luanto 14: folds
Uncalled bet ($3) returned to bangolfaren
bangolfaren collected $11.76 from pot
bangolfaren: doesn't show hand
*** SUMMARY ***
Total pot $12 | Rake $0.24
Board [Td Js 7d]
Seat 4: Luanto 14 (big blind) folded on the Flop
Seat 5: bangolfaren (button) (small blind) collected ($11.76)


PokerStars Hand #174050218606:  Hold'em Limit ($3/$6 USD) - 2017/08/07 17:12:41 ET
Table 'Hermentaria' 6-max Seat #4 is the button
Seat 4: Luanto 14 ($282.17 in chips)
Seat 5: bangolfaren ($29.02 in chips)
Luanto 14: posts small blind $1
bangolfaren: posts big blind $3
*** HOLE CARDS ***
Luanto 14: raises $3 to $6
bangolfaren: calls $3
*** FLOP *** [5s Th As]
bangolfaren: checks
Luanto 14: bets $3
bangolfaren: folds
Uncalled bet ($3) returned to Luanto 14
Luanto 14 collected $11.76 from pot
Luanto 14: doesn't show hand
*** SUMMARY ***
Total pot $12 | Rake $0.24
Board [5s Th As]
Seat 4: Luanto 14 (button) (small blind) collected ($11.76)
Seat 5: bangolfaren (big blind) folded on the Flop


PokerStars Hand #174050191217:  Hold'em Limit ($3/$6 USD) - 2017/08/07 17:12:06 ET
Table 'Hermentaria' 6-max Seat #4 is the button
Seat 4: Luanto 14 ($266.67 in chips)
Seat 5: bangolfaren ($45.02 in chips)
Luanto 14: posts small blind $1
bangolfaren: posts big blind $3
*** HOLE CARDS ***
Luanto 14: raises $3 to $6
bangolfaren: calls $3
*** FLOP *** [8h Tc 8s]
bangolfaren: checks
Luanto 14: bets $3
bangolfaren: calls $3
*** TURN *** [8h Tc 8s] [2s]
bangolfaren: checks
Luanto 14: bets $6
bangolfaren: calls $6
*** RIVER *** [8h Tc 8s 2s] [2d]
bangolfaren: checks
Luanto 14: bets $6
bangolfaren: folds
Uncalled bet ($6) returned to Luanto 14
Luanto 14 collected $29.50 from pot
Luanto 14: doesn't show hand
*** SUMMARY ***
Total pot $30 | Rake $0.50
Board [8h Tc 8s 2s 2d]
Seat 4: Luanto 14 (button) (small blind) collected ($29.50)
Seat 5: bangolfaren (big blind) folded on the River


PokerStars Hand #174050259480:  Hold'em Limit ($3/$6 USD) - 2017/08/07 17:13:33 ET
Table 'Hermentaria' 6-max Seat #4 is the button
Seat 4: Luanto 14 ($290.21 in chips)
Seat 5: bangolfaren ($19.52 in chips)
Luanto 14: posts small blind $1
bangolfaren: posts big blind $3
*** HOLE CARDS ***
Luanto 14: raises $3 to $6
bangolfaren: calls $3
*** FLOP *** [9s Qc 7d]
bangolfaren: checks
Luanto 14: checks
*** TURN *** [9s Qc 7d] [7s]
bangolfaren: checks
Luanto 14: bets $6
bangolfaren: calls $6
*** RIVER *** [9s Qc 7d 7s] [Tc]
titanfall23 joins the table at seat #3
bangolfaren: checks
Luanto 14: bets $6
bangolfaren: calls $6
*** SHOW DOWN ***
Luanto 14: shows [6d Jc] (a pair of Sevens)
bangolfaren: shows [5h Ac] (a pair of Sevens - Ace kicker)
bangolfaren collected $35.50 from pot
*** SUMMARY ***
Total pot $36 | Rake $0.50
Board [9s Qc 7d 7s Tc]
Seat 4: Luanto 14 (button) (small blind) showed [6d Jc] and lost with a pair of Sevens
Seat 5: bangolfaren (big blind) showed [5h Ac] and won ($35.50) with a pair of Sevens


PokerStars Hand #174050249296:  Hold'em Limit ($3/$6 USD) - 2017/08/07 17:13:20 ET
Table 'Hermentaria' 6-max Seat #5 is the button
Seat 4: Luanto 14 ($278.69 in chips)
Seat 5: bangolfaren ($31.52 in chips)
bangolfaren: posts small blind $1
Luanto 14: posts big blind $3
*** HOLE CARDS ***
bangolfaren: raises $3 to $6
Luanto 14: raises $3 to $9
bangolfaren: calls $3
*** FLOP *** [8c 5s 2c]
Luanto 14: bets $3
bangolfaren: calls $3
*** TURN *** [8c 5s 2c] [9s]
Luanto 14: bets $6
bangolfaren: folds
Uncalled bet ($6) returned to Luanto 14
Luanto 14 collected $23.52 from pot
Luanto 14: doesn't show hand
*** SUMMARY ***
Total pot $24 | Rake $0.48
Board [8c 5s 2c 9s]
Seat 4: Luanto 14 (big blind) collected ($23.52)
Seat 5: bangolfaren (button) (small blind) folded on the Turn


PokerStars Hand #174050227265:  Hold'em Limit ($3/$6 USD) - 2017/08/07 17:12:52 ET
Table 'Hermentaria' 6-max Seat #5 is the button
Seat 4: Luanto 14 ($287.93 in chips)
Seat 5: bangolfaren ($23.02 in chips)
bangolfaren: posts small blind $1
Luanto 14: posts big blind $3
*** HOLE CARDS ***
bangolfaren: raises $3 to $6
Luanto 14: calls $3
*** FLOP *** [Td 2s 8h]
Luanto 14: checks
bangolfaren: bets $3
Luanto 14: calls $3
*** TURN *** [Td 2s 8h] [8c]
Luanto 14: checks
bangolfaren: checks
*** RIVER *** [Td 2s 8h 8c] [9d]
Luanto 14: bets $6
bangolfaren: calls $6
*** SHOW DOWN ***
Luanto 14: shows [5d 7d] (a pair of Eights)
bangolfaren: shows [Ac 6c] (a pair of Eights - Ace kicker)
bangolfaren collected $29.50 from pot
*** SUMMARY ***
Total pot $30 | Rake $0.50
Board [Td 2s 8h 8c 9d]
Seat 4: Luanto 14 (big blind) showed [5d 7d] and lost with a pair of Eights
Seat 5: bangolfaren (button) (small blind) showed [Ac 6c] and won ($29.50) with a pair of Eights


PokerStars Hand #174050241317:  Hold'em Limit ($3/$6 USD) - 2017/08/07 17:13:10 ET
Table 'Hermentaria' 6-max Seat #4 is the button
Seat 4: Luanto 14 ($272.93 in chips)
Seat 5: bangolfaren ($37.52 in chips)
Luanto 14: posts small blind $1
bangolfaren: posts big blind $3
*** HOLE CARDS ***
Luanto 14: raises $3 to $6
bangolfaren: calls $3
*** FLOP *** [Kc Js 6d]
bangolfaren: checks
Luanto 14: bets $3
bangolfaren: folds
Uncalled bet ($3) returned to Luanto 14
Luanto 14 collected $11.76 from pot
Luanto 14: doesn't show hand
*** SUMMARY ***
Total pot $12 | Rake $0.24
Board [Kc Js 6d]
Seat 4: Luanto 14 (button) (small blind) collected ($11.76)
Seat 5: bangolfaren (big blind) folded on the Flop


PokerStars Hand #174050457558:  Hold'em Limit ($3/$6 USD) - 2017/08/07 17:17:49 ET
Table 'Hermentaria' 6-max Seat #5 is the button
Seat 4: Luanto 14 ($361.51 in chips)
Seat 5: bangolfaren ($15.42 in chips)
bangolfaren: posts small blind $1
Apanage: is sitting out
Luanto 14: posts big blind $3
*** HOLE CARDS ***
bangolfaren: raises $3 to $6
Luanto 14: calls $3
*** FLOP *** [Qs 7s Kh]
Luanto 14: checks
bangolfaren: bets $3
Luanto 14: folds
Uncalled bet ($3) returned to bangolfaren
bangolfaren collected $11.76 from pot
bangolfaren: doesn't show hand
*** SUMMARY ***
Total pot $12 | Rake $0.24
Board [Qs 7s Kh]
Seat 4: Luanto 14 (big blind) folded on the Flop
Seat 5: bangolfaren (button) (small blind) collected ($11.76)


PokerStars Hand #174050495409:  Hold'em Limit ($3/$6 USD) - 2017/08/07 17:18:38 ET
Table 'Hermentaria' 6-max Seat #4 is the button
Seat 4: Luanto 14 ($328.51 in chips)
Seat 5: bangolfaren ($47.44 in chips)
Luanto 14: posts small blind $1
bangolfaren: posts big blind $3
*** HOLE CARDS ***
Luanto 14: raises $3 to $6
bangolfaren: raises $3 to $9
Luanto 14: calls $3
*** FLOP *** [7d Kd 3d]
bangolfaren: bets $3
Luanto 14: raises $3 to $6
bangolfaren: folds
Uncalled bet ($3) returned to Luanto 14
Luanto 14 collected $23.52 from pot
Luanto 14: doesn't show hand
*** SUMMARY ***
Total pot $24 | Rake $0.48
Board [7d Kd 3d]
Seat 4: Luanto 14 (button) (small blind) collected ($23.52)
Seat 5: bangolfaren (big blind) folded on the Flop


PokerStars Hand #174050474493:  Hold'em Limit ($3/$6 USD) - 2017/08/07 17:18:11 ET
Table 'Hermentaria' 6-max Seat #5 is the button
Seat 4: Luanto 14 ($349.51 in chips)
Seat 5: bangolfaren ($26.94 in chips)
bangolfaren: posts small blind $1
Luanto 14: posts big blind $3
*** HOLE CARDS ***
bangolfaren: raises $3 to $6
Luanto 14: calls $3
*** FLOP *** [3s 7c 3h]
Luanto 14: checks
bangolfaren: bets $3
Luanto 14: calls $3
*** TURN *** [3s 7c 3h] [6c]
Luanto 14: checks
bangolfaren: bets $6
Luanto 14: calls $6
*** RIVER *** [3s 7c 3h 6c] [8d]
Luanto 14: checks
bangolfaren: bets $6
Luanto 14: calls $6
*** SHOW DOWN ***
bangolfaren: shows [3c Ks] (three of a kind, Threes)
Luanto 14: mucks hand
bangolfaren collected $41.50 from pot
*** SUMMARY ***
Total pot $42 | Rake $0.50
Board [3s 7c 3h 6c 8d]
Seat 4: Luanto 14 (big blind) mucked
Seat 5: bangolfaren (button) (small blind) showed [3c Ks] and won ($41.50) with three of a kind, Threes


PokerStars Hand #174050509062:  Hold'em Limit ($3/$6 USD) - 2017/08/07 17:18:56 ET
Table 'Hermentaria' 6-max Seat #4 is the button
Seat 4: Luanto 14 ($341.03 in chips)
Seat 5: bangolfaren ($34.44 in chips)
Luanto 14: posts small blind $1
bangolfaren: posts big blind $3
*** HOLE CARDS ***
Luanto 14: folds
Uncalled bet ($2) returned to bangolfaren
bangolfaren collected $2 from pot
bangolfaren: doesn't show hand
*** SUMMARY ***
Total pot $2 | Rake $0
Seat 4: Luanto 14 (button) (small blind) folded before Flop
Seat 5: bangolfaren (big blind) collected ($2)


PokerStars Hand #174050505493:  Hold'em Limit ($3/$6 USD) - 2017/08/07 17:18:52 ET
Table 'Hermentaria' 6-max Seat #5 is the button
Seat 4: Luanto 14 ($340.03 in chips)
Seat 5: bangolfaren ($35.44 in chips)
NewRocker joins the table at seat #6
bangolfaren: posts small blind $1
Luanto 14: posts big blind $3
*** HOLE CARDS ***
bangolfaren: folds
Uncalled bet ($2) returned to Luanto 14
Luanto 14 collected $2 from pot
Luanto 14: doesn't show hand
*** SUMMARY ***
Total pot $2 | Rake $0
Seat 4: Luanto 14 (big blind) collected ($2)
Seat 5: bangolfaren (button) (small blind) folded before Flop


PokerStars Hand #174050466112:  Hold'em Limit ($3/$6 USD) - 2017/08/07 17:18:00 ET
Table 'Hermentaria' 6-max Seat #4 is the button
Seat 4: Luanto 14 ($355.51 in chips)
Seat 5: bangolfaren ($21.18 in chips)
Luanto 14: posts small blind $1
bangolfaren: posts big blind $3
*** HOLE CARDS ***
Luanto 14: raises $3 to $6
Apanage leaves the table
bangolfaren: calls $3
*** FLOP *** [2s 5d Kd]
bangolfaren: bets $3
Luanto 14: folds
Uncalled bet ($3) returned to bangolfaren
bangolfaren collected $11.76 from pot
bangolfaren: doesn't show hand
*** SUMMARY ***
Total pot $12 | Rake $0.24
Board [2s 5d Kd]
Seat 4: Luanto 14 (button) (small blind) folded on the Flop
Seat 5: bangolfaren (big blind) collected ($11.76)


PokerStars Hand #174053063150:  Hold'em Limit ($3/$6 USD) - 2017/08/07 18:18:42 ET
Table 'Hermentaria' 6-max Seat #3 is the button
Seat 2: 1981mariak ($50.03 in chips)
Seat 3: ToDaFelt ($191.72 in chips)
ToDaFelt: posts small blind $1
1981mariak: posts big blind $3
*** HOLE CARDS ***
ToDaFelt: raises $3 to $6
1981mariak: folds
Uncalled bet ($3) returned to ToDaFelt
ToDaFelt collected $6 from pot
ToDaFelt: doesn't show hand
*** SUMMARY ***
Total pot $6 | Rake $0
Seat 2: 1981mariak (big blind) folded before Flop
Seat 3: ToDaFelt (button) (small blind) collected ($6)


