PokerStars Hand #168113019157:  Hold'em Limit ($3/$6 USD) - 2017/03/25 19:55:45 ET
Table 'Hermentaria' 6-max Seat #4 is the button
Seat 4: FHstyles ($61 in chips)
Seat 6: 19woody58 ($119 in chips)
FHstyles: posts small blind $1
19woody58: posts big blind $3
*** HOLE CARDS ***
FHstyles: raises $3 to $6
19woody58: folds
Uncalled bet ($3) returned to FHstyles
FHstyles collected $6 from pot
FHstyles: doesn't show hand
*** SUMMARY ***
Total pot $6 | Rake $0
Seat 4: FHstyles (button) (small blind) collected ($6)
Seat 6: 19woody58 (big blind) folded before Flop


PokerStars Hand #168113015030:  Hold'em Limit ($3/$6 USD) - 2017/03/25 19:55:37 ET
Table 'Hermentaria' 6-max Seat #6 is the button
Seat 4: FHstyles ($60 in chips)
Seat 6: 19woody58 ($120 in chips)
19woody58: posts small blind $1
FHstyles: posts big blind $3
*** HOLE CARDS ***
19woody58: folds
Uncalled bet ($2) returned to FHstyles
FHstyles collected $2 from pot
FHstyles: doesn't show hand
*** SUMMARY ***
Total pot $2 | Rake $0
Seat 4: FHstyles (big blind) collected ($2)
Seat 6: 19woody58 (button) (small blind) folded before Flop


PokerStars Hand #168113022167:  Hold'em Limit ($3/$6 USD) - 2017/03/25 19:55:51 ET
Table 'Hermentaria' 6-max Seat #6 is the button
Seat 4: FHstyles ($64 in chips)
Seat 6: 19woody58 ($116 in chips)
19woody58: posts small blind $1
FHstyles: posts big blind $3
*** HOLE CARDS ***
19woody58: raises $3 to $6
FHstyles: calls $3
*** FLOP *** [5h 6s 3h]
FHstyles: checks
19woody58: checks
*** TURN *** [5h 6s 3h] [Js]
FHstyles: checks
19woody58: bets $6
FHstyles: folds
Uncalled bet ($6) returned to 19woody58
19woody58 collected $11.76 from pot
*** SUMMARY ***
Total pot $12 | Rake $0.24
Board [5h 6s 3h Js]
Seat 4: FHstyles (big blind) folded on the Turn
Seat 6: 19woody58 (button) (small blind) collected ($11.76)


PokerStars Hand #168113029908:  Hold'em Limit ($3/$6 USD) - 2017/03/25 19:56:06 ET
Table 'Hermentaria' 6-max Seat #4 is the button
Seat 4: FHstyles ($58 in chips)
Seat 6: 19woody58 ($121.76 in chips)
FHstyles: posts small blind $1
19woody58: posts big blind $3
*** HOLE CARDS ***
FHstyles: raises $3 to $6
19woody58: calls $3
*** FLOP *** [2d 2h 3d]
GRAILKO joins the table at seat #1
19woody58: checks
FHstyles: bets $3
19woody58: calls $3
*** TURN *** [2d 2h 3d] [Qc]
19woody58: checks
FHstyles: bets $6
19woody58: calls $6
*** RIVER *** [2d 2h 3d Qc] [Kc]
19woody58: checks
FHstyles: checks
*** SHOW DOWN ***
19woody58: shows [4h 5h] (a pair of Deuces)
FHstyles: shows [5s Ac] (a pair of Deuces - Ace kicker)
FHstyles collected $29.50 from pot
*** SUMMARY ***
Total pot $30 | Rake $0.50
Board [2d 2h 3d Qc Kc]
Seat 4: FHstyles (button) (small blind) showed [5s Ac] and won ($29.50) with a pair of Deuces
Seat 6: 19woody58 (big blind) showed [4h 5h] and lost with a pair of Deuces


PokerStars Hand #168113074818:  Hold'em Limit ($3/$6 USD) - 2017/03/25 19:57:32 ET
Table 'Hermentaria' 6-max Seat #1 is the button
Seat 1: GRAILKO ($322 in chips)
Seat 6: 19woody58 ($151.55 in chips)
GRAILKO: posts small blind $1
19woody58: posts big blind $3
*** HOLE CARDS ***
GRAILKO: raises $3 to $6
19woody58: calls $3
*** FLOP *** [Qh Qd Ks]
19woody58: checks
GRAILKO: bets $3
19woody58: folds
Uncalled bet ($3) returned to GRAILKO
GRAILKO collected $11.76 from pot
GRAILKO: doesn't show hand
*** SUMMARY ***
Total pot $12 | Rake $0.24
Board [Qh Qd Ks]
Seat 1: GRAILKO (button) (small blind) collected ($11.76)
Seat 6: 19woody58 (big blind) folded on the Flop


PokerStars Hand #168113072083:  Hold'em Limit ($3/$6 USD) - 2017/03/25 19:57:27 ET
Table 'Hermentaria' 6-max Seat #6 is the button
Seat 1: GRAILKO ($321 in chips)
Seat 6: 19woody58 ($152.55 in chips)
19woody58: posts small blind $1
GRAILKO: posts big blind $3
*** HOLE CARDS ***
19woody58: folds
Uncalled bet ($2) returned to GRAILKO
GRAILKO collected $2 from pot
GRAILKO: doesn't show hand
*** SUMMARY ***
Total pot $2 | Rake $0
Seat 1: GRAILKO (big blind) collected ($2)
Seat 6: 19woody58 (button) (small blind) folded before Flop


PokerStars Hand #168113059994:  Hold'em Limit ($3/$6 USD) - 2017/03/25 19:57:03 ET
Table 'Hermentaria' 6-max Seat #1 is the button
Seat 1: GRAILKO ($336 in chips)
Seat 6: 19woody58 ($138.05 in chips)
GRAILKO: posts small blind $1
FHstyles: is sitting out
19woody58: posts big blind $3
*** HOLE CARDS ***
GRAILKO: raises $3 to $6
FHstyles leaves the table
19woody58: calls $3
*** FLOP *** [As 9s 5s]
19woody58: checks
GRAILKO: bets $3
19woody58: calls $3
*** TURN *** [As 9s 5s] [Qh]
19woody58: checks
GRAILKO: bets $6
19woody58: calls $6
*** RIVER *** [As 9s 5s Qh] [8s]
19woody58: checks
GRAILKO: checks
*** SHOW DOWN ***
19woody58: shows [9c Js] (a flush, Ace high)
GRAILKO: mucks hand
19woody58 collected $29.50 from pot
*** SUMMARY ***
Total pot $30 | Rake $0.50
Board [As 9s 5s Qh 8s]
Seat 1: GRAILKO (button) (small blind) mucked
Seat 6: 19woody58 (big blind) showed [9c Js] and won ($29.50) with a flush, Ace high


PokerStars Hand #168113092830:  Hold'em Limit ($3/$6 USD) - 2017/03/25 19:58:06 ET
Table 'Hermentaria' 6-max Seat #1 is the button
Seat 1: GRAILKO ($303.76 in chips)
Seat 6: 19woody58 ($169.05 in chips)
GRAILKO: posts small blind $1
19woody58: posts big blind $3
*** HOLE CARDS ***
GRAILKO: raises $3 to $6
19woody58: folds
Uncalled bet ($3) returned to GRAILKO
GRAILKO collected $6 from pot
GRAILKO: doesn't show hand
*** SUMMARY ***
Total pot $6 | Rake $0
Seat 1: GRAILKO (button) (small blind) collected ($6)
Seat 6: 19woody58 (big blind) folded before Flop


PokerStars Hand #168113082062:  Hold'em Limit ($3/$6 USD) - 2017/03/25 19:57:46 ET
Table 'Hermentaria' 6-max Seat #6 is the button
Seat 1: GRAILKO ($327.76 in chips)
Seat 6: 19woody58 ($145.55 in chips)
19woody58: posts small blind $1
GRAILKO: posts big blind $3
*** HOLE CARDS ***
19woody58: raises $3 to $6
GRAILKO: raises $3 to $9
19woody58: calls $3
*** FLOP *** [Jd 6s 2c]
GRAILKO: bets $3
19woody58: calls $3
*** TURN *** [Jd 6s 2c] [8c]
GRAILKO: bets $6
19woody58: calls $6
*** RIVER *** [Jd 6s 2c 8c] [Ah]
GRAILKO: bets $6
19woody58: calls $6
*** SHOW DOWN ***
GRAILKO: shows [Ts Th] (a pair of Tens)
19woody58: shows [9s Ad] (a pair of Aces)
19woody58 collected $47.50 from pot
*** SUMMARY ***
Total pot $48 | Rake $0.50
Board [Jd 6s 2c 8c Ah]
Seat 1: GRAILKO (big blind) showed [Ts Th] and lost with a pair of Tens
Seat 6: 19woody58 (button) (small blind) showed [9s Ad] and won ($47.50) with a pair of Aces


PokerStars Hand #168113099258:  Hold'em Limit ($3/$6 USD) - 2017/03/25 19:58:18 ET
Table 'Hermentaria' 6-max Seat #1 is the button
Seat 1: GRAILKO ($307.76 in chips)
Seat 6: 19woody58 ($165.05 in chips)
GRAILKO: posts small blind $1
19woody58: posts big blind $3
*** HOLE CARDS ***
GRAILKO: raises $3 to $6
19woody58: folds
Uncalled bet ($3) returned to GRAILKO
GRAILKO collected $6 from pot
GRAILKO: doesn't show hand
*** SUMMARY ***
Total pot $6 | Rake $0
Seat 1: GRAILKO (button) (small blind) collected ($6)
Seat 6: 19woody58 (big blind) folded before Flop


PokerStars Hand #168113096275:  Hold'em Limit ($3/$6 USD) - 2017/03/25 19:58:12 ET
Table 'Hermentaria' 6-max Seat #6 is the button
Seat 1: GRAILKO ($306.76 in chips)
Seat 6: 19woody58 ($166.05 in chips)
19woody58: posts small blind $1
GRAILKO: posts big blind $3
*** HOLE CARDS ***
19woody58: folds
Uncalled bet ($2) returned to GRAILKO
GRAILKO collected $2 from pot
GRAILKO: doesn't show hand
*** SUMMARY ***
Total pot $2 | Rake $0
Seat 1: GRAILKO (big blind) collected ($2)
Seat 6: 19woody58 (button) (small blind) folded before Flop


PokerStars Hand #168113119179:  Hold'em Limit ($3/$6 USD) - 2017/03/25 19:58:56 ET
Table 'Hermentaria' 6-max Seat #1 is the button
Seat 1: GRAILKO ($334.26 in chips)
Seat 6: 19woody58 ($138.05 in chips)
GRAILKO: posts small blind $1
19woody58: posts big blind $3
*** HOLE CARDS ***
GRAILKO: raises $3 to $6
19woody58: folds
Uncalled bet ($3) returned to GRAILKO
GRAILKO collected $6 from pot
GRAILKO: doesn't show hand
*** SUMMARY ***
Total pot $6 | Rake $0
Seat 1: GRAILKO (button) (small blind) collected ($6)
Seat 6: 19woody58 (big blind) folded before Flop


PokerStars Hand #168113103131:  Hold'em Limit ($3/$6 USD) - 2017/03/25 19:58:26 ET
Table 'Hermentaria' 6-max Seat #6 is the button
Seat 1: GRAILKO ($310.76 in chips)
Seat 6: 19woody58 ($162.05 in chips)
19woody58: posts small blind $1
GRAILKO: posts big blind $3
*** HOLE CARDS ***
19woody58: raises $3 to $6
GRAILKO: calls $3
*** FLOP *** [6h 9c Js]
GRAILKO: checks
19woody58: bets $3
GRAILKO: raises $3 to $6
19woody58: calls $3
*** TURN *** [6h 9c Js] [7h]
GRAILKO: bets $6
19woody58: calls $6
*** RIVER *** [6h 9c Js 7h] [Qs]
GRAILKO: bets $6
19woody58: calls $6
*** SHOW DOWN ***
GRAILKO: shows [Jd 8c] (a pair of Jacks)
19woody58: mucks hand
GRAILKO collected $47.50 from pot
*** SUMMARY ***
Total pot $48 | Rake $0.50
Board [6h 9c Js 7h Qs]
Seat 1: GRAILKO (big blind) showed [Jd 8c] and won ($47.50) with a pair of Jacks
Seat 6: 19woody58 (button) (small blind) mucked


PokerStars Hand #168113122715:  Hold'em Limit ($3/$6 USD) - 2017/03/25 19:59:03 ET
Table 'Hermentaria' 6-max Seat #6 is the button
Seat 1: GRAILKO ($337.26 in chips)
Seat 6: 19woody58 ($135.05 in chips)
19woody58: posts small blind $1
GRAILKO: posts big blind $3
*** HOLE CARDS ***
19woody58: raises $3 to $6
GRAILKO: folds
Uncalled bet ($3) returned to 19woody58
19woody58 collected $6 from pot
*** SUMMARY ***
Total pot $6 | Rake $0
Seat 1: GRAILKO (big blind) folded before Flop
Seat 6: 19woody58 (button) (small blind) collected ($6)


