PokerStars Hand #145752590462:  Hold'em Limit ($3/$6 USD) - 2015/12/22 14:24:09 ET
Table 'Hermia' 2-max Seat #1 is the button
Seat 1: SmellyToes4u ($335.63 in chips)
Seat 2: simper11 ($175.68 in chips)
SmellyToes4u: posts small blind $1
simper11: posts big blind $3
*** HOLE CARDS ***
SmellyToes4u: raises $3 to $6
simper11: calls $3
*** FLOP *** [8s Jc 9h]
simper11: checks
SmellyToes4u: bets $3
simper11: folds
Uncalled bet ($3) returned to SmellyToes4u
SmellyToes4u collected $11.76 from pot
SmellyToes4u: doesn't show hand
*** SUMMARY ***
Total pot $12 | Rake $0.24
Board [8s Jc 9h]
Seat 1: SmellyToes4u (button) (small blind) collected ($11.76)
Seat 2: simper11 (big blind) folded on the Flop


PokerStars Hand #145752562439:  Hold'em Limit ($3/$6 USD) - 2015/12/22 14:23:40 ET
Table 'Hermia' 2-max Seat #2 is the button
Seat 1: SmellyToes4u ($362.63 in chips)
Seat 2: simper11 ($149.18 in chips)
simper11: posts small blind $1
SmellyToes4u: posts big blind $3
*** HOLE CARDS ***
simper11: raises $3 to $6
SmellyToes4u: raises $3 to $9
simper11: calls $3
*** FLOP *** [2c 5c 6d]
SmellyToes4u: bets $3
simper11: raises $3 to $6
SmellyToes4u: calls $3
*** TURN *** [2c 5c 6d] [5s]
SmellyToes4u: checks
simper11: bets $6
SmellyToes4u: calls $6
*** RIVER *** [2c 5c 6d 5s] [6h]
SmellyToes4u: checks
simper11: bets $6
SmellyToes4u: calls $6
*** SHOW DOWN ***
simper11: shows [6c Qs] (a full house, Sixes full of Fives)
SmellyToes4u: mucks hand
simper11 collected $53.50 from pot
*** SUMMARY ***
Total pot $54 | Rake $0.50
Board [2c 5c 6d 5s 6h]
Seat 1: SmellyToes4u (big blind) mucked
Seat 2: simper11 (button) (small blind) showed [6c Qs] and won ($53.50) with a full house, Sixes full of Fives


PokerStars Hand #145752544118:  Hold'em Limit ($3/$6 USD) - 2015/12/22 14:23:22 ET
Table 'Hermia' 2-max Seat #1 is the button
Seat 1: SmellyToes4u ($389.63 in chips)
Seat 2: simper11 ($122.68 in chips)
SmellyToes4u: posts small blind $1
simper11: posts big blind $3
*** HOLE CARDS ***
SmellyToes4u: raises $3 to $6
simper11: calls $3
*** FLOP *** [6s 2c Jd]
simper11: checks
SmellyToes4u: bets $3
simper11: calls $3
*** TURN *** [6s 2c Jd] [Jc]
simper11: checks
SmellyToes4u: bets $6
simper11: raises $6 to $12
SmellyToes4u: calls $6
*** RIVER *** [6s 2c Jd Jc] [8d]
simper11: bets $6
SmellyToes4u: calls $6
*** SHOW DOWN ***
simper11: shows [Js 3c] (three of a kind, Jacks)
SmellyToes4u: mucks hand
simper11 collected $53.50 from pot
*** SUMMARY ***
Total pot $54 | Rake $0.50
Board [6s 2c Jd Jc 8d]
Seat 1: SmellyToes4u (button) (small blind) mucked
Seat 2: simper11 (big blind) showed [Js 3c] and won ($53.50) with three of a kind, Jacks


PokerStars Hand #145752642111:  Hold'em Limit ($3/$6 USD) - 2015/12/22 14:25:01 ET
Table 'Hermia' 2-max Seat #1 is the button
Seat 1: SmellyToes4u ($311.39 in chips)
Seat 2: simper11 ($199.18 in chips)
SmellyToes4u: posts small blind $1
simper11: posts big blind $3
*** HOLE CARDS ***
SmellyToes4u: raises $3 to $6
simper11: calls $3
*** FLOP *** [9h 8d 5s]
simper11: checks
SmellyToes4u: checks
*** TURN *** [9h 8d 5s] [5h]
simper11: bets $6
SmellyToes4u: folds
Uncalled bet ($6) returned to simper11
simper11 collected $11.76 from pot
simper11: doesn't show hand
*** SUMMARY ***
Total pot $12 | Rake $0.24
Board [9h 8d 5s 5h]
Seat 1: SmellyToes4u (button) (small blind) folded on the Turn
Seat 2: simper11 (big blind) collected ($11.76)


PokerStars Hand #145752610649:  Hold'em Limit ($3/$6 USD) - 2015/12/22 14:24:29 ET
Table 'Hermia' 2-max Seat #2 is the button
Seat 1: SmellyToes4u ($341.39 in chips)
Seat 2: simper11 ($169.68 in chips)
simper11: posts small blind $1
SmellyToes4u: posts big blind $3
*** HOLE CARDS ***
simper11: raises $3 to $6
SmellyToes4u: raises $3 to $9
simper11: calls $3
*** FLOP *** [6c Jd Ts]
SmellyToes4u: bets $3
simper11: calls $3
*** TURN *** [6c Jd Ts] [Ac]
SmellyToes4u: bets $6
simper11: raises $6 to $12
SmellyToes4u: calls $6
*** RIVER *** [6c Jd Ts Ac] [3h]
SmellyToes4u: checks
simper11: bets $6
SmellyToes4u: calls $6
*** SHOW DOWN ***
simper11: shows [Jc Ah] (two pair, Aces and Jacks)
SmellyToes4u: mucks hand
simper11 collected $59.50 from pot
*** SUMMARY ***
Total pot $60 | Rake $0.50
Board [6c Jd Ts Ac 3h]
Seat 1: SmellyToes4u (big blind) mucked
Seat 2: simper11 (button) (small blind) showed [Jc Ah] and won ($59.50) with two pair, Aces and Jacks


PokerStars Hand #145752690268:  Hold'em Limit ($3/$6 USD) - 2015/12/22 14:25:50 ET
Table 'Hermia' 2-max Seat #2 is the button
Seat 1: SmellyToes4u ($310.15 in chips)
Seat 2: simper11 ($199.94 in chips)
simper11: posts small blind $1
SmellyToes4u: posts big blind $3
*** HOLE CARDS ***
simper11: raises $3 to $6
SmellyToes4u: calls $3
*** FLOP *** [8d 4c 4h]
SmellyToes4u: checks
simper11: checks
*** TURN *** [8d 4c 4h] [Qh]
SmellyToes4u: bets $6
simper11: folds
Uncalled bet ($6) returned to SmellyToes4u
SmellyToes4u collected $11.76 from pot
SmellyToes4u: doesn't show hand
*** SUMMARY ***
Total pot $12 | Rake $0.24
Board [8d 4c 4h Qh]
Seat 1: SmellyToes4u (big blind) collected ($11.76)
Seat 2: simper11 (button) (small blind) folded on the Turn


PokerStars Hand #145752665987:  Hold'em Limit ($3/$6 USD) - 2015/12/22 14:25:25 ET
Table 'Hermia' 2-max Seat #2 is the button
Seat 1: SmellyToes4u ($305.39 in chips)
Seat 2: simper11 ($204.94 in chips)
simper11: posts small blind $1
SmellyToes4u: posts big blind $3
*** HOLE CARDS ***
simper11: raises $3 to $6
SmellyToes4u: calls $3
*** FLOP *** [3c 9h Ac]
SmellyToes4u: checks
simper11: checks
*** TURN *** [3c 9h Ac] [2s]
SmellyToes4u: bets $6
simper11: folds
Uncalled bet ($6) returned to SmellyToes4u
SmellyToes4u collected $11.76 from pot
SmellyToes4u: doesn't show hand
*** SUMMARY ***
Total pot $12 | Rake $0.24
Board [3c 9h Ac 2s]
Seat 1: SmellyToes4u (big blind) collected ($11.76)
Seat 2: simper11 (button) (small blind) folded on the Turn


PokerStars Hand #145753887855:  Hold'em Limit ($3/$6 USD) - 2015/12/22 14:45:55 ET
Table 'Hermia' 2-max Seat #1 is the button
Seat 1: SmellyToes4u ($315.91 in chips)
Seat 2: simper11 ($193.94 in chips)
SmellyToes4u: posts small blind $1
simper11: posts big blind $3
*** HOLE CARDS ***
SmellyToes4u: folds
Uncalled bet ($2) returned to simper11
simper11 collected $2 from pot
simper11: doesn't show hand
*** SUMMARY ***
Total pot $2 | Rake $0
Seat 1: SmellyToes4u (button) (small blind) folded before Flop
Seat 2: simper11 (big blind) collected ($2)


PokerStars Hand #145753903257:  Hold'em Limit ($3/$6 USD) - 2015/12/22 14:46:10 ET
Table 'Hermia' 2-max Seat #2 is the button
Seat 1: SmellyToes4u ($314.91 in chips)
Seat 2: simper11 ($194.94 in chips)
simper11: posts small blind $1
SmellyToes4u: posts big blind $3
*** HOLE CARDS ***
simper11: raises $3 to $6
SmellyToes4u: folds
Uncalled bet ($3) returned to simper11
simper11 collected $6 from pot
simper11: doesn't show hand
*** SUMMARY ***
Total pot $6 | Rake $0
Seat 1: SmellyToes4u (big blind) folded before Flop
Seat 2: simper11 (button) (small blind) collected ($6)


PokerStars Hand #145753914183:  Hold'em Limit ($3/$6 USD) - 2015/12/22 14:46:21 ET
Table 'Hermia' 2-max Seat #1 is the button
Seat 1: SmellyToes4u ($311.91 in chips)
Seat 2: simper11 ($197.94 in chips)
SmellyToes4u: posts small blind $1
simper11: posts big blind $3
*** HOLE CARDS ***
SmellyToes4u: raises $3 to $6
simper11: raises $3 to $9
SmellyToes4u: calls $3
*** FLOP *** [8c Kc Kh]
simper11: bets $3
SmellyToes4u: calls $3
*** TURN *** [8c Kc Kh] [3h]
simper11: bets $6
SmellyToes4u: folds
Uncalled bet ($6) returned to simper11
simper11 collected $23.52 from pot
simper11: doesn't show hand
*** SUMMARY ***
Total pot $24 | Rake $0.48
Board [8c Kc Kh 3h]
Seat 1: SmellyToes4u (button) (small blind) folded on the Turn
Seat 2: simper11 (big blind) collected ($23.52)


PokerStars Hand #145753934215:  Hold'em Limit ($3/$6 USD) - 2015/12/22 14:46:41 ET
Table 'Hermia' 2-max Seat #2 is the button
Seat 1: SmellyToes4u ($299.91 in chips)
Seat 2: simper11 ($209.46 in chips)
simper11: posts small blind $1
SmellyToes4u: posts big blind $3
*** HOLE CARDS ***
simper11: raises $3 to $6
SmellyToes4u: calls $3
*** FLOP *** [3h 4h Qs]
SmellyToes4u: checks
simper11: checks
*** TURN *** [3h 4h Qs] [7s]
SmellyToes4u: bets $6
simper11: folds
Uncalled bet ($6) returned to SmellyToes4u
SmellyToes4u collected $11.76 from pot
SmellyToes4u: doesn't show hand
*** SUMMARY ***
Total pot $12 | Rake $0.24
Board [3h 4h Qs 7s]
Seat 1: SmellyToes4u (big blind) collected ($11.76)
Seat 2: simper11 (button) (small blind) folded on the Turn


PokerStars Hand #145753967743:  Hold'em Limit ($3/$6 USD) - 2015/12/22 14:47:14 ET
Table 'Hermia' 2-max Seat #1 is the button
Seat 1: SmellyToes4u ($305.67 in chips)
Seat 2: simper11 ($203.46 in chips)
SmellyToes4u: posts small blind $1
simper11: posts big blind $3
*** HOLE CARDS ***
SmellyToes4u: folds
Uncalled bet ($2) returned to simper11
simper11 collected $2 from pot
simper11: doesn't show hand
*** SUMMARY ***
Total pot $2 | Rake $0
Seat 1: SmellyToes4u (button) (small blind) folded before Flop
Seat 2: simper11 (big blind) collected ($2)


PokerStars Hand #145753973383:  Hold'em Limit ($3/$6 USD) - 2015/12/22 14:47:20 ET
Table 'Hermia' 2-max Seat #2 is the button
Seat 1: SmellyToes4u ($304.67 in chips)
Seat 2: simper11 ($204.46 in chips)
simper11: posts small blind $1
SmellyToes4u: posts big blind $3
*** HOLE CARDS ***
simper11: raises $3 to $6
SmellyToes4u: calls $3
*** FLOP *** [Qd 5h 4h]
SmellyToes4u: checks
simper11: bets $3
SmellyToes4u: folds
Uncalled bet ($3) returned to simper11
simper11 collected $11.76 from pot
simper11: doesn't show hand
*** SUMMARY ***
Total pot $12 | Rake $0.24
Board [Qd 5h 4h]
Seat 1: SmellyToes4u (big blind) folded on the Flop
Seat 2: simper11 (button) (small blind) collected ($11.76)


PokerStars Hand #145754000706:  Hold'em Limit ($3/$6 USD) - 2015/12/22 14:47:47 ET
Table 'Hermia' 2-max Seat #1 is the button
Seat 1: SmellyToes4u ($298.67 in chips)
Seat 2: simper11 ($210.22 in chips)
SmellyToes4u: posts small blind $1
simper11: posts big blind $3
*** HOLE CARDS ***
SmellyToes4u: raises $3 to $6
simper11: calls $3
*** FLOP *** [As 6d Th]
simper11: checks
SmellyToes4u: checks
*** TURN *** [As 6d Th] [5c]
simper11: checks
SmellyToes4u: bets $6
simper11: calls $6
*** RIVER *** [As 6d Th 5c] [9s]
simper11: checks
SmellyToes4u: bets $6
simper11: folds
Uncalled bet ($6) returned to SmellyToes4u
SmellyToes4u collected $23.52 from pot
SmellyToes4u: doesn't show hand
*** SUMMARY ***
Total pot $24 | Rake $0.48
Board [As 6d Th 5c 9s]
Seat 1: SmellyToes4u (button) (small blind) collected ($23.52)
Seat 2: simper11 (big blind) folded on the River


