PokerStars Hand #168113151887:  Hold'em Limit ($3/$6 USD) - 2017/03/25 19:59:58 ET
Table 'Hermentaria' 6-max Seat #6 is the button
Seat 1: GRAILKO ($342.90 in chips)
Seat 6: 19woody58 ($129.05 in chips)
19woody58: posts small blind $1
GRAILKO: posts big blind $3
*** HOLE CARDS ***
19woody58: folds
Uncalled bet ($2) returned to GRAILKO
GRAILKO collected $2 from pot
GRAILKO: doesn't show hand
*** SUMMARY ***
Total pot $2 | Rake $0
Seat 1: GRAILKO (big blind) collected ($2)
Seat 6: 19woody58 (button) (small blind) folded before Flop


PokerStars Hand #168113140818:  Hold'em Limit ($3/$6 USD) - 2017/03/25 19:59:37 ET
Table 'Hermentaria' 6-max Seat #1 is the button
Seat 1: GRAILKO ($334.26 in chips)
Seat 6: 19woody58 ($138.05 in chips)
GRAILKO: posts small blind $1
19woody58: posts big blind $3
*** HOLE CARDS ***
GRAILKO: raises $3 to $6
19woody58: calls $3
*** FLOP *** [Kh 3c 7h]
19woody58: checks
GRAILKO: bets $3
19woody58: calls $3
*** TURN *** [Kh 3c 7h] [7s]
19woody58: checks
GRAILKO: checks
*** RIVER *** [Kh 3c 7h 7s] [Ad]
19woody58: checks
GRAILKO: checks
*** SHOW DOWN ***
19woody58: shows [8d 9c] (a pair of Sevens)
GRAILKO: shows [Jc 4s] (a pair of Sevens - Ace+King+Jack kicker)
GRAILKO collected $17.64 from pot
*** SUMMARY ***
Total pot $18 | Rake $0.36
Board [Kh 3c 7h 7s Ad]
Seat 1: GRAILKO (button) (small blind) showed [Jc 4s] and won ($17.64) with a pair of Sevens
Seat 6: 19woody58 (big blind) showed [8d 9c] and lost with a pair of Sevens


PokerStars Hand #168113137232:  Hold'em Limit ($3/$6 USD) - 2017/03/25 19:59:30 ET
Table 'Hermentaria' 6-max Seat #6 is the button
Seat 1: GRAILKO ($337.26 in chips)
Seat 6: 19woody58 ($135.05 in chips)
19woody58: posts small blind $1
GRAILKO: posts big blind $3
*** HOLE CARDS ***
19woody58: raises $3 to $6
GRAILKO: folds
Uncalled bet ($3) returned to 19woody58
19woody58 collected $6 from pot
*** SUMMARY ***
Total pot $6 | Rake $0
Seat 1: GRAILKO (big blind) folded before Flop
Seat 6: 19woody58 (button) (small blind) collected ($6)


PokerStars Hand #168113133008:  Hold'em Limit ($3/$6 USD) - 2017/03/25 19:59:22 ET
Table 'Hermentaria' 6-max Seat #1 is the button
Seat 1: GRAILKO ($334.26 in chips)
Seat 6: 19woody58 ($138.05 in chips)
GRAILKO: posts small blind $1
19woody58: posts big blind $3
*** HOLE CARDS ***
GRAILKO: raises $3 to $6
19woody58: folds
Uncalled bet ($3) returned to GRAILKO
GRAILKO collected $6 from pot
GRAILKO: doesn't show hand
*** SUMMARY ***
Total pot $6 | Rake $0
Seat 1: GRAILKO (button) (small blind) collected ($6)
Seat 6: 19woody58 (big blind) folded before Flop


PokerStars Hand #168113129343:  Hold'em Limit ($3/$6 USD) - 2017/03/25 19:59:15 ET
Table 'Hermentaria' 6-max Seat #6 is the button
Seat 1: GRAILKO ($337.26 in chips)
Seat 6: 19woody58 ($135.05 in chips)
19woody58: posts small blind $1
GRAILKO: posts big blind $3
*** HOLE CARDS ***
19woody58: raises $3 to $6
GRAILKO: folds
Uncalled bet ($3) returned to 19woody58
19woody58 collected $6 from pot
*** SUMMARY ***
Total pot $6 | Rake $0
Seat 1: GRAILKO (big blind) folded before Flop
Seat 6: 19woody58 (button) (small blind) collected ($6)


PokerStars Hand #168113126444:  Hold'em Limit ($3/$6 USD) - 2017/03/25 19:59:10 ET
Table 'Hermentaria' 6-max Seat #1 is the button
Seat 1: GRAILKO ($334.26 in chips)
Seat 6: 19woody58 ($138.05 in chips)
GRAILKO: posts small blind $1
19woody58: posts big blind $3
*** HOLE CARDS ***
GRAILKO: raises $3 to $6
19woody58: folds
Uncalled bet ($3) returned to GRAILKO
GRAILKO collected $6 from pot
GRAILKO: doesn't show hand
*** SUMMARY ***
Total pot $6 | Rake $0
Seat 1: GRAILKO (button) (small blind) collected ($6)
Seat 6: 19woody58 (big blind) folded before Flop


PokerStars Hand #168113182234:  Hold'em Limit ($3/$6 USD) - 2017/03/25 20:00:52 ET
Table 'Hermentaria' 6-max Seat #6 is the button
Seat 1: GRAILKO ($309.90 in chips)
Seat 6: 19woody58 ($161.19 in chips)
19woody58: posts small blind $1
GRAILKO: posts big blind $3
*** HOLE CARDS ***
19woody58: raises $3 to $6
GRAILKO: raises $3 to $9
19woody58: calls $3
*** FLOP *** [6d Ah 3s]
GRAILKO: bets $3
19woody58: folds
Uncalled bet ($3) returned to GRAILKO
GRAILKO collected $17.64 from pot
GRAILKO: doesn't show hand
*** SUMMARY ***
Total pot $18 | Rake $0.36
Board [6d Ah 3s]
Seat 1: GRAILKO (big blind) collected ($17.64)
Seat 6: 19woody58 (button) (small blind) folded on the Flop


PokerStars Hand #168113179564:  Hold'em Limit ($3/$6 USD) - 2017/03/25 20:00:47 ET
Table 'Hermentaria' 6-max Seat #1 is the button
Seat 1: GRAILKO ($310.90 in chips)
Seat 6: 19woody58 ($160.19 in chips)
GRAILKO: posts small blind $1
19woody58: posts big blind $3
Brama Br joins the table at seat #5
*** HOLE CARDS ***
GRAILKO: folds
Uncalled bet ($2) returned to 19woody58
19woody58 collected $2 from pot
*** SUMMARY ***
Total pot $2 | Rake $0
Seat 1: GRAILKO (button) (small blind) folded before Flop
Seat 6: 19woody58 (big blind) collected ($2)


PokerStars Hand #168113167451:  Hold'em Limit ($3/$6 USD) - 2017/03/25 20:00:26 ET
Table 'Hermentaria' 6-max Seat #6 is the button
Seat 1: GRAILKO ($334.90 in chips)
Seat 6: 19woody58 ($136.69 in chips)
19woody58: posts small blind $1
GRAILKO: posts big blind $3
*** HOLE CARDS ***
19woody58: raises $3 to $6
GRAILKO: calls $3
*** FLOP *** [4d 3h 8d]
GRAILKO: checks
19woody58: bets $3
GRAILKO: raises $3 to $6
19woody58: calls $3
*** TURN *** [4d 3h 8d] [9h]
GRAILKO: bets $6
19woody58: calls $6
*** RIVER *** [4d 3h 8d 9h] [5h]
GRAILKO: bets $6
19woody58: calls $6
*** SHOW DOWN ***
GRAILKO: shows [Jd 3d] (a pair of Threes)
19woody58: shows [Jh 9c] (a pair of Nines)
19woody58 collected $47.50 from pot
*** SUMMARY ***
Total pot $48 | Rake $0.50
Board [4d 3h 8d 9h 5h]
Seat 1: GRAILKO (big blind) showed [Jd 3d] and lost with a pair of Threes
Seat 6: 19woody58 (button) (small blind) showed [Jh 9c] and won ($47.50) with a pair of Nines


PokerStars Hand #168113155066:  Hold'em Limit ($3/$6 USD) - 2017/03/25 20:00:03 ET
Table 'Hermentaria' 6-max Seat #1 is the button
Seat 1: GRAILKO ($343.90 in chips)
Seat 6: 19woody58 ($128.05 in chips)
GRAILKO: posts small blind $1
19woody58: posts big blind $3
*** HOLE CARDS ***
GRAILKO: raises $3 to $6
19woody58: calls $3
*** FLOP *** [5h 5s Qs]
19woody58: checks
GRAILKO: bets $3
19woody58: calls $3
*** TURN *** [5h 5s Qs] [9s]
19woody58: checks
GRAILKO: checks
*** RIVER *** [5h 5s Qs 9s] [6s]
19woody58: checks
GRAILKO: checks
*** SHOW DOWN ***
19woody58: shows [7h Ts] (a flush, Queen high)
GRAILKO: mucks hand
19woody58 collected $17.64 from pot
*** SUMMARY ***
Total pot $18 | Rake $0.36
Board [5h 5s Qs 9s 6s]
Seat 1: GRAILKO (button) (small blind) mucked
Seat 6: 19woody58 (big blind) showed [7h Ts] and won ($17.64) with a flush, Queen high


PokerStars Hand #168120124935:  Hold'em Limit ($3/$6 USD) - 2017/03/26 0:25:59 ET
Table 'Hermentaria' 6-max Seat #4 is the button
Seat 3: AzureCaper ($87.53 in chips)
Seat 4: Zappabertie ($63.89 in chips)
Zappabertie: posts small blind $1
rascal_319: is sitting out
AzureCaper: posts big blind $3
*** HOLE CARDS ***
Zappabertie: raises $3 to $6
AzureCaper: calls $3
*** FLOP *** [3s 9d 2h]
AzureCaper: checks
Zappabertie: bets $3
AzureCaper: calls $3
*** TURN *** [3s 9d 2h] [Jh]
AzureCaper: checks
Zappabertie: bets $6
AzureCaper: calls $6
*** RIVER *** [3s 9d 2h Jh] [Tc]
AzureCaper: checks
Zappabertie: bets $6
Zazi joins the table at seat #5
AzureCaper: folds
Uncalled bet ($6) returned to Zappabertie
Zappabertie collected $29.50 from pot
Zappabertie: doesn't show hand
*** SUMMARY ***
Total pot $30 | Rake $0.50
Board [3s 9d 2h Jh Tc]
Seat 3: AzureCaper (big blind) folded on the River
Seat 4: Zappabertie (button) (small blind) collected ($29.50)


PokerStars Hand #168120133372:  Hold'em Limit ($3/$6 USD) - 2017/03/26 0:26:28 ET
Table 'Hermentaria' 6-max Seat #3 is the button
Seat 3: AzureCaper ($72.53 in chips)
Seat 4: Zappabertie ($78.39 in chips)
AzureCaper: posts small blind $1
Zappabertie: posts big blind $3
*** HOLE CARDS ***
AzureCaper: folds
Uncalled bet ($2) returned to Zappabertie
Zappabertie collected $2 from pot
Zappabertie: doesn't show hand
*** SUMMARY ***
Total pot $2 | Rake $0
Seat 3: AzureCaper (button) (small blind) folded before Flop
Seat 4: Zappabertie (big blind) collected ($2)


PokerStars Hand #168120975027:  Hold'em Limit ($3/$6 USD) - 2017/03/26 1:15:58 ET
Table 'Hermentaria' 6-max Seat #2 is the button
Seat 2: rascal_319 ($202.68 in chips)
Seat 3: AzureCaper ($99.04 in chips)
rascal_319: posts small blind $1
AzureCaper: posts big blind $3
*** HOLE CARDS ***
rascal_319: raises $3 to $6
AzureCaper: folds
Uncalled bet ($3) returned to rascal_319
rascal_319 collected $6 from pot
*** SUMMARY ***
Total pot $6 | Rake $0
Seat 2: rascal_319 (button) (small blind) collected ($6)
Seat 3: AzureCaper (big blind) folded before Flop


PokerStars Hand #168120970386:  Hold'em Limit ($3/$6 USD) - 2017/03/26 1:15:41 ET
Table 'Hermentaria' 6-max Seat #3 is the button
Seat 2: rascal_319 ($196.92 in chips)
Seat 3: AzureCaper ($105.04 in chips)
AzureCaper: posts small blind $1
Zazi: is sitting out
rascal_319: posts big blind $3
*** HOLE CARDS ***
AzureCaper: raises $3 to $6
Zazi leaves the table
rascal_319: calls $3
*** FLOP *** [5d 9s 8c]
rascal_319: checks
AzureCaper: checks
*** TURN *** [5d 9s 8c] [4c]
rascal_319: bets $6
AzureCaper: folds
Uncalled bet ($6) returned to rascal_319
rascal_319 collected $11.76 from pot
*** SUMMARY ***
Total pot $12 | Rake $0.24
Board [5d 9s 8c 4c]
Seat 2: rascal_319 (big blind) collected ($11.76)
Seat 3: AzureCaper (button) (small blind) folded on the Turn


