PokerStars Hand #174483505108:  Hold'em Limit ($3/$6 USD) - 2017/08/18 9:08:14 ET
Table 'Hermod' 6-max Seat #1 is the button
Seat 1: sebneu ($120 in chips)
Seat 2: B_loJkl ($150 in chips)
sebneu: posts small blind $1
B_loJkl: posts big blind $3
*** HOLE CARDS ***
sebneu: folds
Uncalled bet ($2) returned to B_loJkl
B_loJkl collected $2 from pot
B_loJkl: doesn't show hand
*** SUMMARY ***
Total pot $2 | Rake $0
Seat 1: sebneu (button) (small blind) folded before Flop
Seat 2: B_loJkl (big blind) collected ($2)


PokerStars Hand #174483510580:  Hold'em Limit ($3/$6 USD) - 2017/08/18 9:08:25 ET
Table 'Hermod' 6-max Seat #2 is the button
Seat 1: sebneu ($119 in chips)
Seat 2: B_loJkl ($151 in chips)
B_loJkl: posts small blind $1
sebneu: posts big blind $3
*** HOLE CARDS ***
B_loJkl: raises $3 to $6
sebneu: calls $3
*** FLOP *** [9h 7c 6d]
sebneu: checks
B_loJkl: bets $3
sebneu: raises $3 to $6
B_loJkl: calls $3
*** TURN *** [9h 7c 6d] [2c]
sebneu: bets $6
B_loJkl: calls $6
*** RIVER *** [9h 7c 6d 2c] [Js]
sebneu: bets $6
B_loJkl: calls $6
*** SHOW DOWN ***
sebneu: shows [6c Qh] (a pair of Sixes)
B_loJkl: shows [9d 4c] (a pair of Nines)
B_loJkl collected $47.50 from pot
*** SUMMARY ***
Total pot $48 | Rake $0.50
Board [9h 7c 6d 2c Js]
Seat 1: sebneu (big blind) showed [6c Qh] and lost with a pair of Sixes
Seat 2: B_loJkl (button) (small blind) showed [9d 4c] and won ($47.50) with a pair of Nines


PokerStars Hand #174483538100:  Hold'em Limit ($3/$6 USD) - 2017/08/18 9:09:19 ET
Table 'Hermod' 6-max Seat #1 is the button
Seat 1: sebneu ($95 in chips)
Seat 2: B_loJkl ($174.50 in chips)
sebneu: posts small blind $1
B_loJkl: posts big blind $3
*** HOLE CARDS ***
sebneu: raises $3 to $6
B_loJkl: calls $3
*** FLOP *** [4h 7c 2c]
B_loJkl: bets $3
sebneu: calls $3
*** TURN *** [4h 7c 2c] [7d]
B_loJkl: bets $6
sebneu: folds
Uncalled bet ($6) returned to B_loJkl
B_loJkl collected $17.64 from pot
B_loJkl: doesn't show hand
*** SUMMARY ***
Total pot $18 | Rake $0.36
Board [4h 7c 2c 7d]
Seat 1: sebneu (button) (small blind) folded on the Turn
Seat 2: B_loJkl (big blind) collected ($17.64)


PokerStars Hand #174483557650:  Hold'em Limit ($3/$6 USD) - 2017/08/18 9:09:57 ET
Table 'Hermod' 6-max Seat #1 is the button
Seat 1: sebneu ($87 in chips)
Seat 2: B_loJkl ($182.14 in chips)
sebneu: posts small blind $1
B_loJkl: posts big blind $3
*** HOLE CARDS ***
sebneu: folds
Uncalled bet ($2) returned to B_loJkl
B_loJkl collected $2 from pot
B_loJkl: doesn't show hand
*** SUMMARY ***
Total pot $2 | Rake $0
Seat 1: sebneu (button) (small blind) folded before Flop
Seat 2: B_loJkl (big blind) collected ($2)


PokerStars Hand #174483553026:  Hold'em Limit ($3/$6 USD) - 2017/08/18 9:09:48 ET
Table 'Hermod' 6-max Seat #2 is the button
Seat 1: sebneu ($86 in chips)
Seat 2: B_loJkl ($183.14 in chips)
B_loJkl: posts small blind $1
sebneu: posts big blind $3
*** HOLE CARDS ***
B_loJkl: folds
Uncalled bet ($2) returned to sebneu
sebneu collected $2 from pot
sebneu: doesn't show hand
*** SUMMARY ***
Total pot $2 | Rake $0
Seat 1: sebneu (big blind) collected ($2)
Seat 2: B_loJkl (button) (small blind) folded before Flop


PokerStars Hand #174483560756:  Hold'em Limit ($3/$6 USD) - 2017/08/18 9:10:03 ET
Table 'Hermod' 6-max Seat #2 is the button
Seat 1: sebneu ($86 in chips)
Seat 2: B_loJkl ($183.14 in chips)
B_loJkl: posts small blind $1
sebneu: posts big blind $3
*** HOLE CARDS ***
B_loJkl: raises $3 to $6
sebneu: raises $3 to $9
B_loJkl: calls $3
*** FLOP *** [3c 9h 9s]
sebneu: bets $3
B_loJkl: calls $3
*** TURN *** [3c 9h 9s] [7h]
sebneu: bets $6
B_loJkl: calls $6
*** RIVER *** [3c 9h 9s 7h] [2s]
sebneu: bets $6
B_loJkl: calls $6
*** SHOW DOWN ***
sebneu: shows [3h Kh] (two pair, Nines and Threes)
B_loJkl: shows [5s 5d] (two pair, Nines and Fives)
B_loJkl collected $47.50 from pot
*** SUMMARY ***
Total pot $48 | Rake $0.50
Board [3c 9h 9s 7h 2s]
Seat 1: sebneu (big blind) showed [3h Kh] and lost with two pair, Nines and Threes
Seat 2: B_loJkl (button) (small blind) showed [5s 5d] and won ($47.50) with two pair, Nines and Fives


PokerStars Hand #174483581161:  Hold'em Limit ($3/$6 USD) - 2017/08/18 9:10:43 ET
Table 'Hermod' 6-max Seat #1 is the button
Seat 1: sebneu ($62 in chips)
Seat 2: B_loJkl ($206.64 in chips)
sebneu: posts small blind $1
B_loJkl: posts big blind $3
*** HOLE CARDS ***
sebneu: raises $3 to $6
B_loJkl: calls $3
*** FLOP *** [As 4s 5s]
B_loJkl: checks
sebneu: bets $3
@92gara42@ joins the table at seat #3
B_loJkl: raises $3 to $6
Anchig joins the table at seat #5
sebneu: calls $3
*** TURN *** [As 4s 5s] [4c]
B_loJkl: bets $6
sebneu: raises $6 to $12
B_loJkl: raises $6 to $18
sebneu: calls $6
*** RIVER *** [As 4s 5s 4c] [9h]
B_loJkl: bets $6
sebneu: calls $6
*** SHOW DOWN ***
B_loJkl: shows [2s 3s] (a straight flush, Ace to Five)
sebneu: mucks hand
B_loJkl collected $71.50 from pot
*** SUMMARY ***
Total pot $72 | Rake $0.50
Board [As 4s 5s 4c 9h]
Seat 1: sebneu (button) (small blind) mucked
Seat 2: B_loJkl (big blind) showed [2s 3s] and won ($71.50) with a straight flush, Ace to Five


PokerStars Hand #174485034288:  Hold'em Limit ($3/$6 USD) - 2017/08/18 9:57:03 ET
Table 'Hermod' 6-max Seat #1 is the button
Seat 1: sebneu ($240.68 in chips)
Seat 6: ROCK2010 ($180 in chips)
sebneu: posts small blind $1
ROCK2010: posts big blind $3
*** HOLE CARDS ***
sebneu: raises $3 to $6
ROCK2010: folds
Uncalled bet ($3) returned to sebneu
sebneu collected $6 from pot
sebneu: doesn't show hand
*** SUMMARY ***
Total pot $6 | Rake $0
Seat 1: sebneu (button) (small blind) collected ($6)
Seat 6: ROCK2010 (big blind) folded before Flop


