PokerStars Hand #161086217924:  Hold'em Limit ($3/$6 USD) - 2016/11/08 7:47:48 ET
Table 'Hermentaria II' 6-max Seat #3 is the button
Seat 3: nipper142 ($30.01 in chips)
Seat 5: Pandakey ($120 in chips)
nipper142: posts small blind $1
Pandakey: posts big blind $3
*** HOLE CARDS ***
vestimokrec joins the table at seat #4
nipper142: folds
Uncalled bet ($2) returned to Pandakey
Pandakey collected $2 from pot
*** SUMMARY ***
Total pot $2 | Rake $0
Seat 3: nipper142 (button) (small blind) folded before Flop
Seat 5: Pandakey (big blind) collected ($2)


PokerStars Hand #161086221652:  Hold'em Limit ($3/$6 USD) - 2016/11/08 7:47:54 ET
Table 'Hermentaria II' 6-max Seat #5 is the button
Seat 3: nipper142 ($29.01 in chips)
Seat 5: Pandakey ($121 in chips)
Pandakey: posts small blind $1
nipper142: posts big blind $3
*** HOLE CARDS ***
Pandakey: raises $3 to $6
nipper142: calls $3
*** FLOP *** [9c 7h 5h]
nipper142: bets $3
Pandakey: calls $3
*** TURN *** [9c 7h 5h] [5s]
nipper142: bets $6
Pandakey: raises $6 to $12
nipper142: calls $6
*** RIVER *** [9c 7h 5h 5s] [Td]
nipper142: bets $6
Pandakey: raises $6 to $12
nipper142: calls $2.01 and is all-in
Uncalled bet ($3.99) returned to Pandakey
*** SHOW DOWN ***
Pandakey: shows [8d 5d] (three of a kind, Fives)
nipper142: shows [7d Kh] (two pair, Sevens and Fives)
Pandakey collected $57.52 from pot
*** SUMMARY ***
Total pot $58.02 | Rake $0.50
Board [9c 7h 5h 5s Td]
Seat 3: nipper142 (big blind) showed [7d Kh] and lost with two pair, Sevens and Fives
Seat 5: Pandakey (button) (small blind) showed [8d 5d] and won ($57.52) with three of a kind, Fives


PokerStars Hand #161086245404:  Hold'em Limit ($3/$6 USD) - 2016/11/08 7:48:38 ET
Table 'Hermentaria II' 6-max Seat #2 is the button
Seat 2: liamOS ($120 in chips)
Seat 5: Pandakey ($149.51 in chips)
liamOS: posts small blind $1
Pandakey: posts big blind $3
*** HOLE CARDS ***
liamOS: raises $3 to $6
nipper142 leaves the table
Pandakey: folds
Uncalled bet ($3) returned to liamOS
liamOS collected $6 from pot
liamOS: shows [Qc As] (high card Ace)
*** SUMMARY ***
Total pot $6 | Rake $0
Seat 2: liamOS (button) (small blind) collected ($6)
Seat 5: Pandakey (big blind) folded before Flop


PokerStars Hand #161086275570:  Hold'em Limit ($3/$6 USD) - 2016/11/08 7:49:34 ET
Table 'Hermentaria II' 6-max Seat #5 is the button
Seat 2: liamOS ($96 in chips)
Seat 5: Pandakey ($172.65 in chips)
Pandakey: posts small blind $1
liamOS: posts big blind $3
*** HOLE CARDS ***
Pandakey: folds
Uncalled bet ($2) returned to liamOS
liamOS collected $2 from pot
liamOS: doesn't show hand
*** SUMMARY ***
Total pot $2 | Rake $0
Seat 2: liamOS (big blind) collected ($2)
Seat 5: Pandakey (button) (small blind) folded before Flop


PokerStars Hand #161086266630:  Hold'em Limit ($3/$6 USD) - 2016/11/08 7:49:18 ET
Table 'Hermentaria II' 6-max Seat #2 is the button
Seat 2: liamOS ($105 in chips)
Seat 5: Pandakey ($164.01 in chips)
liamOS: posts small blind $1
Pandakey: posts big blind $3
*** HOLE CARDS ***
liamOS: raises $3 to $6
Pandakey: calls $3
*** FLOP *** [Kh Th 6c]
Pandakey: checks
liamOS: bets $3
Pandakey: raises $3 to $6
liamOS: folds
Uncalled bet ($3) returned to Pandakey
Pandakey collected $17.64 from pot
Pandakey: doesn't show hand
*** SUMMARY ***
Total pot $18 | Rake $0.36
Board [Kh Th 6c]
Seat 2: liamOS (button) (small blind) folded on the Flop
Seat 5: Pandakey (big blind) collected ($17.64)


PokerStars Hand #161086278030:  Hold'em Limit ($3/$6 USD) - 2016/11/08 7:49:39 ET
Table 'Hermentaria II' 6-max Seat #2 is the button
Seat 2: liamOS ($97 in chips)
Seat 5: Pandakey ($171.65 in chips)
liamOS: posts small blind $1
Pandakey: posts big blind $3
*** HOLE CARDS ***
liamOS: raises $3 to $6
Pandakey: calls $3
*** FLOP *** [6c As 8d]
Pandakey: checks
liamOS: bets $3
Pandakey: calls $3
*** TURN *** [6c As 8d] [Qh]
Pandakey: checks
liamOS: checks
*** RIVER *** [6c As 8d Qh] [Qd]
Pandakey: bets $6
liamOS: calls $6
*** SHOW DOWN ***
Pandakey: shows [8h Js] (two pair, Queens and Eights)
liamOS: mucks hand
Pandakey collected $29.50 from pot
*** SUMMARY ***
Total pot $30 | Rake $0.50
Board [6c As 8d Qh Qd]
Seat 2: liamOS (button) (small blind) mucked
Seat 5: Pandakey (big blind) showed [8h Js] and won ($29.50) with two pair, Queens and Eights


PokerStars Hand #161086289880:  Hold'em Limit ($3/$6 USD) - 2016/11/08 7:50:01 ET
Table 'Hermentaria II' 6-max Seat #5 is the button
Seat 2: liamOS ($82 in chips)
Seat 5: Pandakey ($186.15 in chips)
Pandakey: posts small blind $1
liamOS: posts big blind $3
*** HOLE CARDS ***
Pandakey: raises $3 to $6
liamOS: calls $3
*** FLOP *** [6s Qc 6h]
liamOS: checks
Pandakey: checks
*** TURN *** [6s Qc 6h] [2s]
liamOS: checks
Pandakey: checks
*** RIVER *** [6s Qc 6h 2s] [8h]
liamOS: bets $6
Pandakey: calls $6
*** SHOW DOWN ***
liamOS: shows [9d 8d] (two pair, Eights and Sixes)
Pandakey: mucks hand
liamOS collected $23.52 from pot
*** SUMMARY ***
Total pot $24 | Rake $0.48
Board [6s Qc 6h 2s 8h]
Seat 2: liamOS (big blind) showed [9d 8d] and won ($23.52) with two pair, Eights and Sixes
Seat 5: Pandakey (button) (small blind) mucked


PokerStars Hand #161086311437:  Hold'em Limit ($3/$6 USD) - 2016/11/08 7:50:41 ET
Table 'Hermentaria II' 6-max Seat #2 is the button
Seat 2: liamOS ($93.52 in chips)
Seat 5: Pandakey ($174.15 in chips)
liamOS: posts small blind $1
Pandakey: posts big blind $3
*** HOLE CARDS ***
liamOS: raises $3 to $6
Pandakey: calls $3
*** FLOP *** [8c Qc 2c]
Pandakey: checks
liamOS: bets $3
Pandakey: raises $3 to $6
liamOS: calls $3
*** TURN *** [8c Qc 2c] [Jh]
Pandakey: bets $6
liamOS: calls $6
*** RIVER *** [8c Qc 2c Jh] [6s]
Pandakey: bets $6
liamOS: raises $6 to $12
Pandakey: calls $6
*** SHOW DOWN ***
liamOS: shows [4c Kh] (high card King)
Pandakey: shows [Ts Qd] (a pair of Queens)
Pandakey collected $59.50 from pot
*** SUMMARY ***
Total pot $60 | Rake $0.50
Board [8c Qc 2c Jh 6s]
Seat 2: liamOS (button) (small blind) showed [4c Kh] and lost with high card King
Seat 5: Pandakey (big blind) showed [Ts Qd] and won ($59.50) with a pair of Queens


PokerStars Hand #161086329663:  Hold'em Limit ($3/$6 USD) - 2016/11/08 7:51:15 ET
Table 'Hermentaria II' 6-max Seat #5 is the button
Seat 2: liamOS ($63.52 in chips)
Seat 5: Pandakey ($203.65 in chips)
Pandakey: posts small blind $1
liamOS: posts big blind $3
*** HOLE CARDS ***
Pandakey: raises $3 to $6
liamOS: folds
Uncalled bet ($3) returned to Pandakey
Pandakey collected $6 from pot
Pandakey: doesn't show hand
*** SUMMARY ***
Total pot $6 | Rake $0
Seat 2: liamOS (big blind) folded before Flop
Seat 5: Pandakey (button) (small blind) collected ($6)


PokerStars Hand #161086333106:  Hold'em Limit ($3/$6 USD) - 2016/11/08 7:51:21 ET
Table 'Hermentaria II' 6-max Seat #2 is the button
Seat 2: liamOS ($60.52 in chips)
Seat 5: Pandakey ($206.65 in chips)
liamOS: posts small blind $1
Pandakey: posts big blind $3
*** HOLE CARDS ***
liamOS: raises $3 to $6
Pandakey: calls $3
*** FLOP *** [6s Ac 2c]
Pandakey: checks
liamOS: bets $3
Pandakey: raises $3 to $6
liamOS: calls $3
*** TURN *** [6s Ac 2c] [8d]
Pandakey: bets $6
liamOS: calls $6
*** RIVER *** [6s Ac 2c 8d] [Kc]
Pandakey: checks
liamOS: checks
*** SHOW DOWN ***
Pandakey: shows [5d 3h] (high card Ace)
liamOS: shows [9d 6d] (a pair of Sixes)
liamOS collected $35.50 from pot
*** SUMMARY ***
Total pot $36 | Rake $0.50
Board [6s Ac 2c 8d Kc]
Seat 2: liamOS (button) (small blind) showed [9d 6d] and won ($35.50) with a pair of Sixes
Seat 5: Pandakey (big blind) showed [5d 3h] and lost with high card Ace


PokerStars Hand #161086354554:  Hold'em Limit ($3/$6 USD) - 2016/11/08 7:52:01 ET
Table 'Hermentaria II' 6-max Seat #5 is the button
Seat 2: liamOS ($1693.73 in chips)
Seat 5: Pandakey ($188.65 in chips)
Pandakey: posts small blind $1
liamOS: posts big blind $3
*** HOLE CARDS ***
Pandakey: folds
Uncalled bet ($2) returned to liamOS
liamOS collected $2 from pot
*** SUMMARY ***
Total pot $2 | Rake $0
Seat 2: liamOS (big blind) collected ($2)
Seat 5: Pandakey (button) (small blind) folded before Flop


PokerStars Hand #161086357488:  Hold'em Limit ($3/$6 USD) - 2016/11/08 7:52:06 ET
Table 'Hermentaria II' 6-max Seat #2 is the button
Seat 2: liamOS ($1694.73 in chips)
Seat 5: Pandakey ($187.65 in chips)
liamOS: posts small blind $1
Pandakey: posts big blind $3
*** HOLE CARDS ***
liamOS: raises $3 to $6
Pandakey: calls $3
*** FLOP *** [Ks 3d 3s]
Pandakey: checks
liamOS: checks
*** TURN *** [Ks 3d 3s] [5h]
Pandakey: checks
liamOS: checks
*** RIVER *** [Ks 3d 3s 5h] [5c]
Pandakey: checks
liamOS: bets $6
Pandakey: folds
Uncalled bet ($6) returned to liamOS
liamOS collected $11.76 from pot
liamOS: doesn't show hand
*** SUMMARY ***
Total pot $12 | Rake $0.24
Board [Ks 3d 3s 5h 5c]
Seat 2: liamOS (button) (small blind) collected ($11.76)
Seat 5: Pandakey (big blind) folded on the River


PokerStars Hand #161086371966:  Hold'em Limit ($3/$6 USD) - 2016/11/08 7:52:33 ET
Table 'Hermentaria II' 6-max Seat #5 is the button
Seat 2: liamOS ($1700.49 in chips)
Seat 5: Pandakey ($181.65 in chips)
Pandakey: posts small blind $1
liamOS: posts big blind $3
*** HOLE CARDS ***
Pandakey: raises $3 to $6
liamOS: raises $3 to $9
Pandakey: calls $3
*** FLOP *** [Ah 2h 2s]
liamOS: bets $3
Pandakey: calls $3
*** TURN *** [Ah 2h 2s] [4s]
liamOS: bets $6
Pandakey: calls $6
*** RIVER *** [Ah 2h 2s 4s] [Kh]
BrownieSpy joins the table at seat #3
liamOS: checks
Pandakey: bets $6
liamOS: calls $6
*** SHOW DOWN ***
Pandakey: shows [6h 5d] (a pair of Deuces)
liamOS: shows [Tc Ac] (two pair, Aces and Deuces)
liamOS collected $47.50 from pot
*** SUMMARY ***
Total pot $48 | Rake $0.50
Board [Ah 2h 2s 4s Kh]
Seat 2: liamOS (big blind) showed [Tc Ac] and won ($47.50) with two pair, Aces and Deuces
Seat 5: Pandakey (button) (small blind) showed [6h 5d] and lost with a pair of Deuces


PokerStars Hand #161088971551:  Hold'em Limit ($3/$6 USD) - 2016/11/08 9:08:17 ET
Table 'Hermentaria II' 6-max Seat #4 is the button
Seat 2: liamOS ($118.86 in chips)
Seat 4: pecs680 ($140.50 in chips)
pecs680: posts small blind $1
liamOS: posts big blind $3
*** HOLE CARDS ***
pecs680: raises $3 to $6
liamOS: calls $3
*** FLOP *** [9h Qc 3s]
liamOS: checks
pecs680: checks
*** TURN *** [9h Qc 3s] [Ah]
liamOS: checks
pecs680: checks
*** RIVER *** [9h Qc 3s Ah] [8d]
liamOS: checks
pecs680: checks
*** SHOW DOWN ***
liamOS: shows [7h 9s] (a pair of Nines)
pecs680: mucks hand
liamOS collected $11.76 from pot
*** SUMMARY ***
Total pot $12 | Rake $0.24
Board [9h Qc 3s Ah 8d]
Seat 2: liamOS (big blind) showed [7h 9s] and won ($11.76) with a pair of Nines
Seat 4: pecs680 (button) (small blind) mucked


PokerStars Hand #161088946333:  Hold'em Limit ($3/$6 USD) - 2016/11/08 9:07:36 ET
Table 'Hermentaria II' 6-max Seat #2 is the button
Seat 2: liamOS ($139.86 in chips)
Seat 4: pecs680 ($120 in chips)
liamOS: posts small blind $1
sim5sim5: is sitting out
pecs680: posts big blind $3
*** HOLE CARDS ***
liamOS: raises $3 to $6
pecs680: calls $3
*** FLOP *** [9c Jh Ah]
pecs680: checks
liamOS: bets $3
pecs680: calls $3
*** TURN *** [9c Jh Ah] [As]
pecs680: checks
liamOS: bets $6
pecs680: calls $6
*** RIVER *** [9c Jh Ah As] [4s]
pecs680: checks
liamOS: bets $6
pecs680: calls $6
*** SHOW DOWN ***
liamOS: shows [4c 5h] (two pair, Aces and Fours)
pecs680: shows [Tc 9d] (two pair, Aces and Nines)
pecs680 collected $41.50 from pot
*** SUMMARY ***
Total pot $42 | Rake $0.50
Board [9c Jh Ah As 4s]
Seat 2: liamOS (button) (small blind) showed [4c 5h] and lost with two pair, Aces and Fours
Seat 4: pecs680 (big blind) showed [Tc 9d] and won ($41.50) with two pair, Aces and Nines


