PokerStars Hand #147182437952:  Hold'em Limit ($3/$6 USD) - 2016/01/17 5:26:36 ET
Table 'Hermod II' 2-max Seat #2 is the button
Seat 1: aremom4e ($68.30 in chips)
Seat 2: dragon1893 ($320.67 in chips)
dragon1893: posts small blind $1
aremom4e: posts big blind $3
*** HOLE CARDS ***
dragon1893: raises $3 to $6
aremom4e: calls $3
*** FLOP *** [4c 3h 9c]
aremom4e: checks
dragon1893: bets $3
aremom4e: folds
Uncalled bet ($3) returned to dragon1893
dragon1893 collected $11.76 from pot
dragon1893: doesn't show hand
*** SUMMARY ***
Total pot $12 | Rake $0.24
Board [4c 3h 9c]
Seat 1: aremom4e (big blind) folded on the Flop
Seat 2: dragon1893 (button) (small blind) collected ($11.76)


PokerStars Hand #147182449757:  Hold'em Limit ($3/$6 USD) - 2016/01/17 5:26:58 ET
Table 'Hermod II' 2-max Seat #2 is the button
Seat 1: aremom4e ($68.06 in chips)
Seat 2: dragon1893 ($320.43 in chips)
dragon1893: posts small blind $1
aremom4e: posts big blind $3
*** HOLE CARDS ***
dragon1893: folds
Uncalled bet ($2) returned to aremom4e
aremom4e collected $2 from pot
aremom4e: doesn't show hand
*** SUMMARY ***
Total pot $2 | Rake $0
Seat 1: aremom4e (big blind) collected ($2)
Seat 2: dragon1893 (button) (small blind) folded before Flop


PokerStars Hand #147182443469:  Hold'em Limit ($3/$6 USD) - 2016/01/17 5:26:46 ET
Table 'Hermod II' 2-max Seat #1 is the button
Seat 1: aremom4e ($62.30 in chips)
Seat 2: dragon1893 ($326.43 in chips)
aremom4e: posts small blind $1
dragon1893: posts big blind $3
*** HOLE CARDS ***
aremom4e: raises $3 to $6
dragon1893: calls $3
*** FLOP *** [8s Jh 3c]
dragon1893: checks
aremom4e: bets $3
dragon1893: folds
Uncalled bet ($3) returned to aremom4e
aremom4e collected $11.76 from pot
aremom4e: doesn't show hand
*** SUMMARY ***
Total pot $12 | Rake $0.24
Board [8s Jh 3c]
Seat 1: aremom4e (button) (small blind) collected ($11.76)
Seat 2: dragon1893 (big blind) folded on the Flop


PokerStars Hand #147182467781:  Hold'em Limit ($3/$6 USD) - 2016/01/17 5:27:31 ET
Table 'Hermod II' 2-max Seat #1 is the button
Seat 1: aremom4e ($56.82 in chips)
Seat 2: dragon1893 ($330.93 in chips)
aremom4e: posts small blind $1
dragon1893: posts big blind $3
*** HOLE CARDS ***
aremom4e: raises $3 to $6
dragon1893: calls $3
*** FLOP *** [3d Kd 4h]
dragon1893: checks
aremom4e: bets $3
dragon1893: calls $3
*** TURN *** [3d Kd 4h] [Kc]
dragon1893: checks
aremom4e: checks
*** RIVER *** [3d Kd 4h Kc] [Kh]
dragon1893: bets $6
aremom4e: folds
Uncalled bet ($6) returned to dragon1893
dragon1893 collected $17.64 from pot
dragon1893: doesn't show hand
*** SUMMARY ***
Total pot $18 | Rake $0.36
Board [3d Kd 4h Kc Kh]
Seat 1: aremom4e (button) (small blind) folded on the River
Seat 2: dragon1893 (big blind) collected ($17.64)


PokerStars Hand #147182452426:  Hold'em Limit ($3/$6 USD) - 2016/01/17 5:27:03 ET
Table 'Hermod II' 2-max Seat #1 is the button
Seat 1: aremom4e ($69.06 in chips)
Seat 2: dragon1893 ($319.43 in chips)
aremom4e: posts small blind $1
dragon1893: posts big blind $3
*** HOLE CARDS ***
aremom4e: raises $3 to $6
dragon1893: calls $3
*** FLOP *** [8h Th 8d]
dragon1893: checks
aremom4e: bets $3
dragon1893: folds
Uncalled bet ($3) returned to aremom4e
aremom4e collected $11.76 from pot
aremom4e: doesn't show hand
*** SUMMARY ***
Total pot $12 | Rake $0.24
Board [8h Th 8d]
Seat 1: aremom4e (button) (small blind) collected ($11.76)
Seat 2: dragon1893 (big blind) folded on the Flop


PokerStars Hand #147182478165:  Hold'em Limit ($3/$6 USD) - 2016/01/17 5:27:50 ET
Table 'Hermod II' 2-max Seat #2 is the button
Seat 1: aremom4e ($47.82 in chips)
Seat 2: dragon1893 ($339.57 in chips)
dragon1893: posts small blind $1
aremom4e: posts big blind $3
*** HOLE CARDS ***
dragon1893: raises $3 to $6
aremom4e: calls $3
*** FLOP *** [Qs 9c 8s]
aremom4e: checks
dragon1893: bets $3
aremom4e: raises $3 to $6
dragon1893: calls $3
*** TURN *** [Qs 9c 8s] [As]
aremom4e: bets $6
dragon1893: raises $6 to $12
aremom4e: calls $6
*** RIVER *** [Qs 9c 8s As] [Kh]
aremom4e: checks
dragon1893: bets $6
aremom4e: folds
Uncalled bet ($6) returned to dragon1893
dragon1893 collected $47.50 from pot
dragon1893: doesn't show hand
*** SUMMARY ***
Total pot $48 | Rake $0.50
Board [Qs 9c 8s As Kh]
Seat 1: aremom4e (big blind) folded on the River
Seat 2: dragon1893 (button) (small blind) collected ($47.50)


PokerStars Hand #147182508717:  Hold'em Limit ($3/$6 USD) - 2016/01/17 5:28:45 ET
Table 'Hermod II' 2-max Seat #1 is the button
Seat 1: aremom4e ($5.34 in chips)
Seat 2: dragon1893 ($380.57 in chips)
aremom4e: posts small blind $1
dragon1893: posts big blind $3
*** HOLE CARDS ***
aremom4e: raises $2.34 to $5.34 and is all-in
dragon1893: calls $2.34
*** FLOP *** [6s 6h Kh]
*** TURN *** [6s 6h Kh] [8s]
*** RIVER *** [6s 6h Kh 8s] [9h]
*** SHOW DOWN ***
dragon1893: shows [2c 3d] (a pair of Sixes)
aremom4e: shows [Kc Ts] (two pair, Kings and Sixes)
aremom4e collected $10.47 from pot
*** SUMMARY ***
Total pot $10.68 | Rake $0.21
Board [6s 6h Kh 8s 9h]
Seat 1: aremom4e (button) (small blind) showed [Kc Ts] and won ($10.47) with two pair, Kings and Sixes
Seat 2: dragon1893 (big blind) showed [2c 3d] and lost with a pair of Sixes


PokerStars Hand #147182490104:  Hold'em Limit ($3/$6 USD) - 2016/01/17 5:28:11 ET
Table 'Hermod II' 2-max Seat #1 is the button
Seat 1: aremom4e ($23.82 in chips)
Seat 2: dragon1893 ($363.07 in chips)
aremom4e: posts small blind $1
dragon1893: posts big blind $3
*** HOLE CARDS ***
aremom4e: raises $3 to $6
dragon1893: calls $3
*** FLOP *** [2s 5h 5s]
dragon1893: checks
aremom4e: checks
*** TURN *** [2s 5h 5s] [2c]
dragon1893: bets $6
aremom4e: calls $6
*** RIVER *** [2s 5h 5s 2c] [4s]
dragon1893: checks
aremom4e: checks
*** SHOW DOWN ***
dragon1893: shows [9d Ts] (two pair, Fives and Deuces)
aremom4e: shows [Td Jd] (two pair, Fives and Deuces - Jack kicker)
aremom4e collected $23.52 from pot
*** SUMMARY ***
Total pot $24 | Rake $0.48
Board [2s 5h 5s 2c 4s]
Seat 1: aremom4e (button) (small blind) showed [Td Jd] and won ($23.52) with two pair, Fives and Deuces
Seat 2: dragon1893 (big blind) showed [9d Ts] and lost with two pair, Fives and Deuces


PokerStars Hand #147182500359:  Hold'em Limit ($3/$6 USD) - 2016/01/17 5:28:30 ET
Table 'Hermod II' 2-max Seat #2 is the button
Seat 1: aremom4e ($35.34 in chips)
Seat 2: dragon1893 ($351.07 in chips)
dragon1893: posts small blind $1
aremom4e: posts big blind $3
*** HOLE CARDS ***
dragon1893: raises $3 to $6
aremom4e: calls $3
*** FLOP *** [5c 9h 6d]
aremom4e: checks
dragon1893: bets $3
aremom4e: raises $3 to $6
dragon1893: calls $3
*** TURN *** [5c 9h 6d] [3c]
aremom4e: bets $6
dragon1893: raises $6 to $12
aremom4e: calls $6
*** RIVER *** [5c 9h 6d 3c] [7s]
aremom4e: checks
dragon1893: bets $6
aremom4e: calls $6
*** SHOW DOWN ***
dragon1893: shows [8c 7c] (a straight, Five to Nine)
aremom4e: mucks hand
dragon1893 collected $59.50 from pot
*** SUMMARY ***
Total pot $60 | Rake $0.50
Board [5c 9h 6d 3c 7s]
Seat 1: aremom4e (big blind) mucked
Seat 2: dragon1893 (button) (small blind) showed [8c 7c] and won ($59.50) with a straight, Five to Nine


PokerStars Hand #147182527588:  Hold'em Limit ($3/$6 USD) - 2016/01/17 5:29:20 ET
Table 'Hermod II' 2-max Seat #1 is the button
Seat 1: aremom4e ($107.11 in chips)
Seat 2: dragon1893 ($376.99 in chips)
aremom4e: posts small blind $1
dragon1893: posts big blind $3
*** HOLE CARDS ***
aremom4e: folds
Uncalled bet ($2) returned to dragon1893
dragon1893 collected $2 from pot
dragon1893: doesn't show hand
*** SUMMARY ***
Total pot $2 | Rake $0
Seat 1: aremom4e (button) (small blind) folded before Flop
Seat 2: dragon1893 (big blind) collected ($2)


PokerStars Hand #147182525121:  Hold'em Limit ($3/$6 USD) - 2016/01/17 5:29:16 ET
Table 'Hermod II' 2-max Seat #2 is the button
Seat 1: aremom4e ($106.11 in chips)
Seat 2: dragon1893 ($377.99 in chips)
dragon1893: posts small blind $1
aremom4e: posts big blind $3
*** HOLE CARDS ***
dragon1893: folds
Uncalled bet ($2) returned to aremom4e
aremom4e collected $2 from pot
aremom4e: doesn't show hand
*** SUMMARY ***
Total pot $2 | Rake $0
Seat 1: aremom4e (big blind) collected ($2)
Seat 2: dragon1893 (button) (small blind) folded before Flop


PokerStars Hand #147182530089:  Hold'em Limit ($3/$6 USD) - 2016/01/17 5:29:25 ET
Table 'Hermod II' 2-max Seat #2 is the button
Seat 1: aremom4e ($106.11 in chips)
Seat 2: dragon1893 ($377.99 in chips)
dragon1893: posts small blind $1
aremom4e: posts big blind $3
*** HOLE CARDS ***
dragon1893: raises $3 to $6
aremom4e: raises $3 to $9
dragon1893: calls $3
*** FLOP *** [Ah 5h 6d]
aremom4e: bets $3
dragon1893: folds
Uncalled bet ($3) returned to aremom4e
aremom4e collected $17.64 from pot
aremom4e: doesn't show hand
*** SUMMARY ***
Total pot $18 | Rake $0.36
Board [Ah 5h 6d]
Seat 1: aremom4e (big blind) collected ($17.64)
Seat 2: dragon1893 (button) (small blind) folded on the Flop


PokerStars Hand #147182549022:  Hold'em Limit ($3/$6 USD) - 2016/01/17 5:30:00 ET
Table 'Hermod II' 2-max Seat #1 is the button
Seat 1: aremom4e ($111.63 in chips)
Seat 2: dragon1893 ($371.75 in chips)
aremom4e: posts small blind $1
dragon1893: posts big blind $3
*** HOLE CARDS ***
aremom4e: folds
Uncalled bet ($2) returned to dragon1893
dragon1893 collected $2 from pot
dragon1893: doesn't show hand
*** SUMMARY ***
Total pot $2 | Rake $0
Seat 1: aremom4e (button) (small blind) folded before Flop
Seat 2: dragon1893 (big blind) collected ($2)


PokerStars Hand #147182546349:  Hold'em Limit ($3/$6 USD) - 2016/01/17 5:29:55 ET
Table 'Hermod II' 2-max Seat #2 is the button
Seat 1: aremom4e ($114.63 in chips)
Seat 2: dragon1893 ($368.75 in chips)
dragon1893: posts small blind $1
aremom4e: posts big blind $3
*** HOLE CARDS ***
dragon1893: raises $3 to $6
aremom4e: folds
Uncalled bet ($3) returned to dragon1893
dragon1893 collected $6 from pot
dragon1893: doesn't show hand
*** SUMMARY ***
Total pot $6 | Rake $0
Seat 1: aremom4e (big blind) folded before Flop
Seat 2: dragon1893 (button) (small blind) collected ($6)


PokerStars Hand #147182522701:  Hold'em Limit ($3/$6 USD) - 2016/01/17 5:29:11 ET
Table 'Hermod II' 2-max Seat #1 is the button
Seat 1: aremom4e ($103.11 in chips)
Seat 2: dragon1893 ($380.99 in chips)
aremom4e: posts small blind $1
dragon1893: posts big blind $3
*** HOLE CARDS ***
aremom4e: raises $3 to $6
dragon1893: folds
Uncalled bet ($3) returned to aremom4e
aremom4e collected $6 from pot
aremom4e: doesn't show hand
*** SUMMARY ***
Total pot $6 | Rake $0
Seat 1: aremom4e (button) (small blind) collected ($6)
Seat 2: dragon1893 (big blind) folded before Flop


PokerStars Hand #147182517922:  Hold'em Limit ($3/$6 USD) - 2016/01/17 5:29:02 ET
Table 'Hermod II' 2-max Seat #2 is the button
Seat 1: aremom4e ($109.11 in chips)
Seat 2: dragon1893 ($375.23 in chips)
dragon1893: posts small blind $1
aremom4e: posts big blind $3
*** HOLE CARDS ***
dragon1893: raises $3 to $6
aremom4e: calls $3
*** FLOP *** [6d Ah 6c]
aremom4e: checks
dragon1893: bets $3
aremom4e: folds
Uncalled bet ($3) returned to dragon1893
dragon1893 collected $11.76 from pot
dragon1893: doesn't show hand
*** SUMMARY ***
Total pot $12 | Rake $0.24
Board [6d Ah 6c]
Seat 1: aremom4e (big blind) folded on the Flop
Seat 2: dragon1893 (button) (small blind) collected ($11.76)


PokerStars Hand #147182534408:  Hold'em Limit ($3/$6 USD) - 2016/01/17 5:29:33 ET
Table 'Hermod II' 2-max Seat #1 is the button
Seat 1: aremom4e ($114.75 in chips)
Seat 2: dragon1893 ($368.99 in chips)
aremom4e: posts small blind $1
dragon1893: posts big blind $3
*** HOLE CARDS ***
aremom4e: calls $2
dragon1893: checks
*** FLOP *** [5c Tc 7d]
dragon1893: checks
aremom4e: bets $3
dragon1893: folds
Uncalled bet ($3) returned to aremom4e
aremom4e collected $5.88 from pot
aremom4e: doesn't show hand
*** SUMMARY ***
Total pot $6 | Rake $0.12
Board [5c Tc 7d]
Seat 1: aremom4e (button) (small blind) collected ($5.88)
Seat 2: dragon1893 (big blind) folded on the Flop


PokerStars Hand #147182543847:  Hold'em Limit ($3/$6 USD) - 2016/01/17 5:29:50 ET
Table 'Hermod II' 2-max Seat #1 is the button
Seat 1: aremom4e ($111.63 in chips)
Seat 2: dragon1893 ($371.75 in chips)
aremom4e: posts small blind $1
dragon1893: posts big blind $3
*** HOLE CARDS ***
aremom4e: raises $3 to $6
dragon1893: folds
Uncalled bet ($3) returned to aremom4e
aremom4e collected $6 from pot
aremom4e: doesn't show hand
*** SUMMARY ***
Total pot $6 | Rake $0
Seat 1: aremom4e (button) (small blind) collected ($6)
Seat 2: dragon1893 (big blind) folded before Flop


PokerStars Hand #147182539789:  Hold'em Limit ($3/$6 USD) - 2016/01/17 5:29:42 ET
Table 'Hermod II' 2-max Seat #2 is the button
Seat 1: aremom4e ($117.63 in chips)
Seat 2: dragon1893 ($365.99 in chips)
dragon1893: posts small blind $1
aremom4e: posts big blind $3
*** HOLE CARDS ***
dragon1893: raises $3 to $6
aremom4e: calls $3
*** FLOP *** [Jh Ac 8s]
aremom4e: checks
dragon1893: bets $3
aremom4e: folds
Uncalled bet ($3) returned to dragon1893
dragon1893 collected $11.76 from pot
dragon1893: doesn't show hand
*** SUMMARY ***
Total pot $12 | Rake $0.24
Board [Jh Ac 8s]
Seat 1: aremom4e (big blind) folded on the Flop
Seat 2: dragon1893 (button) (small blind) collected ($11.76)


PokerStars Hand #147182569290:  Hold'em Limit ($3/$6 USD) - 2016/01/17 5:30:36 ET
Table 'Hermod II' 2-max Seat #2 is the button
Seat 1: aremom4e ($115.15 in chips)
Seat 2: dragon1893 ($367.39 in chips)
dragon1893: posts small blind $1
aremom4e: posts big blind $3
*** HOLE CARDS ***
dragon1893: raises $3 to $6
aremom4e: calls $3
*** FLOP *** [Qs 6h 4s]
aremom4e: checks
dragon1893: bets $3
aremom4e: raises $3 to $6
dragon1893: calls $3
*** TURN *** [Qs 6h 4s] [2d]
aremom4e: bets $6
dragon1893: raises $6 to $12
aremom4e: calls $6
*** RIVER *** [Qs 6h 4s 2d] [5s]
aremom4e: checks
dragon1893: bets $6
aremom4e: calls $6
*** SHOW DOWN ***
dragon1893: shows [4h 4c] (three of a kind, Fours)
aremom4e: mucks hand
dragon1893 collected $59.50 from pot
*** SUMMARY ***
Total pot $60 | Rake $0.50
Board [Qs 6h 4s 2d 5s]
Seat 1: aremom4e (big blind) mucked
Seat 2: dragon1893 (button) (small blind) showed [4h 4c] and won ($59.50) with three of a kind, Fours


PokerStars Hand #147182565917:  Hold'em Limit ($3/$6 USD) - 2016/01/17 5:30:30 ET
Table 'Hermod II' 2-max Seat #1 is the button
Seat 1: aremom4e ($112.15 in chips)
Seat 2: dragon1893 ($370.39 in chips)
aremom4e: posts small blind $1
dragon1893: posts big blind $3
*** HOLE CARDS ***
aremom4e: raises $3 to $6
dragon1893: folds
Uncalled bet ($3) returned to aremom4e
aremom4e collected $6 from pot
aremom4e: doesn't show hand
*** SUMMARY ***
Total pot $6 | Rake $0
Seat 1: aremom4e (button) (small blind) collected ($6)
Seat 2: dragon1893 (big blind) folded before Flop


PokerStars Hand #147182559858:  Hold'em Limit ($3/$6 USD) - 2016/01/17 5:30:19 ET
Table 'Hermod II' 2-max Seat #2 is the button
Seat 1: aremom4e ($100.63 in chips)
Seat 2: dragon1893 ($382.39 in chips)
dragon1893: posts small blind $1
aremom4e: posts big blind $3
*** HOLE CARDS ***
dragon1893: raises $3 to $6
aremom4e: calls $3
*** FLOP *** [7c 5c Qd]
aremom4e: checks
dragon1893: bets $3
aremom4e: raises $3 to $6
dragon1893: calls $3
*** TURN *** [7c 5c Qd] [Ts]
aremom4e: bets $6
dragon1893: folds
Uncalled bet ($6) returned to aremom4e
aremom4e collected $23.52 from pot
aremom4e: doesn't show hand
*** SUMMARY ***
Total pot $24 | Rake $0.48
Board [7c 5c Qd Ts]
Seat 1: aremom4e (big blind) collected ($23.52)
Seat 2: dragon1893 (button) (small blind) folded on the Turn


PokerStars Hand #147182557244:  Hold'em Limit ($3/$6 USD) - 2016/01/17 5:30:14 ET
Table 'Hermod II' 2-max Seat #1 is the button
Seat 1: aremom4e ($101.63 in chips)
Seat 2: dragon1893 ($381.39 in chips)
aremom4e: posts small blind $1
dragon1893: posts big blind $3
*** HOLE CARDS ***
aremom4e: folds
Uncalled bet ($2) returned to dragon1893
dragon1893 collected $2 from pot
dragon1893: doesn't show hand
*** SUMMARY ***
Total pot $2 | Rake $0
Seat 1: aremom4e (button) (small blind) folded before Flop
Seat 2: dragon1893 (big blind) collected ($2)


PokerStars Hand #147182578108:  Hold'em Limit ($3/$6 USD) - 2016/01/17 5:30:52 ET
Table 'Hermod II' 2-max Seat #1 is the button
Seat 1: aremom4e ($85.15 in chips)
Seat 2: dragon1893 ($396.89 in chips)
aremom4e: posts small blind $1
dragon1893: posts big blind $3
*** HOLE CARDS ***
aremom4e: raises $3 to $6
dragon1893: calls $3
*** FLOP *** [6d 7c Kc]
dragon1893: checks
aremom4e: bets $3
dragon1893: raises $3 to $6
aremom4e: calls $3
*** TURN *** [6d 7c Kc] [7s]
dragon1893: bets $6
aremom4e: folds
Uncalled bet ($6) returned to dragon1893
dragon1893 collected $23.52 from pot
dragon1893: doesn't show hand
*** SUMMARY ***
Total pot $24 | Rake $0.48
Board [6d 7c Kc 7s]
Seat 1: aremom4e (button) (small blind) folded on the Turn
Seat 2: dragon1893 (big blind) collected ($23.52)


PokerStars Hand #147182551554:  Hold'em Limit ($3/$6 USD) - 2016/01/17 5:30:04 ET
Table 'Hermod II' 2-max Seat #2 is the button
Seat 1: aremom4e ($110.63 in chips)
Seat 2: dragon1893 ($372.75 in chips)
dragon1893: posts small blind $1
aremom4e: posts big blind $3
*** HOLE CARDS ***
dragon1893: raises $3 to $6
aremom4e: calls $3
*** FLOP *** [7s 8h Jh]
aremom4e: checks
dragon1893: bets $3
aremom4e: calls $3
*** TURN *** [7s 8h Jh] [Js]
aremom4e: checks
dragon1893: bets $6
aremom4e: folds
Uncalled bet ($6) returned to dragon1893
dragon1893 collected $17.64 from pot
dragon1893: doesn't show hand
*** SUMMARY ***
Total pot $18 | Rake $0.36
Board [7s 8h Jh Js]
Seat 1: aremom4e (big blind) folded on the Turn
Seat 2: dragon1893 (button) (small blind) collected ($17.64)


PokerStars Hand #147182599246:  Hold'em Limit ($3/$6 USD) - 2016/01/17 5:31:30 ET
Table 'Hermod II' 2-max Seat #2 is the button
Seat 1: aremom4e ($84.65 in chips)
Seat 2: dragon1893 ($396.05 in chips)
dragon1893: posts small blind $1
aremom4e: posts big blind $3
*** HOLE CARDS ***
dragon1893: raises $3 to $6
aremom4e: calls $3
*** FLOP *** [2s Ah Ks]
aremom4e: checks
dragon1893: bets $3
aremom4e: folds
Uncalled bet ($3) returned to dragon1893
dragon1893 collected $11.76 from pot
dragon1893: doesn't show hand
*** SUMMARY ***
Total pot $12 | Rake $0.24
Board [2s Ah Ks]
Seat 1: aremom4e (big blind) folded on the Flop
Seat 2: dragon1893 (button) (small blind) collected ($11.76)


PokerStars Hand #147182592500:  Hold'em Limit ($3/$6 USD) - 2016/01/17 5:31:18 ET
Table 'Hermod II' 2-max Seat #1 is the button
Seat 1: aremom4e ($93.65 in chips)
Seat 2: dragon1893 ($387.41 in chips)
aremom4e: posts small blind $1
dragon1893: posts big blind $3
*** HOLE CARDS ***
aremom4e: raises $3 to $6
dragon1893: calls $3
*** FLOP *** [5h 9s Js]
dragon1893: checks
aremom4e: bets $3
dragon1893: calls $3
*** TURN *** [5h 9s Js] [Jh]
dragon1893: checks
aremom4e: checks
*** RIVER *** [5h 9s Js Jh] [Ad]
dragon1893: bets $6
aremom4e: folds
Uncalled bet ($6) returned to dragon1893
dragon1893 collected $17.64 from pot
dragon1893: doesn't show hand
*** SUMMARY ***
Total pot $18 | Rake $0.36
Board [5h 9s Js Jh Ad]
Seat 1: aremom4e (button) (small blind) folded on the River
Seat 2: dragon1893 (big blind) collected ($17.64)


PokerStars Hand #147182614769:  Hold'em Limit ($3/$6 USD) - 2016/01/17 5:31:58 ET
Table 'Hermod II' 2-max Seat #1 is the button
Seat 1: aremom4e ($57.65 in chips)
Seat 2: dragon1893 ($422.07 in chips)
aremom4e: posts small blind $1
dragon1893: posts big blind $3
*** HOLE CARDS ***
aremom4e: raises $3 to $6
dragon1893: folds
Uncalled bet ($3) returned to aremom4e
aremom4e collected $6 from pot
aremom4e: doesn't show hand
*** SUMMARY ***
Total pot $6 | Rake $0
Seat 1: aremom4e (button) (small blind) collected ($6)
Seat 2: dragon1893 (big blind) folded before Flop


PokerStars Hand #147182584324:  Hold'em Limit ($3/$6 USD) - 2016/01/17 5:31:04 ET
Table 'Hermod II' 2-max Seat #2 is the button
Seat 1: aremom4e ($73.15 in chips)
Seat 2: dragon1893 ($408.41 in chips)
dragon1893: posts small blind $1
aremom4e: posts big blind $3
*** HOLE CARDS ***
dragon1893: raises $3 to $6
aremom4e: calls $3
*** FLOP *** [Js 7d 8c]
aremom4e: checks
dragon1893: bets $3
aremom4e: calls $3
*** TURN *** [Js 7d 8c] [6c]
aremom4e: checks
dragon1893: bets $6
aremom4e: calls $6
*** RIVER *** [Js 7d 8c 6c] [Jc]
aremom4e: checks
dragon1893: bets $6
aremom4e: raises $6 to $12
dragon1893: folds
Uncalled bet ($6) returned to aremom4e
aremom4e collected $41.50 from pot
aremom4e: doesn't show hand
*** SUMMARY ***
Total pot $42 | Rake $0.50
Board [Js 7d 8c 6c Jc]
Seat 1: aremom4e (big blind) collected ($41.50)
Seat 2: dragon1893 (button) (small blind) folded on the River


PokerStars Hand #147182609852:  Hold'em Limit ($3/$6 USD) - 2016/01/17 5:31:49 ET
Table 'Hermod II' 2-max Seat #2 is the button
Seat 1: aremom4e ($63.65 in chips)
Seat 2: dragon1893 ($416.31 in chips)
dragon1893: posts small blind $1
aremom4e: posts big blind $3
*** HOLE CARDS ***
dragon1893: raises $3 to $6
aremom4e: calls $3
*** FLOP *** [7h Kh Qs]
aremom4e: checks
dragon1893: bets $3
aremom4e: folds
Uncalled bet ($3) returned to dragon1893
dragon1893 collected $11.76 from pot
dragon1893: doesn't show hand
*** SUMMARY ***
Total pot $12 | Rake $0.24
Board [7h Kh Qs]
Seat 1: aremom4e (big blind) folded on the Flop
Seat 2: dragon1893 (button) (small blind) collected ($11.76)


PokerStars Hand #147182603800:  Hold'em Limit ($3/$6 USD) - 2016/01/17 5:31:38 ET
Table 'Hermod II' 2-max Seat #1 is the button
Seat 1: aremom4e ($78.65 in chips)
Seat 2: dragon1893 ($401.81 in chips)
aremom4e: posts small blind $1
dragon1893: posts big blind $3
*** HOLE CARDS ***
aremom4e: raises $3 to $6
dragon1893: calls $3
*** FLOP *** [7c 4s 6s]
dragon1893: checks
aremom4e: bets $3
dragon1893: calls $3
*** TURN *** [7c 4s 6s] [Kh]
dragon1893: checks
aremom4e: checks
*** RIVER *** [7c 4s 6s Kh] [8d]
dragon1893: bets $6
aremom4e: calls $6
*** SHOW DOWN ***
dragon1893: shows [Qh 5h] (a straight, Four to Eight)
aremom4e: mucks hand
dragon1893 collected $29.50 from pot
*** SUMMARY ***
Total pot $30 | Rake $0.50
Board [7c 4s 6s Kh 8d]
Seat 1: aremom4e (button) (small blind) mucked
Seat 2: dragon1893 (big blind) showed [Qh 5h] and won ($29.50) with a straight, Four to Eight


PokerStars Hand #147182626730:  Hold'em Limit ($3/$6 USD) - 2016/01/17 5:32:20 ET
Table 'Hermod II' 2-max Seat #2 is the button
Seat 1: aremom4e ($45.65 in chips)
Seat 2: dragon1893 ($433.57 in chips)
dragon1893: posts small blind $1
aremom4e: posts big blind $3
*** HOLE CARDS ***
dragon1893: folds
Uncalled bet ($2) returned to aremom4e
aremom4e collected $2 from pot
aremom4e: doesn't show hand
*** SUMMARY ***
Total pot $2 | Rake $0
Seat 1: aremom4e (big blind) collected ($2)
Seat 2: dragon1893 (button) (small blind) folded before Flop


PokerStars Hand #147182624233:  Hold'em Limit ($3/$6 USD) - 2016/01/17 5:32:15 ET
Table 'Hermod II' 2-max Seat #1 is the button
Seat 1: aremom4e ($42.65 in chips)
Seat 2: dragon1893 ($436.57 in chips)
aremom4e: posts small blind $1
dragon1893: posts big blind $3
*** HOLE CARDS ***
aremom4e: raises $3 to $6
dragon1893: folds
Uncalled bet ($3) returned to aremom4e
aremom4e collected $6 from pot
aremom4e: doesn't show hand
*** SUMMARY ***
Total pot $6 | Rake $0
Seat 1: aremom4e (button) (small blind) collected ($6)
Seat 2: dragon1893 (big blind) folded before Flop


PokerStars Hand #147182629001:  Hold'em Limit ($3/$6 USD) - 2016/01/17 5:32:24 ET
Table 'Hermod II' 2-max Seat #1 is the button
Seat 1: aremom4e ($46.65 in chips)
Seat 2: dragon1893 ($432.57 in chips)
aremom4e: posts small blind $1
dragon1893: posts big blind $3
*** HOLE CARDS ***
aremom4e: raises $3 to $6
dragon1893: calls $3
*** FLOP *** [4c 8s 6h]
dragon1893: checks
aremom4e: checks
*** TURN *** [4c 8s 6h] [9h]
dragon1893: bets $6
aremom4e: calls $6
*** RIVER *** [4c 8s 6h 9h] [Ts]
dragon1893: bets $6
aremom4e: folds
Uncalled bet ($6) returned to dragon1893
dragon1893 collected $23.52 from pot
dragon1893: doesn't show hand
*** SUMMARY ***
Total pot $24 | Rake $0.48
Board [4c 8s 6h 9h Ts]
Seat 1: aremom4e (button) (small blind) folded on the River
Seat 2: dragon1893 (big blind) collected ($23.52)


PokerStars Hand #147182617957:  Hold'em Limit ($3/$6 USD) - 2016/01/17 5:32:04 ET
Table 'Hermod II' 2-max Seat #2 is the button
Seat 1: aremom4e ($60.65 in chips)
Seat 2: dragon1893 ($419.07 in chips)
dragon1893: posts small blind $1
aremom4e: posts big blind $3
*** HOLE CARDS ***
dragon1893: raises $3 to $6
aremom4e: raises $3 to $9
dragon1893: calls $3
*** FLOP *** [3h Jd 6c]
aremom4e: bets $3
dragon1893: calls $3
*** TURN *** [3h Jd 6c] [7d]
aremom4e: checks
dragon1893: checks
*** RIVER *** [3h Jd 6c 7d] [8s]
aremom4e: bets $6
dragon1893: calls $6
*** SHOW DOWN ***
aremom4e: shows [9s Qs] (high card Queen)
dragon1893: shows [Ac Ks] (high card Ace)
dragon1893 collected $35.50 from pot
*** SUMMARY ***
Total pot $36 | Rake $0.50
Board [3h Jd 6c 7d 8s]
Seat 1: aremom4e (big blind) showed [9s Qs] and lost with high card Queen
Seat 2: dragon1893 (button) (small blind) showed [Ac Ks] and won ($35.50) with high card Ace


PokerStars Hand #147182671303:  Hold'em Limit ($3/$6 USD) - 2016/01/17 5:33:40 ET
Table 'Hermod II' 2-max Seat #1 is the button
Seat 1: aremom4e ($24.07 in chips)
Seat 2: dragon1893 ($481.85 in chips)
aremom4e: posts small blind $1
dragon1893: posts big blind $3
*** HOLE CARDS ***
aremom4e: folds
Uncalled bet ($2) returned to dragon1893
dragon1893 collected $2 from pot
dragon1893: doesn't show hand
*** SUMMARY ***
Total pot $2 | Rake $0
Seat 1: aremom4e (button) (small blind) folded before Flop
Seat 2: dragon1893 (big blind) collected ($2)


PokerStars Hand #147182665696:  Hold'em Limit ($3/$6 USD) - 2016/01/17 5:33:30 ET
Table 'Hermod II' 2-max Seat #1 is the button
Seat 1: aremom4e ($24.07 in chips)
Seat 2: dragon1893 ($481.85 in chips)
aremom4e: posts small blind $1
dragon1893: posts big blind $3
*** HOLE CARDS ***
aremom4e: folds
Uncalled bet ($2) returned to dragon1893
dragon1893 collected $2 from pot
dragon1893: doesn't show hand
*** SUMMARY ***
Total pot $2 | Rake $0
Seat 1: aremom4e (button) (small blind) folded before Flop
Seat 2: dragon1893 (big blind) collected ($2)


PokerStars Hand #147182654789:  Hold'em Limit ($3/$6 USD) - 2016/01/17 5:33:10 ET
Table 'Hermod II' 2-max Seat #2 is the button
Seat 1: aremom4e ($30.07 in chips)
Seat 2: dragon1893 ($476.09 in chips)
dragon1893: posts small blind $1
aremom4e: posts big blind $3
*** HOLE CARDS ***
dragon1893: raises $3 to $6
aremom4e: calls $3
*** FLOP *** [Jd 4h Th]
aremom4e: checks
dragon1893: bets $3
aremom4e: folds
Uncalled bet ($3) returned to dragon1893
dragon1893 collected $11.76 from pot
dragon1893: doesn't show hand
*** SUMMARY ***
Total pot $12 | Rake $0.24
Board [Jd 4h Th]
Seat 1: aremom4e (big blind) folded on the Flop
Seat 2: dragon1893 (button) (small blind) collected ($11.76)


PokerStars Hand #147182674025:  Hold'em Limit ($3/$6 USD) - 2016/01/17 5:33:45 ET
Table 'Hermod II' 2-max Seat #2 is the button
Seat 1: aremom4e ($23.07 in chips)
Seat 2: dragon1893 ($482.85 in chips)
dragon1893: posts small blind $1
aremom4e: posts big blind $3
*** HOLE CARDS ***
dragon1893: raises $3 to $6
aremom4e: folds
Uncalled bet ($3) returned to dragon1893
dragon1893 collected $6 from pot
dragon1893: doesn't show hand
*** SUMMARY ***
Total pot $6 | Rake $0
Seat 1: aremom4e (big blind) folded before Flop
Seat 2: dragon1893 (button) (small blind) collected ($6)


PokerStars Hand #147182676751:  Hold'em Limit ($3/$6 USD) - 2016/01/17 5:33:50 ET
Table 'Hermod II' 2-max Seat #1 is the button
Seat 1: aremom4e ($20.07 in chips)
Seat 2: dragon1893 ($485.85 in chips)
aremom4e: posts small blind $1
dragon1893: posts big blind $3
*** HOLE CARDS ***
aremom4e: calls $2
dragon1893: checks
*** FLOP *** [Ad 7d 3c]
dragon1893: checks
aremom4e: checks
*** TURN *** [Ad 7d 3c] [4c]
dragon1893: bets $6
aremom4e: folds
Uncalled bet ($6) returned to dragon1893
dragon1893 collected $5.88 from pot
dragon1893: doesn't show hand
*** SUMMARY ***
Total pot $6 | Rake $0.12
Board [Ad 7d 3c 4c]
Seat 1: aremom4e (button) (small blind) folded on the Turn
Seat 2: dragon1893 (big blind) collected ($5.88)


PokerStars Hand #147182643441:  Hold'em Limit ($3/$6 USD) - 2016/01/17 5:32:50 ET
Table 'Hermod II' 2-max Seat #1 is the button
Seat 1: aremom4e ($16.65 in chips)
Seat 2: dragon1893 ($461.59 in chips)
aremom4e: posts small blind $1
dragon1893: posts big blind $3
*** HOLE CARDS ***
aremom4e: raises $3 to $6
dragon1893: calls $3
*** FLOP *** [9d 5c Ah]
dragon1893: checks
aremom4e: bets $3
dragon1893: calls $3
*** TURN *** [9d 5c Ah] [Tc]
dragon1893: checks
aremom4e: checks
*** RIVER *** [9d 5c Ah Tc] [Jd]
dragon1893: bets $6
aremom4e: calls $6
*** SHOW DOWN ***
dragon1893: shows [5d Ts] (two pair, Tens and Fives)
aremom4e: mucks hand
dragon1893 collected $29.50 from pot
*** SUMMARY ***
Total pot $30 | Rake $0.50
Board [9d 5c Ah Tc Jd]
Seat 1: aremom4e (button) (small blind) mucked
Seat 2: dragon1893 (big blind) showed [5d Ts] and won ($29.50) with two pair, Tens and Fives


PokerStars Hand #147182690512:  Hold'em Limit ($3/$6 USD) - 2016/01/17 5:34:15 ET
Table 'Hermod II' 2-max Seat #2 is the button
Seat 1: aremom4e ($10.07 in chips)
Seat 2: dragon1893 ($495.49 in chips)
dragon1893: posts small blind $1
aremom4e: posts big blind $3
*** HOLE CARDS ***
dragon1893: raises $3 to $6
aremom4e: calls $3
*** FLOP *** [3d 6c Jh]
aremom4e: checks
dragon1893: bets $3
aremom4e: calls $3
*** TURN *** [3d 6c Jh] [6h]
aremom4e: checks
dragon1893: bets $6
aremom4e: calls $1.07 and is all-in
Uncalled bet ($4.93) returned to dragon1893
*** RIVER *** [3d 6c Jh 6h] [Ks]
*** SHOW DOWN ***
aremom4e: shows [5c As] (a pair of Sixes)
dragon1893: shows [Kd 2h] (two pair, Kings and Sixes)
dragon1893 collected $19.74 from pot
*** SUMMARY ***
Total pot $20.14 | Rake $0.40
Board [3d 6c Jh 6h Ks]
Seat 1: aremom4e (big blind) showed [5c As] and lost with a pair of Sixes
Seat 2: dragon1893 (button) (small blind) showed [Kd 2h] and won ($19.74) with two pair, Kings and Sixes


PokerStars Hand #147182687877:  Hold'em Limit ($3/$6 USD) - 2016/01/17 5:34:10 ET
Table 'Hermod II' 2-max Seat #1 is the button
Seat 1: aremom4e ($11.07 in chips)
Seat 2: dragon1893 ($494.49 in chips)
aremom4e: posts small blind $1
dragon1893: posts big blind $3
*** HOLE CARDS ***
aremom4e: folds
Uncalled bet ($2) returned to dragon1893
dragon1893 collected $2 from pot
dragon1893: doesn't show hand
*** SUMMARY ***
Total pot $2 | Rake $0
Seat 1: aremom4e (button) (small blind) folded before Flop
Seat 2: dragon1893 (big blind) collected ($2)


PokerStars Hand #147182683396:  Hold'em Limit ($3/$6 USD) - 2016/01/17 5:34:02 ET
Table 'Hermod II' 2-max Seat #2 is the button
Seat 1: aremom4e ($17.07 in chips)
Seat 2: dragon1893 ($488.73 in chips)
dragon1893: posts small blind $1
aremom4e: posts big blind $3
*** HOLE CARDS ***
dragon1893: raises $3 to $6
aremom4e: calls $3
*** FLOP *** [5d Jh 6c]
aremom4e: checks
dragon1893: bets $3
aremom4e: folds
Uncalled bet ($3) returned to dragon1893
dragon1893 collected $11.76 from pot
dragon1893: doesn't show hand
*** SUMMARY ***
Total pot $12 | Rake $0.24
Board [5d Jh 6c]
Seat 1: aremom4e (big blind) folded on the Flop
Seat 2: dragon1893 (button) (small blind) collected ($11.76)


