PokerStars Hand #145210261142:  Hold'em Limit ($3/$6 USD) - 2015/12/12 0:42:59 ET
Table 'Hermod' 6-max Seat #3 is the button
Seat 3: Darts ($73.43 in chips)
Seat 4: Agrotait ($72 in chips)
Darts: posts small blind $1
Agrotait: posts big blind $3
*** HOLE CARDS ***
Darts: raises $3 to $6
Agrotait: calls $3
*** FLOP *** [6c 7d 9h]
Agrotait: checks
Darts: bets $3
Agrotait: raises $3 to $6
Darts: raises $3 to $9
Agrotait: calls $3
*** TURN *** [6c 7d 9h] [9s]
Agrotait: checks
Darts: bets $6
Agrotait: calls $6
*** RIVER *** [6c 7d 9h 9s] [2d]
Agrotait: checks
Darts: bets $6
Agrotait: calls $6
*** SHOW DOWN ***
Darts: shows [9c Qh] (three of a kind, Nines)
Agrotait: mucks hand
Darts collected $53.50 from pot
*** SUMMARY ***
Total pot $54 | Rake $0.50
Board [6c 7d 9h 9s 2d]
Seat 3: Darts (button) (small blind) showed [9c Qh] and won ($53.50) with three of a kind, Nines
Seat 4: Agrotait (big blind) mucked


PokerStars Hand #145210272468:  Hold'em Limit ($3/$6 USD) - 2015/12/12 0:43:38 ET
Table 'Hermod' 6-max Seat #4 is the button
Seat 3: Darts ($99.93 in chips)
Seat 4: Agrotait ($72 in chips)
Agrotait: posts small blind $1
Darts: posts big blind $3
*** HOLE CARDS ***
Agrotait: raises $3 to $6
Darts: calls $3
*** FLOP *** [2d Kd 9c]
Darts: checks
Agrotait: bets $3
Darts: folds
Uncalled bet ($3) returned to Agrotait
Agrotait collected $11.76 from pot
Agrotait: doesn't show hand
*** SUMMARY ***
Total pot $12 | Rake $0.24
Board [2d Kd 9c]
Seat 3: Darts (big blind) folded on the Flop
Seat 4: Agrotait (button) (small blind) collected ($11.76)


PokerStars Hand #145210276053:  Hold'em Limit ($3/$6 USD) - 2015/12/12 0:43:50 ET
Table 'Hermod' 6-max Seat #3 is the button
Seat 3: Darts ($93.93 in chips)
Seat 4: Agrotait ($77.76 in chips)
Darts: posts small blind $1
Agrotait: posts big blind $3
*** HOLE CARDS ***
Darts: raises $3 to $6
Agrotait: raises $3 to $9
Darts: calls $3
*** FLOP *** [3c 7h 5c]
Agrotait: checks
Darts: bets $3
Agrotait: calls $3
*** TURN *** [3c 7h 5c] [2s]
Agrotait: checks
Darts: checks
*** RIVER *** [3c 7h 5c 2s] [Jd]
Agrotait: bets $6
Darts: folds
Uncalled bet ($6) returned to Agrotait
Agrotait collected $23.52 from pot
Agrotait: doesn't show hand
*** SUMMARY ***
Total pot $24 | Rake $0.48
Board [3c 7h 5c 2s Jd]
Seat 3: Darts (button) (small blind) folded on the River
Seat 4: Agrotait (big blind) collected ($23.52)


PokerStars Hand #145210282944:  Hold'em Limit ($3/$6 USD) - 2015/12/12 0:44:14 ET
Table 'Hermod' 6-max Seat #4 is the button
Seat 3: Darts ($81.93 in chips)
Seat 4: Agrotait ($89.28 in chips)
Agrotait: posts small blind $1
Darts: posts big blind $3
*** HOLE CARDS ***
Agrotait: raises $3 to $6
Darts: raises $3 to $9
Agrotait: calls $3
*** FLOP *** [As 5d Kc]
Darts: checks
Agrotait: checks
*** TURN *** [As 5d Kc] [Qd]
Darts: bets $6
Agrotait: folds
Uncalled bet ($6) returned to Darts
Darts collected $17.64 from pot
Darts: doesn't show hand
*** SUMMARY ***
Total pot $18 | Rake $0.36
Board [As 5d Kc Qd]
Seat 3: Darts (big blind) collected ($17.64)
Seat 4: Agrotait (button) (small blind) folded on the Turn


PokerStars Hand #145210290986:  Hold'em Limit ($3/$6 USD) - 2015/12/12 0:44:42 ET
Table 'Hermod' 6-max Seat #3 is the button
Seat 3: Darts ($90.57 in chips)
Seat 4: Agrotait ($80.28 in chips)
Darts: posts small blind $1
Agrotait: posts big blind $3
*** HOLE CARDS ***
Darts: raises $3 to $6
Agrotait: folds
Uncalled bet ($3) returned to Darts
Darts collected $6 from pot
Darts: doesn't show hand
*** SUMMARY ***
Total pot $6 | Rake $0
Seat 3: Darts (button) (small blind) collected ($6)
Seat 4: Agrotait (big blind) folded before Flop


PokerStars Hand #145210295285:  Hold'em Limit ($3/$6 USD) - 2015/12/12 0:44:56 ET
Table 'Hermod' 6-max Seat #4 is the button
Seat 3: Darts ($93.57 in chips)
Seat 4: Agrotait ($77.28 in chips)
Agrotait: posts small blind $1
Darts: posts big blind $3
*** HOLE CARDS ***
Agrotait: raises $3 to $6
Darts: calls $3
*** FLOP *** [Th Ks Ad]
Darts: checks
Agrotait: bets $3
Darts: folds
Uncalled bet ($3) returned to Agrotait
Agrotait collected $11.76 from pot
Agrotait: doesn't show hand
*** SUMMARY ***
Total pot $12 | Rake $0.24
Board [Th Ks Ad]
Seat 3: Darts (big blind) folded on the Flop
Seat 4: Agrotait (button) (small blind) collected ($11.76)


PokerStars Hand #145210300569:  Hold'em Limit ($3/$6 USD) - 2015/12/12 0:45:14 ET
Table 'Hermod' 6-max Seat #3 is the button
Seat 3: Darts ($87.57 in chips)
Seat 4: Agrotait ($83.04 in chips)
Darts: posts small blind $1
Agrotait: posts big blind $3
*** HOLE CARDS ***
Darts: raises $3 to $6
Agrotait: raises $3 to $9
Darts: calls $3
*** FLOP *** [Ac 8d 4s]
Agrotait: bets $3
Darts: folds
Uncalled bet ($3) returned to Agrotait
Agrotait collected $17.64 from pot
Agrotait: doesn't show hand
*** SUMMARY ***
Total pot $18 | Rake $0.36
Board [Ac 8d 4s]
Seat 3: Darts (button) (small blind) folded on the Flop
Seat 4: Agrotait (big blind) collected ($17.64)


