PokerStars Hand #145299261783:  Hold'em Limit ($3/$6 USD) - 2015/12/13 16:28:03 ET
Table 'Herodias' 2-max Seat #1 is the button
Seat 1: izhevsk33 ($38.17 in chips)
Seat 2: Avereem ($115.78 in chips)
izhevsk33: posts small blind $1
Avereem: posts big blind $3
*** HOLE CARDS ***
izhevsk33: calls $2
Avereem: raises $3 to $6
izhevsk33: calls $3
*** FLOP *** [8c Qc Tc]
Avereem: bets $3
izhevsk33: folds
Uncalled bet ($3) returned to Avereem
Avereem collected $11.76 from pot
Avereem: doesn't show hand
*** SUMMARY ***
Total pot $12 | Rake $0.24
Board [8c Qc Tc]
Seat 1: izhevsk33 (button) (small blind) folded on the Flop
Seat 2: Avereem (big blind) collected ($11.76)


PokerStars Hand #145299281487:  Hold'em Limit ($3/$6 USD) - 2015/12/13 16:28:24 ET
Table 'Herodias' 2-max Seat #2 is the button
Seat 1: izhevsk33 ($32.17 in chips)
Seat 2: Avereem ($121.54 in chips)
Avereem: posts small blind $1
izhevsk33: posts big blind $3
*** HOLE CARDS ***
Avereem: raises $3 to $6
izhevsk33: calls $3
*** FLOP *** [5d 9s 6s]
izhevsk33: checks
Avereem: bets $3
izhevsk33: calls $3
*** TURN *** [5d 9s 6s] [9c]
izhevsk33: checks
Avereem: bets $6
izhevsk33: calls $6
*** RIVER *** [5d 9s 6s 9c] [Kc]
izhevsk33: folds
Avereem collected $29.50 from pot
Avereem: doesn't show hand
*** SUMMARY ***
Total pot $30 | Rake $0.50
Board [5d 9s 6s 9c Kc]
Seat 1: izhevsk33 (big blind) folded on the River
Seat 2: Avereem (button) (small blind) collected ($29.50)


PokerStars Hand #145299325549:  Hold'em Limit ($3/$6 USD) - 2015/12/13 16:29:09 ET
Table 'Herodias' 2-max Seat #1 is the button
Seat 1: izhevsk33 ($17.17 in chips)
Seat 2: Avereem ($136.04 in chips)
izhevsk33: posts small blind $1
Avereem: posts big blind $3
*** HOLE CARDS ***
izhevsk33: raises $3 to $6
Avereem: raises $3 to $9
izhevsk33: raises $3 to $12
Betting is capped
Avereem: calls $3
*** FLOP *** [3h Jc Qd]
Avereem: checks
izhevsk33: bets $3
Avereem: raises $3 to $6
izhevsk33: calls $2.17 and is all-in
Uncalled bet ($0.83) returned to Avereem
*** TURN *** [3h Jc Qd] [4d]
*** RIVER *** [3h Jc Qd 4d] [8h]
*** SHOW DOWN ***
Avereem: shows [Td Ac] (high card Ace)
izhevsk33: shows [8s Ad] (a pair of Eights)
izhevsk33 collected $33.84 from pot
*** SUMMARY ***
Total pot $34.34 | Rake $0.50
Board [3h Jc Qd 4d 8h]
Seat 1: izhevsk33 (button) (small blind) showed [8s Ad] and won ($33.84) with a pair of Eights
Seat 2: Avereem (big blind) showed [Td Ac] and lost with high card Ace


PokerStars Hand #145299352689:  Hold'em Limit ($3/$6 USD) - 2015/12/13 16:29:36 ET
Table 'Herodias' 2-max Seat #2 is the button
Seat 1: izhevsk33 ($33.84 in chips)
Seat 2: Avereem ($118.87 in chips)
Avereem: posts small blind $1
izhevsk33: posts big blind $3
*** HOLE CARDS ***
Avereem: raises $3 to $6
izhevsk33: calls $3
*** FLOP *** [Ad 6h 4c]
izhevsk33: checks
Avereem: bets $3
izhevsk33: calls $3
*** TURN *** [Ad 6h 4c] [3s]
izhevsk33: folds
Avereem collected $17.64 from pot
Avereem: doesn't show hand
*** SUMMARY ***
Total pot $18 | Rake $0.36
Board [Ad 6h 4c 3s]
Seat 1: izhevsk33 (big blind) folded on the Turn
Seat 2: Avereem (button) (small blind) collected ($17.64)


PokerStars Hand #145299376043:  Hold'em Limit ($3/$6 USD) - 2015/12/13 16:30:00 ET
Table 'Herodias' 2-max Seat #1 is the button
Seat 1: izhevsk33 ($24.84 in chips)
Seat 2: Avereem ($127.51 in chips)
izhevsk33: posts small blind $1
Avereem: posts big blind $3
*** HOLE CARDS ***
izhevsk33: folds
Uncalled bet ($2) returned to Avereem
Avereem collected $2 from pot
Avereem: doesn't show hand
*** SUMMARY ***
Total pot $2 | Rake $0
Seat 1: izhevsk33 (button) (small blind) folded before Flop
Seat 2: Avereem (big blind) collected ($2)


PokerStars Hand #145299381459:  Hold'em Limit ($3/$6 USD) - 2015/12/13 16:30:05 ET
Table 'Herodias' 2-max Seat #2 is the button
Seat 1: izhevsk33 ($23.84 in chips)
Seat 2: Avereem ($128.51 in chips)
Avereem: posts small blind $1
izhevsk33: posts big blind $3
*** HOLE CARDS ***
Avereem: raises $3 to $6
izhevsk33: raises $3 to $9
Avereem: raises $3 to $12
Betting is capped
izhevsk33: calls $3
*** FLOP *** [3c Th Kc]
izhevsk33: bets $3
Avereem: calls $3
*** TURN *** [3c Th Kc] [Ah]
izhevsk33: bets $6
Avereem: calls $6
*** RIVER *** [3c Th Kc Ah] [Qc]
izhevsk33: bets $2.84 and is all-in
Avereem: calls $2.84
*** SHOW DOWN ***
izhevsk33: shows [9s Tc] (a pair of Tens)
Avereem: shows [9h 9d] (a pair of Nines)
izhevsk33 collected $47.18 from pot
*** SUMMARY ***
Total pot $47.68 | Rake $0.50
Board [3c Th Kc Ah Qc]
Seat 1: izhevsk33 (big blind) showed [9s Tc] and won ($47.18) with a pair of Tens
Seat 2: Avereem (button) (small blind) showed [9h 9d] and lost with a pair of Nines


PokerStars Hand #145299413952:  Hold'em Limit ($3/$6 USD) - 2015/12/13 16:30:41 ET
Table 'Herodias' 2-max Seat #1 is the button
Seat 1: izhevsk33 ($47.18 in chips)
Seat 2: Avereem ($104.67 in chips)
izhevsk33: posts small blind $1
Avereem: posts big blind $3
*** HOLE CARDS ***
izhevsk33: raises $3 to $6
Avereem: calls $3
*** FLOP *** [9d Qd 7c]
Avereem: checks
izhevsk33: checks
*** TURN *** [9d Qd 7c] [6d]
Avereem: bets $6
izhevsk33: folds
Uncalled bet ($6) returned to Avereem
Avereem collected $11.76 from pot
Avereem: doesn't show hand
*** SUMMARY ***
Total pot $12 | Rake $0.24
Board [9d Qd 7c 6d]
Seat 1: izhevsk33 (button) (small blind) folded on the Turn
Seat 2: Avereem (big blind) collected ($11.76)


PokerStars Hand #145299442452:  Hold'em Limit ($3/$6 USD) - 2015/12/13 16:31:10 ET
Table 'Herodias' 2-max Seat #2 is the button
Seat 1: izhevsk33 ($41.18 in chips)
Seat 2: Avereem ($110.43 in chips)
Avereem: posts small blind $1
izhevsk33: posts big blind $3
*** HOLE CARDS ***
Avereem: raises $3 to $6
izhevsk33: raises $3 to $9
Avereem: calls $3
*** FLOP *** [Ah 3c 7s]
izhevsk33: bets $3
Avereem: calls $3
*** TURN *** [Ah 3c 7s] [5s]
izhevsk33: bets $6
Avereem: raises $6 to $12
izhevsk33: raises $6 to $18
Avereem: raises $6 to $24
Betting is capped
izhevsk33: calls $6
*** RIVER *** [Ah 3c 7s 5s] [5h]
izhevsk33: bets $5.18 and is all-in
Avereem: calls $5.18
*** SHOW DOWN ***
izhevsk33: shows [As Th] (two pair, Aces and Fives)
Avereem: shows [7d Ad] (two pair, Aces and Sevens)
Avereem collected $81.86 from pot
*** SUMMARY ***
Total pot $82.36 | Rake $0.50
Board [Ah 3c 7s 5s 5h]
Seat 1: izhevsk33 (big blind) showed [As Th] and lost with two pair, Aces and Fives
Seat 2: Avereem (button) (small blind) showed [7d Ad] and won ($81.86) with two pair, Aces and Sevens


