PokerStars Hand #174458405242:  Hold'em Limit ($3/$6 USD) - 2017/08/17 16:07:22 ET
Table 'Herodias' 6-max Seat #4 is the button
Seat 4: NAV1 ($42 in chips)
Seat 5: GoliafUa ($120 in chips)
NAV1: posts small blind $1
GoliafUa: posts big blind $3
*** HOLE CARDS ***
NAV1: raises $3 to $6
GoliafUa: raises $3 to $9
NAV1: calls $3
*** FLOP *** [8d 2c 7s]
GoliafUa: bets $3
vestimokrec joins the table at seat #6
NAV1: folds
Uncalled bet ($3) returned to GoliafUa
GoliafUa collected $17.64 from pot
*** SUMMARY ***
Total pot $18 | Rake $0.36
Board [8d 2c 7s]
Seat 4: NAV1 (button) (small blind) folded on the Flop
Seat 5: GoliafUa (big blind) collected ($17.64)


PokerStars Hand #174461280987:  Hold'em Limit ($3/$6 USD) - 2017/08/17 17:12:56 ET
Table 'Herodias' 6-max Seat #6 is the button
Seat 5: GoliafUa ($120 in chips)
Seat 6: jamtwist ($66.52 in chips)
jamtwist: posts small blind $1
GoliafUa: posts big blind $3
*** HOLE CARDS ***
jamtwist: raises $3 to $6
GoliafUa: calls $3
*** FLOP *** [Th Qd 9s]
GoliafUa: checks
mitko1717 joins the table at seat #1
jamtwist: bets $3
GoliafUa: raises $3 to $6
jamtwist: calls $3
*** TURN *** [Th Qd 9s] [Kc]
GoliafUa: bets $6
jamtwist: calls $6
*** RIVER *** [Th Qd 9s Kc] [3d]
GoliafUa: checks
jamtwist: bets $6
GoliafUa: folds
Uncalled bet ($6) returned to jamtwist
jamtwist collected $35.50 from pot
jamtwist: doesn't show hand
*** SUMMARY ***
Total pot $36 | Rake $0.50
Board [Th Qd 9s Kc 3d]
Seat 5: GoliafUa (big blind) folded on the River
Seat 6: jamtwist (button) (small blind) collected ($35.50)


PokerStars Hand #174461304580:  Hold'em Limit ($3/$6 USD) - 2017/08/17 17:13:28 ET
Table 'Herodias' 6-max Seat #5 is the button
Seat 5: GoliafUa ($120 in chips)
Seat 6: jamtwist ($84.02 in chips)
GoliafUa: posts small blind $1
jamtwist: posts big blind $3
*** HOLE CARDS ***
GoliafUa: raises $3 to $6
jamtwist: calls $3
*** FLOP *** [7d 4s 6c]
Luanto 14 joins the table at seat #2
jamtwist: checks
GoliafUa: bets $3
jamtwist: calls $3
*** TURN *** [7d 4s 6c] [3d]
jamtwist: checks
GoliafUa: bets $6
jamtwist: calls $6
*** RIVER *** [7d 4s 6c 3d] [Ad]
jamtwist: checks
GoliafUa: checks
*** SHOW DOWN ***
jamtwist: shows [Ks 5s] (a straight, Three to Seven)
GoliafUa: mucks hand
jamtwist collected $29.50 from pot
*** SUMMARY ***
Total pot $30 | Rake $0.50
Board [7d 4s 6c 3d Ad]
Seat 5: GoliafUa (button) (small blind) mucked
Seat 6: jamtwist (big blind) showed [Ks 5s] and won ($29.50) with a straight, Three to Seven


PokerStars Hand #174466706045:  Hold'em Limit ($3/$6 USD) - 2017/08/17 19:34:50 ET
Table 'Herodias' 6-max Seat #5 is the button
Seat 2: jamie2000 ($267.05 in chips)
Seat 5: favete lin ($163.96 in chips)
favete lin: posts small blind $1
B_loJkl: is sitting out
jamie2000: posts big blind $3
*** HOLE CARDS ***
favete lin: raises $3 to $6
jamie2000: folds
Uncalled bet ($3) returned to favete lin
favete lin collected $6 from pot
favete lin: doesn't show hand
*** SUMMARY ***
Total pot $6 | Rake $0
Seat 2: jamie2000 (big blind) folded before Flop
Seat 5: favete lin (button) (small blind) collected ($6)


PokerStars Hand #174466711231:  Hold'em Limit ($3/$6 USD) - 2017/08/17 19:35:00 ET
Table 'Herodias' 6-max Seat #2 is the button
Seat 2: jamie2000 ($264.05 in chips)
Seat 5: favete lin ($166.96 in chips)
jamie2000: posts small blind $1
favete lin: posts big blind $3
*** HOLE CARDS ***
jamie2000: raises $3 to $6
favete lin: calls $3
*** FLOP *** [As Jc 6d]
favete lin: checks
jamie2000: bets $3
favete lin: folds
Uncalled bet ($3) returned to jamie2000
jamie2000 collected $11.76 from pot
jamie2000: doesn't show hand
*** SUMMARY ***
Total pot $12 | Rake $0.24
Board [As Jc 6d]
Seat 2: jamie2000 (button) (small blind) collected ($11.76)
Seat 5: favete lin (big blind) folded on the Flop


