PokerStars Hand #151779846589:  Hold'em Limit ($3/$6 USD) - 2016/04/11 16:24:51 ET
Table 'Herodias III' 6-max Seat #1 is the button
Seat 1: Necromadx ($120 in chips)
Seat 3: Yell0wBack ($234.50 in chips)
Necromadx: posts small blind $1
Yell0wBack: posts big blind $3
*** HOLE CARDS ***
Necromadx: raises $3 to $6
Yell0wBack: folds
Uncalled bet ($3) returned to Necromadx
Necromadx collected $6 from pot
Necromadx: doesn't show hand
*** SUMMARY ***
Total pot $6 | Rake $0
Seat 1: Necromadx (button) (small blind) collected ($6)
Seat 3: Yell0wBack (big blind) folded before Flop


PokerStars Hand #151779833050:  Hold'em Limit ($3/$6 USD) - 2016/04/11 16:24:37 ET
Table 'Herodias III' 6-max Seat #3 is the button
Seat 1: Necromadx ($123 in chips)
Seat 3: Yell0wBack ($220 in chips)
Yell0wBack: posts small blind $1
Necromadx: posts big blind $3
*** HOLE CARDS ***
Yell0wBack: raises $3 to $6
Necromadx: calls $3
*** FLOP *** [Ah 7c 2d]
Necromadx: checks
Yell0wBack: bets $3
Necromadx: raises $3 to $6
Yell0wBack: raises $3 to $9
Necromadx: calls $3
*** TURN *** [Ah 7c 2d] [Ks]
Necromadx: checks
Yell0wBack: bets $6
Necromadx: folds
Uncalled bet ($6) returned to Yell0wBack
Yell0wBack collected $29.50 from pot
Yell0wBack: doesn't show hand
*** SUMMARY ***
Total pot $30 | Rake $0.50
Board [Ah 7c 2d Ks]
Seat 1: Necromadx (big blind) folded on the Turn
Seat 3: Yell0wBack (button) (small blind) collected ($29.50)


PokerStars Hand #151779860385:  Hold'em Limit ($3/$6 USD) - 2016/04/11 16:25:05 ET
Table 'Herodias III' 6-max Seat #1 is the button
Seat 1: Necromadx ($120 in chips)
Seat 3: Yell0wBack ($237.26 in chips)
Necromadx: posts small blind $1
Yell0wBack: posts big blind $3
*** HOLE CARDS ***
Necromadx: folds
Uncalled bet ($2) returned to Yell0wBack
Yell0wBack collected $2 from pot
Yell0wBack: doesn't show hand
*** SUMMARY ***
Total pot $2 | Rake $0
Seat 1: Necromadx (button) (small blind) folded before Flop
Seat 3: Yell0wBack (big blind) collected ($2)


PokerStars Hand #151779851762:  Hold'em Limit ($3/$6 USD) - 2016/04/11 16:24:56 ET
Table 'Herodias III' 6-max Seat #3 is the button
Seat 1: Necromadx ($123 in chips)
Seat 3: Yell0wBack ($231.50 in chips)
Yell0wBack: posts small blind $1
Necromadx: posts big blind $3
*** HOLE CARDS ***
Yell0wBack: raises $3 to $6
Necromadx: calls $3
*** FLOP *** [As Js Ad]
Necromadx: checks
Yell0wBack: bets $3
Necromadx: folds
Uncalled bet ($3) returned to Yell0wBack
Yell0wBack collected $11.76 from pot
Yell0wBack: doesn't show hand
*** SUMMARY ***
Total pot $12 | Rake $0.24
Board [As Js Ad]
Seat 1: Necromadx (big blind) folded on the Flop
Seat 3: Yell0wBack (button) (small blind) collected ($11.76)


PokerStars Hand #151779864992:  Hold'em Limit ($3/$6 USD) - 2016/04/11 16:25:10 ET
Table 'Herodias III' 6-max Seat #3 is the button
Seat 1: Necromadx ($120 in chips)
Seat 3: Yell0wBack ($238.26 in chips)
Yell0wBack: posts small blind $1
Necromadx: posts big blind $3
*** HOLE CARDS ***
Yell0wBack: folds
Uncalled bet ($2) returned to Necromadx
Necromadx collected $2 from pot
Necromadx: doesn't show hand
*** SUMMARY ***
Total pot $2 | Rake $0
Seat 1: Necromadx (big blind) collected ($2)
Seat 3: Yell0wBack (button) (small blind) folded before Flop


PokerStars Hand #151779886585:  Hold'em Limit ($3/$6 USD) - 2016/04/11 16:25:30 ET
Table 'Herodias III' 6-max Seat #3 is the button
Seat 1: Necromadx ($126.76 in chips)
Seat 3: Yell0wBack ($231.26 in chips)
Yell0wBack: posts small blind $1
Necromadx: posts big blind $3
*** HOLE CARDS ***
Yell0wBack: raises $3 to $6
Necromadx: folds
Uncalled bet ($3) returned to Yell0wBack
Yell0wBack collected $6 from pot
Yell0wBack: doesn't show hand
*** SUMMARY ***
Total pot $6 | Rake $0
Seat 1: Necromadx (big blind) folded before Flop
Seat 3: Yell0wBack (button) (small blind) collected ($6)


PokerStars Hand #151779871535:  Hold'em Limit ($3/$6 USD) - 2016/04/11 16:25:15 ET
Table 'Herodias III' 6-max Seat #1 is the button
Seat 1: Necromadx ($121 in chips)
Seat 3: Yell0wBack ($237.26 in chips)
Necromadx: posts small blind $1
Yell0wBack: posts big blind $3
*** HOLE CARDS ***
Necromadx: raises $3 to $6
Yell0wBack: calls $3
*** FLOP *** [Tc Qc 6s]
Yell0wBack: checks
Necromadx: bets $3
Yell0wBack: folds
Uncalled bet ($3) returned to Necromadx
Necromadx collected $11.76 from pot
Necromadx: doesn't show hand
*** SUMMARY ***
Total pot $12 | Rake $0.24
Board [Tc Qc 6s]
Seat 1: Necromadx (button) (small blind) collected ($11.76)
Seat 3: Yell0wBack (big blind) folded on the Flop


PokerStars Hand #151779954049:  Hold'em Limit ($3/$6 USD) - 2016/04/11 16:26:39 ET
Table 'Herodias III' 6-max Seat #3 is the button
Seat 1: Necromadx ($123.26 in chips)
Seat 3: Yell0wBack ($233.76 in chips)
Yell0wBack: posts small blind $1
Necromadx: posts big blind $3
*** HOLE CARDS ***
Yell0wBack: raises $3 to $6
Necromadx: calls $3
*** FLOP *** [4s Kh 6d]
Necromadx: checks
Yell0wBack: bets $3
Necromadx: calls $3
*** TURN *** [4s Kh 6d] [4c]
Necromadx: checks
Yell0wBack: bets $6
Necromadx: calls $6
*** RIVER *** [4s Kh 6d 4c] [8s]
Necromadx: checks
Yell0wBack: bets $6
Necromadx: calls $6
*** SHOW DOWN ***
Yell0wBack: shows [6c 5d] (two pair, Sixes and Fours)
Necromadx: mucks hand
Yell0wBack collected $41.50 from pot
*** SUMMARY ***
Total pot $42 | Rake $0.50
Board [4s Kh 6d 4c 8s]
Seat 1: Necromadx (big blind) mucked
Seat 3: Yell0wBack (button) (small blind) showed [6c 5d] and won ($41.50) with two pair, Sixes and Fours


PokerStars Hand #151779893215:  Hold'em Limit ($3/$6 USD) - 2016/04/11 16:25:37 ET
Table 'Herodias III' 6-max Seat #1 is the button
Seat 1: Necromadx ($123.76 in chips)
Seat 3: Yell0wBack ($234.26 in chips)
Necromadx: posts small blind $1
Yell0wBack: posts big blind $3
*** HOLE CARDS ***
Necromadx: raises $3 to $6
Yell0wBack: raises $3 to $9
Necromadx: calls $3
*** FLOP *** [4d 5s 9d]
Yell0wBack: bets $3
Necromadx: calls $3
*** TURN *** [4d 5s 9d] [Kc]
Yell0wBack: bets $6
Necromadx: calls $6
*** RIVER *** [4d 5s 9d Kc] [4h]
Yell0wBack: bets $6
Necromadx: calls $6
*** SHOW DOWN ***
Yell0wBack: shows [Ah Qs] (a pair of Fours)
Necromadx: shows [5h 6d] (two pair, Fives and Fours)
Necromadx collected $47.50 from pot
*** SUMMARY ***
Total pot $48 | Rake $0.50
Board [4d 5s 9d Kc 4h]
Seat 1: Necromadx (button) (small blind) showed [5h 6d] and won ($47.50) with two pair, Fives and Fours
Seat 3: Yell0wBack (big blind) showed [Ah Qs] and lost with a pair of Fours


PokerStars Hand #151779948450:  Hold'em Limit ($3/$6 USD) - 2016/04/11 16:26:33 ET
Table 'Herodias III' 6-max Seat #1 is the button
Seat 1: Necromadx ($120.26 in chips)
Seat 3: Yell0wBack ($236.76 in chips)
Necromadx: posts small blind $1
Yell0wBack: posts big blind $3
*** HOLE CARDS ***
Necromadx: raises $3 to $6
Yell0wBack: folds
Uncalled bet ($3) returned to Necromadx
Necromadx collected $6 from pot
Necromadx: doesn't show hand
*** SUMMARY ***
Total pot $6 | Rake $0
Seat 1: Necromadx (button) (small blind) collected ($6)
Seat 3: Yell0wBack (big blind) folded before Flop


PokerStars Hand #151779926149:  Hold'em Limit ($3/$6 USD) - 2016/04/11 16:26:11 ET
Table 'Herodias III' 6-max Seat #3 is the button
Seat 1: Necromadx ($147.26 in chips)
Seat 3: Yell0wBack ($210.26 in chips)
Yell0wBack: posts small blind $1
Necromadx: posts big blind $3
*** HOLE CARDS ***
Yell0wBack: raises $3 to $6
Necromadx: calls $3
*** FLOP *** [9h 5s 2c]
Necromadx: checks
Yell0wBack: bets $3
Necromadx: raises $3 to $6
Yell0wBack: raises $3 to $9
Necromadx: calls $3
*** TURN *** [9h 5s 2c] [8c]
Necromadx: checks
Yell0wBack: bets $6
Necromadx: calls $6
*** RIVER *** [9h 5s 2c 8c] [3s]
Necromadx: checks
Yell0wBack: bets $6
Necromadx: calls $6
*** SHOW DOWN ***
Yell0wBack: shows [8d 9d] (two pair, Nines and Eights)
Necromadx: mucks hand
Yell0wBack collected $53.50 from pot
*** SUMMARY ***
Total pot $54 | Rake $0.50
Board [9h 5s 2c 8c 3s]
Seat 1: Necromadx (big blind) mucked
Seat 3: Yell0wBack (button) (small blind) showed [8d 9d] and won ($53.50) with two pair, Nines and Eights


PokerStars Hand #151779974000:  Hold'em Limit ($3/$6 USD) - 2016/04/11 16:27:00 ET
Table 'Herodias III' 6-max Seat #1 is the button
Seat 1: Necromadx ($120 in chips)
Seat 3: Yell0wBack ($254.26 in chips)
Necromadx: posts small blind $1
Yell0wBack: posts big blind $3
*** HOLE CARDS ***
Necromadx: raises $3 to $6
Yell0wBack: raises $3 to $9
Necromadx: calls $3
*** FLOP *** [6s Js 3h]
Yell0wBack: bets $3
Necromadx: calls $3
*** TURN *** [6s Js 3h] [9d]
Yell0wBack: bets $6
Necromadx: calls $6
*** RIVER *** [6s Js 3h 9d] [Kc]
Yell0wBack: bets $6
Necromadx: calls $6
*** SHOW DOWN ***
Yell0wBack: shows [Th Ts] (a pair of Tens)
Necromadx: mucks hand
Yell0wBack collected $47.50 from pot
*** SUMMARY ***
Total pot $48 | Rake $0.50
Board [6s Js 3h 9d Kc]
Seat 1: Necromadx (button) (small blind) mucked
Seat 3: Yell0wBack (big blind) showed [Th Ts] and won ($47.50) with a pair of Tens


PokerStars Hand #151779991852:  Hold'em Limit ($3/$6 USD) - 2016/04/11 16:27:18 ET
Table 'Herodias III' 6-max Seat #3 is the button
Seat 1: Necromadx ($120 in chips)
Seat 3: Yell0wBack ($277.76 in chips)
Yell0wBack: posts small blind $1
Necromadx: posts big blind $3
*** HOLE CARDS ***
Yell0wBack: raises $3 to $6
Necromadx: calls $3
*** FLOP *** [4c 8s Qd]
Necromadx: checks
Yell0wBack: bets $3
Necromadx: folds
Uncalled bet ($3) returned to Yell0wBack
Yell0wBack collected $11.76 from pot
*** SUMMARY ***
Total pot $12 | Rake $0.24
Board [4c 8s Qd]
Seat 1: Necromadx (big blind) folded on the Flop
Seat 3: Yell0wBack (button) (small blind) collected ($11.76)


PokerStars Hand #151780002602:  Hold'em Limit ($3/$6 USD) - 2016/04/11 16:27:29 ET
Table 'Herodias III' 6-max Seat #1 is the button
Seat 1: Necromadx ($120 in chips)
Seat 3: Yell0wBack ($283.52 in chips)
Necromadx: posts small blind $1
Yell0wBack: posts big blind $3
*** HOLE CARDS ***
Necromadx: raises $3 to $6
firuzza joins the table at seat #5
Yell0wBack: folds
Uncalled bet ($3) returned to Necromadx
Necromadx collected $6 from pot
Necromadx: doesn't show hand
*** SUMMARY ***
Total pot $6 | Rake $0
Seat 1: Necromadx (button) (small blind) collected ($6)
Seat 3: Yell0wBack (big blind) folded before Flop


