PokerStars Hand #156251308815:  Hold'em Limit ($3/$6 USD) - 2016/07/21 8:35:17 ET
Table 'Herrick' 10-max Seat #5 is the button
Seat 5: simper11 ($173 in chips)
Seat 6: beekka ($26 in chips)
simper11: posts small blind $1
beekka: posts big blind $3
*** HOLE CARDS ***
simper11: raises $3 to $6
beekka: raises $3 to $9
simper11: calls $3
*** FLOP *** [Kh Jd 3c]
beekka: bets $3
simper11: calls $3
*** TURN *** [Kh Jd 3c] [2c]
beekka: bets $6
simper11: calls $6
*** RIVER *** [Kh Jd 3c 2c] [Qh]
beekka: bets $6
simper11: calls $6
*** SHOW DOWN ***
beekka: shows [Qs Ks] (two pair, Kings and Queens)
simper11: mucks hand
beekka collected $47.50 from pot
*** SUMMARY ***
Total pot $48 | Rake $0.50
Board [Kh Jd 3c 2c Qh]
Seat 5: simper11 (button) (small blind) mucked
Seat 6: beekka (big blind) showed [Qs Ks] and won ($47.50) with two pair, Kings and Queens


PokerStars Hand #156251299784:  Hold'em Limit ($3/$6 USD) - 2016/07/21 8:34:58 ET
Table 'Herrick' 10-max Seat #6 is the button
Seat 5: simper11 ($149.50 in chips)
Seat 6: beekka ($50 in chips)
beekka: posts small blind $1
simper11: posts big blind $3
*** HOLE CARDS ***
beekka: raises $3 to $6
simper11: raises $3 to $9
beekka: calls $3
*** FLOP *** [5d Ks Qh]
simper11: bets $3
beekka: calls $3
*** TURN *** [5d Ks Qh] [Jh]
simper11: bets $6
beekka: calls $6
*** RIVER *** [5d Ks Qh Jh] [6s]
simper11: bets $6
beekka: calls $6
*** SHOW DOWN ***
simper11: shows [Qd Kh] (two pair, Kings and Queens)
beekka: mucks hand
simper11 collected $47.50 from pot
*** SUMMARY ***
Total pot $48 | Rake $0.50
Board [5d Ks Qh Jh 6s]
Seat 5: simper11 (big blind) showed [Qd Kh] and won ($47.50) with two pair, Kings and Queens
Seat 6: beekka (button) (small blind) mucked


PokerStars Hand #156251286532:  Hold'em Limit ($3/$6 USD) - 2016/07/21 8:34:30 ET
Table 'Herrick' 10-max Seat #5 is the button
Seat 5: simper11 ($120 in chips)
Seat 6: beekka ($80 in chips)
simper11: posts small blind $1
beekka: posts big blind $3
*** HOLE CARDS ***
simper11: raises $3 to $6
beekka: calls $3
*** FLOP *** [8d 3d 4c]
beekka: checks
simper11: bets $3
beekka: raises $3 to $6
simper11: calls $3
*** TURN *** [8d 3d 4c] [9s]
beekka: bets $6
simper11: raises $6 to $12
beekka: calls $6
*** RIVER *** [8d 3d 4c 9s] [2c]
beekka: checks
simper11: bets $6
beekka: calls $6
*** SHOW DOWN ***
simper11: shows [8h 5d] (a pair of Eights)
beekka: mucks hand
simper11 collected $59.50 from pot
*** SUMMARY ***
Total pot $60 | Rake $0.50
Board [8d 3d 4c 9s 2c]
Seat 5: simper11 (button) (small blind) showed [8h 5d] and won ($59.50) with a pair of Eights
Seat 6: beekka (big blind) mucked


PokerStars Hand #156251344705:  Hold'em Limit ($3/$6 USD) - 2016/07/21 8:36:32 ET
Table 'Herrick' 10-max Seat #5 is the button
Seat 5: simper11 ($167.14 in chips)
Seat 6: beekka ($30.14 in chips)
simper11: posts small blind $1
beekka: posts big blind $3
*** HOLE CARDS ***
simper11: folds
Uncalled bet ($2) returned to beekka
beekka collected $2 from pot
*** SUMMARY ***
Total pot $2 | Rake $0
Seat 5: simper11 (button) (small blind) folded before Flop
Seat 6: beekka (big blind) collected ($2)


PokerStars Hand #156251342519:  Hold'em Limit ($3/$6 USD) - 2016/07/21 8:36:27 ET
Table 'Herrick' 10-max Seat #6 is the button
Seat 5: simper11 ($166.14 in chips)
Seat 6: beekka ($31.14 in chips)
beekka: posts small blind $1
simper11: posts big blind $3
*** HOLE CARDS ***
beekka: folds
Uncalled bet ($2) returned to simper11
simper11 collected $2 from pot
simper11: doesn't show hand
*** SUMMARY ***
Total pot $2 | Rake $0
Seat 5: simper11 (big blind) collected ($2)
Seat 6: beekka (button) (small blind) folded before Flop


PokerStars Hand #156251336423:  Hold'em Limit ($3/$6 USD) - 2016/07/21 8:36:15 ET
Table 'Herrick' 10-max Seat #5 is the button
Seat 5: simper11 ($157.50 in chips)
Seat 6: beekka ($40.14 in chips)
simper11: posts small blind $1
beekka: posts big blind $3
*** HOLE CARDS ***
simper11: raises $3 to $6
beekka: calls $3
*** FLOP *** [3h Kc 7c]
beekka: checks
simper11: bets $3
beekka: calls $3
*** TURN *** [3h Kc 7c] [Kd]
beekka: checks
simper11: bets $6
beekka: folds
Uncalled bet ($6) returned to simper11
simper11 collected $17.64 from pot
simper11: doesn't show hand
*** SUMMARY ***
Total pot $18 | Rake $0.36
Board [3h Kc 7c Kd]
Seat 5: simper11 (button) (small blind) collected ($17.64)
Seat 6: beekka (big blind) folded on the Turn


PokerStars Hand #156251325763:  Hold'em Limit ($3/$6 USD) - 2016/07/21 8:35:52 ET
Table 'Herrick' 10-max Seat #6 is the button
Seat 5: simper11 ($137 in chips)
Seat 6: beekka ($61.14 in chips)
beekka: posts small blind $1
simper11: posts big blind $3
*** HOLE CARDS ***
beekka: raises $3 to $6
simper11: calls $3
*** FLOP *** [5h 7c 3s]
simper11: checks
beekka: bets $3
simper11: calls $3
*** TURN *** [5h 7c 3s] [Ac]
simper11: checks
beekka: bets $6
simper11: calls $6
*** RIVER *** [5h 7c 3s Ac] [6d]
simper11: bets $6
beekka: calls $6
*** SHOW DOWN ***
simper11: shows [4h Jh] (a straight, Three to Seven)
beekka: mucks hand
simper11 collected $41.50 from pot
*** SUMMARY ***
Total pot $42 | Rake $0.50
Board [5h 7c 3s Ac 6d]
Seat 5: simper11 (big blind) showed [4h Jh] and won ($41.50) with a straight, Three to Seven
Seat 6: beekka (button) (small blind) mucked


PokerStars Hand #156251318604:  Hold'em Limit ($3/$6 USD) - 2016/07/21 8:35:37 ET
Table 'Herrick' 10-max Seat #5 is the button
Seat 5: simper11 ($146 in chips)
Seat 6: beekka ($52.50 in chips)
simper11: posts small blind $1
beekka: posts big blind $3
*** HOLE CARDS ***
simper11: raises $3 to $6
beekka: calls $3
*** FLOP *** [Kc 3h 3c]
beekka: checks
simper11: bets $3
beekka: calls $3
*** TURN *** [Kc 3h 3c] [Jc]
beekka: bets $6
simper11: folds
Uncalled bet ($6) returned to beekka
beekka collected $17.64 from pot
*** SUMMARY ***
Total pot $18 | Rake $0.36
Board [Kc 3h 3c Jc]
Seat 5: simper11 (button) (small blind) folded on the Turn
Seat 6: beekka (big blind) collected ($17.64)


PokerStars Hand #156251316212:  Hold'em Limit ($3/$6 USD) - 2016/07/21 8:35:32 ET
Table 'Herrick' 10-max Seat #6 is the button
Seat 5: simper11 ($149 in chips)
Seat 6: beekka ($49.50 in chips)
beekka: posts small blind $1
simper11: posts big blind $3
*** HOLE CARDS ***
beekka: raises $3 to $6
simper11: folds
Uncalled bet ($3) returned to beekka
beekka collected $6 from pot
*** SUMMARY ***
Total pot $6 | Rake $0
Seat 5: simper11 (big blind) folded before Flop
Seat 6: beekka (button) (small blind) collected ($6)


PokerStars Hand #156251370343:  Hold'em Limit ($3/$6 USD) - 2016/07/21 8:37:25 ET
Table 'Herrick' 10-max Seat #6 is the button
Seat 5: simper11 ($124.14 in chips)
Seat 6: beekka ($72.04 in chips)
beekka: posts small blind $1
simper11: posts big blind $3
*** HOLE CARDS ***
beekka: raises $3 to $6
simper11: folds
Uncalled bet ($3) returned to beekka
beekka collected $6 from pot
*** SUMMARY ***
Total pot $6 | Rake $0
Seat 5: simper11 (big blind) folded before Flop
Seat 6: beekka (button) (small blind) collected ($6)


PokerStars Hand #156251365065:  Hold'em Limit ($3/$6 USD) - 2016/07/21 8:37:14 ET
Table 'Herrick' 10-max Seat #5 is the button
Seat 5: simper11 ($133.14 in chips)
Seat 6: beekka ($63.40 in chips)
simper11: posts small blind $1
beekka: posts big blind $3
*** HOLE CARDS ***
simper11: raises $3 to $6
beekka: calls $3
*** FLOP *** [2h Ts 8d]
beekka: checks
simper11: bets $3
beekka: raises $3 to $6
simper11: folds
Uncalled bet ($3) returned to beekka
beekka collected $17.64 from pot
*** SUMMARY ***
Total pot $18 | Rake $0.36
Board [2h Ts 8d]
Seat 5: simper11 (button) (small blind) folded on the Flop
Seat 6: beekka (big blind) collected ($17.64)


PokerStars Hand #156251362897:  Hold'em Limit ($3/$6 USD) - 2016/07/21 8:37:10 ET
Table 'Herrick' 10-max Seat #6 is the button
Seat 5: simper11 ($132.14 in chips)
Seat 6: beekka ($64.40 in chips)
beekka: posts small blind $1
simper11: posts big blind $3
*** HOLE CARDS ***
beekka: folds
Uncalled bet ($2) returned to simper11
simper11 collected $2 from pot
simper11: doesn't show hand
*** SUMMARY ***
Total pot $2 | Rake $0
Seat 5: simper11 (big blind) collected ($2)
Seat 6: beekka (button) (small blind) folded before Flop


PokerStars Hand #156251360577:  Hold'em Limit ($3/$6 USD) - 2016/07/21 8:37:05 ET
Table 'Herrick' 10-max Seat #5 is the button
Seat 5: simper11 ($133.14 in chips)
Seat 6: beekka ($63.40 in chips)
simper11: posts small blind $1
beekka: posts big blind $3
*** HOLE CARDS ***
simper11: folds
Uncalled bet ($2) returned to beekka
beekka collected $2 from pot
*** SUMMARY ***
Total pot $2 | Rake $0
Seat 5: simper11 (button) (small blind) folded before Flop
Seat 6: beekka (big blind) collected ($2)


PokerStars Hand #156251357754:  Hold'em Limit ($3/$6 USD) - 2016/07/21 8:36:59 ET
Table 'Herrick' 10-max Seat #6 is the button
Seat 5: simper11 ($136.14 in chips)
Seat 6: beekka ($60.40 in chips)
beekka: posts small blind $1
simper11: posts big blind $3
*** HOLE CARDS ***
beekka: raises $3 to $6
simper11: folds
Uncalled bet ($3) returned to beekka
beekka collected $6 from pot
*** SUMMARY ***
Total pot $6 | Rake $0
Seat 5: simper11 (big blind) folded before Flop
Seat 6: beekka (button) (small blind) collected ($6)


PokerStars Hand #156251350690:  Hold'em Limit ($3/$6 USD) - 2016/07/21 8:36:44 ET
Table 'Herrick' 10-max Seat #5 is the button
Seat 5: simper11 ($160.14 in chips)
Seat 6: beekka ($36.90 in chips)
simper11: posts small blind $1
beekka: posts big blind $3
*** HOLE CARDS ***
simper11: raises $3 to $6
beekka: raises $3 to $9
simper11: calls $3
*** FLOP *** [2c 4d Kd]
beekka: bets $3
simper11: calls $3
*** TURN *** [2c 4d Kd] [As]
beekka: bets $6
simper11: calls $6
*** RIVER *** [2c 4d Kd As] [4c]
beekka: bets $6
simper11: calls $6
*** SHOW DOWN ***
beekka: shows [7s 7h] (two pair, Sevens and Fours)
simper11: mucks hand
beekka collected $47.50 from pot
*** SUMMARY ***
Total pot $48 | Rake $0.50
Board [2c 4d Kd As 4c]
Seat 5: simper11 (button) (small blind) mucked
Seat 6: beekka (big blind) showed [7s 7h] and won ($47.50) with two pair, Sevens and Fours


PokerStars Hand #156251346785:  Hold'em Limit ($3/$6 USD) - 2016/07/21 8:36:36 ET
Table 'Herrick' 10-max Seat #6 is the button
Seat 5: simper11 ($166.14 in chips)
Seat 6: beekka ($31.14 in chips)
beekka: posts small blind $1
simper11: posts big blind $3
*** HOLE CARDS ***
beekka: raises $3 to $6
simper11: calls $3
*** FLOP *** [3d Td 4s]
simper11: checks
beekka: bets $3
simper11: folds
Uncalled bet ($3) returned to beekka
beekka collected $11.76 from pot
*** SUMMARY ***
Total pot $12 | Rake $0.24
Board [3d Td 4s]
Seat 5: simper11 (big blind) folded on the Flop
Seat 6: beekka (button) (small blind) collected ($11.76)


PokerStars Hand #156251394575:  Hold'em Limit ($3/$6 USD) - 2016/07/21 8:38:16 ET
Table 'Herrick' 10-max Seat #6 is the button
Seat 5: simper11 ($120 in chips)
Seat 6: beekka ($119.82 in chips)
beekka: posts small blind $1
simper11: posts big blind $3
*** HOLE CARDS ***
beekka: raises $3 to $6
simper11: calls $3
*** FLOP *** [3h 7s 4s]
simper11: checks
beekka: bets $3
simper11: calls $3
*** TURN *** [3h 7s 4s] [9s]
simper11: checks
beekka: bets $6
simper11: calls $6
*** RIVER *** [3h 7s 4s 9s] [6s]
simper11: checks
beekka: checks
*** SHOW DOWN ***
simper11: shows [Tc 8h] (a straight, Six to Ten)
beekka: mucks hand
simper11 collected $29.50 from pot
*** SUMMARY ***
Total pot $30 | Rake $0.50
Board [3h 7s 4s 9s 6s]
Seat 5: simper11 (big blind) showed [Tc 8h] and won ($29.50) with a straight, Six to Ten
Seat 6: beekka (button) (small blind) mucked


PokerStars Hand #156251392506:  Hold'em Limit ($3/$6 USD) - 2016/07/21 8:38:11 ET
Table 'Herrick' 10-max Seat #5 is the button
Seat 5: simper11 ($120 in chips)
Seat 6: beekka ($118.82 in chips)
simper11: posts small blind $1
beekka: posts big blind $3
*** HOLE CARDS ***
simper11: folds
Uncalled bet ($2) returned to beekka
beekka collected $2 from pot
*** SUMMARY ***
Total pot $2 | Rake $0
Seat 5: simper11 (button) (small blind) folded before Flop
Seat 6: beekka (big blind) collected ($2)


PokerStars Hand #156251390289:  Hold'em Limit ($3/$6 USD) - 2016/07/21 8:38:07 ET
Table 'Herrick' 10-max Seat #6 is the button
Seat 5: simper11 ($120 in chips)
Seat 6: beekka ($115.82 in chips)
beekka: posts small blind $1
simper11: posts big blind $3
*** HOLE CARDS ***
beekka: raises $3 to $6
simper11: folds
Uncalled bet ($3) returned to beekka
beekka collected $6 from pot
*** SUMMARY ***
Total pot $6 | Rake $0
Seat 5: simper11 (big blind) folded before Flop
Seat 6: beekka (button) (small blind) collected ($6)


PokerStars Hand #156251386280:  Hold'em Limit ($3/$6 USD) - 2016/07/21 8:37:58 ET
Table 'Herrick' 10-max Seat #5 is the button
Seat 5: simper11 ($120 in chips)
Seat 6: beekka ($107.18 in chips)
simper11: posts small blind $1
beekka: posts big blind $3
*** HOLE CARDS ***
simper11: raises $3 to $6
beekka: raises $3 to $9
simper11: calls $3
*** FLOP *** [Ad 4c 9h]
beekka: bets $3
simper11: folds
Uncalled bet ($3) returned to beekka
beekka collected $17.64 from pot
*** SUMMARY ***
Total pot $18 | Rake $0.36
Board [Ad 4c 9h]
Seat 5: simper11 (button) (small blind) folded on the Flop
Seat 6: beekka (big blind) collected ($17.64)


PokerStars Hand #156251379317:  Hold'em Limit ($3/$6 USD) - 2016/07/21 8:37:44 ET
Table 'Herrick' 10-max Seat #6 is the button
Seat 5: simper11 ($120 in chips)
Seat 6: beekka ($83.68 in chips)
beekka: posts small blind $1
simper11: posts big blind $3
*** HOLE CARDS ***
beekka: raises $3 to $6
simper11: calls $3
*** FLOP *** [8h 5h 6h]
simper11: checks
beekka: bets $3
simper11: raises $3 to $6
beekka: calls $3
*** TURN *** [8h 5h 6h] [5d]
simper11: bets $6
beekka: calls $6
*** RIVER *** [8h 5h 6h 5d] [Th]
simper11: bets $6
beekka: calls $6
*** SHOW DOWN ***
simper11: shows [8d 7s] (two pair, Eights and Fives)
beekka: shows [Kd Qh] (a flush, Queen high)
beekka collected $47.50 from pot
*** SUMMARY ***
Total pot $48 | Rake $0.50
Board [8h 5h 6h 5d Th]
Seat 5: simper11 (big blind) showed [8d 7s] and lost with two pair, Eights and Fives
Seat 6: beekka (button) (small blind) showed [Kd Qh] and won ($47.50) with a flush, Queen high


PokerStars Hand #156251373385:  Hold'em Limit ($3/$6 USD) - 2016/07/21 8:37:32 ET
Table 'Herrick' 10-max Seat #5 is the button
Seat 5: simper11 ($121.14 in chips)
Seat 6: beekka ($75.04 in chips)
simper11: posts small blind $1
beekka: posts big blind $3
*** HOLE CARDS ***
simper11: raises $3 to $6
beekka: calls $3
*** FLOP *** [Ad 7c Ks]
beekka: checks
simper11: bets $3
beekka: raises $3 to $6
simper11: folds
Uncalled bet ($3) returned to beekka
beekka collected $17.64 from pot
*** SUMMARY ***
Total pot $18 | Rake $0.36
Board [Ad 7c Ks]
Seat 5: simper11 (button) (small blind) folded on the Flop
Seat 6: beekka (big blind) collected ($17.64)


PokerStars Hand #156251411793:  Hold'em Limit ($3/$6 USD) - 2016/07/21 8:38:52 ET
Table 'Herrick' 10-max Seat #5 is the button
Seat 5: simper11 ($121 in chips)
Seat 6: beekka ($118.32 in chips)
simper11: posts small blind $1
beekka: posts big blind $3
*** HOLE CARDS ***
simper11: raises $3 to $6
beekka: calls $3
*** FLOP *** [Qh 3d 2h]
beekka: checks
simper11: bets $3
beekka: calls $3
*** TURN *** [Qh 3d 2h] [8h]
beekka: checks
simper11: bets $6
beekka: folds
Uncalled bet ($6) returned to simper11
simper11 collected $17.64 from pot
simper11: doesn't show hand
*** SUMMARY ***
Total pot $18 | Rake $0.36
Board [Qh 3d 2h 8h]
Seat 5: simper11 (button) (small blind) collected ($17.64)
Seat 6: beekka (big blind) folded on the Turn


PokerStars Hand #156251409669:  Hold'em Limit ($3/$6 USD) - 2016/07/21 8:38:48 ET
Table 'Herrick' 10-max Seat #6 is the button
Seat 5: simper11 ($120 in chips)
Seat 6: beekka ($119.32 in chips)
beekka: posts small blind $1
simper11: posts big blind $3
*** HOLE CARDS ***
beekka: folds
Uncalled bet ($2) returned to simper11
Pandakey joins the table at seat #7
simper11 collected $2 from pot
simper11: doesn't show hand
*** SUMMARY ***
Total pot $2 | Rake $0
Seat 5: simper11 (big blind) collected ($2)
Seat 6: beekka (button) (small blind) folded before Flop


PokerStars Hand #156251401984:  Hold'em Limit ($3/$6 USD) - 2016/07/21 8:38:32 ET
Table 'Herrick' 10-max Seat #5 is the button
Seat 5: simper11 ($134.50 in chips)
Seat 6: beekka ($104.82 in chips)
simper11: posts small blind $1
beekka: posts big blind $3
*** HOLE CARDS ***
simper11: raises $3 to $6
beekka: calls $3
*** FLOP *** [5d 9s 6c]
beekka: checks
simper11: bets $3
beekka: calls $3
*** TURN *** [5d 9s 6c] [Ks]
beekka: checks
simper11: checks
*** RIVER *** [5d 9s 6c Ks] [Td]
beekka: checks
simper11: bets $6
beekka: calls $6
*** SHOW DOWN ***
simper11: shows [5c 4s] (a pair of Fives)
beekka: shows [5s Jc] (a pair of Fives - King+Jack kicker)
beekka collected $29.50 from pot
*** SUMMARY ***
Total pot $30 | Rake $0.50
Board [5d 9s 6c Ks Td]
Seat 5: simper11 (button) (small blind) showed [5c 4s] and lost with a pair of Fives
Seat 6: beekka (big blind) showed [5s Jc] and won ($29.50) with a pair of Fives


PokerStars Hand #156252534657:  Hold'em Limit ($3/$6 USD) - 2016/07/21 9:17:17 ET
Table 'Herrick' 10-max Seat #5 is the button
Seat 5: simper11 ($155.13 in chips)
Seat 9: byrgyi ($84.32 in chips)
simper11: posts small blind $1
TinaTurner72: is sitting out
byrgyi: posts big blind $3
*** HOLE CARDS ***
TinaTurner72 leaves the table
simper11: raises $3 to $6
byrgyi: calls $3
*** FLOP *** [7s 8h Ah]
byrgyi: checks
simper11: bets $3
byrgyi: calls $3
*** TURN *** [7s 8h Ah] [Qd]
byrgyi: checks
simper11: bets $6
byrgyi: calls $6
*** RIVER *** [7s 8h Ah Qd] [3d]
byrgyi: checks
simper11: bets $6
byrgyi: folds
Uncalled bet ($6) returned to simper11
simper11 collected $29.50 from pot
simper11: doesn't show hand
*** SUMMARY ***
Total pot $30 | Rake $0.50
Board [7s 8h Ah Qd 3d]
Seat 5: simper11 (button) (small blind) collected ($29.50)
Seat 9: byrgyi (big blind) folded on the River


