PokerStars Hand #157236072346:  Hold'em Limit ($3/$6 USD) - 2016/08/13 16:04:26 ET
Table 'Herrick' 6-max Seat #4 is the button
Seat 4: Hannibal2211 ($87.14 in chips)
Seat 5: hasky156 ($133.06 in chips)
Hannibal2211: posts small blind $1
hasky156: posts big blind $3
*** HOLE CARDS ***
Hannibal2211: folds
Uncalled bet ($2) returned to hasky156
hasky156 collected $2 from pot
hasky156: doesn't show hand
*** SUMMARY ***
Total pot $2 | Rake $0
Seat 4: Hannibal2211 (button) (small blind) folded before Flop
Seat 5: hasky156 (big blind) collected ($2)


PokerStars Hand #157236068720:  Hold'em Limit ($3/$6 USD) - 2016/08/13 16:04:21 ET
Table 'Herrick' 6-max Seat #5 is the button
Seat 4: Hannibal2211 ($86.14 in chips)
Seat 5: hasky156 ($134.06 in chips)
hasky156: posts small blind $1
Hannibal2211: posts big blind $3
*** HOLE CARDS ***
hasky156: folds
Uncalled bet ($2) returned to Hannibal2211
Hannibal2211 collected $2 from pot
*** SUMMARY ***
Total pot $2 | Rake $0
Seat 4: Hannibal2211 (big blind) collected ($2)
Seat 5: hasky156 (button) (small blind) folded before Flop


PokerStars Hand #157236060291:  Hold'em Limit ($3/$6 USD) - 2016/08/13 16:04:08 ET
Table 'Herrick' 6-max Seat #4 is the button
Seat 4: Hannibal2211 ($80.38 in chips)
Seat 5: hasky156 ($140.06 in chips)
Hannibal2211: posts small blind $1
hasky156: posts big blind $3
*** HOLE CARDS ***
Hannibal2211: raises $3 to $6
hasky156: calls $3
*** FLOP *** [4d Kc 4h]
hasky156: checks
Hannibal2211: bets $3
hasky156: folds
Uncalled bet ($3) returned to Hannibal2211
Hannibal2211 collected $11.76 from pot
*** SUMMARY ***
Total pot $12 | Rake $0.24
Board [4d Kc 4h]
Seat 4: Hannibal2211 (button) (small blind) collected ($11.76)
Seat 5: hasky156 (big blind) folded on the Flop


PokerStars Hand #157236056335:  Hold'em Limit ($3/$6 USD) - 2016/08/13 16:04:02 ET
Table 'Herrick' 6-max Seat #5 is the button
Seat 4: Hannibal2211 ($79.38 in chips)
Seat 5: hasky156 ($141.06 in chips)
hasky156: posts small blind $1
rascal_319: is sitting out
Hannibal2211: posts big blind $3
*** HOLE CARDS ***
hasky156: folds
Uncalled bet ($2) returned to Hannibal2211
rascal_319 leaves the table
Hannibal2211 collected $2 from pot
*** SUMMARY ***
Total pot $2 | Rake $0
Seat 4: Hannibal2211 (big blind) collected ($2)
Seat 5: hasky156 (button) (small blind) folded before Flop


PokerStars Hand #157236167537:  Hold'em Limit ($3/$6 USD) - 2016/08/13 16:06:46 ET
Table 'Herrick' 6-max Seat #3 is the button
Seat 3: FabronxRJ ($200.65 in chips)
Seat 4: Hannibal2211 ($86.14 in chips)
FabronxRJ: posts small blind $1
Hannibal2211: posts big blind $3
*** HOLE CARDS ***
FabronxRJ: raises $3 to $6
Hannibal2211: calls $3
*** FLOP *** [8c 4h Ad]
Hannibal2211: checks
FabronxRJ: bets $3
Hannibal2211: calls $3
*** TURN *** [8c 4h Ad] [As]
Hannibal2211: checks
FabronxRJ: bets $6
Hannibal2211: folds
Uncalled bet ($6) returned to FabronxRJ
FabronxRJ collected $17.64 from pot
*** SUMMARY ***
Total pot $18 | Rake $0.36
Board [8c 4h Ad As]
Seat 3: FabronxRJ (button) (small blind) collected ($17.64)
Seat 4: Hannibal2211 (big blind) folded on the Turn


PokerStars Hand #157236193107:  Hold'em Limit ($3/$6 USD) - 2016/08/13 16:07:24 ET
Table 'Herrick' 6-max Seat #4 is the button
Seat 3: FabronxRJ ($209.29 in chips)
Seat 4: Hannibal2211 ($77.14 in chips)
Hannibal2211: posts small blind $1
FabronxRJ: posts big blind $3
*** HOLE CARDS ***
Hannibal2211: raises $3 to $6
FabronxRJ: calls $3
*** FLOP *** [Td 3d Kc]
FabronxRJ: checks
Hannibal2211: bets $3
FabronxRJ: calls $3
*** TURN *** [Td 3d Kc] [Jd]
FabronxRJ: checks
Hannibal2211: checks
*** RIVER *** [Td 3d Kc Jd] [5c]
FabronxRJ: bets $6
Hannibal2211: folds
Uncalled bet ($6) returned to FabronxRJ
FabronxRJ collected $17.64 from pot
FabronxRJ: doesn't show hand
*** SUMMARY ***
Total pot $18 | Rake $0.36
Board [Td 3d Kc Jd 5c]
Seat 3: FabronxRJ (big blind) collected ($17.64)
Seat 4: Hannibal2211 (button) (small blind) folded on the River


PokerStars Hand #157236220798:  Hold'em Limit ($3/$6 USD) - 2016/08/13 16:08:05 ET
Table 'Herrick' 6-max Seat #3 is the button
Seat 3: FabronxRJ ($217.93 in chips)
Seat 4: Hannibal2211 ($72 in chips)
FabronxRJ: posts small blind $1
Hannibal2211: posts big blind $3
*** HOLE CARDS ***
FabronxRJ: folds
Uncalled bet ($2) returned to Hannibal2211
Hannibal2211 collected $2 from pot
*** SUMMARY ***
Total pot $2 | Rake $0
Seat 3: FabronxRJ (button) (small blind) folded before Flop
Seat 4: Hannibal2211 (big blind) collected ($2)


PokerStars Hand #157236229481:  Hold'em Limit ($3/$6 USD) - 2016/08/13 16:08:18 ET
Table 'Herrick' 6-max Seat #4 is the button
Seat 3: FabronxRJ ($216.93 in chips)
Seat 4: Hannibal2211 ($73 in chips)
Hannibal2211: posts small blind $1
FabronxRJ: posts big blind $3
*** HOLE CARDS ***
Hannibal2211: raises $3 to $6
FabronxRJ: calls $3
*** FLOP *** [7d 8c Ad]
FabronxRJ: checks
Hannibal2211: bets $3
FabronxRJ: raises $3 to $6
Hannibal2211: folds
Uncalled bet ($3) returned to FabronxRJ
FabronxRJ collected $17.64 from pot
*** SUMMARY ***
Total pot $18 | Rake $0.36
Board [7d 8c Ad]
Seat 3: FabronxRJ (big blind) collected ($17.64)
Seat 4: Hannibal2211 (button) (small blind) folded on the Flop


PokerStars Hand #157236249673:  Hold'em Limit ($3/$6 USD) - 2016/08/13 16:08:47 ET
Table 'Herrick' 6-max Seat #3 is the button
Seat 3: FabronxRJ ($225.57 in chips)
Seat 4: Hannibal2211 ($72 in chips)
FabronxRJ: posts small blind $1
Hannibal2211: posts big blind $3
*** HOLE CARDS ***
FabronxRJ: folds
Uncalled bet ($2) returned to Hannibal2211
Hannibal2211 collected $2 from pot
*** SUMMARY ***
Total pot $2 | Rake $0
Seat 3: FabronxRJ (button) (small blind) folded before Flop
Seat 4: Hannibal2211 (big blind) collected ($2)


PokerStars Hand #157236257308:  Hold'em Limit ($3/$6 USD) - 2016/08/13 16:08:58 ET
Table 'Herrick' 6-max Seat #4 is the button
Seat 3: FabronxRJ ($224.57 in chips)
Seat 4: Hannibal2211 ($73 in chips)
Hannibal2211: posts small blind $1
FabronxRJ: posts big blind $3
*** HOLE CARDS ***
Hannibal2211: raises $3 to $6
FabronxRJ: calls $3
*** FLOP *** [Kh 5c As]
FabronxRJ: checks
Hannibal2211: bets $3
FabronxRJ: calls $3
*** TURN *** [Kh 5c As] [9d]
FabronxRJ: checks
Hannibal2211: bets $6
FabronxRJ: folds
Uncalled bet ($6) returned to Hannibal2211
Hannibal2211 collected $17.64 from pot
*** SUMMARY ***
Total pot $18 | Rake $0.36
Board [Kh 5c As 9d]
Seat 3: FabronxRJ (big blind) folded on the Turn
Seat 4: Hannibal2211 (button) (small blind) collected ($17.64)


PokerStars Hand #157236276550:  Hold'em Limit ($3/$6 USD) - 2016/08/13 16:09:27 ET
Table 'Herrick' 6-max Seat #3 is the button
Seat 3: FabronxRJ ($215.57 in chips)
Seat 4: Hannibal2211 ($81.64 in chips)
FabronxRJ: posts small blind $1
Hannibal2211: posts big blind $3
*** HOLE CARDS ***
FabronxRJ: calls $2
Hannibal2211: raises $3 to $6
FabronxRJ: calls $3
*** FLOP *** [Ah Tc 8s]
Hannibal2211: bets $3
FabronxRJ: folds
Uncalled bet ($3) returned to Hannibal2211
Hannibal2211 collected $11.76 from pot
*** SUMMARY ***
Total pot $12 | Rake $0.24
Board [Ah Tc 8s]
Seat 3: FabronxRJ (button) (small blind) folded on the Flop
Seat 4: Hannibal2211 (big blind) collected ($11.76)


PokerStars Hand #157236297765:  Hold'em Limit ($3/$6 USD) - 2016/08/13 16:09:58 ET
Table 'Herrick' 6-max Seat #3 is the button
Seat 3: FabronxRJ ($210.57 in chips)
Seat 4: Hannibal2211 ($86.40 in chips)
FabronxRJ: posts small blind $1
Hannibal2211: posts big blind $3
*** HOLE CARDS ***
FabronxRJ: folds
Uncalled bet ($2) returned to Hannibal2211
Hannibal2211 collected $2 from pot
*** SUMMARY ***
Total pot $2 | Rake $0
Seat 3: FabronxRJ (button) (small blind) folded before Flop
Seat 4: Hannibal2211 (big blind) collected ($2)


PokerStars Hand #157236294355:  Hold'em Limit ($3/$6 USD) - 2016/08/13 16:09:53 ET
Table 'Herrick' 6-max Seat #4 is the button
Seat 3: FabronxRJ ($209.57 in chips)
Seat 4: Hannibal2211 ($87.40 in chips)
Hannibal2211: posts small blind $1
FabronxRJ: posts big blind $3
*** HOLE CARDS ***
Hannibal2211: folds
Uncalled bet ($2) returned to FabronxRJ
FabronxRJ collected $2 from pot
*** SUMMARY ***
Total pot $2 | Rake $0
Seat 3: FabronxRJ (big blind) collected ($2)
Seat 4: Hannibal2211 (button) (small blind) folded before Flop


PokerStars Hand #157236303432:  Hold'em Limit ($3/$6 USD) - 2016/08/13 16:10:06 ET
Table 'Herrick' 6-max Seat #4 is the button
Seat 3: FabronxRJ ($209.57 in chips)
Seat 4: Hannibal2211 ($87.40 in chips)
Hannibal2211: posts small blind $1
FabronxRJ: posts big blind $3
*** HOLE CARDS ***
Hannibal2211: raises $3 to $6
FabronxRJ: folds
Uncalled bet ($3) returned to Hannibal2211
Hannibal2211 collected $6 from pot
*** SUMMARY ***
Total pot $6 | Rake $0
Seat 3: FabronxRJ (big blind) folded before Flop
Seat 4: Hannibal2211 (button) (small blind) collected ($6)


PokerStars Hand #157236310889:  Hold'em Limit ($3/$6 USD) - 2016/08/13 16:10:17 ET
Table 'Herrick' 6-max Seat #3 is the button
Seat 3: FabronxRJ ($206.57 in chips)
Seat 4: Hannibal2211 ($90.40 in chips)
FabronxRJ: posts small blind $1
Hannibal2211: posts big blind $3
*** HOLE CARDS ***
FabronxRJ: folds
Uncalled bet ($2) returned to Hannibal2211
Hannibal2211 collected $2 from pot
*** SUMMARY ***
Total pot $2 | Rake $0
Seat 3: FabronxRJ (button) (small blind) folded before Flop
Seat 4: Hannibal2211 (big blind) collected ($2)


PokerStars Hand #157236318976:  Hold'em Limit ($3/$6 USD) - 2016/08/13 16:10:29 ET
Table 'Herrick' 6-max Seat #4 is the button
Seat 3: FabronxRJ ($205.57 in chips)
Seat 4: Hannibal2211 ($91.40 in chips)
Hannibal2211: posts small blind $1
FabronxRJ: posts big blind $3
*** HOLE CARDS ***
Hannibal2211: raises $3 to $6
FabronxRJ: raises $3 to $9
Hannibal2211: calls $3
*** FLOP *** [Qs 3c 2d]
FabronxRJ: bets $3
Hannibal2211: calls $3
*** TURN *** [Qs 3c 2d] [9h]
FabronxRJ: bets $6
Hannibal2211: calls $6
*** RIVER *** [Qs 3c 2d 9h] [5s]
FabronxRJ: bets $6
Hannibal2211: raises $6 to $12
FabronxRJ: folds
Uncalled bet ($6) returned to Hannibal2211
Hannibal2211 collected $47.50 from pot
*** SUMMARY ***
Total pot $48 | Rake $0.50
Board [Qs 3c 2d 9h 5s]
Seat 3: FabronxRJ (big blind) folded on the River
Seat 4: Hannibal2211 (button) (small blind) collected ($47.50)


PokerStars Hand #157236337441:  Hold'em Limit ($3/$6 USD) - 2016/08/13 16:10:56 ET
Table 'Herrick' 6-max Seat #3 is the button
Seat 3: FabronxRJ ($181.57 in chips)
Seat 4: Hannibal2211 ($114.90 in chips)
FabronxRJ: posts small blind $1
Hannibal2211: posts big blind $3
*** HOLE CARDS ***
FabronxRJ: raises $3 to $6
Hannibal2211: calls $3
*** FLOP *** [Tc 7d 5d]
Hannibal2211: checks
FabronxRJ: bets $3
Hannibal2211: raises $3 to $6
FabronxRJ: raises $3 to $9
Hannibal2211: calls $3
*** TURN *** [Tc 7d 5d] [Ac]
Hannibal2211: checks
FabronxRJ: bets $6
Hannibal2211: calls $6
*** RIVER *** [Tc 7d 5d Ac] [2c]
Hannibal2211: checks
FabronxRJ: bets $6
Hannibal2211: calls $6
*** SHOW DOWN ***
FabronxRJ: shows [4d 6d] (high card Ace)
Hannibal2211: shows [5h 4h] (a pair of Fives)
Hannibal2211 collected $53.50 from pot
*** SUMMARY ***
Total pot $54 | Rake $0.50
Board [Tc 7d 5d Ac 2c]
Seat 3: FabronxRJ (button) (small blind) showed [4d 6d] and lost with high card Ace
Seat 4: Hannibal2211 (big blind) showed [5h 4h] and won ($53.50) with a pair of Fives


PokerStars Hand #157236367706:  Hold'em Limit ($3/$6 USD) - 2016/08/13 16:11:41 ET
Table 'Herrick' 6-max Seat #4 is the button
Seat 3: FabronxRJ ($154.57 in chips)
Seat 4: Hannibal2211 ($141.40 in chips)
Hannibal2211: posts small blind $1
FabronxRJ: posts big blind $3
*** HOLE CARDS ***
Hannibal2211: raises $3 to $6
FabronxRJ: calls $3
*** FLOP *** [Kc 3h Jd]
FabronxRJ: checks
Hannibal2211: bets $3
FabronxRJ: calls $3
*** TURN *** [Kc 3h Jd] [2h]
FabronxRJ: checks
Hannibal2211: bets $6
FabronxRJ: raises $6 to $12
Hannibal2211: calls $6
*** RIVER *** [Kc 3h Jd 2h] [Tc]
FabronxRJ: bets $6
Hannibal2211: calls $6
*** SHOW DOWN ***
FabronxRJ: shows [Qh 3d] (a pair of Threes)
Hannibal2211: shows [Qd Qc] (a pair of Queens)
Hannibal2211 collected $53.50 from pot
*** SUMMARY ***
Total pot $54 | Rake $0.50
Board [Kc 3h Jd 2h Tc]
Seat 3: FabronxRJ (big blind) showed [Qh 3d] and lost with a pair of Threes
Seat 4: Hannibal2211 (button) (small blind) showed [Qd Qc] and won ($53.50) with a pair of Queens


PokerStars Hand #157236382850:  Hold'em Limit ($3/$6 USD) - 2016/08/13 16:12:03 ET
Table 'Herrick' 6-max Seat #3 is the button
Seat 3: FabronxRJ ($127.57 in chips)
Seat 4: Hannibal2211 ($167.90 in chips)
FabronxRJ: posts small blind $1
Hannibal2211: posts big blind $3
*** HOLE CARDS ***
FabronxRJ: folds
Uncalled bet ($2) returned to Hannibal2211
Hannibal2211 collected $2 from pot
*** SUMMARY ***
Total pot $2 | Rake $0
Seat 3: FabronxRJ (button) (small blind) folded before Flop
Seat 4: Hannibal2211 (big blind) collected ($2)


PokerStars Hand #157237221374:  Hold'em Limit ($3/$6 USD) - 2016/08/13 16:32:32 ET
Table 'Herrick' 6-max Seat #4 is the button
Seat 3: player-Archi ($84.07 in chips)
Seat 4: Koraseg ($113 in chips)
Koraseg: posts small blind $1
player-Archi: posts big blind $3
*** HOLE CARDS ***
Koraseg: raises $3 to $6
player-Archi: raises $3 to $9
Koraseg: calls $3
*** FLOP *** [2s Qs 8s]
player-Archi: bets $3
Koraseg: calls $3
*** TURN *** [2s Qs 8s] [3s]
player-Archi: checks
Koraseg: bets $6
player-Archi: calls $6
*** RIVER *** [2s Qs 8s 3s] [Qh]
player-Archi: bets $6
Koraseg: calls $6
*** SHOW DOWN ***
player-Archi: shows [Ks Js] (a flush, King high)
Koraseg: mucks hand
player-Archi collected $47.50 from pot
*** SUMMARY ***
Total pot $48 | Rake $0.50
Board [2s Qs 8s 3s Qh]
Seat 3: player-Archi (big blind) showed [Ks Js] and won ($47.50) with a flush, King high
Seat 4: Koraseg (button) (small blind) mucked


PokerStars Hand #157237193877:  Hold'em Limit ($3/$6 USD) - 2016/08/13 16:31:51 ET
Table 'Herrick' 6-max Seat #3 is the button
Seat 3: player-Archi ($78.31 in chips)
Seat 4: Koraseg ($119 in chips)
player-Archi: posts small blind $1
Koraseg: posts big blind $3
*** HOLE CARDS ***
player-Archi: raises $3 to $6
Koraseg: calls $3
*** FLOP *** [9c 9s 6s]
Koraseg: checks
player-Archi is disconnected
player-Archi has timed out while disconnected
player-Archi: checks
*** TURN *** [9c 9s 6s] [3c]
Koraseg: checks
player-Archi: bets $6
Koraseg: folds
Uncalled bet ($6) returned to player-Archi
player-Archi collected $11.76 from pot
player-Archi: doesn't show hand
*** SUMMARY ***
Total pot $12 | Rake $0.24
Board [9c 9s 6s 3c]
Seat 3: player-Archi (button) (small blind) collected ($11.76)
Seat 4: Koraseg (big blind) folded on the Turn


PokerStars Hand #157237269311:  Hold'em Limit ($3/$6 USD) - 2016/08/13 16:33:43 ET
Table 'Herrick' 6-max Seat #4 is the button
Seat 3: player-Archi ($114.21 in chips)
Seat 4: Koraseg ($82 in chips)
Koraseg: posts small blind $1
player-Archi: posts big blind $3
*** HOLE CARDS ***
Koraseg: raises $3 to $6
player-Archi: folds
Uncalled bet ($3) returned to Koraseg
Koraseg collected $6 from pot
Koraseg: doesn't show hand
*** SUMMARY ***
Total pot $6 | Rake $0
Seat 3: player-Archi (big blind) folded before Flop
Seat 4: Koraseg (button) (small blind) collected ($6)


PokerStars Hand #157237257939:  Hold'em Limit ($3/$6 USD) - 2016/08/13 16:33:26 ET
Table 'Herrick' 6-max Seat #3 is the button
Seat 3: player-Archi ($115.21 in chips)
Seat 4: Koraseg ($81 in chips)
player-Archi: posts small blind $1
Koraseg: posts big blind $3
*** HOLE CARDS ***
player-Archi is disconnected
player-Archi is connected
player-Archi: folds
Uncalled bet ($2) returned to Koraseg
Koraseg collected $2 from pot
Koraseg: doesn't show hand
*** SUMMARY ***
Total pot $2 | Rake $0
Seat 3: player-Archi (button) (small blind) folded before Flop
Seat 4: Koraseg (big blind) collected ($2)


PokerStars Hand #157237243171:  Hold'em Limit ($3/$6 USD) - 2016/08/13 16:33:04 ET
Table 'Herrick' 6-max Seat #4 is the button
Seat 3: player-Archi ($106.57 in chips)
Seat 4: Koraseg ($90 in chips)
Koraseg: posts small blind $1
player-Archi: posts big blind $3
*** HOLE CARDS ***
Koraseg: raises $3 to $6
player-Archi: calls $3
*** FLOP *** [2s 6c Qh]
player-Archi: checks
Koraseg: bets $3
player-Archi: calls $3
*** TURN *** [2s 6c Qh] [7h]
player-Archi: checks
Koraseg: checks
*** RIVER *** [2s 6c Qh 7h] [2c]
player-Archi: bets $6
Koraseg: folds
Uncalled bet ($6) returned to player-Archi
player-Archi collected $17.64 from pot
player-Archi: doesn't show hand
*** SUMMARY ***
Total pot $18 | Rake $0.36
Board [2s 6c Qh 7h 2c]
Seat 3: player-Archi (big blind) collected ($17.64)
Seat 4: Koraseg (button) (small blind) folded on the River


PokerStars Hand #157237238177:  Hold'em Limit ($3/$6 USD) - 2016/08/13 16:32:57 ET
Table 'Herrick' 6-max Seat #3 is the button
Seat 3: player-Archi ($107.57 in chips)
Seat 4: Koraseg ($89 in chips)
player-Archi: posts small blind $1
Koraseg: posts big blind $3
*** HOLE CARDS ***
player-Archi: folds
Uncalled bet ($2) returned to Koraseg
Koraseg collected $2 from pot
Koraseg: doesn't show hand
*** SUMMARY ***
Total pot $2 | Rake $0
Seat 3: player-Archi (button) (small blind) folded before Flop
Seat 4: Koraseg (big blind) collected ($2)


PokerStars Hand #157237305601:  Hold'em Limit ($3/$6 USD) - 2016/08/13 16:34:36 ET
Table 'Herrick' 6-max Seat #3 is the button
Seat 3: player-Archi ($90.21 in chips)
Seat 4: Koraseg ($105.26 in chips)
player-Archi: posts small blind $1
Koraseg: posts big blind $3
*** HOLE CARDS ***
player-Archi: raises $3 to $6
Koraseg: calls $3
*** FLOP *** [Ah 4h 6s]
Koraseg: checks
player-Archi: bets $3
Koraseg: raises $3 to $6
player-Archi: folds
Uncalled bet ($3) returned to Koraseg
Koraseg collected $17.64 from pot
Koraseg: doesn't show hand
*** SUMMARY ***
Total pot $18 | Rake $0.36
Board [Ah 4h 6s]
Seat 3: player-Archi (button) (small blind) folded on the Flop
Seat 4: Koraseg (big blind) collected ($17.64)


PokerStars Hand #157237288415:  Hold'em Limit ($3/$6 USD) - 2016/08/13 16:34:11 ET
Table 'Herrick' 6-max Seat #4 is the button
Seat 3: player-Archi ($96.21 in chips)
Seat 4: Koraseg ($99.50 in chips)
Koraseg: posts small blind $1
player-Archi: posts big blind $3
*** HOLE CARDS ***
Koraseg: raises $3 to $6
player-Archi: calls $3
*** FLOP *** [Ac Kc Jh]
player-Archi: checks
Koraseg: bets $3
player-Archi is disconnected
player-Archi is connected
player-Archi: folds
Uncalled bet ($3) returned to Koraseg
Koraseg collected $11.76 from pot
Koraseg: doesn't show hand
*** SUMMARY ***
Total pot $12 | Rake $0.24
Board [Ac Kc Jh]
Seat 3: player-Archi (big blind) folded on the Flop
Seat 4: Koraseg (button) (small blind) collected ($11.76)


PokerStars Hand #157237274176:  Hold'em Limit ($3/$6 USD) - 2016/08/13 16:33:50 ET
Table 'Herrick' 6-max Seat #3 is the button
Seat 3: player-Archi ($111.21 in chips)
Seat 4: Koraseg ($85 in chips)
player-Archi: posts small blind $1
Koraseg: posts big blind $3
*** HOLE CARDS ***
player-Archi: raises $3 to $6
Koraseg: calls $3
*** FLOP *** [Ks 4h 2d]
Koraseg: checks
player-Archi: bets $3
Koraseg: raises $3 to $6
player-Archi: raises $3 to $9
Koraseg: raises $3 to $12
Betting is capped
player-Archi: folds
Uncalled bet ($3) returned to Koraseg
Koraseg collected $29.50 from pot
Koraseg: doesn't show hand
*** SUMMARY ***
Total pot $30 | Rake $0.50
Board [Ks 4h 2d]
Seat 3: player-Archi (button) (small blind) folded on the Flop
Seat 4: Koraseg (big blind) collected ($29.50)


PokerStars Hand #157237382868:  Hold'em Limit ($3/$6 USD) - 2016/08/13 16:36:30 ET
Table 'Herrick' 6-max Seat #3 is the button
Seat 3: FabronxRJ ($116.29 in chips)
Seat 4: Koraseg ($104.90 in chips)
FabronxRJ: posts small blind $1
Koraseg: posts big blind $3
*** HOLE CARDS ***
FabronxRJ: calls $2
Koraseg: raises $3 to $6
FabronxRJ: raises $3 to $9
Koraseg: calls $3
*** FLOP *** [7s Kh 8h]
Koraseg: checks
FabronxRJ: bets $3
Koraseg: calls $3
*** TURN *** [7s Kh 8h] [9c]
Koraseg: checks
FabronxRJ: bets $6
Koraseg: calls $6
*** RIVER *** [7s Kh 8h 9c] [Th]
Koraseg: checks
FabronxRJ: bets $6
**Geka**555 joins the table at seat #5
Koraseg: folds
Uncalled bet ($6) returned to FabronxRJ
FabronxRJ collected $35.50 from pot
*** SUMMARY ***
Total pot $36 | Rake $0.50
Board [7s Kh 8h 9c Th]
Seat 3: FabronxRJ (button) (small blind) collected ($35.50)
Seat 4: Koraseg (big blind) folded on the River


PokerStars Hand #157237371358:  Hold'em Limit ($3/$6 USD) - 2016/08/13 16:36:13 ET
Table 'Herrick' 6-max Seat #4 is the button
Seat 3: FabronxRJ ($107.65 in chips)
Seat 4: Koraseg ($113.90 in chips)
Koraseg: posts small blind $1
FabronxRJ: posts big blind $3
*** HOLE CARDS ***
Koraseg: raises $3 to $6
FabronxRJ: raises $3 to $9
Mite1981 joins the table at seat #2
Koraseg: calls $3
*** FLOP *** [3s Ts Qc]
FabronxRJ: checks
Koraseg: checks
*** TURN *** [3s Ts Qc] [Ac]
FabronxRJ: bets $6
Koraseg: folds
Uncalled bet ($6) returned to FabronxRJ
FabronxRJ collected $17.64 from pot
FabronxRJ: doesn't show hand
*** SUMMARY ***
Total pot $18 | Rake $0.36
Board [3s Ts Qc Ac]
Seat 3: FabronxRJ (big blind) collected ($17.64)
Seat 4: Koraseg (button) (small blind) folded on the Turn


PokerStars Hand #157244075631:  Hold'em Limit ($3/$6 USD) - 2016/08/13 19:34:46 ET
Table 'Herrick' 6-max Seat #1 is the button
Seat 1: Hannibal2211 ($385.47 in chips)
Seat 5: Dies1210 ($51.30 in chips)
Hannibal2211: posts small blind $1
Chessnok: is sitting out
Dies1210: posts big blind $3
*** HOLE CARDS ***
Chessnok leaves the table
Hannibal2211: raises $3 to $6
Dies1210: calls $3
*** FLOP *** [6h 6s 2d]
TinaTurner72 leaves the table
Dies1210: checks
Hannibal2211: bets $3
Dies1210: folds
Uncalled bet ($3) returned to Hannibal2211
Hannibal2211 collected $11.76 from pot
*** SUMMARY ***
Total pot $12 | Rake $0.24
Board [6h 6s 2d]
Seat 1: Hannibal2211 (button) (small blind) collected ($11.76)
Seat 5: Dies1210 (big blind) folded on the Flop


PokerStars Hand #157244082600:  Hold'em Limit ($3/$6 USD) - 2016/08/13 19:35:00 ET
Table 'Herrick' 6-max Seat #5 is the button
Seat 1: Hannibal2211 ($391.23 in chips)
Seat 5: Dies1210 ($45.30 in chips)
Dies1210: posts small blind $1
Hannibal2211: posts big blind $3
*** HOLE CARDS ***
Dies1210: raises $3 to $6
Hannibal2211: calls $3
*** FLOP *** [Qs Qd 8d]
Hannibal2211: checks
Dies1210: checks
*** TURN *** [Qs Qd 8d] [Ks]
Hannibal2211: checks
Dies1210: bets $6
Hannibal2211: calls $6
*** RIVER *** [Qs Qd 8d Ks] [2h]
Hannibal2211: checks
Dies1210: checks
*** SHOW DOWN ***
Hannibal2211: shows [5d 8s] (two pair, Queens and Eights)
Dies1210: mucks hand
Hannibal2211 collected $23.52 from pot
*** SUMMARY ***
Total pot $24 | Rake $0.48
Board [Qs Qd 8d Ks 2h]
Seat 1: Hannibal2211 (big blind) showed [5d 8s] and won ($23.52) with two pair, Queens and Eights
Seat 5: Dies1210 (button) (small blind) mucked


PokerStars Hand #157244102583:  Hold'em Limit ($3/$6 USD) - 2016/08/13 19:35:40 ET
Table 'Herrick' 6-max Seat #5 is the button
Seat 1: Hannibal2211 ($408.51 in chips)
Seat 5: Dies1210 ($27.30 in chips)
Dies1210: posts small blind $1
Hannibal2211: posts big blind $3
*** HOLE CARDS ***
Dies1210: folds
Uncalled bet ($2) returned to Hannibal2211
Hannibal2211 collected $2 from pot
*** SUMMARY ***
Total pot $2 | Rake $0
Seat 1: Hannibal2211 (big blind) collected ($2)
Seat 5: Dies1210 (button) (small blind) folded before Flop


PokerStars Hand #157244093141:  Hold'em Limit ($3/$6 USD) - 2016/08/13 19:35:21 ET
Table 'Herrick' 6-max Seat #1 is the button
Seat 1: Hannibal2211 ($402.75 in chips)
Seat 5: Dies1210 ($33.30 in chips)
Hannibal2211: posts small blind $1
Dies1210: posts big blind $3
*** HOLE CARDS ***
Hannibal2211: raises $3 to $6
Dies1210: calls $3
*** FLOP *** [Ac Tc 9s]
Dies1210: checks
Hannibal2211: bets $3
Dies1210: folds
Uncalled bet ($3) returned to Hannibal2211
Hannibal2211 collected $11.76 from pot
*** SUMMARY ***
Total pot $12 | Rake $0.24
Board [Ac Tc 9s]
Seat 1: Hannibal2211 (button) (small blind) collected ($11.76)
Seat 5: Dies1210 (big blind) folded on the Flop


PokerStars Hand #157244109449:  Hold'em Limit ($3/$6 USD) - 2016/08/13 19:35:53 ET
Table 'Herrick' 6-max Seat #5 is the button
Seat 1: Hannibal2211 ($408.51 in chips)
Seat 5: Dies1210 ($27.30 in chips)
Dies1210: posts small blind $1
Hannibal2211: posts big blind $3
*** HOLE CARDS ***
Dies1210: folds
Uncalled bet ($2) returned to Hannibal2211
Hannibal2211 collected $2 from pot
*** SUMMARY ***
Total pot $2 | Rake $0
Seat 1: Hannibal2211 (big blind) collected ($2)
Seat 5: Dies1210 (button) (small blind) folded before Flop


PokerStars Hand #157244105613:  Hold'em Limit ($3/$6 USD) - 2016/08/13 19:35:46 ET
Table 'Herrick' 6-max Seat #1 is the button
Seat 1: Hannibal2211 ($409.51 in chips)
Seat 5: Dies1210 ($26.30 in chips)
Hannibal2211: posts small blind $1
Dies1210: posts big blind $3
*** HOLE CARDS ***
Hannibal2211: folds
Uncalled bet ($2) returned to Dies1210
Dies1210 collected $2 from pot
*** SUMMARY ***
Total pot $2 | Rake $0
Seat 1: Hannibal2211 (button) (small blind) folded before Flop
Seat 5: Dies1210 (big blind) collected ($2)


PokerStars Hand #157244112229:  Hold'em Limit ($3/$6 USD) - 2016/08/13 19:35:59 ET
Table 'Herrick' 6-max Seat #1 is the button
Seat 1: Hannibal2211 ($409.51 in chips)
Seat 5: Dies1210 ($26.30 in chips)
Hannibal2211: posts small blind $1
Dies1210: posts big blind $3
*** HOLE CARDS ***
Hannibal2211: raises $3 to $6
Dies1210: calls $3
*** FLOP *** [4c Th Ks]
Dies1210: bets $3
Hannibal2211: raises $3 to $6
Dies1210: calls $3
*** TURN *** [4c Th Ks] [9d]
Dies1210: bets $6
Hannibal2211: raises $6 to $12
Dies1210: raises $2.30 to $14.30 and is all-in
Bubman78 joins the table at seat #6
Hannibal2211: calls $2.30
*** RIVER *** [4c Th Ks 9d] [4h]
*** SHOW DOWN ***
Dies1210: shows [8h 9h] (two pair, Nines and Fours)
Hannibal2211: shows [Jc Qd] (a straight, Nine to King)
Hannibal2211 collected $52.10 from pot
*** SUMMARY ***
Total pot $52.60 | Rake $0.50
Board [4c Th Ks 9d 4h]
Seat 1: Hannibal2211 (button) (small blind) showed [Jc Qd] and won ($52.10) with a straight, Nine to King
Seat 5: Dies1210 (big blind) showed [8h 9h] and lost with two pair, Nines and Fours


