PokerStars Hand #176478387431:  Hold'em Limit ($3/$6 USD) - 2017/10/04 10:03:00 ET
Table 'Herrick' 6-max Seat #2 is the button
Seat 2: WillemDuit ($120 in chips)
Seat 4: Actionni13 ($150 in chips)
WillemDuit: posts small blind $1
Actionni13: posts big blind $3
*** HOLE CARDS ***
WillemDuit: raises $3 to $6
scorpio04 joins the table at seat #3
Sirocko joins the table at seat #5
Actionni13: raises $3 to $9
WillemDuit: calls $3
*** FLOP *** [As Qh Ts]
Actionni13: bets $3
WillemDuit: calls $3
*** TURN *** [As Qh Ts] [7s]
Actionni13: bets $6
WillemDuit: calls $6
*** RIVER *** [As Qh Ts 7s] [Jc]
Actionni13: bets $6
WillemDuit: calls $6
*** SHOW DOWN ***
Actionni13: shows [9h Ad] (a pair of Aces)
WillemDuit: shows [8c Ah] (a pair of Aces)
Actionni13 collected $23.75 from pot
WillemDuit collected $23.75 from pot
*** SUMMARY ***
Total pot $48 | Rake $0.50
Board [As Qh Ts 7s Jc]
Seat 2: WillemDuit (button) (small blind) showed [8c Ah] and won ($23.75) with a pair of Aces
Seat 4: Actionni13 (big blind) showed [9h Ad] and won ($23.75) with a pair of Aces


