PokerStars Hand #174629569586:  Hold'em Limit ($3/$6 USD) - 2017/08/21 17:40:12 ET
Table 'Hersilia' 6-max Seat #6 is the button
Seat 4: mareshkin2 ($59.74 in chips)
Seat 6: ToDaFelt ($425.27 in chips)
ToDaFelt: posts small blind $1
mareshkin2: posts big blind $3
*** HOLE CARDS ***
ToDaFelt: raises $3 to $6
mareshkin2: folds
Uncalled bet ($3) returned to ToDaFelt
ToDaFelt collected $6 from pot
ToDaFelt: doesn't show hand
*** SUMMARY ***
Total pot $6 | Rake $0
Seat 4: mareshkin2 (big blind) folded before Flop
Seat 6: ToDaFelt (button) (small blind) collected ($6)


PokerStars Hand #174629573980:  Hold'em Limit ($3/$6 USD) - 2017/08/21 17:40:18 ET
Table 'Hersilia' 6-max Seat #4 is the button
Seat 4: mareshkin2 ($56.74 in chips)
Seat 6: ToDaFelt ($428.27 in chips)
mareshkin2: posts small blind $1
ToDaFelt: posts big blind $3
*** HOLE CARDS ***
mareshkin2: folds
Uncalled bet ($2) returned to ToDaFelt
ToDaFelt collected $2 from pot
ToDaFelt: doesn't show hand
*** SUMMARY ***
Total pot $2 | Rake $0
Seat 4: mareshkin2 (button) (small blind) folded before Flop
Seat 6: ToDaFelt (big blind) collected ($2)


PokerStars Hand #174629577960:  Hold'em Limit ($3/$6 USD) - 2017/08/21 17:40:24 ET
Table 'Hersilia' 6-max Seat #6 is the button
Seat 4: mareshkin2 ($55.74 in chips)
Seat 6: ToDaFelt ($429.27 in chips)
ToDaFelt: posts small blind $1
mareshkin2: posts big blind $3
*** HOLE CARDS ***
ToDaFelt: raises $3 to $6
mareshkin2: calls $3
*** FLOP *** [Js 9c Qh]
mareshkin2: bets $3
ToDaFelt: calls $3
*** TURN *** [Js 9c Qh] [Ah]
mareshkin2: bets $6
ToDaFelt: calls $6
*** RIVER *** [Js 9c Qh Ah] [4s]
mareshkin2: bets $6
ToDaFelt: calls $6
*** SHOW DOWN ***
mareshkin2: shows [9d 3h] (a pair of Nines)
ToDaFelt: shows [5d Jc] (a pair of Jacks)
ToDaFelt collected $41.50 from pot
*** SUMMARY ***
Total pot $42 | Rake $0.50
Board [Js 9c Qh Ah 4s]
Seat 4: mareshkin2 (big blind) showed [9d 3h] and lost with a pair of Nines
Seat 6: ToDaFelt (button) (small blind) showed [5d Jc] and won ($41.50) with a pair of Jacks


PokerStars Hand #174629593774:  Hold'em Limit ($3/$6 USD) - 2017/08/21 17:40:46 ET
Table 'Hersilia' 6-max Seat #4 is the button
Seat 4: mareshkin2 ($34.74 in chips)
Seat 6: ToDaFelt ($449.77 in chips)
mareshkin2: posts small blind $1
ToDaFelt: posts big blind $3
*** HOLE CARDS ***
mareshkin2: folds
Uncalled bet ($2) returned to ToDaFelt
ToDaFelt collected $2 from pot
ToDaFelt: doesn't show hand
*** SUMMARY ***
Total pot $2 | Rake $0
Seat 4: mareshkin2 (button) (small blind) folded before Flop
Seat 6: ToDaFelt (big blind) collected ($2)


PokerStars Hand #174629597712:  Hold'em Limit ($3/$6 USD) - 2017/08/21 17:40:52 ET
Table 'Hersilia' 6-max Seat #6 is the button
Seat 4: mareshkin2 ($33.74 in chips)
Seat 6: ToDaFelt ($450.77 in chips)
ToDaFelt: posts small blind $1
mareshkin2: posts big blind $3
*** HOLE CARDS ***
ToDaFelt: raises $3 to $6
mareshkin2: raises $3 to $9
ToDaFelt: calls $3
*** FLOP *** [Qd Kd Ac]
mareshkin2: bets $3
ToDaFelt: folds
Uncalled bet ($3) returned to mareshkin2
mareshkin2 collected $17.64 from pot
mareshkin2: doesn't show hand
*** SUMMARY ***
Total pot $18 | Rake $0.36
Board [Qd Kd Ac]
Seat 4: mareshkin2 (big blind) collected ($17.64)
Seat 6: ToDaFelt (button) (small blind) folded on the Flop


PokerStars Hand #174629612936:  Hold'em Limit ($3/$6 USD) - 2017/08/21 17:41:14 ET
Table 'Hersilia' 6-max Seat #4 is the button
Seat 4: mareshkin2 ($42.38 in chips)
Seat 6: ToDaFelt ($441.77 in chips)
mareshkin2: posts small blind $1
ToDaFelt: posts big blind $3
*** HOLE CARDS ***
mareshkin2: raises $3 to $6
ToDaFelt: folds
Uncalled bet ($3) returned to mareshkin2
mareshkin2 collected $6 from pot
mareshkin2: doesn't show hand
*** SUMMARY ***
Total pot $6 | Rake $0
Seat 4: mareshkin2 (button) (small blind) collected ($6)
Seat 6: ToDaFelt (big blind) folded before Flop


PokerStars Hand #174629632714:  Hold'em Limit ($3/$6 USD) - 2017/08/21 17:41:42 ET
Table 'Hersilia' 6-max Seat #4 is the button
Seat 4: mareshkin2 ($54.02 in chips)
Seat 6: ToDaFelt ($429.77 in chips)
mareshkin2: posts small blind $1
ToDaFelt: posts big blind $3
*** HOLE CARDS ***
mareshkin2: folds
Uncalled bet ($2) returned to ToDaFelt
ToDaFelt collected $2 from pot
ToDaFelt: doesn't show hand
*** SUMMARY ***
Total pot $2 | Rake $0
Seat 4: mareshkin2 (button) (small blind) folded before Flop
Seat 6: ToDaFelt (big blind) collected ($2)


PokerStars Hand #174629618476:  Hold'em Limit ($3/$6 USD) - 2017/08/21 17:41:21 ET
Table 'Hersilia' 6-max Seat #6 is the button
Seat 4: mareshkin2 ($45.38 in chips)
Seat 6: ToDaFelt ($438.77 in chips)
ToDaFelt: posts small blind $1
mareshkin2: posts big blind $3
*** HOLE CARDS ***
ToDaFelt: raises $3 to $6
mareshkin2: calls $3
*** FLOP *** [Th 6h 5s]
mareshkin2: bets $3
ToDaFelt: calls $3
*** TURN *** [Th 6h 5s] [3d]
mareshkin2: bets $6
ToDaFelt: folds
Uncalled bet ($6) returned to mareshkin2
mareshkin2 collected $17.64 from pot
mareshkin2: doesn't show hand
*** SUMMARY ***
Total pot $18 | Rake $0.36
Board [Th 6h 5s 3d]
Seat 4: mareshkin2 (big blind) collected ($17.64)
Seat 6: ToDaFelt (button) (small blind) folded on the Turn


PokerStars Hand #174629650574:  Hold'em Limit ($3/$6 USD) - 2017/08/21 17:42:07 ET
Table 'Hersilia' 6-max Seat #4 is the button
Seat 4: mareshkin2 ($47.02 in chips)
Seat 6: ToDaFelt ($436.53 in chips)
mareshkin2: posts small blind $1
ToDaFelt: posts big blind $3
*** HOLE CARDS ***
mareshkin2: raises $3 to $6
ToDaFelt: raises $3 to $9
mareshkin2: raises $3 to $12
Betting is capped
ToDaFelt: calls $3
*** FLOP *** [2h Tc Kh]
ToDaFelt: checks
mareshkin2: bets $3
ToDaFelt: raises $3 to $6
mareshkin2: raises $3 to $9
ToDaFelt: raises $3 to $12
Betting is capped
mareshkin2: calls $3
*** TURN *** [2h Tc Kh] [9d]
ToDaFelt: bets $6
mareshkin2: raises $6 to $12
ToDaFelt: calls $6
*** RIVER *** [2h Tc Kh 9d] [Ks]
ToDaFelt: checks
mareshkin2: checks
*** SHOW DOWN ***
ToDaFelt: shows [Kd Td] (a full house, Kings full of Tens)
mareshkin2: mucks hand
ToDaFelt collected $71.50 from pot
*** SUMMARY ***
Total pot $72 | Rake $0.50
Board [2h Tc Kh 9d Ks]
Seat 4: mareshkin2 (button) (small blind) mucked
Seat 6: ToDaFelt (big blind) showed [Kd Td] and won ($71.50) with a full house, Kings full of Tens


PokerStars Hand #174629672780:  Hold'em Limit ($3/$6 USD) - 2017/08/21 17:42:38 ET
Table 'Hersilia' 6-max Seat #6 is the button
Seat 4: mareshkin2 ($11.02 in chips)
Seat 6: ToDaFelt ($472.03 in chips)
ToDaFelt: posts small blind $1
mareshkin2: posts big blind $3
*** HOLE CARDS ***
ToDaFelt: raises $3 to $6
mareshkin2: folds
Uncalled bet ($3) returned to ToDaFelt
ToDaFelt collected $6 from pot
ToDaFelt: doesn't show hand
*** SUMMARY ***
Total pot $6 | Rake $0
Seat 4: mareshkin2 (big blind) folded before Flop
Seat 6: ToDaFelt (button) (small blind) collected ($6)


PokerStars Hand #174629636419:  Hold'em Limit ($3/$6 USD) - 2017/08/21 17:41:47 ET
Table 'Hersilia' 6-max Seat #6 is the button
Seat 4: mareshkin2 ($53.02 in chips)
Seat 6: ToDaFelt ($430.77 in chips)
ToDaFelt: posts small blind $1
mareshkin2: posts big blind $3
*** HOLE CARDS ***
ToDaFelt: raises $3 to $6
mareshkin2: calls $3
*** FLOP *** [Ac 9d 2h]
mareshkin2: checks
ToDaFelt: bets $3
mareshkin2: folds
Uncalled bet ($3) returned to ToDaFelt
ToDaFelt collected $11.76 from pot
ToDaFelt: doesn't show hand
*** SUMMARY ***
Total pot $12 | Rake $0.24
Board [Ac 9d 2h]
Seat 4: mareshkin2 (big blind) folded on the Flop
Seat 6: ToDaFelt (button) (small blind) collected ($11.76)


