PokerStars Hand #153081177831:  Hold'em Limit ($3/$6 USD) - 2016/05/09 15:45:51 ET
Table 'Hertzsprung II' 6-max Seat #1 is the button
Seat 1: Zubasa07 ($500 in chips)
Seat 3: kismespit ($81.36 in chips)
Zubasa07: posts small blind $1
kismespit: posts big blind $3
*** HOLE CARDS ***
Zubasa07: raises $3 to $6
kismespit: calls $3
*** FLOP *** [Kd 6c Jh]
kismespit: checks
Zubasa07: bets $3
kismespit: calls $3
*** TURN *** [Kd 6c Jh] [9s]
kismespit: checks
Zubasa07: checks
*** RIVER *** [Kd 6c Jh 9s] [4h]
kismespit: bets $6
Zubasa07: calls $6
*** SHOW DOWN ***
kismespit: shows [7h Ks] (a pair of Kings)
Zubasa07: mucks hand
kismespit collected $29.50 from pot
*** SUMMARY ***
Total pot $30 | Rake $0.50
Board [Kd 6c Jh 9s 4h]
Seat 1: Zubasa07 (button) (small blind) mucked
Seat 3: kismespit (big blind) showed [7h Ks] and won ($29.50) with a pair of Kings


PokerStars Hand #153081231684:  Hold'em Limit ($3/$6 USD) - 2016/05/09 15:46:50 ET
Table 'Hertzsprung II' 6-max Seat #1 is the button
Seat 1: Zubasa07 ($479 in chips)
Seat 3: kismespit ($101.62 in chips)
Zubasa07: posts small blind $1
kismespit: posts big blind $3
*** HOLE CARDS ***
Zubasa07: raises $3 to $6
kismespit: calls $3
*** FLOP *** [3s 6d Kd]
kismespit: checks
Zubasa07: bets $3
kismespit: raises $3 to $6
Zubasa07: calls $3
*** TURN *** [3s 6d Kd] [6s]
kismespit: bets $6
Zubasa07: calls $6
*** RIVER *** [3s 6d Kd 6s] [7c]
kismespit: bets $6
Zubasa07: calls $6
*** SHOW DOWN ***
kismespit: shows [Kc Qc] (two pair, Kings and Sixes)
Zubasa07: mucks hand
kismespit collected $47.50 from pot
*** SUMMARY ***
Total pot $48 | Rake $0.50
Board [3s 6d Kd 6s 7c]
Seat 1: Zubasa07 (button) (small blind) mucked
Seat 3: kismespit (big blind) showed [Kc Qc] and won ($47.50) with two pair, Kings and Sixes


PokerStars Hand #153081207945:  Hold'em Limit ($3/$6 USD) - 2016/05/09 15:46:24 ET
Table 'Hertzsprung II' 6-max Seat #3 is the button
Seat 1: Zubasa07 ($485 in chips)
Seat 3: kismespit ($95.86 in chips)
kismespit: posts small blind $1
Zubasa07: posts big blind $3
*** HOLE CARDS ***
kismespit: raises $3 to $6
Zubasa07: calls $3
*** FLOP *** [Ts 8c 3c]
Zubasa07: checks
kismespit: bets $3
Zubasa07: folds
Uncalled bet ($3) returned to kismespit
kismespit collected $11.76 from pot
*** SUMMARY ***
Total pot $12 | Rake $0.24
Board [Ts 8c 3c]
Seat 1: Zubasa07 (big blind) folded on the Flop
Seat 3: kismespit (button) (small blind) collected ($11.76)


PokerStars Hand #153081334319:  Hold'em Limit ($3/$6 USD) - 2016/05/09 15:48:41 ET
Table 'Hertzsprung II' 6-max Seat #1 is the button
Seat 1: Zubasa07 ($428 in chips)
Seat 3: kismespit ($151.62 in chips)
Zubasa07: posts small blind $1
kismespit: posts big blind $3
*** HOLE CARDS ***
Zubasa07: raises $3 to $6
kismespit: calls $3
*** FLOP *** [Jc Td Qh]
kismespit: checks
Zubasa07: bets $3
kismespit: calls $3
*** TURN *** [Jc Td Qh] [3s]
kismespit: checks
Zubasa07: bets $6
kismespit: calls $6
*** RIVER *** [Jc Td Qh 3s] [6c]
kismespit: checks
Zubasa07: bets $6
kismespit: calls $6
*** SHOW DOWN ***
Zubasa07: shows [Jd 5s] (a pair of Jacks)
kismespit: shows [Qd Ks] (a pair of Queens)
kismespit collected $41.50 from pot
*** SUMMARY ***
Total pot $42 | Rake $0.50
Board [Jc Td Qh 3s 6c]
Seat 1: Zubasa07 (button) (small blind) showed [Jd 5s] and lost with a pair of Jacks
Seat 3: kismespit (big blind) showed [Qd Ks] and won ($41.50) with a pair of Queens


PokerStars Hand #153081264364:  Hold'em Limit ($3/$6 USD) - 2016/05/09 15:47:25 ET
Table 'Hertzsprung II' 6-max Seat #3 is the button
Seat 1: Zubasa07 ($455 in chips)
Seat 3: kismespit ($125.12 in chips)
kismespit: posts small blind $1
Zubasa07: posts big blind $3
*** HOLE CARDS ***
kismespit: raises $3 to $6
Zubasa07: raises $3 to $9
kismespit: raises $3 to $12
Betting is capped
Zubasa07: calls $3
*** FLOP *** [6s 8d 5h]
Zubasa07: checks
kismespit: bets $3
Zubasa07: calls $3
*** TURN *** [6s 8d 5h] [8h]
Zubasa07: checks
kismespit: bets $6
Zubasa07: calls $6
*** RIVER *** [6s 8d 5h 8h] [7c]
Zubasa07: checks
kismespit: bets $6
Zubasa07: calls $6
*** SHOW DOWN ***
kismespit: shows [9s 9h] (a straight, Five to Nine)
Zubasa07: mucks hand
kismespit collected $53.50 from pot
*** SUMMARY ***
Total pot $54 | Rake $0.50
Board [6s 8d 5h 8h 7c]
Seat 1: Zubasa07 (big blind) mucked
Seat 3: kismespit (button) (small blind) showed [9s 9h] and won ($53.50) with a straight, Five to Nine


PokerStars Hand #153081371495:  Hold'em Limit ($3/$6 USD) - 2016/05/09 15:49:20 ET
Table 'Hertzsprung II' 6-max Seat #3 is the button
Seat 1: Zubasa07 ($407 in chips)
Seat 3: kismespit ($172.12 in chips)
kismespit: posts small blind $1
Zubasa07: posts big blind $3
*** HOLE CARDS ***
kismespit: raises $3 to $6
Zubasa07: calls $3
*** FLOP *** [Js 6s Tc]
Zubasa07: checks
kismespit: checks
*** TURN *** [Js 6s Tc] [Ks]
Zubasa07: checks
kismespit: bets $6
Zubasa07: calls $6
*** RIVER *** [Js 6s Tc Ks] [3d]
Zubasa07: checks
kismespit: checks
*** SHOW DOWN ***
Zubasa07: shows [4h 6h] (a pair of Sixes)
kismespit: mucks hand
Zubasa07 collected $23.52 from pot
*** SUMMARY ***
Total pot $24 | Rake $0.48
Board [Js 6s Tc Ks 3d]
Seat 1: Zubasa07 (big blind) showed [4h 6h] and won ($23.52) with a pair of Sixes
Seat 3: kismespit (button) (small blind) mucked


PokerStars Hand #153081456933:  Hold'em Limit ($3/$6 USD) - 2016/05/09 15:50:53 ET
Table 'Hertzsprung II' 6-max Seat #3 is the button
Seat 1: Zubasa07 ($430.04 in chips)
Seat 3: kismespit ($148.12 in chips)
kismespit: posts small blind $1
Zubasa07: posts big blind $3
*** HOLE CARDS ***
kismespit: folds
Uncalled bet ($2) returned to Zubasa07
Zubasa07 collected $2 from pot
Zubasa07: doesn't show hand
*** SUMMARY ***
Total pot $2 | Rake $0
Seat 1: Zubasa07 (big blind) collected ($2)
Seat 3: kismespit (button) (small blind) folded before Flop


PokerStars Hand #153081419885:  Hold'em Limit ($3/$6 USD) - 2016/05/09 15:50:13 ET
Table 'Hertzsprung II' 6-max Seat #1 is the button
Seat 1: Zubasa07 ($418.52 in chips)
Seat 3: kismespit ($160.12 in chips)
Zubasa07: posts small blind $1
kismespit: posts big blind $3
*** HOLE CARDS ***
Zubasa07: raises $3 to $6
kismespit: calls $3
*** FLOP *** [As Qc 9d]
kismespit: checks
Zubasa07: checks
*** TURN *** [As Qc 9d] [9c]
kismespit: bets $6
Zubasa07: raises $6 to $12
kismespit: folds
Uncalled bet ($6) returned to Zubasa07
Zubasa07 collected $23.52 from pot
Zubasa07: doesn't show hand
*** SUMMARY ***
Total pot $24 | Rake $0.48
Board [As Qc 9d 9c]
Seat 1: Zubasa07 (button) (small blind) collected ($23.52)
Seat 3: kismespit (big blind) folded on the Turn


PokerStars Hand #153081705600:  Hold'em Limit ($3/$6 USD) - 2016/05/09 15:55:29 ET
Table 'Hertzsprung II' 6-max Seat #3 is the button
Seat 1: Zubasa07 ($424.65 in chips)
Seat 3: floplucky88 ($116.64 in chips)
floplucky88: posts small blind $1
crash19867: is sitting out
Zubasa07: posts big blind $3
*** HOLE CARDS ***
crash19867 leaves the table
floplucky88: calls $2
Zubasa07: checks
*** FLOP *** [Qc 2d 6c]
Zubasa07: bets $3
floplucky88: folds
Uncalled bet ($3) returned to Zubasa07
Zubasa07 collected $5.88 from pot
Zubasa07: doesn't show hand
*** SUMMARY ***
Total pot $6 | Rake $0.12
Board [Qc 2d 6c]
Seat 1: Zubasa07 (big blind) collected ($5.88)
Seat 3: floplucky88 (button) (small blind) folded on the Flop


PokerStars Hand #153081635374:  Hold'em Limit ($3/$6 USD) - 2016/05/09 15:54:08 ET
Table 'Hertzsprung II' 6-max Seat #1 is the button
Seat 1: Zubasa07 ($431.04 in chips)
Seat 3: floplucky88 ($120 in chips)
Zubasa07: posts small blind $1
floplucky88: posts big blind $3
*** HOLE CARDS ***
Zubasa07: raises $3 to $6
floplucky88: calls $3
*** FLOP *** [5d 8c 7s]
floplucky88: checks
crash19867 joins the table at seat #4
Zubasa07: bets $3
floplucky88: calls $3
*** TURN *** [5d 8c 7s] [2d]
floplucky88: checks
Zubasa07: checks
*** RIVER *** [5d 8c 7s 2d] [Ah]
floplucky88: bets $6
Zubasa07: folds
Uncalled bet ($6) returned to floplucky88
floplucky88 collected $17.64 from pot
floplucky88: doesn't show hand
*** SUMMARY ***
Total pot $18 | Rake $0.36
Board [5d 8c 7s 2d Ah]
Seat 1: Zubasa07 (button) (small blind) folded on the River
Seat 3: floplucky88 (big blind) collected ($17.64)


PokerStars Hand #153081729485:  Hold'em Limit ($3/$6 USD) - 2016/05/09 15:56:04 ET
Table 'Hertzsprung II' 6-max Seat #1 is the button
Seat 1: Zubasa07 ($419.53 in chips)
Seat 3: floplucky88 ($121.28 in chips)
Zubasa07: posts small blind $1
floplucky88: posts big blind $3
*** HOLE CARDS ***
Zubasa07: raises $3 to $6
floplucky88: calls $3
*** FLOP *** [5d 9h 2s]
floplucky88: bets $3
Zubasa07: calls $3
*** TURN *** [5d 9h 2s] [Th]
floplucky88: bets $6
Zubasa07: raises $6 to $12
floplucky88: calls $6
*** RIVER *** [5d 9h 2s Th] [8c]
floplucky88: checks
Zubasa07: bets $6
floplucky88: calls $6
*** SHOW DOWN ***
Zubasa07: shows [9d Ad] (a pair of Nines)
floplucky88: mucks hand
Zubasa07 collected $53.50 from pot
*** SUMMARY ***
Total pot $54 | Rake $0.50
Board [5d 9h 2s Th 8c]
Seat 1: Zubasa07 (button) (small blind) showed [9d Ad] and won ($53.50) with a pair of Nines
Seat 3: floplucky88 (big blind) mucked


PokerStars Hand #153081725269:  Hold'em Limit ($3/$6 USD) - 2016/05/09 15:55:58 ET
Table 'Hertzsprung II' 6-max Seat #3 is the button
Seat 1: Zubasa07 ($418.53 in chips)
Seat 3: floplucky88 ($122.28 in chips)
floplucky88: posts small blind $1
Zubasa07: posts big blind $3
*** HOLE CARDS ***
floplucky88: folds
Uncalled bet ($2) returned to Zubasa07
Zubasa07 collected $2 from pot
Zubasa07: doesn't show hand
*** SUMMARY ***
Total pot $2 | Rake $0
Seat 1: Zubasa07 (big blind) collected ($2)
Seat 3: floplucky88 (button) (small blind) folded before Flop


PokerStars Hand #153081715026:  Hold'em Limit ($3/$6 USD) - 2016/05/09 15:55:43 ET
Table 'Hertzsprung II' 6-max Seat #1 is the button
Seat 1: Zubasa07 ($427.53 in chips)
Seat 3: floplucky88 ($113.64 in chips)
Zubasa07: posts small blind $1
floplucky88: posts big blind $3
*** HOLE CARDS ***
crash19867 joins the table at seat #4
Zubasa07: raises $3 to $6
floplucky88: raises $3 to $9
Zubasa07: calls $3
*** FLOP *** [Ah 8d Ac]
floplucky88: bets $3
Zubasa07: folds
Uncalled bet ($3) returned to floplucky88
floplucky88 collected $17.64 from pot
floplucky88: doesn't show hand
*** SUMMARY ***
Total pot $18 | Rake $0.36
Board [Ah 8d Ac]
Seat 1: Zubasa07 (button) (small blind) folded on the Flop
Seat 3: floplucky88 (big blind) collected ($17.64)


PokerStars Hand #153081750242:  Hold'em Limit ($3/$6 USD) - 2016/05/09 15:56:34 ET
Table 'Hertzsprung II' 6-max Seat #3 is the button
Seat 1: Zubasa07 ($446.03 in chips)
Seat 3: floplucky88 ($94.28 in chips)
floplucky88: posts small blind $1
Zubasa07: posts big blind $3
*** HOLE CARDS ***
floplucky88: raises $3 to $6
Zubasa07: calls $3
*** FLOP *** [9c Ts 4d]
Zubasa07: checks
floplucky88: bets $3
Zubasa07: calls $3
*** TURN *** [9c Ts 4d] [7h]
Zubasa07: checks
floplucky88: checks
*** RIVER *** [9c Ts 4d 7h] [6h]
Zubasa07: checks
floplucky88: bets $6
Zubasa07: calls $6
*** SHOW DOWN ***
floplucky88: shows [7c Qc] (a pair of Sevens)
Zubasa07: shows [7d As] (a pair of Sevens - Ace kicker)
Zubasa07 collected $29.50 from pot
*** SUMMARY ***
Total pot $30 | Rake $0.50
Board [9c Ts 4d 7h 6h]
Seat 1: Zubasa07 (big blind) showed [7d As] and won ($29.50) with a pair of Sevens
Seat 3: floplucky88 (button) (small blind) showed [7c Qc] and lost with a pair of Sevens


PokerStars Hand #153081808468:  Hold'em Limit ($3/$6 USD) - 2016/05/09 15:57:56 ET
Table 'Hertzsprung II' 6-max Seat #3 is the button
Seat 1: Zubasa07 ($430.53 in chips)
Seat 3: floplucky88 ($108.78 in chips)
floplucky88: posts small blind $1
Zubasa07: posts big blind $3
*** HOLE CARDS ***
floplucky88: raises $3 to $6
Zubasa07: raises $3 to $9
floplucky88: calls $3
*** FLOP *** [7d Th 3d]
Zubasa07: bets $3
floplucky88: raises $3 to $6
Zubasa07: calls $3
*** TURN *** [7d Th 3d] [5s]
Zubasa07: checks
floplucky88: bets $6
Zubasa07: calls $6
*** RIVER *** [7d Th 3d 5s] [Qc]
Zubasa07: checks
floplucky88: checks
*** SHOW DOWN ***
Zubasa07: shows [Kd 6d] (high card King)
floplucky88: shows [7h 8d] (a pair of Sevens)
floplucky88 collected $41.50 from pot
*** SUMMARY ***
Total pot $42 | Rake $0.50
Board [7d Th 3d 5s Qc]
Seat 1: Zubasa07 (big blind) showed [Kd 6d] and lost with high card King
Seat 3: floplucky88 (button) (small blind) showed [7h 8d] and won ($41.50) with a pair of Sevens


PokerStars Hand #153081778446:  Hold'em Limit ($3/$6 USD) - 2016/05/09 15:57:14 ET
Table 'Hertzsprung II' 6-max Seat #1 is the button
Seat 1: Zubasa07 ($460.53 in chips)
Seat 3: floplucky88 ($79.28 in chips)
Zubasa07: posts small blind $1
floplucky88: posts big blind $3
*** HOLE CARDS ***
Zubasa07: raises $3 to $6
floplucky88: raises $3 to $9
Zubasa07: calls $3
*** FLOP *** [4d Kh 5h]
floplucky88: bets $3
Zubasa07: calls $3
*** TURN *** [4d Kh 5h] [4h]
floplucky88: bets $6
Zubasa07: raises $6 to $12
floplucky88: calls $6
*** RIVER *** [4d Kh 5h 4h] [8d]
floplucky88: checks
Zubasa07: bets $6
floplucky88: calls $6
*** SHOW DOWN ***
Zubasa07: shows [Ts Kc] (two pair, Kings and Fours)
floplucky88: shows [Ks Qs] (two pair, Kings and Fours - Queen kicker)
floplucky88 collected $59.50 from pot
*** SUMMARY ***
Total pot $60 | Rake $0.50
Board [4d Kh 5h 4h 8d]
Seat 1: Zubasa07 (button) (small blind) showed [Ts Kc] and lost with two pair, Kings and Fours
Seat 3: floplucky88 (big blind) showed [Ks Qs] and won ($59.50) with two pair, Kings and Fours


PokerStars Hand #153081840612:  Hold'em Limit ($3/$6 USD) - 2016/05/09 15:58:42 ET
Table 'Hertzsprung II' 6-max Seat #1 is the button
Seat 1: Zubasa07 ($409.53 in chips)
Seat 3: floplucky88 ($129.28 in chips)
Zubasa07: posts small blind $1
floplucky88: posts big blind $3
*** HOLE CARDS ***
linocarrelli joins the table at seat #6
Zubasa07: raises $3 to $6
floplucky88: folds
Uncalled bet ($3) returned to Zubasa07
Zubasa07 collected $6 from pot
Zubasa07: doesn't show hand
*** SUMMARY ***
Total pot $6 | Rake $0
Seat 1: Zubasa07 (button) (small blind) collected ($6)
Seat 3: floplucky88 (big blind) folded before Flop


PokerStars Hand #153081951563:  Hold'em Limit ($3/$6 USD) - 2016/05/09 16:00:59 ET
Table 'Hertzsprung II' 6-max Seat #6 is the button
Seat 2: $polu4atel*$ ($34.46 in chips)
Seat 6: linocarrelli ($76.89 in chips)
hairy1961 will be allowed to play after the button
linocarrelli: posts small blind $1
Zubasa07: is sitting out
$polu4atel*$: posts big blind $3
*** HOLE CARDS ***
linocarrelli: folds
Uncalled bet ($2) returned to $polu4atel*$
lin1rabbit joins the table at seat #3
$polu4atel*$ collected $2 from pot
$polu4atel*$: doesn't show hand
*** SUMMARY ***
Total pot $2 | Rake $0
Seat 2: $polu4atel*$ (big blind) collected ($2)
Seat 6: linocarrelli (button) (small blind) folded before Flop


PokerStars Hand #153091759330:  Hold'em Limit ($3/$6 USD) - 2016/05/09 19:11:37 ET
Table 'Hertzsprung II' 6-max Seat #2 is the button
Seat 1: Pete81 ($55.50 in chips)
Seat 2: betipo6 ($51.50 in chips)
betipo6: posts small blind $1
Pete81: posts big blind $3
*** HOLE CARDS ***
betipo6: calls $2
Pete81: checks
*** FLOP *** [9d 6h 4s]
Pete81: checks
betipo6: checks
*** TURN *** [9d 6h 4s] [Ad]
Pete81: checks
betipo6: checks
*** RIVER *** [9d 6h 4s Ad] [7h]
Pete81: checks
betipo6: checks
*** SHOW DOWN ***
Pete81: shows [Td 2c] (high card Ace)
betipo6: shows [Kc 4d] (a pair of Fours)
betipo6 collected $5.88 from pot
*** SUMMARY ***
Total pot $6 | Rake $0.12
Board [9d 6h 4s Ad 7h]
Seat 1: Pete81 (big blind) showed [Td 2c] and lost with high card Ace
Seat 2: betipo6 (button) (small blind) showed [Kc 4d] and won ($5.88) with a pair of Fours


PokerStars Hand #153091798054:  Hold'em Limit ($3/$6 USD) - 2016/05/09 19:12:34 ET
Table 'Hertzsprung II' 6-max Seat #1 is the button
Seat 1: Pete81 ($25.44 in chips)
Seat 2: betipo6 ($80.82 in chips)
Pete81: posts small blind $1
betipo6: posts big blind $3
*** HOLE CARDS ***
Pete81: raises $3 to $6
betipo6: calls $3
*** FLOP *** [6c Kc 3h]
betipo6: checks
Pete81: bets $3
betipo6: folds
Uncalled bet ($3) returned to Pete81
Pete81 collected $11.76 from pot
Pete81: doesn't show hand
*** SUMMARY ***
Total pot $12 | Rake $0.24
Board [6c Kc 3h]
Seat 1: Pete81 (button) (small blind) collected ($11.76)
Seat 2: betipo6 (big blind) folded on the Flop


PokerStars Hand #153091787929:  Hold'em Limit ($3/$6 USD) - 2016/05/09 19:12:19 ET
Table 'Hertzsprung II' 6-max Seat #2 is the button
Seat 1: Pete81 ($25.50 in chips)
Seat 2: betipo6 ($80.88 in chips)
betipo6: posts small blind $1
Pete81: posts big blind $3
*** HOLE CARDS ***
betipo6: calls $2
Pete81: checks
*** FLOP *** [Tc Ts 2d]
Pete81: checks
betipo6: checks
*** TURN *** [Tc Ts 2d] [2s]
Pete81: checks
betipo6: checks
*** RIVER *** [Tc Ts 2d 2s] [As]
Pete81: checks
betipo6: checks
*** SHOW DOWN ***
Pete81: shows [8c 3h] (two pair, Tens and Deuces)
betipo6: shows [Js Qh] (two pair, Tens and Deuces)
Pete81 collected $2.94 from pot
betipo6 collected $2.94 from pot
*** SUMMARY ***
Total pot $6 | Rake $0.12
Board [Tc Ts 2d 2s As]
Seat 1: Pete81 (big blind) showed [8c 3h] and won ($2.94) with two pair, Tens and Deuces
Seat 2: betipo6 (button) (small blind) showed [Js Qh] and won ($2.94) with two pair, Tens and Deuces


PokerStars Hand #153091773066:  Hold'em Limit ($3/$6 USD) - 2016/05/09 19:11:57 ET
Table 'Hertzsprung II' 6-max Seat #1 is the button
Seat 1: Pete81 ($52.50 in chips)
Seat 2: betipo6 ($54.38 in chips)
Pete81: posts small blind $1
betipo6: posts big blind $3
*** HOLE CARDS ***
Pete81: raises $3 to $6
betipo6: calls $3
*** FLOP *** [4c Kc 9d]
betipo6: bets $3
Pete81: raises $3 to $6
betipo6: raises $3 to $9
Pete81: calls $3
*** TURN *** [4c Kc 9d] [2h]
betipo6: bets $6
Pete81: calls $6
*** RIVER *** [4c Kc 9d 2h] [3c]
betipo6: bets $6
Pete81: calls $6
*** SHOW DOWN ***
betipo6: shows [3h Kh] (two pair, Kings and Threes)
Pete81: mucks hand
betipo6 collected $53.50 from pot
*** SUMMARY ***
Total pot $54 | Rake $0.50
Board [4c Kc 9d 2h 3c]
Seat 1: Pete81 (button) (small blind) mucked
Seat 2: betipo6 (big blind) showed [3h Kh] and won ($53.50) with two pair, Kings and Threes


PokerStars Hand #153091805347:  Hold'em Limit ($3/$6 USD) - 2016/05/09 19:12:45 ET
Table 'Hertzsprung II' 6-max Seat #2 is the button
Seat 1: Pete81 ($31.20 in chips)
Seat 2: betipo6 ($74.82 in chips)
betipo6: posts small blind $1
Pete81: posts big blind $3
*** HOLE CARDS ***
betipo6: calls $2
Pete81: raises $3 to $6
betipo6: calls $3
*** FLOP *** [6d 2h 2c]
Pete81: bets $3
betipo6: raises $3 to $6
Pete81: calls $3
*** TURN *** [6d 2h 2c] [8d]
Pete81: checks
betipo6: bets $6
Pete81: folds
Uncalled bet ($6) returned to betipo6
betipo6 collected $23.52 from pot
betipo6: doesn't show hand
*** SUMMARY ***
Total pot $24 | Rake $0.48
Board [6d 2h 2c 8d]
Seat 1: Pete81 (big blind) folded on the Turn
Seat 2: betipo6 (button) (small blind) collected ($23.52)


PokerStars Hand #153091820594:  Hold'em Limit ($3/$6 USD) - 2016/05/09 19:13:08 ET
Table 'Hertzsprung II' 6-max Seat #2 is the button
Seat 1: Pete81 ($18.20 in chips)
Seat 2: betipo6 ($87.34 in chips)
betipo6: posts small blind $1
Pete81: posts big blind $3
*** HOLE CARDS ***
betipo6: raises $3 to $6
Pete81: calls $3
*** FLOP *** [5c 6h 7s]
Pete81: checks
betipo6: bets $3
Pete81: raises $3 to $6
betipo6: raises $3 to $9
Pete81: calls $3
*** TURN *** [5c 6h 7s] [Jh]
Pete81: checks
betipo6: checks
*** RIVER *** [5c 6h 7s Jh] [6c]
Pete81: bets $3.20 and is all-in
betipo6: calls $3.20
*** SHOW DOWN ***
Pete81: shows [Ts 9d] (a pair of Sixes)
betipo6: shows [Th Tc] (two pair, Tens and Sixes)
betipo6 collected $35.90 from pot
*** SUMMARY ***
Total pot $36.40 | Rake $0.50
Board [5c 6h 7s Jh 6c]
Seat 1: Pete81 (big blind) showed [Ts 9d] and lost with a pair of Sixes
Seat 2: betipo6 (button) (small blind) showed [Th Tc] and won ($35.90) with two pair, Tens and Sixes


PokerStars Hand #153091817459:  Hold'em Limit ($3/$6 USD) - 2016/05/09 19:13:03 ET
Table 'Hertzsprung II' 6-max Seat #1 is the button
Seat 1: Pete81 ($19.20 in chips)
Seat 2: betipo6 ($86.34 in chips)
Pete81: posts small blind $1
betipo6: posts big blind $3
*** HOLE CARDS ***
Pete81: folds
Uncalled bet ($2) returned to betipo6
betipo6 collected $2 from pot
betipo6: doesn't show hand
*** SUMMARY ***
Total pot $2 | Rake $0
Seat 1: Pete81 (button) (small blind) folded before Flop
Seat 2: betipo6 (big blind) collected ($2)


PokerStars Hand #153091879086:  Hold'em Limit ($3/$6 USD) - 2016/05/09 19:14:35 ET
Table 'Hertzsprung II' 6-max Seat #2 is the button
Seat 1: Pete81 ($56.92 in chips)
Seat 2: betipo6 ($86.04 in chips)
betipo6: posts small blind $1
Pete81: posts big blind $3
*** HOLE CARDS ***
betipo6: calls $2
Pete81: raises $3 to $6
betipo6: calls $3
*** FLOP *** [Ah Jd Ks]
Pete81: bets $3
betipo6: folds
Uncalled bet ($3) returned to Pete81
Pete81 collected $11.76 from pot
Pete81: doesn't show hand
*** SUMMARY ***
Total pot $12 | Rake $0.24
Board [Ah Jd Ks]
Seat 1: Pete81 (big blind) collected ($11.76)
Seat 2: betipo6 (button) (small blind) folded on the Flop


PokerStars Hand #153091865390:  Hold'em Limit ($3/$6 USD) - 2016/05/09 19:14:14 ET
Table 'Hertzsprung II' 6-max Seat #1 is the button
Seat 1: Pete81 ($48.28 in chips)
Seat 2: betipo6 ($95.04 in chips)
Pete81: posts small blind $1
betipo6: posts big blind $3
*** HOLE CARDS ***
Pete81: raises $3 to $6
betipo6: calls $3
*** FLOP *** [6h Kc 9c]
betipo6: checks
Pete81: bets $3
betipo6: calls $3
*** TURN *** [6h Kc 9c] [Td]
betipo6: checks
Pete81: checks
*** RIVER *** [6h Kc 9c Td] [Kh]
betipo6: checks
Pete81: checks
*** SHOW DOWN ***
betipo6: shows [3d Jc] (a pair of Kings)
Pete81: shows [Jd Ah] (a pair of Kings - Ace kicker)
Pete81 collected $17.64 from pot
*** SUMMARY ***
Total pot $18 | Rake $0.36
Board [6h Kc 9c Td Kh]
Seat 1: Pete81 (button) (small blind) showed [Jd Ah] and won ($17.64) with a pair of Kings
Seat 2: betipo6 (big blind) showed [3d Jc] and lost with a pair of Kings


PokerStars Hand #153091862010:  Hold'em Limit ($3/$6 USD) - 2016/05/09 19:14:09 ET
Table 'Hertzsprung II' 6-max Seat #2 is the button
Seat 1: Pete81 ($47.28 in chips)
Seat 2: betipo6 ($96.04 in chips)
betipo6: posts small blind $1
Pete81: posts big blind $3
*** HOLE CARDS ***
betipo6: folds
Uncalled bet ($2) returned to Pete81
Pete81 collected $2 from pot
Pete81: doesn't show hand
*** SUMMARY ***
Total pot $2 | Rake $0
Seat 1: Pete81 (big blind) collected ($2)
Seat 2: betipo6 (button) (small blind) folded before Flop


PokerStars Hand #153091848722:  Hold'em Limit ($3/$6 USD) - 2016/05/09 19:13:50 ET
Table 'Hertzsprung II' 6-max Seat #1 is the button
Seat 1: Pete81 ($38.64 in chips)
Seat 2: betipo6 ($105.04 in chips)
Pete81: posts small blind $1
betipo6: posts big blind $3
*** HOLE CARDS ***
Pete81: raises $3 to $6
betipo6: calls $3
*** FLOP *** [8d Kc 6d]
betipo6: checks
Pete81: bets $3
betipo6: calls $3
*** TURN *** [8d Kc 6d] [As]
betipo6: checks
Pete81: bets $6
betipo6: folds
Uncalled bet ($6) returned to Pete81
Pete81 collected $17.64 from pot
Pete81: doesn't show hand
*** SUMMARY ***
Total pot $18 | Rake $0.36
Board [8d Kc 6d As]
Seat 1: Pete81 (button) (small blind) collected ($17.64)
Seat 2: betipo6 (big blind) folded on the Turn


PokerStars Hand #153091889301:  Hold'em Limit ($3/$6 USD) - 2016/05/09 19:14:50 ET
Table 'Hertzsprung II' 6-max Seat #1 is the button
Seat 1: Pete81 ($62.68 in chips)
Seat 2: betipo6 ($80.04 in chips)
Pete81: posts small blind $1
betipo6: posts big blind $3
*** HOLE CARDS ***
Pete81: raises $3 to $6
betipo6: calls $3
*** FLOP *** [8s Kc Th]
betipo6: checks
Pete81: bets $3
betipo6: calls $3
*** TURN *** [8s Kc Th] [Ts]
betipo6: checks
Pete81: bets $6
riecki joins the table at seat #4
betipo6: raises $6 to $12
Pete81: calls $6
*** RIVER *** [8s Kc Th Ts] [8h]
betipo6: bets $6
Pete81: folds
Uncalled bet ($6) returned to betipo6
betipo6 collected $41.50 from pot
betipo6: doesn't show hand
*** SUMMARY ***
Total pot $42 | Rake $0.50
Board [8s Kc Th Ts 8h]
Seat 1: Pete81 (button) (small blind) folded on the River
Seat 2: betipo6 (big blind) collected ($41.50)


