PokerStars Hand #158183779103:  Hold'em Limit ($3/$6 USD) - 2016/09/05 4:54:17 ET
Table 'Hertha' 6-max Seat #4 is the button
Seat 3: simper11 ($139.50 in chips)
Seat 4: muzuri ($100 in chips)
muzuri: posts small blind $1
simper11: posts big blind $3
*** HOLE CARDS ***
muzuri: raises $3 to $6
simper11: raises $3 to $9
muzuri: calls $3
*** FLOP *** [Ad 5h 7s]
simper11: bets $3
muzuri: raises $3 to $6
simper11: raises $3 to $9
muzuri: raises $3 to $12
Betting is capped
simper11: calls $3
*** TURN *** [Ad 5h 7s] [8h]
simper11: checks
muzuri: checks
*** RIVER *** [Ad 5h 7s 8h] [Qh]
simper11: bets $6
muzuri: folds
Uncalled bet ($6) returned to simper11
simper11 collected $41.50 from pot
simper11: doesn't show hand
*** SUMMARY ***
Total pot $42 | Rake $0.50
Board [Ad 5h 7s 8h Qh]
Seat 3: simper11 (big blind) collected ($41.50)
Seat 4: muzuri (button) (small blind) folded on the River


PokerStars Hand #158183806959:  Hold'em Limit ($3/$6 USD) - 2016/09/05 4:55:49 ET
Table 'Hertha' 6-max Seat #4 is the button
Seat 3: simper11 ($174.02 in chips)
Seat 4: muzuri ($63.40 in chips)
muzuri: posts small blind $1
simper11: posts big blind $3
*** HOLE CARDS ***
muzuri: folds
Uncalled bet ($2) returned to simper11
simper11 collected $2 from pot
simper11: doesn't show hand
*** SUMMARY ***
Total pot $2 | Rake $0
Seat 3: simper11 (big blind) collected ($2)
Seat 4: muzuri (button) (small blind) folded before Flop


PokerStars Hand #158183802241:  Hold'em Limit ($3/$6 USD) - 2016/09/05 4:55:32 ET
Table 'Hertha' 6-max Seat #3 is the button
Seat 3: simper11 ($186.02 in chips)
Seat 4: muzuri ($51.88 in chips)
simper11: posts small blind $1
muzuri: posts big blind $3
*** HOLE CARDS ***
simper11: raises $3 to $6
muzuri: calls $3
*** FLOP *** [4h 6c 9h]
muzuri: checks
simper11: checks
*** TURN *** [4h 6c 9h] [Kd]
muzuri: checks
simper11: checks
*** RIVER *** [4h 6c 9h Kd] [9c]
muzuri: bets $6
simper11: calls $6
*** SHOW DOWN ***
muzuri: shows [5s Kh] (two pair, Kings and Nines)
simper11: mucks hand
muzuri collected $23.52 from pot
*** SUMMARY ***
Total pot $24 | Rake $0.48
Board [4h 6c 9h Kd 9c]
Seat 3: simper11 (button) (small blind) mucked
Seat 4: muzuri (big blind) showed [5s Kh] and won ($23.52) with two pair, Kings and Nines


PokerStars Hand #158183810646:  Hold'em Limit ($3/$6 USD) - 2016/09/05 4:56:02 ET
Table 'Hertha' 6-max Seat #4 is the button
Seat 3: simper11 ($178.02 in chips)
Seat 4: muzuri ($59.40 in chips)
muzuri: posts small blind $1
simper11: posts big blind $3
*** HOLE CARDS ***
muzuri: folds
Uncalled bet ($2) returned to simper11
simper11 collected $2 from pot
simper11: doesn't show hand
*** SUMMARY ***
Total pot $2 | Rake $0
Seat 3: simper11 (big blind) collected ($2)
Seat 4: muzuri (button) (small blind) folded before Flop


PokerStars Hand #158183808744:  Hold'em Limit ($3/$6 USD) - 2016/09/05 4:55:55 ET
Table 'Hertha' 6-max Seat #3 is the button
Seat 3: simper11 ($175.02 in chips)
Seat 4: muzuri ($62.40 in chips)
simper11: posts small blind $1
muzuri: posts big blind $3
*** HOLE CARDS ***
simper11: raises $3 to $6
muzuri: folds
Uncalled bet ($3) returned to simper11
simper11 collected $6 from pot
simper11: doesn't show hand
*** SUMMARY ***
Total pot $6 | Rake $0
Seat 3: simper11 (button) (small blind) collected ($6)
Seat 4: muzuri (big blind) folded before Flop


PokerStars Hand #158183812371:  Hold'em Limit ($3/$6 USD) - 2016/09/05 4:56:08 ET
Table 'Hertha' 6-max Seat #3 is the button
Seat 3: simper11 ($179.02 in chips)
Seat 4: muzuri ($58.40 in chips)
simper11: posts small blind $1
muzuri: posts big blind $3
*** HOLE CARDS ***
simper11: raises $3 to $6
muzuri: calls $3
*** FLOP *** [Jh 4h Jd]
muzuri: checks
simper11: bets $3
muzuri: calls $3
*** TURN *** [Jh 4h Jd] [7c]
muzuri: checks
simper11: checks
*** RIVER *** [Jh 4h Jd 7c] [3d]
muzuri: bets $6
simper11: calls $6
*** SHOW DOWN ***
muzuri: shows [6h 6s] (two pair, Jacks and Sixes)
simper11: mucks hand
muzuri collected $29.50 from pot
*** SUMMARY ***
Total pot $30 | Rake $0.50
Board [Jh 4h Jd 7c 3d]
Seat 3: simper11 (button) (small blind) mucked
Seat 4: muzuri (big blind) showed [6h 6s] and won ($29.50) with two pair, Jacks and Sixes


PokerStars Hand #158183798858:  Hold'em Limit ($3/$6 USD) - 2016/09/05 4:55:20 ET
Table 'Hertha' 6-max Seat #4 is the button
Seat 3: simper11 ($180.26 in chips)
Seat 4: muzuri ($57.88 in chips)
muzuri: posts small blind $1
simper11: posts big blind $3
*** HOLE CARDS ***
muzuri: calls $2
simper11: raises $3 to $6
muzuri: calls $3
*** FLOP *** [Qc 5s 2c]
simper11: bets $3
muzuri: folds
Uncalled bet ($3) returned to simper11
simper11 collected $11.76 from pot
simper11: doesn't show hand
*** SUMMARY ***
Total pot $12 | Rake $0.24
Board [Qc 5s 2c]
Seat 3: simper11 (big blind) collected ($11.76)
Seat 4: muzuri (button) (small blind) folded on the Flop


PokerStars Hand #158183827579:  Hold'em Limit ($3/$6 USD) - 2016/09/05 4:57:02 ET
Table 'Hertha' 6-max Seat #3 is the button
Seat 3: simper11 ($168.53 in chips)
Seat 4: muzuri ($67.65 in chips)
simper11: posts small blind $1
muzuri: posts big blind $3
*** HOLE CARDS ***
simper11: raises $3 to $6
muzuri: raises $3 to $9
simper11: calls $3
*** FLOP *** [Js 9c 2d]
muzuri: bets $3
simper11: calls $3
*** TURN *** [Js 9c 2d] [Ah]
muzuri: bets $6
simper11: calls $6
*** RIVER *** [Js 9c 2d Ah] [6c]
muzuri: bets $6
simper11: calls $6
*** SHOW DOWN ***
muzuri: shows [Qh Kh] (high card Ace)
simper11: shows [9h 8h] (a pair of Nines)
simper11 collected $47.50 from pot
*** SUMMARY ***
Total pot $48 | Rake $0.50
Board [Js 9c 2d Ah 6c]
Seat 3: simper11 (button) (small blind) showed [9h 8h] and won ($47.50) with a pair of Nines
Seat 4: muzuri (big blind) showed [Qh Kh] and lost with high card Ace


PokerStars Hand #158183821376:  Hold'em Limit ($3/$6 USD) - 2016/09/05 4:56:40 ET
Table 'Hertha' 6-max Seat #3 is the button
Seat 3: simper11 ($169.78 in chips)
Seat 4: muzuri ($66.90 in chips)
simper11: posts small blind $1
muzuri: posts big blind $3
*** HOLE CARDS ***
simper11: folds
Uncalled bet ($2) returned to muzuri
muzuri collected $2 from pot
muzuri: doesn't show hand
*** SUMMARY ***
Total pot $2 | Rake $0
Seat 3: simper11 (button) (small blind) folded before Flop
Seat 4: muzuri (big blind) collected ($2)


PokerStars Hand #158183817928:  Hold'em Limit ($3/$6 USD) - 2016/09/05 4:56:28 ET
Table 'Hertha' 6-max Seat #4 is the button
Seat 3: simper11 ($164.02 in chips)
Seat 4: muzuri ($72.90 in chips)
muzuri: posts small blind $1
simper11: posts big blind $3
*** HOLE CARDS ***
muzuri: calls $2
simper11: raises $3 to $6
muzuri: calls $3
*** FLOP *** [6s Qc As]
simper11: bets $3
muzuri: folds
Uncalled bet ($3) returned to simper11
simper11 collected $11.76 from pot
simper11: doesn't show hand
*** SUMMARY ***
Total pot $12 | Rake $0.24
Board [6s Qc As]
Seat 3: simper11 (big blind) collected ($11.76)
Seat 4: muzuri (button) (small blind) folded on the Flop


PokerStars Hand #158183822919:  Hold'em Limit ($3/$6 USD) - 2016/09/05 4:56:45 ET
Table 'Hertha' 6-max Seat #4 is the button
Seat 3: simper11 ($168.78 in chips)
Seat 4: muzuri ($67.90 in chips)
muzuri: posts small blind $1
simper11: posts big blind $3
*** HOLE CARDS ***
muzuri: raises $3 to $6
simper11: raises $3 to $9
muzuri: calls $3
*** FLOP *** [7h 3d 7d]
simper11: bets $3
muzuri: calls $3
*** TURN *** [7h 3d 7d] [9s]
simper11: bets $6
muzuri: calls $6
*** RIVER *** [7h 3d 7d 9s] [9h]
simper11: bets $6
muzuri: calls $6
*** SHOW DOWN ***
simper11: shows [Qc Ah] (two pair, Nines and Sevens)
muzuri: shows [2s Ac] (two pair, Nines and Sevens)
simper11 collected $23.75 from pot
muzuri collected $23.75 from pot
*** SUMMARY ***
Total pot $48 | Rake $0.50
Board [7h 3d 7d 9s 9h]
Seat 3: simper11 (big blind) showed [Qc Ah] and won ($23.75) with two pair, Nines and Sevens
Seat 4: muzuri (button) (small blind) showed [2s Ac] and won ($23.75) with two pair, Nines and Sevens


PokerStars Hand #158183832547:  Hold'em Limit ($3/$6 USD) - 2016/09/05 4:57:19 ET
Table 'Hertha' 6-max Seat #4 is the button
Seat 3: simper11 ($192.03 in chips)
Seat 4: muzuri ($43.65 in chips)
muzuri: posts small blind $1
simper11: posts big blind $3
*** HOLE CARDS ***
muzuri: raises $3 to $6
simper11: calls $3
*** FLOP *** [Jh As 7h]
simper11: checks
muzuri: bets $3
simper11: calls $3
*** TURN *** [Jh As 7h] [2c]
simper11: checks
muzuri: bets $6
simper11: calls $6
*** RIVER *** [Jh As 7h 2c] [6c]
simper11: checks
muzuri: checks
*** SHOW DOWN ***
simper11: shows [Ts Ks] (high card Ace)
muzuri: shows [7d Kd] (a pair of Sevens)
muzuri collected $29.50 from pot
*** SUMMARY ***
Total pot $30 | Rake $0.50
Board [Jh As 7h 2c 6c]
Seat 3: simper11 (big blind) showed [Ts Ks] and lost with high card Ace
Seat 4: muzuri (button) (small blind) showed [7d Kd] and won ($29.50) with a pair of Sevens


PokerStars Hand #158183845009:  Hold'em Limit ($3/$6 USD) - 2016/09/05 4:58:03 ET
Table 'Hertha' 6-max Seat #3 is the button
Seat 3: simper11 ($156.03 in chips)
Seat 4: muzuri ($78.65 in chips)
simper11: posts small blind $1
muzuri: posts big blind $3
*** HOLE CARDS ***
simper11: raises $3 to $6
muzuri: calls $3
*** FLOP *** [Jd 5h 7d]
muzuri: checks
simper11: bets $3
muzuri: folds
Uncalled bet ($3) returned to simper11
simper11 collected $11.76 from pot
simper11: doesn't show hand
*** SUMMARY ***
Total pot $12 | Rake $0.24
Board [Jd 5h 7d]
Seat 3: simper11 (button) (small blind) collected ($11.76)
Seat 4: muzuri (big blind) folded on the Flop


PokerStars Hand #158183837217:  Hold'em Limit ($3/$6 USD) - 2016/09/05 4:57:35 ET
Table 'Hertha' 6-max Seat #3 is the button
Seat 3: simper11 ($177.03 in chips)
Seat 4: muzuri ($58.15 in chips)
simper11: posts small blind $1
muzuri: posts big blind $3
*** HOLE CARDS ***
simper11: raises $3 to $6
muzuri: folds
Uncalled bet ($3) returned to simper11
simper11 collected $6 from pot
simper11: doesn't show hand
*** SUMMARY ***
Total pot $6 | Rake $0
Seat 3: simper11 (button) (small blind) collected ($6)
Seat 4: muzuri (big blind) folded before Flop


PokerStars Hand #158183839312:  Hold'em Limit ($3/$6 USD) - 2016/09/05 4:57:43 ET
Table 'Hertha' 6-max Seat #4 is the button
Seat 3: simper11 ($180.03 in chips)
Seat 4: muzuri ($55.15 in chips)
muzuri: posts small blind $1
simper11: posts big blind $3
*** HOLE CARDS ***
muzuri: raises $3 to $6
simper11: calls $3
*** FLOP *** [7d 5s Jd]
simper11: checks
muzuri: bets $3
simper11: raises $3 to $6
muzuri: calls $3
*** TURN *** [7d 5s Jd] [9h]
simper11: bets $6
muzuri: calls $6
*** RIVER *** [7d 5s Jd 9h] [2s]
simper11: bets $6
muzuri: calls $6
*** SHOW DOWN ***
simper11: shows [6d 7c] (a pair of Sevens)
muzuri: shows [Jh 3h] (a pair of Jacks)
muzuri collected $47.50 from pot
*** SUMMARY ***
Total pot $48 | Rake $0.50
Board [7d 5s Jd 9h 2s]
Seat 3: simper11 (big blind) showed [6d 7c] and lost with a pair of Sevens
Seat 4: muzuri (button) (small blind) showed [Jh 3h] and won ($47.50) with a pair of Jacks


PokerStars Hand #158183849771:  Hold'em Limit ($3/$6 USD) - 2016/09/05 4:58:19 ET
Table 'Hertha' 6-max Seat #3 is the button
Seat 3: simper11 ($162.79 in chips)
Seat 4: muzuri ($71.65 in chips)
simper11: posts small blind $1
muzuri: posts big blind $3
*** HOLE CARDS ***
simper11: folds
Uncalled bet ($2) returned to muzuri
muzuri collected $2 from pot
muzuri: doesn't show hand
*** SUMMARY ***
Total pot $2 | Rake $0
Seat 3: simper11 (button) (small blind) folded before Flop
Seat 4: muzuri (big blind) collected ($2)


PokerStars Hand #158183848131:  Hold'em Limit ($3/$6 USD) - 2016/09/05 4:58:13 ET
Table 'Hertha' 6-max Seat #4 is the button
Seat 3: simper11 ($161.79 in chips)
Seat 4: muzuri ($72.65 in chips)
muzuri: posts small blind $1
simper11: posts big blind $3
*** HOLE CARDS ***
muzuri: folds
Uncalled bet ($2) returned to simper11
simper11 collected $2 from pot
simper11: doesn't show hand
*** SUMMARY ***
Total pot $2 | Rake $0
Seat 3: simper11 (big blind) collected ($2)
Seat 4: muzuri (button) (small blind) folded before Flop


PokerStars Hand #158183851278:  Hold'em Limit ($3/$6 USD) - 2016/09/05 4:58:24 ET
Table 'Hertha' 6-max Seat #4 is the button
Seat 3: simper11 ($161.79 in chips)
Seat 4: muzuri ($72.65 in chips)
muzuri: posts small blind $1
simper11: posts big blind $3
*** HOLE CARDS ***
muzuri: raises $3 to $6
simper11: calls $3
*** FLOP *** [Ah Ad 2c]
simper11: checks
muzuri: bets $3
simper11: folds
Uncalled bet ($3) returned to muzuri
muzuri collected $11.76 from pot
muzuri: doesn't show hand
*** SUMMARY ***
Total pot $12 | Rake $0.24
Board [Ah Ad 2c]
Seat 3: simper11 (big blind) folded on the Flop
Seat 4: muzuri (button) (small blind) collected ($11.76)


PokerStars Hand #158183864951:  Hold'em Limit ($3/$6 USD) - 2016/09/05 4:59:12 ET
Table 'Hertha' 6-max Seat #4 is the button
Seat 3: simper11 ($192.05 in chips)
Seat 4: muzuri ($41.41 in chips)
muzuri: posts small blind $1
simper11: posts big blind $3
*** HOLE CARDS ***
muzuri: folds
Uncalled bet ($2) returned to simper11
simper11 collected $2 from pot
simper11: doesn't show hand
*** SUMMARY ***
Total pot $2 | Rake $0
Seat 3: simper11 (big blind) collected ($2)
Seat 4: muzuri (button) (small blind) folded before Flop


PokerStars Hand #158183859172:  Hold'em Limit ($3/$6 USD) - 2016/09/05 4:58:52 ET
Table 'Hertha' 6-max Seat #3 is the button
Seat 3: simper11 ($162.55 in chips)
Seat 4: muzuri ($71.41 in chips)
simper11: posts small blind $1
muzuri: posts big blind $3
*** HOLE CARDS ***
simper11: raises $3 to $6
muzuri: raises $3 to $9
simper11: calls $3
*** FLOP *** [8s 7h 4h]
muzuri: bets $3
simper11: calls $3
*** TURN *** [8s 7h 4h] [As]
muzuri: bets $6
simper11: raises $6 to $12
muzuri: calls $6
*** RIVER *** [8s 7h 4h As] [9h]
muzuri: checks
simper11: bets $6
muzuri: calls $6
*** SHOW DOWN ***
simper11: shows [3h Kh] (a flush, King high)
muzuri: mucks hand
simper11 collected $59.50 from pot
*** SUMMARY ***
Total pot $60 | Rake $0.50
Board [8s 7h 4h As 9h]
Seat 3: simper11 (button) (small blind) showed [3h Kh] and won ($59.50) with a flush, King high
Seat 4: muzuri (big blind) mucked


PokerStars Hand #158183857490:  Hold'em Limit ($3/$6 USD) - 2016/09/05 4:58:46 ET
Table 'Hertha' 6-max Seat #4 is the button
Seat 3: simper11 ($161.55 in chips)
Seat 4: muzuri ($72.41 in chips)
muzuri: posts small blind $1
simper11: posts big blind $3
*** HOLE CARDS ***
muzuri: folds
Uncalled bet ($2) returned to simper11
simper11 collected $2 from pot
simper11: doesn't show hand
*** SUMMARY ***
Total pot $2 | Rake $0
Seat 3: simper11 (big blind) collected ($2)
Seat 4: muzuri (button) (small blind) folded before Flop


PokerStars Hand #158183866419:  Hold'em Limit ($3/$6 USD) - 2016/09/05 4:59:17 ET
Table 'Hertha' 6-max Seat #3 is the button
Seat 3: simper11 ($193.05 in chips)
Seat 4: muzuri ($40.41 in chips)
simper11: posts small blind $1
muzuri: posts big blind $3
*** HOLE CARDS ***
simper11: raises $3 to $6
muzuri: calls $3
*** FLOP *** [8d 9s 4s]
muzuri: checks
simper11: bets $3
muzuri: raises $3 to $6
simper11: folds
Uncalled bet ($3) returned to muzuri
muzuri collected $17.64 from pot
*** SUMMARY ***
Total pot $18 | Rake $0.36
Board [8d 9s 4s]
Seat 3: simper11 (button) (small blind) folded on the Flop
Seat 4: muzuri (big blind) collected ($17.64)


PokerStars Hand #158183873004:  Hold'em Limit ($3/$6 USD) - 2016/09/05 4:59:40 ET
Table 'Hertha' 6-max Seat #3 is the button
Seat 3: simper11 ($178.05 in chips)
Seat 4: muzuri ($54.81 in chips)
simper11: posts small blind $1
muzuri: posts big blind $3
*** HOLE CARDS ***
simper11: raises $3 to $6
muzuri: calls $3
*** FLOP *** [Qc 2s 7h]
muzuri: checks
simper11: bets $3
muzuri: folds
Uncalled bet ($3) returned to simper11
simper11 collected $11.76 from pot
simper11: doesn't show hand
*** SUMMARY ***
Total pot $12 | Rake $0.24
Board [Qc 2s 7h]
Seat 3: simper11 (button) (small blind) collected ($11.76)
Seat 4: muzuri (big blind) folded on the Flop


PokerStars Hand #158183870035:  Hold'em Limit ($3/$6 USD) - 2016/09/05 4:59:29 ET
Table 'Hertha' 6-max Seat #4 is the button
Seat 3: simper11 ($184.05 in chips)
Seat 4: muzuri ($49.05 in chips)
muzuri: posts small blind $1
simper11: posts big blind $3
*** HOLE CARDS ***
muzuri: raises $3 to $6
simper11: calls $3
*** FLOP *** [5d 5h Jd]
simper11: checks
muzuri: bets $3
simper11: folds
Uncalled bet ($3) returned to muzuri
muzuri collected $11.76 from pot
muzuri: doesn't show hand
*** SUMMARY ***
Total pot $12 | Rake $0.24
Board [5d 5h Jd]
Seat 3: simper11 (big blind) folded on the Flop
Seat 4: muzuri (button) (small blind) collected ($11.76)


PokerStars Hand #158183876268:  Hold'em Limit ($3/$6 USD) - 2016/09/05 4:59:51 ET
Table 'Hertha' 6-max Seat #4 is the button
Seat 3: simper11 ($183.81 in chips)
Seat 4: muzuri ($48.81 in chips)
muzuri: posts small blind $1
simper11: posts big blind $3
*** HOLE CARDS ***
muzuri: raises $3 to $6
simper11: calls $3
*** FLOP *** [3h 2s 8c]
simper11: checks
muzuri: bets $3
simper11: calls $3
*** TURN *** [3h 2s 8c] [6h]
simper11: checks
muzuri: bets $6
simper11: calls $6
*** RIVER *** [3h 2s 8c 6h] [4s]
simper11: checks
muzuri: checks
*** SHOW DOWN ***
simper11: shows [6d Ts] (a pair of Sixes)
muzuri: shows [8h 7s] (a pair of Eights)
muzuri collected $29.50 from pot
*** SUMMARY ***
Total pot $30 | Rake $0.50
Board [3h 2s 8c 6h 4s]
Seat 3: simper11 (big blind) showed [6d Ts] and lost with a pair of Sixes
Seat 4: muzuri (button) (small blind) showed [8h 7s] and won ($29.50) with a pair of Eights


PokerStars Hand #158183881297:  Hold'em Limit ($3/$6 USD) - 2016/09/05 5:00:08 ET
Table 'Hertha' 6-max Seat #3 is the button
Seat 3: simper11 ($168.81 in chips)
Seat 4: muzuri ($63.31 in chips)
simper11: posts small blind $1
muzuri: posts big blind $3
*** HOLE CARDS ***
simper11: raises $3 to $6
muzuri: calls $3
*** FLOP *** [4c Jh 4d]
muzuri: checks
simper11: bets $3
muzuri: folds
Uncalled bet ($3) returned to simper11
simper11 collected $11.76 from pot
simper11: doesn't show hand
*** SUMMARY ***
Total pot $12 | Rake $0.24
Board [4c Jh 4d]
Seat 3: simper11 (button) (small blind) collected ($11.76)
Seat 4: muzuri (big blind) folded on the Flop


PokerStars Hand #158183884515:  Hold'em Limit ($3/$6 USD) - 2016/09/05 5:00:19 ET
Table 'Hertha' 6-max Seat #4 is the button
Seat 3: simper11 ($174.57 in chips)
Seat 4: muzuri ($57.31 in chips)
muzuri: posts small blind $1
simper11: posts big blind $3
*** HOLE CARDS ***
muzuri: raises $3 to $6
simper11: calls $3
*** FLOP *** [3s 6d Jd]
simper11: checks
muzuri: bets $3
simper11: raises $3 to $6
muzuri: raises $3 to $9
simper11: raises $3 to $12
Betting is capped
muzuri: calls $3
*** TURN *** [3s 6d Jd] [2c]
simper11: bets $6
muzuri: calls $6
*** RIVER *** [3s 6d Jd 2c] [Js]
simper11: bets $6
muzuri: calls $6
*** SHOW DOWN ***
simper11: shows [8d 7d] (a pair of Jacks)
muzuri: shows [3h Ac] (two pair, Jacks and Threes)
muzuri collected $59.50 from pot
*** SUMMARY ***
Total pot $60 | Rake $0.50
Board [3s 6d Jd 2c Js]
Seat 3: simper11 (big blind) showed [8d 7d] and lost with a pair of Jacks
Seat 4: muzuri (button) (small blind) showed [3h Ac] and won ($59.50) with two pair, Jacks and Threes


PokerStars Hand #158183895352:  Hold'em Limit ($3/$6 USD) - 2016/09/05 5:00:55 ET
Table 'Hertha' 6-max Seat #3 is the button
Seat 3: simper11 ($149.33 in chips)
Seat 4: muzuri ($81.81 in chips)
simper11: posts small blind $1
muzuri: posts big blind $3
*** HOLE CARDS ***
simper11: raises $3 to $6
muzuri: calls $3
*** FLOP *** [Qd 8h 5d]
muzuri: checks
simper11: bets $3
muzuri: calls $3
*** TURN *** [Qd 8h 5d] [Th]
muzuri: checks
simper11: checks
*** RIVER *** [Qd 8h 5d Th] [9c]
muzuri: checks
simper11: bets $6
muzuri: calls $6
*** SHOW DOWN ***
simper11: shows [7s Js] (a straight, Eight to Queen)
muzuri: mucks hand
simper11 collected $29.50 from pot
*** SUMMARY ***
Total pot $30 | Rake $0.50
Board [Qd 8h 5d Th 9c]
Seat 3: simper11 (button) (small blind) showed [7s Js] and won ($29.50) with a straight, Eight to Queen
Seat 4: muzuri (big blind) mucked


PokerStars Hand #158183890205:  Hold'em Limit ($3/$6 USD) - 2016/09/05 5:00:38 ET
Table 'Hertha' 6-max Seat #3 is the button
Seat 3: simper11 ($144.57 in chips)
Seat 4: muzuri ($86.81 in chips)
simper11: posts small blind $1
muzuri: posts big blind $3
*** HOLE CARDS ***
simper11: folds
Uncalled bet ($2) returned to muzuri
muzuri collected $2 from pot
muzuri: doesn't show hand
*** SUMMARY ***
Total pot $2 | Rake $0
Seat 3: simper11 (button) (small blind) folded before Flop
Seat 4: muzuri (big blind) collected ($2)


PokerStars Hand #158183907867:  Hold'em Limit ($3/$6 USD) - 2016/09/05 5:01:34 ET
Table 'Hertha' 6-max Seat #4 is the button
Seat 3: simper11 ($156.83 in chips)
Seat 4: muzuri ($73.57 in chips)
muzuri: posts small blind $1
simper11: posts big blind $3
*** HOLE CARDS ***
muzuri: raises $3 to $6
simper11: folds
Uncalled bet ($3) returned to muzuri
muzuri collected $6 from pot
*** SUMMARY ***
Total pot $6 | Rake $0
Seat 3: simper11 (big blind) folded before Flop
Seat 4: muzuri (button) (small blind) collected ($6)


PokerStars Hand #158183906075:  Hold'em Limit ($3/$6 USD) - 2016/09/05 5:01:28 ET
Table 'Hertha' 6-max Seat #3 is the button
Seat 3: simper11 ($157.83 in chips)
Seat 4: muzuri ($72.57 in chips)
simper11: posts small blind $1
muzuri: posts big blind $3
*** HOLE CARDS ***
simper11: folds
Uncalled bet ($2) returned to muzuri
muzuri collected $2 from pot
*** SUMMARY ***
Total pot $2 | Rake $0
Seat 3: simper11 (button) (small blind) folded before Flop
Seat 4: muzuri (big blind) collected ($2)


PokerStars Hand #158183902559:  Hold'em Limit ($3/$6 USD) - 2016/09/05 5:01:17 ET
Table 'Hertha' 6-max Seat #4 is the button
Seat 3: simper11 ($163.83 in chips)
Seat 4: muzuri ($66.81 in chips)
muzuri: posts small blind $1
simper11: posts big blind $3
*** HOLE CARDS ***
muzuri: raises $3 to $6
simper11: calls $3
*** FLOP *** [Ad Kc 3d]
simper11: checks
muzuri: bets $3
simper11: folds
Uncalled bet ($3) returned to muzuri
muzuri collected $11.76 from pot
muzuri: doesn't show hand
*** SUMMARY ***
Total pot $12 | Rake $0.24
Board [Ad Kc 3d]
Seat 3: simper11 (big blind) folded on the Flop
Seat 4: muzuri (button) (small blind) collected ($11.76)


PokerStars Hand #158183909647:  Hold'em Limit ($3/$6 USD) - 2016/09/05 5:01:40 ET
Table 'Hertha' 6-max Seat #3 is the button
Seat 3: simper11 ($153.83 in chips)
Seat 4: muzuri ($76.57 in chips)
simper11: posts small blind $1
muzuri: posts big blind $3
*** HOLE CARDS ***
simper11: raises $3 to $6
muzuri: folds
Uncalled bet ($3) returned to simper11
simper11 collected $6 from pot
simper11: doesn't show hand
*** SUMMARY ***
Total pot $6 | Rake $0
Seat 3: simper11 (button) (small blind) collected ($6)
Seat 4: muzuri (big blind) folded before Flop


PokerStars Hand #158183913682:  Hold'em Limit ($3/$6 USD) - 2016/09/05 5:01:52 ET
Table 'Hertha' 6-max Seat #3 is the button
Seat 3: simper11 ($157.83 in chips)
Seat 4: muzuri ($72.57 in chips)
simper11: posts small blind $1
muzuri: posts big blind $3
*** HOLE CARDS ***
simper11: folds
Uncalled bet ($2) returned to muzuri
muzuri collected $2 from pot
*** SUMMARY ***
Total pot $2 | Rake $0
Seat 3: simper11 (button) (small blind) folded before Flop
Seat 4: muzuri (big blind) collected ($2)


PokerStars Hand #158183911644:  Hold'em Limit ($3/$6 USD) - 2016/09/05 5:01:46 ET
Table 'Hertha' 6-max Seat #4 is the button
Seat 3: simper11 ($156.83 in chips)
Seat 4: muzuri ($73.57 in chips)
muzuri: posts small blind $1
simper11: posts big blind $3
*** HOLE CARDS ***
muzuri: folds
Uncalled bet ($2) returned to simper11
simper11 collected $2 from pot
simper11: doesn't show hand
*** SUMMARY ***
Total pot $2 | Rake $0
Seat 3: simper11 (big blind) collected ($2)
Seat 4: muzuri (button) (small blind) folded before Flop


PokerStars Hand #158183915292:  Hold'em Limit ($3/$6 USD) - 2016/09/05 5:01:57 ET
Table 'Hertha' 6-max Seat #4 is the button
Seat 3: simper11 ($156.83 in chips)
Seat 4: muzuri ($73.57 in chips)
muzuri: posts small blind $1
simper11: posts big blind $3
*** HOLE CARDS ***
muzuri: raises $3 to $6
simper11: calls $3
*** FLOP *** [3d 3s Kc]
simper11: checks
muzuri: bets $3
simper11: folds
Uncalled bet ($3) returned to muzuri
muzuri collected $11.76 from pot
*** SUMMARY ***
Total pot $12 | Rake $0.24
Board [3d 3s Kc]
Seat 3: simper11 (big blind) folded on the Flop
Seat 4: muzuri (button) (small blind) collected ($11.76)


PokerStars Hand #158183922415:  Hold'em Limit ($3/$6 USD) - 2016/09/05 5:02:19 ET
Table 'Hertha' 6-max Seat #4 is the button
Seat 3: simper11 ($156.59 in chips)
Seat 4: muzuri ($73.33 in chips)
muzuri: posts small blind $1
simper11: posts big blind $3
*** HOLE CARDS ***
muzuri: raises $3 to $6
simper11: calls $3
*** FLOP *** [3c Ks Kc]
simper11: checks
muzuri: checks
*** TURN *** [3c Ks Kc] [8h]
simper11: bets $6
muzuri: raises $6 to $12
simper11: calls $6
*** RIVER *** [3c Ks Kc 8h] [Qs]
simper11: checks
muzuri: checks
*** SHOW DOWN ***
simper11: shows [Tc 8d] (two pair, Kings and Eights)
muzuri: mucks hand
simper11 collected $35.50 from pot
*** SUMMARY ***
Total pot $36 | Rake $0.50
Board [3c Ks Kc 8h Qs]
Seat 3: simper11 (big blind) showed [Tc 8d] and won ($35.50) with two pair, Kings and Eights
Seat 4: muzuri (button) (small blind) mucked


PokerStars Hand #158183940217:  Hold'em Limit ($3/$6 USD) - 2016/09/05 5:03:14 ET
Table 'Hertha' 6-max Seat #4 is the button
Seat 3: simper11 ($180.85 in chips)
Seat 4: muzuri ($48.09 in chips)
muzuri: posts small blind $1
simper11: posts big blind $3
*** HOLE CARDS ***
muzuri: raises $3 to $6
simper11: folds
Uncalled bet ($3) returned to muzuri
muzuri collected $6 from pot
*** SUMMARY ***
Total pot $6 | Rake $0
Seat 3: simper11 (big blind) folded before Flop
Seat 4: muzuri (button) (small blind) collected ($6)


PokerStars Hand #158183938054:  Hold'em Limit ($3/$6 USD) - 2016/09/05 5:03:08 ET
Table 'Hertha' 6-max Seat #3 is the button
Seat 3: simper11 ($177.85 in chips)
Seat 4: muzuri ($51.09 in chips)
simper11: posts small blind $1
muzuri: posts big blind $3
*** HOLE CARDS ***
simper11: raises $3 to $6
muzuri: folds
Uncalled bet ($3) returned to simper11
simper11 collected $6 from pot
simper11: doesn't show hand
*** SUMMARY ***
Total pot $6 | Rake $0
Seat 3: simper11 (button) (small blind) collected ($6)
Seat 4: muzuri (big blind) folded before Flop


PokerStars Hand #158183918770:  Hold'em Limit ($3/$6 USD) - 2016/09/05 5:02:08 ET
Table 'Hertha' 6-max Seat #3 is the button
Seat 3: simper11 ($150.83 in chips)
Seat 4: muzuri ($79.33 in chips)
simper11: posts small blind $1
muzuri: posts big blind $3
*** HOLE CARDS ***
simper11: raises $3 to $6
muzuri: calls $3
*** FLOP *** [8c 3c Ad]
muzuri: checks
simper11: bets $3
muzuri: folds
Uncalled bet ($3) returned to simper11
simper11 collected $11.76 from pot
simper11: doesn't show hand
*** SUMMARY ***
Total pot $12 | Rake $0.24
Board [8c 3c Ad]
Seat 3: simper11 (button) (small blind) collected ($11.76)
Seat 4: muzuri (big blind) folded on the Flop


PokerStars Hand #158183933240:  Hold'em Limit ($3/$6 USD) - 2016/09/05 5:02:53 ET
Table 'Hertha' 6-max Seat #3 is the button
Seat 3: simper11 ($180.85 in chips)
Seat 4: muzuri ($48.33 in chips)
simper11: posts small blind $1
muzuri: posts big blind $3
*** HOLE CARDS ***
simper11: raises $3 to $6
muzuri: folds
Uncalled bet ($3) returned to simper11
simper11 collected $6 from pot
simper11: doesn't show hand
*** SUMMARY ***
Total pot $6 | Rake $0
Seat 3: simper11 (button) (small blind) collected ($6)
Seat 4: muzuri (big blind) folded before Flop


PokerStars Hand #158183931288:  Hold'em Limit ($3/$6 USD) - 2016/09/05 5:02:47 ET
Table 'Hertha' 6-max Seat #4 is the button
Seat 3: simper11 ($179.85 in chips)
Seat 4: muzuri ($49.33 in chips)
muzuri: posts small blind $1
simper11: posts big blind $3
*** HOLE CARDS ***
muzuri: folds
Uncalled bet ($2) returned to simper11
simper11 collected $2 from pot
simper11: doesn't show hand
*** SUMMARY ***
Total pot $2 | Rake $0
Seat 3: simper11 (big blind) collected ($2)
Seat 4: muzuri (button) (small blind) folded before Flop


PokerStars Hand #158183927520:  Hold'em Limit ($3/$6 USD) - 2016/09/05 5:02:35 ET
Table 'Hertha' 6-max Seat #3 is the button
Seat 3: simper11 ($174.09 in chips)
Seat 4: muzuri ($55.33 in chips)
simper11: posts small blind $1
muzuri: posts big blind $3
*** HOLE CARDS ***
simper11: raises $3 to $6
muzuri: calls $3
*** FLOP *** [8s 2c 2s]
muzuri: checks
simper11: bets $3
muzuri: folds
Uncalled bet ($3) returned to simper11
simper11 collected $11.76 from pot
simper11: doesn't show hand
*** SUMMARY ***
Total pot $12 | Rake $0.24
Board [8s 2c 2s]
Seat 3: simper11 (button) (small blind) collected ($11.76)
Seat 4: muzuri (big blind) folded on the Flop


PokerStars Hand #158183935090:  Hold'em Limit ($3/$6 USD) - 2016/09/05 5:02:58 ET
Table 'Hertha' 6-max Seat #4 is the button
Seat 3: simper11 ($183.85 in chips)
Seat 4: muzuri ($45.33 in chips)
muzuri: posts small blind $1
simper11: posts big blind $3
*** HOLE CARDS ***
muzuri: raises $3 to $6
simper11: calls $3
*** FLOP *** [Ac 9h 2d]
simper11: checks
muzuri: bets $3
simper11: folds
Uncalled bet ($3) returned to muzuri
muzuri collected $11.76 from pot
muzuri: doesn't show hand
*** SUMMARY ***
Total pot $12 | Rake $0.24
Board [Ac 9h 2d]
Seat 3: simper11 (big blind) folded on the Flop
Seat 4: muzuri (button) (small blind) collected ($11.76)


PokerStars Hand #158183941979:  Hold'em Limit ($3/$6 USD) - 2016/09/05 5:03:20 ET
Table 'Hertha' 6-max Seat #3 is the button
Seat 3: simper11 ($177.85 in chips)
Seat 4: muzuri ($51.09 in chips)
simper11: posts small blind $1
muzuri: posts big blind $3
*** HOLE CARDS ***
simper11: folds
Uncalled bet ($2) returned to muzuri
muzuri collected $2 from pot
*** SUMMARY ***
Total pot $2 | Rake $0
Seat 3: simper11 (button) (small blind) folded before Flop
Seat 4: muzuri (big blind) collected ($2)


PokerStars Hand #158183943692:  Hold'em Limit ($3/$6 USD) - 2016/09/05 5:03:25 ET
Table 'Hertha' 6-max Seat #4 is the button
Seat 3: simper11 ($176.85 in chips)
Seat 4: muzuri ($52.09 in chips)
muzuri: posts small blind $1
simper11: posts big blind $3
*** HOLE CARDS ***
muzuri: raises $3 to $6
simper11: calls $3
*** FLOP *** [Td Kd 2d]
simper11: checks
muzuri: bets $3
simper11: folds
Uncalled bet ($3) returned to muzuri
muzuri collected $11.76 from pot
muzuri: doesn't show hand
*** SUMMARY ***
Total pot $12 | Rake $0.24
Board [Td Kd 2d]
Seat 3: simper11 (big blind) folded on the Flop
Seat 4: muzuri (button) (small blind) collected ($11.76)


PokerStars Hand #158183946917:  Hold'em Limit ($3/$6 USD) - 2016/09/05 5:03:35 ET
Table 'Hertha' 6-max Seat #3 is the button
Seat 3: simper11 ($170.85 in chips)
Seat 4: muzuri ($57.85 in chips)
simper11: posts small blind $1
muzuri: posts big blind $3
*** HOLE CARDS ***
simper11: raises $3 to $6
muzuri: folds
Uncalled bet ($3) returned to simper11
simper11 collected $6 from pot
simper11: doesn't show hand
*** SUMMARY ***
Total pot $6 | Rake $0
Seat 3: simper11 (button) (small blind) collected ($6)
Seat 4: muzuri (big blind) folded before Flop


PokerStars Hand #158183948842:  Hold'em Limit ($3/$6 USD) - 2016/09/05 5:03:41 ET
Table 'Hertha' 6-max Seat #4 is the button
Seat 3: simper11 ($173.85 in chips)
Seat 4: muzuri ($54.85 in chips)
muzuri: posts small blind $1
simper11: posts big blind $3
*** HOLE CARDS ***
CatPuppy1999 joins the table at seat #5
muzuri: folds
Uncalled bet ($2) returned to simper11
simper11 collected $2 from pot
simper11: doesn't show hand
*** SUMMARY ***
Total pot $2 | Rake $0
Seat 3: simper11 (big blind) collected ($2)
Seat 4: muzuri (button) (small blind) folded before Flop


