PokerStars Hand #146036474471:  Hold'em Limit ($3/$6 USD) - 2015/12/27 20:04:39 ET
Table 'Hertzsprung' 2-max Seat #1 is the button
Seat 1: PbIbak ($114 in chips)
Seat 2: ManuelSikora ($35.76 in chips)
PbIbak: posts small blind $1
ManuelSikora: posts big blind $3
*** HOLE CARDS ***
PbIbak: raises $3 to $6
ManuelSikora: calls $3
*** FLOP *** [Th 8c 9d]
ManuelSikora: bets $3
PbIbak: calls $3
*** TURN *** [Th 8c 9d] [6d]
ManuelSikora: bets $6
PbIbak: calls $6
*** RIVER *** [Th 8c 9d 6d] [3d]
ManuelSikora: bets $6
PbIbak: calls $6
*** SHOW DOWN ***
ManuelSikora: shows [Td 7d] (a flush, Ten high)
PbIbak: mucks hand
ManuelSikora collected $41.50 from pot
*** SUMMARY ***
Total pot $42 | Rake $0.50
Board [Th 8c 9d 6d 3d]
Seat 1: PbIbak (button) (small blind) mucked
Seat 2: ManuelSikora (big blind) showed [Td 7d] and won ($41.50) with a flush, Ten high


PokerStars Hand #146036482071:  Hold'em Limit ($3/$6 USD) - 2015/12/27 20:04:50 ET
Table 'Hertzsprung' 2-max Seat #2 is the button
Seat 1: PbIbak ($93 in chips)
Seat 2: ManuelSikora ($56.26 in chips)
ManuelSikora: posts small blind $1
PbIbak: posts big blind $3
*** HOLE CARDS ***
ManuelSikora: calls $2
PbIbak: checks
*** FLOP *** [Th 3s 9s]
PbIbak: checks
ManuelSikora: checks
*** TURN *** [Th 3s 9s] [7s]
PbIbak: bets $6
ManuelSikora: folds
Uncalled bet ($6) returned to PbIbak
PbIbak collected $5.88 from pot
PbIbak: doesn't show hand
*** SUMMARY ***
Total pot $6 | Rake $0.12
Board [Th 3s 9s 7s]
Seat 1: PbIbak (big blind) collected ($5.88)
Seat 2: ManuelSikora (button) (small blind) folded on the Turn


PokerStars Hand #146036489923:  Hold'em Limit ($3/$6 USD) - 2015/12/27 20:05:03 ET
Table 'Hertzsprung' 2-max Seat #1 is the button
Seat 1: PbIbak ($95.88 in chips)
Seat 2: ManuelSikora ($53.26 in chips)
PbIbak: posts small blind $1
ManuelSikora: posts big blind $3
*** HOLE CARDS ***
PbIbak: raises $3 to $6
ManuelSikora: raises $3 to $9
PbIbak: calls $3
*** FLOP *** [4c 7s Jh]
ManuelSikora: bets $3
PbIbak: calls $3
*** TURN *** [4c 7s Jh] [Qd]
ManuelSikora: bets $6
PbIbak: calls $6
*** RIVER *** [4c 7s Jh Qd] [2c]
ManuelSikora: checks
PbIbak: bets $6
ManuelSikora: folds
Uncalled bet ($6) returned to PbIbak
PbIbak collected $35.50 from pot
PbIbak: doesn't show hand
*** SUMMARY ***
Total pot $36 | Rake $0.50
Board [4c 7s Jh Qd 2c]
Seat 1: PbIbak (button) (small blind) collected ($35.50)
Seat 2: ManuelSikora (big blind) folded on the River


PokerStars Hand #146036498511:  Hold'em Limit ($3/$6 USD) - 2015/12/27 20:05:16 ET
Table 'Hertzsprung' 2-max Seat #2 is the button
Seat 1: PbIbak ($113.38 in chips)
Seat 2: ManuelSikora ($35.26 in chips)
ManuelSikora: posts small blind $1
PbIbak: posts big blind $3
*** HOLE CARDS ***
ManuelSikora: raises $3 to $6
PbIbak: calls $3
*** FLOP *** [2c 3d Kh]
PbIbak: checks
ManuelSikora: bets $3
PbIbak: calls $3
*** TURN *** [2c 3d Kh] [Th]
PbIbak: checks
ManuelSikora: checks
*** RIVER *** [2c 3d Kh Th] [Qd]
PbIbak: bets $6
ManuelSikora: folds
Uncalled bet ($6) returned to PbIbak
PbIbak collected $17.64 from pot
PbIbak: doesn't show hand
*** SUMMARY ***
Total pot $18 | Rake $0.36
Board [2c 3d Kh Th Qd]
Seat 1: PbIbak (big blind) collected ($17.64)
Seat 2: ManuelSikora (button) (small blind) folded on the River


PokerStars Hand #146036516396:  Hold'em Limit ($3/$6 USD) - 2015/12/27 20:05:44 ET
Table 'Hertzsprung' 2-max Seat #2 is the button
Seat 1: PbIbak ($127.78 in chips)
Seat 2: ManuelSikora ($20.26 in chips)
ManuelSikora: posts small blind $1
PbIbak: posts big blind $3
*** HOLE CARDS ***
ManuelSikora: raises $3 to $6
PbIbak: calls $3
*** FLOP *** [2c 4s 6h]
PbIbak: checks
ManuelSikora: bets $3
PbIbak: calls $3
*** TURN *** [2c 4s 6h] [4h]
PbIbak: checks
ManuelSikora: bets $6
PbIbak: folds
Uncalled bet ($6) returned to ManuelSikora
ManuelSikora collected $17.64 from pot
ManuelSikora: doesn't show hand
*** SUMMARY ***
Total pot $18 | Rake $0.36
Board [2c 4s 6h 4h]
Seat 1: PbIbak (big blind) folded on the Turn
Seat 2: ManuelSikora (button) (small blind) collected ($17.64)


PokerStars Hand #146036529158:  Hold'em Limit ($3/$6 USD) - 2015/12/27 20:06:03 ET
Table 'Hertzsprung' 2-max Seat #2 is the button
Seat 1: PbIbak ($117.78 in chips)
Seat 2: ManuelSikora ($29.90 in chips)
ManuelSikora: posts small blind $1
PbIbak: posts big blind $3
*** HOLE CARDS ***
ManuelSikora: raises $3 to $6
PbIbak: calls $3
*** FLOP *** [As 6c Qc]
PbIbak: checks
ManuelSikora: bets $3
PbIbak: folds
Uncalled bet ($3) returned to ManuelSikora
ManuelSikora collected $11.76 from pot
ManuelSikora: doesn't show hand
*** SUMMARY ***
Total pot $12 | Rake $0.24
Board [As 6c Qc]
Seat 1: PbIbak (big blind) folded on the Flop
Seat 2: ManuelSikora (button) (small blind) collected ($11.76)


PokerStars Hand #146036526379:  Hold'em Limit ($3/$6 USD) - 2015/12/27 20:05:59 ET
Table 'Hertzsprung' 2-max Seat #1 is the button
Seat 1: PbIbak ($118.78 in chips)
Seat 2: ManuelSikora ($28.90 in chips)
PbIbak: posts small blind $1
ManuelSikora: posts big blind $3
*** HOLE CARDS ***
PbIbak: folds
Uncalled bet ($2) returned to ManuelSikora
ManuelSikora collected $2 from pot
ManuelSikora: doesn't show hand
*** SUMMARY ***
Total pot $2 | Rake $0
Seat 1: PbIbak (button) (small blind) folded before Flop
Seat 2: ManuelSikora (big blind) collected ($2)


PokerStars Hand #146036534462:  Hold'em Limit ($3/$6 USD) - 2015/12/27 20:06:11 ET
Table 'Hertzsprung' 2-max Seat #1 is the button
Seat 1: PbIbak ($111.78 in chips)
Seat 2: ManuelSikora ($35.66 in chips)
PbIbak: posts small blind $1
ManuelSikora: posts big blind $3
*** HOLE CARDS ***
PbIbak: raises $3 to $6
ManuelSikora: calls $3
*** FLOP *** [2h 3d Kh]
ManuelSikora: checks
PbIbak: bets $3
ManuelSikora: folds
Uncalled bet ($3) returned to PbIbak
PbIbak collected $11.76 from pot
PbIbak: doesn't show hand
*** SUMMARY ***
Total pot $12 | Rake $0.24
Board [2h 3d Kh]
Seat 1: PbIbak (button) (small blind) collected ($11.76)
Seat 2: ManuelSikora (big blind) folded on the Flop


PokerStars Hand #146036549234:  Hold'em Limit ($3/$6 USD) - 2015/12/27 20:06:34 ET
Table 'Hertzsprung' 2-max Seat #1 is the button
Seat 1: PbIbak ($99.54 in chips)
Seat 2: ManuelSikora ($47.16 in chips)
PbIbak: posts small blind $1
ManuelSikora: posts big blind $3
*** HOLE CARDS ***
PbIbak: raises $3 to $6
ManuelSikora: calls $3
*** FLOP *** [5c 6d Ts]
ManuelSikora: bets $3
PbIbak: folds
Uncalled bet ($3) returned to ManuelSikora
ManuelSikora collected $11.76 from pot
ManuelSikora: doesn't show hand
*** SUMMARY ***
Total pot $12 | Rake $0.24
Board [5c 6d Ts]
Seat 1: PbIbak (button) (small blind) folded on the Flop
Seat 2: ManuelSikora (big blind) collected ($11.76)


PokerStars Hand #146036540780:  Hold'em Limit ($3/$6 USD) - 2015/12/27 20:06:21 ET
Table 'Hertzsprung' 2-max Seat #2 is the button
Seat 1: PbIbak ($117.54 in chips)
Seat 2: ManuelSikora ($29.66 in chips)
ManuelSikora: posts small blind $1
PbIbak: posts big blind $3
*** HOLE CARDS ***
ManuelSikora: calls $2
PbIbak: raises $3 to $6
ManuelSikora: calls $3
*** FLOP *** [6d 4d Qd]
PbIbak: bets $3
ManuelSikora: raises $3 to $6
PbIbak: calls $3
*** TURN *** [6d 4d Qd] [5s]
PbIbak: checks
ManuelSikora: checks
*** RIVER *** [6d 4d Qd 5s] [8d]
PbIbak: checks
ManuelSikora: bets $6
PbIbak: calls $6
*** SHOW DOWN ***
ManuelSikora: shows [Kd 5c] (a flush, King high)
PbIbak: mucks hand
ManuelSikora collected $35.50 from pot
*** SUMMARY ***
Total pot $36 | Rake $0.50
Board [6d 4d Qd 5s 8d]
Seat 1: PbIbak (big blind) mucked
Seat 2: ManuelSikora (button) (small blind) showed [Kd 5c] and won ($35.50) with a flush, King high


PokerStars Hand #146036553330:  Hold'em Limit ($3/$6 USD) - 2015/12/27 20:06:41 ET
Table 'Hertzsprung' 2-max Seat #2 is the button
Seat 1: PbIbak ($93.54 in chips)
Seat 2: ManuelSikora ($52.92 in chips)
ManuelSikora: posts small blind $1
PbIbak: posts big blind $3
*** HOLE CARDS ***
ManuelSikora: calls $2
PbIbak: raises $3 to $6
ManuelSikora: calls $3
*** FLOP *** [9s Td 8s]
PbIbak: bets $3
ManuelSikora: calls $3
*** TURN *** [9s Td 8s] [8h]
PbIbak: bets $6
ManuelSikora: calls $6
*** RIVER *** [9s Td 8s 8h] [7s]
PbIbak: bets $6
ManuelSikora: raises $6 to $12
PbIbak: raises $6 to $18
ManuelSikora: calls $6
*** SHOW DOWN ***
PbIbak: shows [Jc Qs] (a straight, Eight to Queen)
ManuelSikora: mucks hand
PbIbak collected $65.50 from pot
*** SUMMARY ***
Total pot $66 | Rake $0.50
Board [9s Td 8s 8h 7s]
Seat 1: PbIbak (big blind) showed [Jc Qs] and won ($65.50) with a straight, Eight to Queen
Seat 2: ManuelSikora (button) (small blind) mucked


PokerStars Hand #146036563066:  Hold'em Limit ($3/$6 USD) - 2015/12/27 20:06:56 ET
Table 'Hertzsprung' 2-max Seat #1 is the button
Seat 1: PbIbak ($126.04 in chips)
Seat 2: ManuelSikora ($19.92 in chips)
PbIbak: posts small blind $1
ManuelSikora: posts big blind $3
*** HOLE CARDS ***
PbIbak: raises $3 to $6
ManuelSikora: calls $3
*** FLOP *** [6s Th 3h]
ManuelSikora: bets $3
PbIbak: calls $3
*** TURN *** [6s Th 3h] [2c]
ManuelSikora: bets $6
PbIbak: folds
Uncalled bet ($6) returned to ManuelSikora
ManuelSikora collected $17.64 from pot
ManuelSikora: doesn't show hand
*** SUMMARY ***
Total pot $18 | Rake $0.36
Board [6s Th 3h 2c]
Seat 1: PbIbak (button) (small blind) folded on the Turn
Seat 2: ManuelSikora (big blind) collected ($17.64)


PokerStars Hand #146036569374:  Hold'em Limit ($3/$6 USD) - 2015/12/27 20:07:06 ET
Table 'Hertzsprung' 2-max Seat #2 is the button
Seat 1: PbIbak ($117.04 in chips)
Seat 2: ManuelSikora ($28.56 in chips)
ManuelSikora: posts small blind $1
PbIbak: posts big blind $3
*** HOLE CARDS ***
ManuelSikora: raises $3 to $6
PbIbak: calls $3
*** FLOP *** [Jc Ts 9s]
PbIbak: checks
ManuelSikora: checks
*** TURN *** [Jc Ts 9s] [Js]
PbIbak: checks
ManuelSikora: checks
*** RIVER *** [Jc Ts 9s Js] [Qs]
PbIbak: checks
ManuelSikora: checks
*** SHOW DOWN ***
PbIbak: shows [8d Kd] (a straight, Nine to King)
ManuelSikora: mucks hand
PbIbak collected $11.76 from pot
*** SUMMARY ***
Total pot $12 | Rake $0.24
Board [Jc Ts 9s Js Qs]
Seat 1: PbIbak (big blind) showed [8d Kd] and won ($11.76) with a straight, Nine to King
Seat 2: ManuelSikora (button) (small blind) mucked


PokerStars Hand #146036577425:  Hold'em Limit ($3/$6 USD) - 2015/12/27 20:07:18 ET
Table 'Hertzsprung' 2-max Seat #1 is the button
Seat 1: PbIbak ($122.80 in chips)
Seat 2: ManuelSikora ($22.56 in chips)
PbIbak: posts small blind $1
ManuelSikora: posts big blind $3
*** HOLE CARDS ***
PbIbak: raises $3 to $6
ManuelSikora: calls $3
*** FLOP *** [4d 6c 7h]
ManuelSikora: bets $3
PbIbak: calls $3
*** TURN *** [4d 6c 7h] [4c]
ManuelSikora: bets $6
PbIbak: calls $6
*** RIVER *** [4d 6c 7h 4c] [Qs]
ManuelSikora: checks
PbIbak: checks
*** SHOW DOWN ***
ManuelSikora: shows [As 5c] (a pair of Fours)
PbIbak: shows [2s Ah] (a pair of Fours)
ManuelSikora collected $14.75 from pot
PbIbak collected $14.75 from pot
*** SUMMARY ***
Total pot $30 | Rake $0.50
Board [4d 6c 7h 4c Qs]
Seat 1: PbIbak (button) (small blind) showed [2s Ah] and won ($14.75) with a pair of Fours
Seat 2: ManuelSikora (big blind) showed [As 5c] and won ($14.75) with a pair of Fours


PokerStars Hand #146036585306:  Hold'em Limit ($3/$6 USD) - 2015/12/27 20:07:30 ET
Table 'Hertzsprung' 2-max Seat #2 is the button
Seat 1: PbIbak ($122.55 in chips)
Seat 2: ManuelSikora ($22.31 in chips)
ManuelSikora: posts small blind $1
PbIbak: posts big blind $3
*** HOLE CARDS ***
ManuelSikora: raises $3 to $6
PbIbak: raises $3 to $9
ManuelSikora: calls $3
*** FLOP *** [Kc 4c 2h]
PbIbak: bets $3
ManuelSikora: raises $3 to $6
PbIbak: raises $3 to $9
ManuelSikora: raises $3 to $12
Betting is capped
PbIbak: calls $3
*** TURN *** [Kc 4c 2h] [9c]
PbIbak: bets $6
ManuelSikora: calls $1.31 and is all-in
Uncalled bet ($4.69) returned to PbIbak
*** RIVER *** [Kc 4c 2h 9c] [As]
*** SHOW DOWN ***
PbIbak: shows [Ah Ac] (three of a kind, Aces)
ManuelSikora: shows [Ts Kh] (a pair of Kings)
PbIbak collected $44.12 from pot
*** SUMMARY ***
Total pot $44.62 | Rake $0.50
Board [Kc 4c 2h 9c As]
Seat 1: PbIbak (big blind) showed [Ah Ac] and won ($44.12) with three of a kind, Aces
Seat 2: ManuelSikora (button) (small blind) showed [Ts Kh] and lost with a pair of Kings


