PokerStars Hand #171106988623:  Hold'em Limit ($3/$6 USD) - 2017/05/30 7:03:45 ET
Table 'Hertha' 6-max Seat #1 is the button
Seat 1: scorpio04 ($221.08 in chips)
Seat 3: xcgxcg2005 ($116 in chips)
scorpio04: posts small blind $1
xcgxcg2005: posts big blind $3
*** HOLE CARDS ***
scorpio04: raises $3 to $6
xcgxcg2005: raises $3 to $9
scorpio04: calls $3
*** FLOP *** [Ks 4s Jh]
xcgxcg2005: bets $3
scorpio04: calls $3
*** TURN *** [Ks 4s Jh] [5h]
xcgxcg2005: bets $6
scorpio04: calls $6
*** RIVER *** [Ks 4s Jh 5h] [8c]
xcgxcg2005: checks
scorpio04: bets $6
xcgxcg2005: calls $6
*** SHOW DOWN ***
scorpio04: shows [Ts Td] (a pair of Tens)
xcgxcg2005: mucks hand
scorpio04 collected $47.50 from pot
*** SUMMARY ***
Total pot $48 | Rake $0.50
Board [Ks 4s Jh 5h 8c]
Seat 1: scorpio04 (button) (small blind) showed [Ts Td] and won ($47.50) with a pair of Tens
Seat 3: xcgxcg2005 (big blind) mucked


PokerStars Hand #171107024713:  Hold'em Limit ($3/$6 USD) - 2017/05/30 7:05:12 ET
Table 'Hertha' 6-max Seat #1 is the button
Seat 1: scorpio04 ($270.08 in chips)
Seat 3: xcgxcg2005 ($66 in chips)
scorpio04: posts small blind $1
xcgxcg2005: posts big blind $3
*** HOLE CARDS ***
scorpio04: raises $3 to $6
xcgxcg2005: calls $3
*** FLOP *** [5h 8h 3s]
xcgxcg2005: checks
scorpio04: bets $3
xcgxcg2005: calls $3
*** TURN *** [5h 8h 3s] [Ts]
xcgxcg2005: checks
scorpio04: bets $6
xcgxcg2005: folds
Uncalled bet ($6) returned to scorpio04
scorpio04 collected $17.64 from pot
scorpio04: doesn't show hand
*** SUMMARY ***
Total pot $18 | Rake $0.36
Board [5h 8h 3s Ts]
Seat 1: scorpio04 (button) (small blind) collected ($17.64)
Seat 3: xcgxcg2005 (big blind) folded on the Turn


PokerStars Hand #171107006074:  Hold'em Limit ($3/$6 USD) - 2017/05/30 7:04:27 ET
Table 'Hertha' 6-max Seat #1 is the button
Seat 1: scorpio04 ($245.58 in chips)
Seat 3: xcgxcg2005 ($91 in chips)
scorpio04: posts small blind $1
xcgxcg2005: posts big blind $3
*** HOLE CARDS ***
scorpio04: raises $3 to $6
xcgxcg2005: raises $3 to $9
scorpio04: calls $3
*** FLOP *** [6s Th 2s]
xcgxcg2005: bets $3
scorpio04: calls $3
*** TURN *** [6s Th 2s] [3s]
xcgxcg2005: bets $6
scorpio04: calls $6
*** RIVER *** [6s Th 2s 3s] [9h]
xcgxcg2005: checks
scorpio04: bets $6
xcgxcg2005: calls $6
*** SHOW DOWN ***
scorpio04: shows [6c 4d] (a pair of Sixes)
xcgxcg2005: mucks hand
scorpio04 collected $47.50 from pot
*** SUMMARY ***
Total pot $48 | Rake $0.50
Board [6s Th 2s 3s 9h]
Seat 1: scorpio04 (button) (small blind) showed [6c 4d] and won ($47.50) with a pair of Sixes
Seat 3: xcgxcg2005 (big blind) mucked


PokerStars Hand #171107031867:  Hold'em Limit ($3/$6 USD) - 2017/05/30 7:05:30 ET
Table 'Hertha' 6-max Seat #3 is the button
Seat 1: scorpio04 ($278.72 in chips)
Seat 3: xcgxcg2005 ($57 in chips)
xcgxcg2005: posts small blind $1
scorpio04: posts big blind $3
*** HOLE CARDS ***
xcgxcg2005: folds
Uncalled bet ($2) returned to scorpio04
scorpio04 collected $2 from pot
scorpio04: doesn't show hand
*** SUMMARY ***
Total pot $2 | Rake $0
Seat 1: scorpio04 (big blind) collected ($2)
Seat 3: xcgxcg2005 (button) (small blind) folded before Flop


PokerStars Hand #171107033982:  Hold'em Limit ($3/$6 USD) - 2017/05/30 7:05:35 ET
Table 'Hertha' 6-max Seat #1 is the button
Seat 1: scorpio04 ($279.72 in chips)
Seat 3: xcgxcg2005 ($56 in chips)
scorpio04: posts small blind $1
xcgxcg2005: posts big blind $3
*** HOLE CARDS ***
scorpio04: raises $3 to $6
xcgxcg2005: calls $3
*** FLOP *** [6h Th 8s]
xcgxcg2005: checks
scorpio04: bets $3
xcgxcg2005: calls $3
*** TURN *** [6h Th 8s] [Kd]
xcgxcg2005: checks
scorpio04: bets $6
xcgxcg2005: calls $6
*** RIVER *** [6h Th 8s Kd] [As]
xcgxcg2005: checks
scorpio04: bets $6
xcgxcg2005: raises $6 to $12
scorpio04: folds
Uncalled bet ($6) returned to xcgxcg2005
xcgxcg2005 collected $41.50 from pot
xcgxcg2005: doesn't show hand
*** SUMMARY ***
Total pot $42 | Rake $0.50
Board [6h Th 8s Kd As]
Seat 1: scorpio04 (button) (small blind) folded on the River
Seat 3: xcgxcg2005 (big blind) collected ($41.50)


PokerStars Hand #171107046763:  Hold'em Limit ($3/$6 USD) - 2017/05/30 7:06:05 ET
Table 'Hertha' 6-max Seat #3 is the button
Seat 1: scorpio04 ($258.72 in chips)
Seat 3: xcgxcg2005 ($76.50 in chips)
xcgxcg2005: posts small blind $1
scorpio04: posts big blind $3
*** HOLE CARDS ***
xcgxcg2005: raises $3 to $6
scorpio04: calls $3
*** FLOP *** [3h 7d 2c]
scorpio04: checks
xcgxcg2005: bets $3
scorpio04: calls $3
*** TURN *** [3h 7d 2c] [6c]
scorpio04: checks
xcgxcg2005: bets $6
scorpio04: calls $6
*** RIVER *** [3h 7d 2c 6c] [5c]
scorpio04: checks
xcgxcg2005: bets $6
scorpio04: calls $6
*** SHOW DOWN ***
xcgxcg2005: shows [Qc Jc] (a flush, Queen high)
scorpio04: mucks hand
xcgxcg2005 collected $41.50 from pot
*** SUMMARY ***
Total pot $42 | Rake $0.50
Board [3h 7d 2c 6c 5c]
Seat 1: scorpio04 (big blind) mucked
Seat 3: xcgxcg2005 (button) (small blind) showed [Qc Jc] and won ($41.50) with a flush, Queen high


PokerStars Hand #171107056636:  Hold'em Limit ($3/$6 USD) - 2017/05/30 7:06:29 ET
Table 'Hertha' 6-max Seat #1 is the button
Seat 1: scorpio04 ($237.72 in chips)
Seat 3: xcgxcg2005 ($97 in chips)
scorpio04: posts small blind $1
xcgxcg2005: posts big blind $3
*** HOLE CARDS ***
scorpio04: folds
Uncalled bet ($2) returned to xcgxcg2005
xcgxcg2005 collected $2 from pot
xcgxcg2005: doesn't show hand
*** SUMMARY ***
Total pot $2 | Rake $0
Seat 1: scorpio04 (button) (small blind) folded before Flop
Seat 3: xcgxcg2005 (big blind) collected ($2)


PokerStars Hand #171107059247:  Hold'em Limit ($3/$6 USD) - 2017/05/30 7:06:35 ET
Table 'Hertha' 6-max Seat #3 is the button
Seat 1: scorpio04 ($236.72 in chips)
Seat 3: xcgxcg2005 ($98 in chips)
xcgxcg2005: posts small blind $1
scorpio04: posts big blind $3
*** HOLE CARDS ***
xcgxcg2005: raises $3 to $6
scorpio04: raises $3 to $9
xcgxcg2005: calls $3
*** FLOP *** [Ah Tc Jh]
scorpio04: bets $3
xcgxcg2005: raises $3 to $6
scorpio04: folds
Uncalled bet ($3) returned to xcgxcg2005
xcgxcg2005 collected $23.52 from pot
xcgxcg2005: doesn't show hand
*** SUMMARY ***
Total pot $24 | Rake $0.48
Board [Ah Tc Jh]
Seat 1: scorpio04 (big blind) folded on the Flop
Seat 3: xcgxcg2005 (button) (small blind) collected ($23.52)


PokerStars Hand #171107078044:  Hold'em Limit ($3/$6 USD) - 2017/05/30 7:07:21 ET
Table 'Hertha' 6-max Seat #3 is the button
Seat 1: scorpio04 ($248.22 in chips)
Seat 3: xcgxcg2005 ($85.52 in chips)
xcgxcg2005: posts small blind $1
scorpio04: posts big blind $3
*** HOLE CARDS ***
xcgxcg2005: folds
Uncalled bet ($2) returned to scorpio04
scorpio04 collected $2 from pot
scorpio04: doesn't show hand
*** SUMMARY ***
Total pot $2 | Rake $0
Seat 1: scorpio04 (big blind) collected ($2)
Seat 3: xcgxcg2005 (button) (small blind) folded before Flop


PokerStars Hand #171107066733:  Hold'em Limit ($3/$6 USD) - 2017/05/30 7:06:53 ET
Table 'Hertha' 6-max Seat #1 is the button
Seat 1: scorpio04 ($224.72 in chips)
Seat 3: xcgxcg2005 ($109.52 in chips)
scorpio04: posts small blind $1
xcgxcg2005: posts big blind $3
*** HOLE CARDS ***
scorpio04: raises $3 to $6
xcgxcg2005: raises $3 to $9
scorpio04: calls $3
*** FLOP *** [2c 4h 6h]
xcgxcg2005: bets $3
scorpio04: calls $3
*** TURN *** [2c 4h 6h] [2h]
xcgxcg2005: bets $6
scorpio04: raises $6 to $12
xcgxcg2005: calls $6
*** RIVER *** [2c 4h 6h 2h] [5h]
xcgxcg2005: checks
scorpio04: bets $6
xcgxcg2005: folds
Uncalled bet ($6) returned to scorpio04
scorpio04 collected $47.50 from pot
scorpio04: doesn't show hand
*** SUMMARY ***
Total pot $48 | Rake $0.50
Board [2c 4h 6h 2h 5h]
Seat 1: scorpio04 (button) (small blind) collected ($47.50)
Seat 3: xcgxcg2005 (big blind) folded on the River


PokerStars Hand #171107080026:  Hold'em Limit ($3/$6 USD) - 2017/05/30 7:07:26 ET
Table 'Hertha' 6-max Seat #1 is the button
Seat 1: scorpio04 ($249.22 in chips)
Seat 3: xcgxcg2005 ($84.52 in chips)
scorpio04: posts small blind $1
xcgxcg2005: posts big blind $3
*** HOLE CARDS ***
scorpio04: raises $3 to $6
xcgxcg2005: raises $3 to $9
scorpio04: calls $3
*** FLOP *** [5h 9c 6h]
xcgxcg2005: bets $3
scorpio04: calls $3
*** TURN *** [5h 9c 6h] [5d]
Krazy90 joins the table at seat #4
xcgxcg2005: checks
scorpio04: bets $6
xcgxcg2005: calls $6
*** RIVER *** [5h 9c 6h 5d] [8c]
xcgxcg2005: checks
scorpio04: bets $6
xcgxcg2005: calls $6
*** SHOW DOWN ***
scorpio04: shows [7s 5c] (a straight, Five to Nine)
xcgxcg2005: mucks hand
scorpio04 collected $47.50 from pot
*** SUMMARY ***
Total pot $48 | Rake $0.50
Board [5h 9c 6h 5d 8c]
Seat 1: scorpio04 (button) (small blind) showed [7s 5c] and won ($47.50) with a straight, Five to Nine
Seat 3: xcgxcg2005 (big blind) mucked


PokerStars Hand #171107375123:  Hold'em Limit ($3/$6 USD) - 2017/05/30 7:19:11 ET
Table 'Hertha' 6-max Seat #3 is the button
Seat 1: scorpio04 ($163.40 in chips)
Seat 3: sanman07 ($91.75 in chips)
sanman07: posts small blind $1
RockKillerTY: is sitting out
scorpio04: posts big blind $3
*** HOLE CARDS ***
RockKillerTY leaves the table
sanman07: folds
Uncalled bet ($2) returned to scorpio04
scorpio04 collected $2 from pot
scorpio04: doesn't show hand
*** SUMMARY ***
Total pot $2 | Rake $0
Seat 1: scorpio04 (big blind) collected ($2)
Seat 3: sanman07 (button) (small blind) folded before Flop


