PokerStars Hand #171908179477:  Hold'em Limit ($3/$6 USD) - 2017/06/17 18:43:39 ET
Table 'Hesburgh' 6-max Seat #6 is the button
Seat 1: Chrisgalo33 ($13.57 in chips)
Seat 6: scorpio04 ($182.14 in chips)
scorpio04: posts small blind $1
Chrisgalo33: posts big blind $3
*** HOLE CARDS ***
scorpio04: raises $3 to $6
Chrisgalo33: folds
Uncalled bet ($3) returned to scorpio04
scorpio04 collected $6 from pot
masterblstr8 joins the table at seat #2
scorpio04: doesn't show hand
*** SUMMARY ***
Total pot $6 | Rake $0
Seat 1: Chrisgalo33 (big blind) folded before Flop
Seat 6: scorpio04 (button) (small blind) collected ($6)


PokerStars Hand #171908171528:  Hold'em Limit ($3/$6 USD) - 2017/06/17 18:43:26 ET
Table 'Hesburgh' 6-max Seat #1 is the button
Seat 1: Chrisgalo33 ($22.57 in chips)
Seat 6: scorpio04 ($173.50 in chips)
Chrisgalo33: posts small blind $1
scorpio04: posts big blind $3
*** HOLE CARDS ***
Chrisgalo33: calls $2
scorpio04: raises $3 to $6
Chrisgalo33: calls $3
*** FLOP *** [Ah Js Kc]
scorpio04: bets $3
Chrisgalo33: calls $3
*** TURN *** [Ah Js Kc] [8h]
scorpio04: bets $6
Chrisgalo33: folds
Uncalled bet ($6) returned to scorpio04
scorpio04 collected $17.64 from pot
scorpio04: doesn't show hand
*** SUMMARY ***
Total pot $18 | Rake $0.36
Board [Ah Js Kc 8h]
Seat 1: Chrisgalo33 (button) (small blind) folded on the Turn
Seat 6: scorpio04 (big blind) collected ($17.64)


PokerStars Hand #171908155465:  Hold'em Limit ($3/$6 USD) - 2017/06/17 18:43:00 ET
Table 'Hesburgh' 6-max Seat #6 is the button
Seat 1: Chrisgalo33 ($46.57 in chips)
Seat 6: scorpio04 ($150 in chips)
scorpio04: posts small blind $1
Chrisgalo33: posts big blind $3
*** HOLE CARDS ***
scorpio04: raises $3 to $6
Chrisgalo33: calls $3
*** FLOP *** [Js 7d 5h]
Chrisgalo33: checks
scorpio04: checks
*** TURN *** [Js 7d 5h] [4s]
Chrisgalo33: bets $6
scorpio04: raises $6 to $12
Chrisgalo33: calls $6
*** RIVER *** [Js 7d 5h 4s] [8d]
Chrisgalo33: checks
scorpio04: bets $6
Chrisgalo33: calls $6
*** SHOW DOWN ***
scorpio04: shows [Qc 6c] (a straight, Four to Eight)
Chrisgalo33: mucks hand
scorpio04 collected $47.50 from pot
*** SUMMARY ***
Total pot $48 | Rake $0.50
Board [Js 7d 5h 4s 8d]
Seat 1: Chrisgalo33 (big blind) mucked
Seat 6: scorpio04 (button) (small blind) showed [Qc 6c] and won ($47.50) with a straight, Four to Eight


PokerStars Hand #171908213205:  Hold'em Limit ($3/$6 USD) - 2017/06/17 18:44:34 ET
Table 'Hesburgh' 6-max Seat #6 is the button
Seat 2: masterblstr8 ($90 in chips)
Seat 6: scorpio04 ($223.52 in chips)
scorpio04: posts small blind $1
masterblstr8: posts big blind $3
*** HOLE CARDS ***
scorpio04: raises $3 to $6
masterblstr8: calls $3
*** FLOP *** [3s 4d Qs]
Chrisgalo33 leaves the table
masterblstr8: checks
scorpio04: bets $3
masterblstr8: folds
Uncalled bet ($3) returned to scorpio04
scorpio04 collected $11.76 from pot
scorpio04: doesn't show hand
*** SUMMARY ***
Total pot $12 | Rake $0.24
Board [3s 4d Qs]
Seat 2: masterblstr8 (big blind) folded on the Flop
Seat 6: scorpio04 (button) (small blind) collected ($11.76)


PokerStars Hand #171908224066:  Hold'em Limit ($3/$6 USD) - 2017/06/17 18:44:51 ET
Table 'Hesburgh' 6-max Seat #2 is the button
Seat 2: masterblstr8 ($84 in chips)
Seat 6: scorpio04 ($229.28 in chips)
masterblstr8: posts small blind $1
scorpio04: posts big blind $3
*** HOLE CARDS ***
masterblstr8: raises $3 to $6
scorpio04: calls $3
*** FLOP *** [Ks 4c Jc]
scorpio04: checks
masterblstr8: bets $3
scorpio04: calls $3
*** TURN *** [Ks 4c Jc] [Jd]
scorpio04: checks
masterblstr8: bets $6
scorpio04: folds
Uncalled bet ($6) returned to masterblstr8
masterblstr8 collected $17.64 from pot
masterblstr8: doesn't show hand
*** SUMMARY ***
Total pot $18 | Rake $0.36
Board [Ks 4c Jc Jd]
Seat 2: masterblstr8 (button) (small blind) collected ($17.64)
Seat 6: scorpio04 (big blind) folded on the Turn


