PokerStars Hand #157152042577:  Hold'em Limit ($3/$6 USD) - 2016/08/11 14:53:52 ET
Table 'Hesburgh II' 6-max Seat #1 is the button
Seat 1: hairy1961 ($69.64 in chips)
Seat 3: simper11 ($120 in chips)
hairy1961: posts small blind $1
simper11: posts big blind $3
*** HOLE CARDS ***
hairy1961: folds
Uncalled bet ($2) returned to simper11
simper11 collected $2 from pot
simper11: doesn't show hand
*** SUMMARY ***
Total pot $2 | Rake $0
Seat 1: hairy1961 (button) (small blind) folded before Flop
Seat 3: simper11 (big blind) collected ($2)


PokerStars Hand #157152056097:  Hold'em Limit ($3/$6 USD) - 2016/08/11 14:54:10 ET
Table 'Hesburgh II' 6-max Seat #1 is the button
Seat 1: hairy1961 ($59.64 in chips)
Seat 3: simper11 ($129.64 in chips)
hairy1961: posts small blind $1
simper11: posts big blind $3
*** HOLE CARDS ***
hairy1961: folds
Uncalled bet ($2) returned to simper11
simper11 collected $2 from pot
simper11: doesn't show hand
*** SUMMARY ***
Total pot $2 | Rake $0
Seat 1: hairy1961 (button) (small blind) folded before Flop
Seat 3: simper11 (big blind) collected ($2)


PokerStars Hand #157152046918:  Hold'em Limit ($3/$6 USD) - 2016/08/11 14:53:57 ET
Table 'Hesburgh II' 6-max Seat #3 is the button
Seat 1: hairy1961 ($68.64 in chips)
Seat 3: simper11 ($121 in chips)
simper11: posts small blind $1
hairy1961: posts big blind $3
*** HOLE CARDS ***
simper11: raises $3 to $6
hairy1961: calls $3
*** FLOP *** [Qh 4d Tc]
hairy1961: bets $3
simper11: raises $3 to $6
hairy1961: folds
Uncalled bet ($3) returned to simper11
simper11 collected $17.64 from pot
simper11: doesn't show hand
*** SUMMARY ***
Total pot $18 | Rake $0.36
Board [Qh 4d Tc]
Seat 1: hairy1961 (big blind) folded on the Flop
Seat 3: simper11 (button) (small blind) collected ($17.64)


PokerStars Hand #157152060843:  Hold'em Limit ($3/$6 USD) - 2016/08/11 14:54:16 ET
Table 'Hesburgh II' 6-max Seat #3 is the button
Seat 1: hairy1961 ($58.64 in chips)
Seat 3: simper11 ($130.64 in chips)
simper11: posts small blind $1
hairy1961: posts big blind $3
*** HOLE CARDS ***
simper11: raises $3 to $6
hairy1961: calls $3
*** FLOP *** [Qd 9d Js]
hairy1961: checks
simper11: bets $3
hairy1961: calls $3
*** TURN *** [Qd 9d Js] [3c]
hairy1961: checks
simper11: bets $6
hairy1961: calls $6
*** RIVER *** [Qd 9d Js 3c] [Qh]
hairy1961: checks
simper11: checks
*** SHOW DOWN ***
hairy1961: shows [As 4c] (a pair of Queens)
simper11: shows [2s 2h] (two pair, Queens and Deuces)
simper11 collected $29.50 from pot
*** SUMMARY ***
Total pot $30 | Rake $0.50
Board [Qd 9d Js 3c Qh]
Seat 1: hairy1961 (big blind) showed [As 4c] and lost with a pair of Queens
Seat 3: simper11 (button) (small blind) showed [2s 2h] and won ($29.50) with two pair, Queens and Deuces


PokerStars Hand #157152075368:  Hold'em Limit ($3/$6 USD) - 2016/08/11 14:54:35 ET
Table 'Hesburgh II' 6-max Seat #1 is the button
Seat 1: hairy1961 ($43.64 in chips)
Seat 3: simper11 ($145.14 in chips)
hairy1961: posts small blind $1
simper11: posts big blind $3
*** HOLE CARDS ***
hairy1961: raises $3 to $6
simper11: calls $3
*** FLOP *** [7c 4d 6s]
simper11: checks
hairy1961: checks
*** TURN *** [7c 4d 6s] [Th]
simper11: bets $6
hairy1961: raises $6 to $12
simper11: raises $6 to $18
hairy1961: calls $6
*** RIVER *** [7c 4d 6s Th] [Qc]
simper11: bets $6
hairy1961: calls $6
*** SHOW DOWN ***
simper11: shows [6c 4c] (two pair, Sixes and Fours)
hairy1961: mucks hand
simper11 collected $59.50 from pot
*** SUMMARY ***
Total pot $60 | Rake $0.50
Board [7c 4d 6s Th Qc]
Seat 1: hairy1961 (button) (small blind) mucked
Seat 3: simper11 (big blind) showed [6c 4c] and won ($59.50) with two pair, Sixes and Fours


PokerStars Hand #157152091622:  Hold'em Limit ($3/$6 USD) - 2016/08/11 14:54:57 ET
Table 'Hesburgh II' 6-max Seat #3 is the button
Seat 1: hairy1961 ($13.64 in chips)
Seat 3: simper11 ($174.64 in chips)
simper11: posts small blind $1
hairy1961: posts big blind $3
*** HOLE CARDS ***
simper11: raises $3 to $6
hairy1961: raises $3 to $9
simper11: calls $3
*** FLOP *** [7c 2c 4d]
hairy1961: bets $3
simper11: raises $3 to $6
hairy1961: calls $1.64 and is all-in
Uncalled bet ($1.36) returned to simper11
*** TURN *** [7c 2c 4d] [3s]
*** RIVER *** [7c 2c 4d 3s] [As]
*** SHOW DOWN ***
hairy1961: shows [Qc Kh] (high card Ace)
simper11: shows [8c 7h] (a pair of Sevens)
simper11 collected $26.78 from pot
*** SUMMARY ***
Total pot $27.28 | Rake $0.50
Board [7c 2c 4d 3s As]
Seat 1: hairy1961 (big blind) showed [Qc Kh] and lost with high card Ace
Seat 3: simper11 (button) (small blind) showed [8c 7h] and won ($26.78) with a pair of Sevens


