PokerStars Hand #167006983401:  Hold'em Limit ($3/$6 USD) - 2017/03/02 12:56:28 ET
Table 'Hesperia' 6-max Seat #1 is the button
Seat 1: japachess ($71.76 in chips)
Seat 4: OnlyLuck111 ($137.50 in chips)
japachess: posts small blind $1
OnlyLuck111: posts big blind $3
*** HOLE CARDS ***
japachess: raises $3 to $6
OnlyLuck111: calls $3
*** FLOP *** [5s 8s 6s]
OnlyLuck111: checks
japachess: bets $3
OnlyLuck111: calls $3
*** TURN *** [5s 8s 6s] [7d]
OnlyLuck111: bets $6
japachess: raises $6 to $12
OnlyLuck111: calls $6
*** RIVER *** [5s 8s 6s 7d] [6c]
OnlyLuck111: checks
japachess: bets $6
OnlyLuck111: calls $6
*** SHOW DOWN ***
japachess: shows [9h 6h] (a straight, Five to Nine)
OnlyLuck111: shows [Kc 9d] (a straight, Five to Nine)
OnlyLuck111 collected $26.75 from pot
japachess collected $26.75 from pot
*** SUMMARY ***
Total pot $54 | Rake $0.50
Board [5s 8s 6s 7d 6c]
Seat 1: japachess (button) (small blind) showed [9h 6h] and won ($26.75) with a straight, Five to Nine
Seat 4: OnlyLuck111 (big blind) showed [Kc 9d] and won ($26.75) with a straight, Five to Nine


PokerStars Hand #167007016116:  Hold'em Limit ($3/$6 USD) - 2017/03/02 12:57:15 ET
Table 'Hesperia' 6-max Seat #4 is the button
Seat 1: japachess ($79.15 in chips)
Seat 4: OnlyLuck111 ($129.25 in chips)
OnlyLuck111: posts small blind $1
japachess: posts big blind $3
*** HOLE CARDS ***
OnlyLuck111: raises $3 to $6
japachess: raises $3 to $9
OnlyLuck111: calls $3
*** FLOP *** [Kh 9d 2c]
japachess: bets $3
OnlyLuck111: calls $3
*** TURN *** [Kh 9d 2c] [Td]
japachess: bets $6
OnlyLuck111: raises $6 to $12
japachess: calls $6
*** RIVER *** [Kh 9d 2c Td] [Ts]
japachess: checks
OnlyLuck111: bets $6
japachess: calls $6
*** SHOW DOWN ***
OnlyLuck111: shows [Qc Kd] (two pair, Kings and Tens)
japachess: mucks hand
OnlyLuck111 collected $59.50 from pot
*** SUMMARY ***
Total pot $60 | Rake $0.50
Board [Kh 9d 2c Td Ts]
Seat 1: japachess (big blind) mucked
Seat 4: OnlyLuck111 (button) (small blind) showed [Qc Kd] and won ($59.50) with two pair, Kings and Tens


PokerStars Hand #167007012844:  Hold'em Limit ($3/$6 USD) - 2017/03/02 12:57:10 ET
Table 'Hesperia' 6-max Seat #1 is the button
Seat 1: japachess ($80.15 in chips)
Seat 4: OnlyLuck111 ($128.25 in chips)
japachess: posts small blind $1
OnlyLuck111: posts big blind $3
*** HOLE CARDS ***
japachess: folds
Uncalled bet ($2) returned to OnlyLuck111
OnlyLuck111 collected $2 from pot
*** SUMMARY ***
Total pot $2 | Rake $0
Seat 1: japachess (button) (small blind) folded before Flop
Seat 4: OnlyLuck111 (big blind) collected ($2)


PokerStars Hand #167007001458:  Hold'em Limit ($3/$6 USD) - 2017/03/02 12:56:54 ET
Table 'Hesperia' 6-max Seat #4 is the button
Seat 1: japachess ($71.51 in chips)
Seat 4: OnlyLuck111 ($137.25 in chips)
OnlyLuck111: posts small blind $1
japachess: posts big blind $3
*** HOLE CARDS ***
OnlyLuck111: raises $3 to $6
japachess: calls $3
*** FLOP *** [Jd 9h Ad]
japachess: checks
OnlyLuck111: bets $3
japachess: raises $3 to $6
OnlyLuck111: folds
Uncalled bet ($3) returned to japachess
japachess collected $17.64 from pot
japachess: doesn't show hand
*** SUMMARY ***
Total pot $18 | Rake $0.36
Board [Jd 9h Ad]
Seat 1: japachess (big blind) collected ($17.64)
Seat 4: OnlyLuck111 (button) (small blind) folded on the Flop


PokerStars Hand #167007049347:  Hold'em Limit ($3/$6 USD) - 2017/03/02 12:58:03 ET
Table 'Hesperia' 6-max Seat #4 is the button
Seat 1: japachess ($57.79 in chips)
Seat 4: OnlyLuck111 ($149.75 in chips)
OnlyLuck111: posts small blind $1
japachess: posts big blind $3
*** HOLE CARDS ***
OnlyLuck111: raises $3 to $6
japachess: calls $3
*** FLOP *** [7h 9s 4s]
japachess: checks
OnlyLuck111: checks
*** TURN *** [7h 9s 4s] [7d]
japachess: checks
OnlyLuck111: checks
*** RIVER *** [7h 9s 4s 7d] [5s]
japachess: checks
OnlyLuck111: checks
*** SHOW DOWN ***
japachess: shows [2d Jc] (a pair of Sevens)
OnlyLuck111: shows [Kd Tc] (a pair of Sevens - King kicker)
OnlyLuck111 collected $11.76 from pot
*** SUMMARY ***
Total pot $12 | Rake $0.24
Board [7h 9s 4s 7d 5s]
Seat 1: japachess (big blind) showed [2d Jc] and lost with a pair of Sevens
Seat 4: OnlyLuck111 (button) (small blind) showed [Kd Tc] and won ($11.76) with a pair of Sevens


PokerStars Hand #167007033939:  Hold'em Limit ($3/$6 USD) - 2017/03/02 12:57:41 ET
Table 'Hesperia' 6-max Seat #1 is the button
Seat 1: japachess ($49.15 in chips)
Seat 4: OnlyLuck111 ($158.75 in chips)
japachess: posts small blind $1
OnlyLuck111: posts big blind $3
*** HOLE CARDS ***
japachess: raises $3 to $6
OnlyLuck111: calls $3
*** FLOP *** [3d 7h 7c]
OnlyLuck111: checks
japachess: bets $3
OnlyLuck111: calls $3
*** TURN *** [3d 7h 7c] [Ad]
OnlyLuck111: checks
japachess: checks
*** RIVER *** [3d 7h 7c Ad] [5d]
OnlyLuck111: checks
japachess: bets $6
OnlyLuck111: folds
Uncalled bet ($6) returned to japachess
japachess collected $17.64 from pot
japachess: doesn't show hand
*** SUMMARY ***
Total pot $18 | Rake $0.36
Board [3d 7h 7c Ad 5d]
Seat 1: japachess (button) (small blind) collected ($17.64)
Seat 4: OnlyLuck111 (big blind) folded on the River


