PokerStars Hand #175583453737:  Hold'em Limit ($3/$6 USD) - 2017/09/13 7:13:27 ET
Table 'Hesperia' 6-max Seat #4 is the button
Seat 4: ChawkDee ($97.63 in chips)
Seat 5: muzixibei ($393.52 in chips)
grandmahazel will be allowed to play after the button
ChawkDee: posts small blind $1
muzixibei: posts big blind $3
*** HOLE CARDS ***
ChawkDee: raises $3 to $6
muzixibei: calls $3
*** FLOP *** [5c Tc Ah]
muzixibei: checks
ChawkDee: bets $3
muzixibei: calls $3
*** TURN *** [5c Tc Ah] [Qh]
muzixibei: checks
ChawkDee: bets $6
muzixibei: calls $6
*** RIVER *** [5c Tc Ah Qh] [Qc]
muzixibei: checks
ChawkDee: bets $6
muzixibei: folds
Uncalled bet ($6) returned to ChawkDee
ChawkDee collected $29.50 from pot
ChawkDee: doesn't show hand
*** SUMMARY ***
Total pot $30 | Rake $0.50
Board [5c Tc Ah Qh Qc]
Seat 4: ChawkDee (button) (small blind) collected ($29.50)
Seat 5: muzixibei (big blind) folded on the River


PokerStars Hand #175585207839:  Hold'em Limit ($3/$6 USD) - 2017/09/13 8:22:15 ET
Table 'Hesperia' 6-max Seat #3 is the button
Seat 2: IgKnight212 ($177.62 in chips)
Seat 3: zimin10 ($96.77 in chips)
zimin10: posts small blind $1
Sirocko: is sitting out
IgKnight212: posts big blind $3
*** HOLE CARDS ***
Sirocko leaves the table
zimin10: raises $3 to $6
IgKnight212: calls $3
*** FLOP *** [4c 7d 3h]
IgKnight212: checks
zimin10: bets $3
IgKnight212: raises $3 to $6
zimin10: calls $3
*** TURN *** [4c 7d 3h] [Th]
IgKnight212: bets $6
zimin10: calls $6
*** RIVER *** [4c 7d 3h Th] [Kc]
IgKnight212: bets $6
zimin10: folds
Uncalled bet ($6) returned to IgKnight212
IgKnight212 collected $35.50 from pot
IgKnight212: doesn't show hand
*** SUMMARY ***
Total pot $36 | Rake $0.50
Board [4c 7d 3h Th Kc]
Seat 2: IgKnight212 (big blind) collected ($35.50)
Seat 3: zimin10 (button) (small blind) folded on the River


PokerStars Hand #175585233308:  Hold'em Limit ($3/$6 USD) - 2017/09/13 8:23:11 ET
Table 'Hesperia' 6-max Seat #3 is the button
Seat 2: IgKnight212 ($183.12 in chips)
Seat 3: zimin10 ($90.29 in chips)
zimin10: posts small blind $1
IgKnight212: posts big blind $3
*** HOLE CARDS ***
zimin10: raises $3 to $6
IgKnight212: folds
Uncalled bet ($3) returned to zimin10
zimin10 collected $6 from pot
*** SUMMARY ***
Total pot $6 | Rake $0
Seat 2: IgKnight212 (big blind) folded before Flop
Seat 3: zimin10 (button) (small blind) collected ($6)


PokerStars Hand #175585223854:  Hold'em Limit ($3/$6 USD) - 2017/09/13 8:22:50 ET
Table 'Hesperia' 6-max Seat #2 is the button
Seat 2: IgKnight212 ($195.12 in chips)
Seat 3: zimin10 ($78.77 in chips)
IgKnight212: posts small blind $1
zimin10: posts big blind $3
*** HOLE CARDS ***
IgKnight212: raises $3 to $6
zimin10: raises $3 to $9
IgKnight212: calls $3
*** FLOP *** [Js Tc 4h]
zimin10: bets $3
IgKnight212: calls $3
*** TURN *** [Js Tc 4h] [9c]
zimin10: bets $6
IgKnight212: folds
Uncalled bet ($6) returned to zimin10
zimin10 collected $23.52 from pot
*** SUMMARY ***
Total pot $24 | Rake $0.48
Board [Js Tc 4h 9c]
Seat 2: IgKnight212 (button) (small blind) folded on the Turn
Seat 3: zimin10 (big blind) collected ($23.52)


PokerStars Hand #175585250330:  Hold'em Limit ($3/$6 USD) - 2017/09/13 8:23:47 ET
Table 'Hesperia' 6-max Seat #3 is the button
Seat 2: IgKnight212 ($161.12 in chips)
Seat 3: zimin10 ($111.57 in chips)
zimin10: posts small blind $1
IgKnight212: posts big blind $3
*** HOLE CARDS ***
zimin10: raises $3 to $6
IgKnight212: calls $3
*** FLOP *** [9h 2d 3d]
IgKnight212: checks
zimin10: bets $3
IgKnight212: folds
Uncalled bet ($3) returned to zimin10
zimin10 collected $11.76 from pot
*** SUMMARY ***
Total pot $12 | Rake $0.24
Board [9h 2d 3d]
Seat 2: IgKnight212 (big blind) folded on the Flop
Seat 3: zimin10 (button) (small blind) collected ($11.76)


PokerStars Hand #175585254697:  Hold'em Limit ($3/$6 USD) - 2017/09/13 8:23:57 ET
Table 'Hesperia' 6-max Seat #2 is the button
Seat 2: IgKnight212 ($155.12 in chips)
Seat 3: zimin10 ($117.33 in chips)
IgKnight212: posts small blind $1
zimin10: posts big blind $3
*** HOLE CARDS ***
IgKnight212: raises $3 to $6
zimin10: raises $3 to $9
IgKnight212: calls $3
*** FLOP *** [9s 2s 2d]
zimin10: bets $3
IgKnight212: calls $3
*** TURN *** [9s 2s 2d] [9c]
zimin10: bets $6
IgKnight212: folds
Uncalled bet ($6) returned to zimin10
zimin10 collected $23.52 from pot
*** SUMMARY ***
Total pot $24 | Rake $0.48
Board [9s 2s 2d 9c]
Seat 2: IgKnight212 (button) (small blind) folded on the Turn
Seat 3: zimin10 (big blind) collected ($23.52)


PokerStars Hand #175585247907:  Hold'em Limit ($3/$6 USD) - 2017/09/13 8:23:42 ET
Table 'Hesperia' 6-max Seat #2 is the button
Seat 2: IgKnight212 ($162.12 in chips)
Seat 3: zimin10 ($110.57 in chips)
IgKnight212: posts small blind $1
zimin10: posts big blind $3
*** HOLE CARDS ***
IgKnight212: folds
Uncalled bet ($2) returned to zimin10
zimin10 collected $2 from pot
*** SUMMARY ***
Total pot $2 | Rake $0
Seat 2: IgKnight212 (button) (small blind) folded before Flop
Seat 3: zimin10 (big blind) collected ($2)


PokerStars Hand #175585243756:  Hold'em Limit ($3/$6 USD) - 2017/09/13 8:23:33 ET
Table 'Hesperia' 6-max Seat #3 is the button
Seat 2: IgKnight212 ($168.12 in chips)
Seat 3: zimin10 ($104.81 in chips)
zimin10: posts small blind $1
IgKnight212: posts big blind $3
*** HOLE CARDS ***
zimin10: raises $3 to $6
IgKnight212: calls $3
*** FLOP *** [3d Ks 2h]
IgKnight212: checks
zimin10: bets $3
IgKnight212: folds
Uncalled bet ($3) returned to zimin10
zimin10 collected $11.76 from pot
*** SUMMARY ***
Total pot $12 | Rake $0.24
Board [3d Ks 2h]
Seat 2: IgKnight212 (big blind) folded on the Flop
Seat 3: zimin10 (button) (small blind) collected ($11.76)


PokerStars Hand #175585235733:  Hold'em Limit ($3/$6 USD) - 2017/09/13 8:23:16 ET
Table 'Hesperia' 6-max Seat #2 is the button
Seat 2: IgKnight212 ($180.12 in chips)
Seat 3: zimin10 ($93.29 in chips)
IgKnight212: posts small blind $1
zimin10: posts big blind $3
*** HOLE CARDS ***
IgKnight212: raises $3 to $6
zimin10: raises $3 to $9
IgKnight212: calls $3
*** FLOP *** [3s 8d 9s]
zimin10: bets $3
IgKnight212: calls $3
*** TURN *** [3s 8d 9s] [5c]
zimin10: bets $6
IgKnight212: folds
Uncalled bet ($6) returned to zimin10
zimin10 collected $23.52 from pot
*** SUMMARY ***
Total pot $24 | Rake $0.48
Board [3s 8d 9s 5c]
Seat 2: IgKnight212 (button) (small blind) folded on the Turn
Seat 3: zimin10 (big blind) collected ($23.52)


PokerStars Hand #175585271803:  Hold'em Limit ($3/$6 USD) - 2017/09/13 8:24:34 ET
Table 'Hesperia' 6-max Seat #2 is the button
Seat 2: IgKnight212 ($157.62 in chips)
Seat 3: zimin10 ($113.85 in chips)
IgKnight212: posts small blind $1
zimin10: posts big blind $3
*** HOLE CARDS ***
IgKnight212: folds
Uncalled bet ($2) returned to zimin10
zimin10 collected $2 from pot
*** SUMMARY ***
Total pot $2 | Rake $0
Seat 2: IgKnight212 (button) (small blind) folded before Flop
Seat 3: zimin10 (big blind) collected ($2)


PokerStars Hand #175585264243:  Hold'em Limit ($3/$6 USD) - 2017/09/13 8:24:17 ET
Table 'Hesperia' 6-max Seat #3 is the button
Seat 2: IgKnight212 ($143.12 in chips)
Seat 3: zimin10 ($128.85 in chips)
zimin10: posts small blind $1
IgKnight212: posts big blind $3
*** HOLE CARDS ***
zimin10: raises $3 to $6
IgKnight212: calls $3
*** FLOP *** [6s 8s 6h]
IgKnight212: checks
zimin10: bets $3
IgKnight212: calls $3
*** TURN *** [6s 8s 6h] [2c]
IgKnight212: checks
zimin10: bets $6
IgKnight212: raises $6 to $12
zimin10: folds
Uncalled bet ($6) returned to IgKnight212
IgKnight212 collected $29.50 from pot
IgKnight212: doesn't show hand
*** SUMMARY ***
Total pot $30 | Rake $0.50
Board [6s 8s 6h 2c]
Seat 2: IgKnight212 (big blind) collected ($29.50)
Seat 3: zimin10 (button) (small blind) folded on the Turn


PokerStars Hand #175585274204:  Hold'em Limit ($3/$6 USD) - 2017/09/13 8:24:39 ET
Table 'Hesperia' 6-max Seat #3 is the button
Seat 2: IgKnight212 ($156.62 in chips)
Seat 3: zimin10 ($114.85 in chips)
zimin10: posts small blind $1
IgKnight212: posts big blind $3
*** HOLE CARDS ***
zimin10: raises $3 to $6
IgKnight212: calls $3
*** FLOP *** [3c 9s 4c]
IgKnight212: checks
zimin10: bets $3
IgKnight212: raises $3 to $6
zimin10: calls $3
*** TURN *** [3c 9s 4c] [2d]
IgKnight212: bets $6
zimin10: calls $6
*** RIVER *** [3c 9s 4c 2d] [9c]
IgKnight212: bets $6
zimin10: folds
Uncalled bet ($6) returned to IgKnight212
IgKnight212 collected $35.50 from pot
IgKnight212: doesn't show hand
*** SUMMARY ***
Total pot $36 | Rake $0.50
Board [3c 9s 4c 2d 9c]
Seat 2: IgKnight212 (big blind) collected ($35.50)
Seat 3: zimin10 (button) (small blind) folded on the River


PokerStars Hand #175585294201:  Hold'em Limit ($3/$6 USD) - 2017/09/13 8:25:22 ET
Table 'Hesperia' 6-max Seat #3 is the button
Seat 2: IgKnight212 ($182.76 in chips)
Seat 3: zimin10 ($87.85 in chips)
zimin10: posts small blind $1
IgKnight212: posts big blind $3
*** HOLE CARDS ***
zimin10: raises $3 to $6
IgKnight212: raises $3 to $9
zimin10: calls $3
*** FLOP *** [5c Qs 4h]
IgKnight212: bets $3
zimin10: calls $3
*** TURN *** [5c Qs 4h] [9c]
IgKnight212: bets $6
zimin10: raises $6 to $12
IgKnight212: calls $6
*** RIVER *** [5c Qs 4h 9c] [Qc]
IgKnight212: checks
zimin10: checks
*** SHOW DOWN ***
IgKnight212: shows [Ad 7c] (a pair of Queens)
zimin10: mucks hand
IgKnight212 collected $47.50 from pot
*** SUMMARY ***
Total pot $48 | Rake $0.50
Board [5c Qs 4h 9c Qc]
Seat 2: IgKnight212 (big blind) showed [Ad 7c] and won ($47.50) with a pair of Queens
Seat 3: zimin10 (button) (small blind) mucked


PokerStars Hand #175585283473:  Hold'em Limit ($3/$6 USD) - 2017/09/13 8:24:59 ET
Table 'Hesperia' 6-max Seat #2 is the button
Seat 2: IgKnight212 ($174.12 in chips)
Seat 3: zimin10 ($96.85 in chips)
IgKnight212: posts small blind $1
zimin10: posts big blind $3
*** HOLE CARDS ***
IgKnight212: raises $3 to $6
zimin10: calls $3
*** FLOP *** [Kd Qc Qh]
zimin10: bets $3
IgKnight212: raises $3 to $6
zimin10: folds
Uncalled bet ($3) returned to IgKnight212
IgKnight212 collected $17.64 from pot
IgKnight212: doesn't show hand
*** SUMMARY ***
Total pot $18 | Rake $0.36
Board [Kd Qc Qh]
Seat 2: IgKnight212 (button) (small blind) collected ($17.64)
Seat 3: zimin10 (big blind) folded on the Flop


PokerStars Hand #175585321817:  Hold'em Limit ($3/$6 USD) - 2017/09/13 8:26:22 ET
Table 'Hesperia' 6-max Seat #3 is the button
Seat 2: IgKnight212 ($229.76 in chips)
Seat 3: zimin10 ($72 in chips)
zimin10: posts small blind $1
IgKnight212: posts big blind $3
*** HOLE CARDS ***
zimin10: raises $3 to $6
IgKnight212: folds
Uncalled bet ($3) returned to zimin10
zimin10 collected $6 from pot
*** SUMMARY ***
Total pot $6 | Rake $0
Seat 2: IgKnight212 (big blind) folded before Flop
Seat 3: zimin10 (button) (small blind) collected ($6)


PokerStars Hand #175585308628:  Hold'em Limit ($3/$6 USD) - 2017/09/13 8:25:53 ET
Table 'Hesperia' 6-max Seat #2 is the button
Seat 2: IgKnight212 ($206.26 in chips)
Seat 3: zimin10 ($72 in chips)
IgKnight212: posts small blind $1
zimin10: posts big blind $3
*** HOLE CARDS ***
IgKnight212: raises $3 to $6
zimin10: calls $3
*** FLOP *** [Ks Qh 2h]
zimin10: checks
IgKnight212: bets $3
zimin10: raises $3 to $6
IgKnight212: calls $3
*** TURN *** [Ks Qh 2h] [4s]
zimin10: bets $6
IgKnight212: calls $6
*** RIVER *** [Ks Qh 2h 4s] [7s]
zimin10: bets $6
IgKnight212: calls $6
*** SHOW DOWN ***
zimin10: shows [Qc 6s] (a pair of Queens)
IgKnight212: shows [Qd Ah] (a pair of Queens - Ace kicker)
IgKnight212 collected $47.50 from pot
*** SUMMARY ***
Total pot $48 | Rake $0.50
Board [Ks Qh 2h 4s 7s]
Seat 2: IgKnight212 (button) (small blind) showed [Qd Ah] and won ($47.50) with a pair of Queens
Seat 3: zimin10 (big blind) showed [Qc 6s] and lost with a pair of Queens


PokerStars Hand #175585337147:  Hold'em Limit ($3/$6 USD) - 2017/09/13 8:26:55 ET
Table 'Hesperia' 6-max Seat #2 is the button
Seat 2: IgKnight212 ($258.26 in chips)
Seat 3: zimin10 ($72 in chips)
IgKnight212: posts small blind $1
zimin10: posts big blind $3
*** HOLE CARDS ***
IgKnight212: folds
Uncalled bet ($2) returned to zimin10
zimin10 collected $2 from pot
*** SUMMARY ***
Total pot $2 | Rake $0
Seat 2: IgKnight212 (button) (small blind) folded before Flop
Seat 3: zimin10 (big blind) collected ($2)


PokerStars Hand #175585326340:  Hold'em Limit ($3/$6 USD) - 2017/09/13 8:26:32 ET
Table 'Hesperia' 6-max Seat #3 is the button
Seat 2: IgKnight212 ($225.76 in chips)
Seat 3: zimin10 ($76 in chips)
zimin10: posts small blind $1
IgKnight212: posts big blind $3
*** HOLE CARDS ***
zimin10: raises $3 to $6
IgKnight212: calls $3
*** FLOP *** [Qs 2d 5d]
IgKnight212: checks
zimin10: bets $3
IgKnight212: calls $3
*** TURN *** [Qs 2d 5d] [5h]
IgKnight212: checks
zimin10: bets $6
IgKnight212: raises $6 to $12
zimin10: raises $6 to $18
IgKnight212: calls $6
*** RIVER *** [Qs 2d 5d 5h] [Qh]
IgKnight212: bets $6
zimin10: calls $6
*** SHOW DOWN ***
IgKnight212: shows [Qc 6c] (a full house, Queens full of Fives)
zimin10: mucks hand
IgKnight212 collected $65.50 from pot
*** SUMMARY ***
Total pot $66 | Rake $0.50
Board [Qs 2d 5d 5h Qh]
Seat 2: IgKnight212 (big blind) showed [Qc 6c] and won ($65.50) with a full house, Queens full of Fives
Seat 3: zimin10 (button) (small blind) mucked


PokerStars Hand #175585324193:  Hold'em Limit ($3/$6 USD) - 2017/09/13 8:26:27 ET
Table 'Hesperia' 6-max Seat #2 is the button
Seat 2: IgKnight212 ($226.76 in chips)
Seat 3: zimin10 ($75 in chips)
IgKnight212: posts small blind $1
zimin10: posts big blind $3
*** HOLE CARDS ***
IgKnight212: folds
Uncalled bet ($2) returned to zimin10
zimin10 collected $2 from pot
*** SUMMARY ***
Total pot $2 | Rake $0
Seat 2: IgKnight212 (button) (small blind) folded before Flop
Seat 3: zimin10 (big blind) collected ($2)


PokerStars Hand #175585360646:  Hold'em Limit ($3/$6 USD) - 2017/09/13 8:27:45 ET
Table 'Hesperia' 6-max Seat #2 is the button
Seat 2: IgKnight212 ($229.02 in chips)
Seat 3: zimin10 ($100.50 in chips)
IgKnight212: posts small blind $1
zimin10: posts big blind $3
*** HOLE CARDS ***
IgKnight212: raises $3 to $6
zimin10: folds
Uncalled bet ($3) returned to IgKnight212
IgKnight212 collected $6 from pot
IgKnight212: doesn't show hand
*** SUMMARY ***
Total pot $6 | Rake $0
Seat 2: IgKnight212 (button) (small blind) collected ($6)
Seat 3: zimin10 (big blind) folded before Flop


PokerStars Hand #175585355186:  Hold'em Limit ($3/$6 USD) - 2017/09/13 8:27:33 ET
Table 'Hesperia' 6-max Seat #3 is the button
Seat 2: IgKnight212 ($223.26 in chips)
Seat 3: zimin10 ($106.50 in chips)
zimin10: posts small blind $1
IgKnight212: posts big blind $3
*** HOLE CARDS ***
zimin10: raises $3 to $6
IgKnight212: calls $3
*** FLOP *** [Tc Kh 9c]
IgKnight212: bets $3
zimin10: folds
Uncalled bet ($3) returned to IgKnight212
IgKnight212 collected $11.76 from pot
IgKnight212: doesn't show hand
*** SUMMARY ***
Total pot $12 | Rake $0.24
Board [Tc Kh 9c]
Seat 2: IgKnight212 (big blind) collected ($11.76)
Seat 3: zimin10 (button) (small blind) folded on the Flop


PokerStars Hand #175585352636:  Hold'em Limit ($3/$6 USD) - 2017/09/13 8:27:27 ET
Table 'Hesperia' 6-max Seat #2 is the button
Seat 2: IgKnight212 ($224.26 in chips)
Seat 3: zimin10 ($105.50 in chips)
IgKnight212: posts small blind $1
zimin10: posts big blind $3
*** HOLE CARDS ***
IgKnight212: folds
Uncalled bet ($2) returned to zimin10
zimin10 collected $2 from pot
*** SUMMARY ***
Total pot $2 | Rake $0
Seat 2: IgKnight212 (button) (small blind) folded before Flop
Seat 3: zimin10 (big blind) collected ($2)


PokerStars Hand #175585339780:  Hold'em Limit ($3/$6 USD) - 2017/09/13 8:27:00 ET
Table 'Hesperia' 6-max Seat #3 is the button
Seat 2: IgKnight212 ($257.26 in chips)
Seat 3: zimin10 ($73 in chips)
zimin10: posts small blind $1
IgKnight212: posts big blind $3
*** HOLE CARDS ***
zimin10: raises $3 to $6
IgKnight212: calls $3
*** FLOP *** [Kh 6s Td]
IgKnight212: checks
zimin10: bets $3
IgKnight212: calls $3
*** TURN *** [Kh 6s Td] [7d]
IgKnight212: checks
zimin10: bets $6
IgKnight212: raises $6 to $12
zimin10: calls $6
*** RIVER *** [Kh 6s Td 7d] [8h]
IgKnight212: bets $6
zimin10: raises $6 to $12
IgKnight212: calls $6
*** SHOW DOWN ***
zimin10: shows [9c Jd] (a straight, Seven to Jack)
IgKnight212: mucks hand
zimin10 collected $65.50 from pot
*** SUMMARY ***
Total pot $66 | Rake $0.50
Board [Kh 6s Td 7d 8h]
Seat 2: IgKnight212 (big blind) mucked
Seat 3: zimin10 (button) (small blind) showed [9c Jd] and won ($65.50) with a straight, Seven to Jack


PokerStars Hand #175585398897:  Hold'em Limit ($3/$6 USD) - 2017/09/13 8:29:06 ET
Table 'Hesperia' 6-max Seat #2 is the button
Seat 2: IgKnight212 ($198.78 in chips)
Seat 3: zimin10 ($129.50 in chips)
IgKnight212: posts small blind $1
zimin10: posts big blind $3
*** HOLE CARDS ***
IgKnight212: folds
Uncalled bet ($2) returned to zimin10
zimin10 collected $2 from pot
*** SUMMARY ***
Total pot $2 | Rake $0
Seat 2: IgKnight212 (button) (small blind) folded before Flop
Seat 3: zimin10 (big blind) collected ($2)


PokerStars Hand #175585388619:  Hold'em Limit ($3/$6 USD) - 2017/09/13 8:28:44 ET
Table 'Hesperia' 6-max Seat #3 is the button
Seat 2: IgKnight212 ($219.78 in chips)
Seat 3: zimin10 ($109 in chips)
zimin10: posts small blind $1
IgKnight212: posts big blind $3
*** HOLE CARDS ***
zimin10: raises $3 to $6
IgKnight212: calls $3
*** FLOP *** [Tc 5c Qs]
IgKnight212: checks
zimin10: bets $3
IgKnight212: calls $3
*** TURN *** [Tc 5c Qs] [Qc]
IgKnight212: checks
zimin10: bets $6
IgKnight212: calls $6
*** RIVER *** [Tc 5c Qs Qc] [3d]
IgKnight212: checks
zimin10: bets $6
IgKnight212: calls $6
*** SHOW DOWN ***
zimin10: shows [Ts Kh] (two pair, Queens and Tens)
IgKnight212: mucks hand
zimin10 collected $41.50 from pot
*** SUMMARY ***
Total pot $42 | Rake $0.50
Board [Tc 5c Qs Qc 3d]
Seat 2: IgKnight212 (big blind) mucked
Seat 3: zimin10 (button) (small blind) showed [Ts Kh] and won ($41.50) with two pair, Queens and Tens


PokerStars Hand #175585380312:  Hold'em Limit ($3/$6 USD) - 2017/09/13 8:28:26 ET
Table 'Hesperia' 6-max Seat #2 is the button
Seat 2: IgKnight212 ($214.02 in chips)
Seat 3: zimin10 ($115 in chips)
IgKnight212: posts small blind $1
zimin10: posts big blind $3
*** HOLE CARDS ***
IgKnight212: raises $3 to $6
zimin10: calls $3
*** FLOP *** [Tc As 9c]
zimin10: checks
IgKnight212: bets $3
zimin10: folds
Uncalled bet ($3) returned to IgKnight212
IgKnight212 collected $11.76 from pot
IgKnight212: doesn't show hand
*** SUMMARY ***
Total pot $12 | Rake $0.24
Board [Tc As 9c]
Seat 2: IgKnight212 (button) (small blind) collected ($11.76)
Seat 3: zimin10 (big blind) folded on the Flop


PokerStars Hand #175585363715:  Hold'em Limit ($3/$6 USD) - 2017/09/13 8:27:51 ET
Table 'Hesperia' 6-max Seat #3 is the button
Seat 2: IgKnight212 ($232.02 in chips)
Seat 3: zimin10 ($97.50 in chips)
zimin10: posts small blind $1
IgKnight212: posts big blind $3
*** HOLE CARDS ***
zimin10: raises $3 to $6
IgKnight212: calls $3
*** FLOP *** [8s 4s 2c]
IgKnight212: checks
zimin10: bets $3
IgKnight212: raises $3 to $6
zimin10: calls $3
*** TURN *** [8s 4s 2c] [Ad]
IgKnight212: bets $6
zimin10: calls $6
*** RIVER *** [8s 4s 2c Ad] [Th]
IgKnight212: checks
zimin10: checks
*** SHOW DOWN ***
IgKnight212: shows [4d 3h] (a pair of Fours)
zimin10: shows [4h Qd] (a pair of Fours - Ace+Queen kicker)
zimin10 collected $35.50 from pot
*** SUMMARY ***
Total pot $36 | Rake $0.50
Board [8s 4s 2c Ad Th]
Seat 2: IgKnight212 (big blind) showed [4d 3h] and lost with a pair of Fours
Seat 3: zimin10 (button) (small blind) showed [4h Qd] and won ($35.50) with a pair of Fours


PokerStars Hand #175585426370:  Hold'em Limit ($3/$6 USD) - 2017/09/13 8:30:05 ET
Table 'Hesperia' 6-max Seat #2 is the button
Seat 2: IgKnight212 ($231.04 in chips)
Seat 3: zimin10 ($96.50 in chips)
IgKnight212: posts small blind $1
zimin10: posts big blind $3
*** HOLE CARDS ***
IgKnight212: folds
Uncalled bet ($2) returned to zimin10
zimin10 collected $2 from pot
*** SUMMARY ***
Total pot $2 | Rake $0
Seat 2: IgKnight212 (button) (small blind) folded before Flop
Seat 3: zimin10 (big blind) collected ($2)


PokerStars Hand #175585420610:  Hold'em Limit ($3/$6 USD) - 2017/09/13 8:29:53 ET
Table 'Hesperia' 6-max Seat #3 is the button
Seat 2: IgKnight212 ($230.04 in chips)
Seat 3: zimin10 ($97.50 in chips)
zimin10: posts small blind $1
IgKnight212: posts big blind $3
*** HOLE CARDS ***
zimin10: folds
Uncalled bet ($2) returned to IgKnight212
IgKnight212 collected $2 from pot
IgKnight212: doesn't show hand
*** SUMMARY ***
Total pot $2 | Rake $0
Seat 2: IgKnight212 (big blind) collected ($2)
Seat 3: zimin10 (button) (small blind) folded before Flop


PokerStars Hand #175585412672:  Hold'em Limit ($3/$6 USD) - 2017/09/13 8:29:35 ET
Table 'Hesperia' 6-max Seat #2 is the button
Seat 2: IgKnight212 ($224.28 in chips)
Seat 3: zimin10 ($103.50 in chips)
IgKnight212: posts small blind $1
zimin10: posts big blind $3
*** HOLE CARDS ***
IgKnight212: raises $3 to $6
zimin10: calls $3
*** FLOP *** [Ks Jh Tc]
zimin10: checks
IgKnight212: bets $3
zimin10: folds
Uncalled bet ($3) returned to IgKnight212
IgKnight212 collected $11.76 from pot
IgKnight212: doesn't show hand
*** SUMMARY ***
Total pot $12 | Rake $0.24
Board [Ks Jh Tc]
Seat 2: IgKnight212 (button) (small blind) collected ($11.76)
Seat 3: zimin10 (big blind) folded on the Flop


PokerStars Hand #175585401147:  Hold'em Limit ($3/$6 USD) - 2017/09/13 8:29:11 ET
Table 'Hesperia' 6-max Seat #3 is the button
Seat 2: IgKnight212 ($197.78 in chips)
Seat 3: zimin10 ($130.50 in chips)
zimin10: posts small blind $1
IgKnight212: posts big blind $3
*** HOLE CARDS ***
zimin10: raises $3 to $6
IgKnight212: calls $3
*** FLOP *** [6c Ts Tc]
IgKnight212: bets $3
zimin10: calls $3
*** TURN *** [6c Ts Tc] [Kc]
IgKnight212: bets $6
zimin10: raises $6 to $12
IgKnight212: calls $6
*** RIVER *** [6c Ts Tc Kc] [Qc]
IgKnight212: checks
zimin10: bets $6
IgKnight212: calls $6
*** SHOW DOWN ***
zimin10: shows [4h 5h] (a pair of Tens)
IgKnight212: shows [Ks 3h] (two pair, Kings and Tens)
IgKnight212 collected $53.50 from pot
*** SUMMARY ***
Total pot $54 | Rake $0.50
Board [6c Ts Tc Kc Qc]
Seat 2: IgKnight212 (big blind) showed [Ks 3h] and won ($53.50) with two pair, Kings and Tens
Seat 3: zimin10 (button) (small blind) showed [4h 5h] and lost with a pair of Tens


PokerStars Hand #175585452479:  Hold'em Limit ($3/$6 USD) - 2017/09/13 8:31:01 ET
Table 'Hesperia' 6-max Seat #3 is the button
Seat 2: IgKnight212 ($185.04 in chips)
Seat 3: zimin10 ($141.76 in chips)
zimin10: posts small blind $1
IgKnight212: posts big blind $3
*** HOLE CARDS ***
zimin10: raises $3 to $6
IgKnight212: calls $3
*** FLOP *** [3h 5h 9h]
IgKnight212: bets $3
zimin10: folds
Uncalled bet ($3) returned to IgKnight212
IgKnight212 collected $11.76 from pot
IgKnight212: doesn't show hand
*** SUMMARY ***
Total pot $12 | Rake $0.24
Board [3h 5h 9h]
Seat 2: IgKnight212 (big blind) collected ($11.76)
Seat 3: zimin10 (button) (small blind) folded on the Flop


PokerStars Hand #175585440545:  Hold'em Limit ($3/$6 USD) - 2017/09/13 8:30:35 ET
Table 'Hesperia' 6-max Seat #2 is the button
Seat 2: IgKnight212 ($191.04 in chips)
Seat 3: zimin10 ($136 in chips)
IgKnight212: posts small blind $1
zimin10: posts big blind $3
*** HOLE CARDS ***
IgKnight212: raises $3 to $6
zimin10: calls $3
*** FLOP *** [5h Ah Kc]
zimin10: checks
IgKnight212: checks
*** TURN *** [5h Ah Kc] [Ad]
zimin10: checks
IgKnight212: checks
*** RIVER *** [5h Ah Kc Ad] [4h]
zimin10: checks
IgKnight212: checks
*** SHOW DOWN ***
zimin10: shows [4c Qd] (two pair, Aces and Fours)
IgKnight212: mucks hand
zimin10 collected $11.76 from pot
*** SUMMARY ***
Total pot $12 | Rake $0.24
Board [5h Ah Kc Ad 4h]
Seat 2: IgKnight212 (button) (small blind) mucked
Seat 3: zimin10 (big blind) showed [4c Qd] and won ($11.76) with two pair, Aces and Fours


PokerStars Hand #175585428702:  Hold'em Limit ($3/$6 USD) - 2017/09/13 8:30:10 ET
Table 'Hesperia' 6-max Seat #3 is the button
Seat 2: IgKnight212 ($230.04 in chips)
Seat 3: zimin10 ($97.50 in chips)
zimin10: posts small blind $1
IgKnight212: posts big blind $3
*** HOLE CARDS ***
zimin10: raises $3 to $6
IgKnight212: calls $3
*** FLOP *** [9s 7s Th]
IgKnight212: bets $3
zimin10: calls $3
*** TURN *** [9s 7s Th] [Kd]
IgKnight212: bets $6
zimin10: raises $6 to $12
IgKnight212: raises $6 to $18
zimin10: raises $6 to $24
Betting is capped
IgKnight212: calls $6
*** RIVER *** [9s 7s Th Kd] [4h]
IgKnight212: checks
zimin10: bets $6
IgKnight212: calls $6
*** SHOW DOWN ***
zimin10: shows [Jh 8s] (a straight, Seven to Jack)
IgKnight212: mucks hand
zimin10 collected $77.50 from pot
*** SUMMARY ***
Total pot $78 | Rake $0.50
Board [9s 7s Th Kd 4h]
Seat 2: IgKnight212 (big blind) mucked
Seat 3: zimin10 (button) (small blind) showed [Jh 8s] and won ($77.50) with a straight, Seven to Jack


PokerStars Hand #175585469338:  Hold'em Limit ($3/$6 USD) - 2017/09/13 8:31:37 ET
Table 'Hesperia' 6-max Seat #3 is the button
Seat 2: IgKnight212 ($175.80 in chips)
Seat 3: zimin10 ($150.26 in chips)
zimin10: posts small blind $1
IgKnight212: posts big blind $3
*** HOLE CARDS ***
zimin10: raises $3 to $6
IgKnight212: calls $3
*** FLOP *** [4d Qs Ad]
IgKnight212: checks
zimin10: bets $3
IgKnight212: calls $3
*** TURN *** [4d Qs Ad] [Jc]
IgKnight212: checks
zimin10: bets $6
IgKnight212: raises $6 to $12
zimin10: calls $6
*** RIVER *** [4d Qs Ad Jc] [5s]
IgKnight212: bets $6
zimin10: calls $6
*** SHOW DOWN ***
IgKnight212: shows [Jh 4h] (two pair, Jacks and Fours)
zimin10: mucks hand
IgKnight212 collected $53.50 from pot
*** SUMMARY ***
Total pot $54 | Rake $0.50
Board [4d Qs Ad Jc 5s]
Seat 2: IgKnight212 (big blind) showed [Jh 4h] and won ($53.50) with two pair, Jacks and Fours
Seat 3: zimin10 (button) (small blind) mucked


PokerStars Hand #175585457566:  Hold'em Limit ($3/$6 USD) - 2017/09/13 8:31:12 ET
Table 'Hesperia' 6-max Seat #2 is the button
Seat 2: IgKnight212 ($190.80 in chips)
Seat 3: zimin10 ($135.76 in chips)
IgKnight212: posts small blind $1
zimin10: posts big blind $3
*** HOLE CARDS ***
IgKnight212: raises $3 to $6
zimin10: calls $3
*** FLOP *** [Ad Jc Qd]
zimin10: checks
IgKnight212: bets $3
zimin10: calls $3
*** TURN *** [Ad Jc Qd] [4s]
zimin10: checks
IgKnight212: checks
*** RIVER *** [Ad Jc Qd 4s] [4h]
zimin10: checks
IgKnight212: bets $6
zimin10: calls $6
*** SHOW DOWN ***
IgKnight212: shows [9d 7d] (a pair of Fours)
zimin10: shows [5c Jd] (two pair, Jacks and Fours)
zimin10 collected $29.50 from pot
*** SUMMARY ***
Total pot $30 | Rake $0.50
Board [Ad Jc Qd 4s 4h]
Seat 2: IgKnight212 (button) (small blind) showed [9d 7d] and lost with a pair of Fours
Seat 3: zimin10 (big blind) showed [5c Jd] and won ($29.50) with two pair, Jacks and Fours


PokerStars Hand #175585480666:  Hold'em Limit ($3/$6 USD) - 2017/09/13 8:32:01 ET
Table 'Hesperia' 6-max Seat #2 is the button
Seat 2: IgKnight212 ($202.30 in chips)
Seat 3: zimin10 ($123.26 in chips)
IgKnight212: posts small blind $1
zimin10: posts big blind $3
*** HOLE CARDS ***
IgKnight212: raises $3 to $6
zimin10: calls $3
*** FLOP *** [Kh Qs Ah]
zimin10: checks
IgKnight212: bets $3
zimin10: folds
Uncalled bet ($3) returned to IgKnight212
IgKnight212 collected $11.76 from pot
IgKnight212: doesn't show hand
*** SUMMARY ***
Total pot $12 | Rake $0.24
Board [Kh Qs Ah]
Seat 2: IgKnight212 (button) (small blind) collected ($11.76)
Seat 3: zimin10 (big blind) folded on the Flop


PokerStars Hand #175585500850:  Hold'em Limit ($3/$6 USD) - 2017/09/13 8:32:45 ET
Table 'Hesperia' 6-max Seat #3 is the button
Seat 2: IgKnight212 ($181.06 in chips)
Seat 3: zimin10 ($143.76 in chips)
zimin10: posts small blind $1
IgKnight212: posts big blind $3
*** HOLE CARDS ***
zimin10: raises $3 to $6
IgKnight212: calls $3
*** FLOP *** [2h 3d Ad]
IgKnight212: checks
zimin10: bets $3
IgKnight212: folds
Uncalled bet ($3) returned to zimin10
zimin10 collected $11.76 from pot
*** SUMMARY ***
Total pot $12 | Rake $0.24
Board [2h 3d Ad]
Seat 2: IgKnight212 (big blind) folded on the Flop
Seat 3: zimin10 (button) (small blind) collected ($11.76)


PokerStars Hand #175585497262:  Hold'em Limit ($3/$6 USD) - 2017/09/13 8:32:37 ET
Table 'Hesperia' 6-max Seat #2 is the button
Seat 2: IgKnight212 ($178.06 in chips)
Seat 3: zimin10 ($146.76 in chips)
IgKnight212: posts small blind $1
zimin10: posts big blind $3
*** HOLE CARDS ***
IgKnight212: raises $3 to $6
zimin10: folds
Uncalled bet ($3) returned to IgKnight212
IgKnight212 collected $6 from pot
IgKnight212: doesn't show hand
*** SUMMARY ***
Total pot $6 | Rake $0
Seat 2: IgKnight212 (button) (small blind) collected ($6)
Seat 3: zimin10 (big blind) folded before Flop


PokerStars Hand #175585509681:  Hold'em Limit ($3/$6 USD) - 2017/09/13 8:33:04 ET
Table 'Hesperia' 6-max Seat #3 is the button
Seat 2: IgKnight212 ($174.06 in chips)
Seat 3: zimin10 ($150.52 in chips)
zimin10: posts small blind $1
IgKnight212: posts big blind $3
*** HOLE CARDS ***
zimin10: folds
Uncalled bet ($2) returned to IgKnight212
IgKnight212 collected $2 from pot
IgKnight212: doesn't show hand
*** SUMMARY ***
Total pot $2 | Rake $0
Seat 2: IgKnight212 (big blind) collected ($2)
Seat 3: zimin10 (button) (small blind) folded before Flop


PokerStars Hand #175585507126:  Hold'em Limit ($3/$6 USD) - 2017/09/13 8:32:58 ET
Table 'Hesperia' 6-max Seat #2 is the button
Seat 2: IgKnight212 ($175.06 in chips)
Seat 3: zimin10 ($149.52 in chips)
IgKnight212: posts small blind $1
zimin10: posts big blind $3
*** HOLE CARDS ***
IgKnight212: folds
Uncalled bet ($2) returned to zimin10
zimin10 collected $2 from pot
*** SUMMARY ***
Total pot $2 | Rake $0
Seat 2: IgKnight212 (button) (small blind) folded before Flop
Seat 3: zimin10 (big blind) collected ($2)


PokerStars Hand #175585487142:  Hold'em Limit ($3/$6 USD) - 2017/09/13 8:32:15 ET
Table 'Hesperia' 6-max Seat #3 is the button
Seat 2: IgKnight212 ($208.06 in chips)
Seat 3: zimin10 ($117.26 in chips)
zimin10: posts small blind $1
IgKnight212: posts big blind $3
*** HOLE CARDS ***
zimin10: raises $3 to $6
IgKnight212: calls $3
*** FLOP *** [Qh 6c 7d]
IgKnight212: checks
zimin10: bets $3
IgKnight212: raises $3 to $6
zimin10: calls $3
*** TURN *** [Qh 6c 7d] [2d]
IgKnight212: bets $6
zimin10: raises $6 to $12
IgKnight212: calls $6
*** RIVER *** [Qh 6c 7d 2d] [Td]
IgKnight212: checks
zimin10: bets $6
IgKnight212: calls $6
*** SHOW DOWN ***
zimin10: shows [Qs As] (a pair of Queens)
IgKnight212: mucks hand
zimin10 collected $59.50 from pot
*** SUMMARY ***
Total pot $60 | Rake $0.50
Board [Qh 6c 7d 2d Td]
Seat 2: IgKnight212 (big blind) mucked
Seat 3: zimin10 (button) (small blind) showed [Qs As] and won ($59.50) with a pair of Queens


PokerStars Hand #175585514769:  Hold'em Limit ($3/$6 USD) - 2017/09/13 8:33:14 ET
Table 'Hesperia' 6-max Seat #3 is the button
Seat 2: IgKnight212 ($174.06 in chips)
Seat 3: zimin10 ($150.52 in chips)
zimin10: posts small blind $1
IgKnight212: posts big blind $3
*** HOLE CARDS ***
zimin10: raises $3 to $6
IgKnight212: folds
Uncalled bet ($3) returned to zimin10
zimin10 collected $6 from pot
*** SUMMARY ***
Total pot $6 | Rake $0
Seat 2: IgKnight212 (big blind) folded before Flop
Seat 3: zimin10 (button) (small blind) collected ($6)


PokerStars Hand #175585512244:  Hold'em Limit ($3/$6 USD) - 2017/09/13 8:33:09 ET
Table 'Hesperia' 6-max Seat #2 is the button
Seat 2: IgKnight212 ($175.06 in chips)
Seat 3: zimin10 ($149.52 in chips)
IgKnight212: posts small blind $1
zimin10: posts big blind $3
*** HOLE CARDS ***
IgKnight212: folds
Uncalled bet ($2) returned to zimin10
zimin10 collected $2 from pot
*** SUMMARY ***
Total pot $2 | Rake $0
Seat 2: IgKnight212 (button) (small blind) folded before Flop
Seat 3: zimin10 (big blind) collected ($2)


PokerStars Hand #175585519980:  Hold'em Limit ($3/$6 USD) - 2017/09/13 8:33:26 ET
Table 'Hesperia' 6-max Seat #3 is the button
Seat 2: IgKnight212 ($170.06 in chips)
Seat 3: zimin10 ($154.52 in chips)
zimin10: posts small blind $1
IgKnight212: posts big blind $3
*** HOLE CARDS ***
zimin10: folds
Uncalled bet ($2) returned to IgKnight212
IgKnight212 collected $2 from pot
IgKnight212: doesn't show hand
*** SUMMARY ***
Total pot $2 | Rake $0
Seat 2: IgKnight212 (big blind) collected ($2)
Seat 3: zimin10 (button) (small blind) folded before Flop


PokerStars Hand #175585532951:  Hold'em Limit ($3/$6 USD) - 2017/09/13 8:33:53 ET
Table 'Hesperia' 6-max Seat #2 is the button
Seat 2: IgKnight212 ($177.82 in chips)
Seat 3: zimin10 ($146.52 in chips)
IgKnight212: posts small blind $1
zimin10: posts big blind $3
*** HOLE CARDS ***
IgKnight212: folds
Uncalled bet ($2) returned to zimin10
zimin10 collected $2 from pot
*** SUMMARY ***
Total pot $2 | Rake $0
Seat 2: IgKnight212 (button) (small blind) folded before Flop
Seat 3: zimin10 (big blind) collected ($2)


PokerStars Hand #175585530487:  Hold'em Limit ($3/$6 USD) - 2017/09/13 8:33:48 ET
Table 'Hesperia' 6-max Seat #3 is the button
Seat 2: IgKnight212 ($176.82 in chips)
Seat 3: zimin10 ($147.52 in chips)
zimin10: posts small blind $1
IgKnight212: posts big blind $3
*** HOLE CARDS ***
zimin10: folds
Uncalled bet ($2) returned to IgKnight212
IgKnight212 collected $2 from pot
IgKnight212: doesn't show hand
*** SUMMARY ***
Total pot $2 | Rake $0
Seat 2: IgKnight212 (big blind) collected ($2)
Seat 3: zimin10 (button) (small blind) folded before Flop


PokerStars Hand #175585522963:  Hold'em Limit ($3/$6 USD) - 2017/09/13 8:33:32 ET
Table 'Hesperia' 6-max Seat #2 is the button
Seat 2: IgKnight212 ($171.06 in chips)
Seat 3: zimin10 ($153.52 in chips)
IgKnight212: posts small blind $1
zimin10: posts big blind $3
*** HOLE CARDS ***
IgKnight212: raises $3 to $6
zimin10: calls $3
*** FLOP *** [Qc Ah 2s]
zimin10: checks
IgKnight212: bets $3
zimin10: folds
Uncalled bet ($3) returned to IgKnight212
IgKnight212 collected $11.76 from pot
IgKnight212: doesn't show hand
*** SUMMARY ***
Total pot $12 | Rake $0.24
Board [Qc Ah 2s]
Seat 2: IgKnight212 (button) (small blind) collected ($11.76)
Seat 3: zimin10 (big blind) folded on the Flop


PokerStars Hand #175585517698:  Hold'em Limit ($3/$6 USD) - 2017/09/13 8:33:21 ET
Table 'Hesperia' 6-max Seat #2 is the button
Seat 2: IgKnight212 ($171.06 in chips)
Seat 3: zimin10 ($153.52 in chips)
IgKnight212: posts small blind $1
zimin10: posts big blind $3
*** HOLE CARDS ***
IgKnight212: folds
Uncalled bet ($2) returned to zimin10
zimin10 collected $2 from pot
*** SUMMARY ***
Total pot $2 | Rake $0
Seat 2: IgKnight212 (button) (small blind) folded before Flop
Seat 3: zimin10 (big blind) collected ($2)


PokerStars Hand #175585535299:  Hold'em Limit ($3/$6 USD) - 2017/09/13 8:33:58 ET
Table 'Hesperia' 6-max Seat #3 is the button
Seat 2: IgKnight212 ($176.82 in chips)
Seat 3: zimin10 ($147.52 in chips)
zimin10: posts small blind $1
IgKnight212: posts big blind $3
*** HOLE CARDS ***
zimin10: folds
Uncalled bet ($2) returned to IgKnight212
IgKnight212 collected $2 from pot
IgKnight212: doesn't show hand
*** SUMMARY ***
Total pot $2 | Rake $0
Seat 2: IgKnight212 (big blind) collected ($2)
Seat 3: zimin10 (button) (small blind) folded before Flop


PokerStars Hand #175585537861:  Hold'em Limit ($3/$6 USD) - 2017/09/13 8:34:04 ET
Table 'Hesperia' 6-max Seat #2 is the button
Seat 2: IgKnight212 ($177.82 in chips)
Seat 3: zimin10 ($146.52 in chips)
IgKnight212: posts small blind $1
zimin10: posts big blind $3
*** HOLE CARDS ***
IgKnight212: raises $3 to $6
zimin10: calls $3
*** FLOP *** [4s Ad Qc]
zimin10: checks
IgKnight212: bets $3
zimin10: raises $3 to $6
IgKnight212: raises $3 to $9
zimin10: calls $3
*** TURN *** [4s Ad Qc] [7c]
zimin10: checks
IgKnight212: checks
*** RIVER *** [4s Ad Qc 7c] [3s]
zimin10: bets $6
IgKnight212: folds
Uncalled bet ($6) returned to zimin10
zimin10 collected $29.50 from pot
*** SUMMARY ***
Total pot $30 | Rake $0.50
Board [4s Ad Qc 7c 3s]
Seat 2: IgKnight212 (button) (small blind) folded on the River
Seat 3: zimin10 (big blind) collected ($29.50)


PokerStars Hand #175585570490:  Hold'em Limit ($3/$6 USD) - 2017/09/13 8:35:13 ET
Table 'Hesperia' 6-max Seat #2 is the button
Seat 2: IgKnight212 ($141.82 in chips)
Seat 3: zimin10 ($181.52 in chips)
IgKnight212: posts small blind $1
zimin10: posts big blind $3
*** HOLE CARDS ***
IgKnight212: raises $3 to $6
zimin10: folds
Uncalled bet ($3) returned to IgKnight212
IgKnight212 collected $6 from pot
IgKnight212: doesn't show hand
*** SUMMARY ***
Total pot $6 | Rake $0
Seat 2: IgKnight212 (button) (small blind) collected ($6)
Seat 3: zimin10 (big blind) folded before Flop


PokerStars Hand #175585553357:  Hold'em Limit ($3/$6 USD) - 2017/09/13 8:34:37 ET
Table 'Hesperia' 6-max Seat #3 is the button
Seat 2: IgKnight212 ($162.82 in chips)
Seat 3: zimin10 ($161.02 in chips)
zimin10: posts small blind $1
IgKnight212: posts big blind $3
*** HOLE CARDS ***
zimin10: raises $3 to $6
IgKnight212: calls $3
*** FLOP *** [9h 8h Jh]
IgKnight212: bets $3
zimin10: calls $3
*** TURN *** [9h 8h Jh] [Qc]
IgKnight212: checks
zimin10: bets $6
IgKnight212: calls $6
*** RIVER *** [9h 8h Jh Qc] [Qs]
IgKnight212: checks
zimin10: bets $6
IgKnight212: calls $6
*** SHOW DOWN ***
zimin10: shows [Ts 6c] (a straight, Eight to Queen)
IgKnight212: mucks hand
zimin10 collected $41.50 from pot
*** SUMMARY ***
Total pot $42 | Rake $0.50
Board [9h 8h Jh Qc Qs]
Seat 2: IgKnight212 (big blind) mucked
Seat 3: zimin10 (button) (small blind) showed [Ts 6c] and won ($41.50) with a straight, Eight to Queen


PokerStars Hand #175585593734:  Hold'em Limit ($3/$6 USD) - 2017/09/13 8:36:03 ET
Table 'Hesperia' 6-max Seat #3 is the button
Seat 2: IgKnight212 ($99.82 in chips)
Seat 3: zimin10 ($222.54 in chips)
zimin10: posts small blind $1
IgKnight212: posts big blind $3
*** HOLE CARDS ***
zimin10: raises $3 to $6
IgKnight212: folds
Uncalled bet ($3) returned to zimin10
zimin10 collected $6 from pot
*** SUMMARY ***
Total pot $6 | Rake $0
Seat 2: IgKnight212 (big blind) folded before Flop
Seat 3: zimin10 (button) (small blind) collected ($6)


PokerStars Hand #175585585429:  Hold'em Limit ($3/$6 USD) - 2017/09/13 8:35:45 ET
Table 'Hesperia' 6-max Seat #2 is the button
Seat 2: IgKnight212 ($111.82 in chips)
Seat 3: zimin10 ($211.02 in chips)
IgKnight212: posts small blind $1
zimin10: posts big blind $3
*** HOLE CARDS ***
IgKnight212: raises $3 to $6
zimin10: raises $3 to $9
IgKnight212: calls $3
*** FLOP *** [4s 5d 5c]
zimin10: bets $3
IgKnight212: calls $3
*** TURN *** [4s 5d 5c] [Qh]
zimin10: bets $6
IgKnight212: folds
Uncalled bet ($6) returned to zimin10
zimin10 collected $23.52 from pot
*** SUMMARY ***
Total pot $24 | Rake $0.48
Board [4s 5d 5c Qh]
Seat 2: IgKnight212 (button) (small blind) folded on the Turn
Seat 3: zimin10 (big blind) collected ($23.52)


PokerStars Hand #175585573368:  Hold'em Limit ($3/$6 USD) - 2017/09/13 8:35:19 ET
Table 'Hesperia' 6-max Seat #3 is the button
Seat 2: IgKnight212 ($144.82 in chips)
Seat 3: zimin10 ($178.52 in chips)
zimin10: posts small blind $1
IgKnight212: posts big blind $3
*** HOLE CARDS ***
zimin10: raises $3 to $6
IgKnight212: calls $3
*** FLOP *** [2h 2s 7c]
IgKnight212: checks
zimin10: bets $3
IgKnight212: calls $3
*** TURN *** [2h 2s 7c] [Ts]
IgKnight212: checks
zimin10: bets $6
IgKnight212: raises $6 to $12
zimin10: raises $6 to $18
IgKnight212: calls $6
*** RIVER *** [2h 2s 7c Ts] [Ah]
IgKnight212: checks
zimin10: bets $6
IgKnight212: calls $6
*** SHOW DOWN ***
zimin10: shows [Tc 7s] (two pair, Tens and Sevens)
IgKnight212: mucks hand
zimin10 collected $65.50 from pot
*** SUMMARY ***
Total pot $66 | Rake $0.50
Board [2h 2s 7c Ts Ah]
Seat 2: IgKnight212 (big blind) mucked
Seat 3: zimin10 (button) (small blind) showed [Tc 7s] and won ($65.50) with two pair, Tens and Sevens


PokerStars Hand #175585621650:  Hold'em Limit ($3/$6 USD) - 2017/09/13 8:37:01 ET
Table 'Hesperia' 6-max Seat #2 is the button
Seat 2: IgKnight212 ($94.46 in chips)
Seat 3: zimin10 ($227.06 in chips)
IgKnight212: posts small blind $1
zimin10: posts big blind $3
*** HOLE CARDS ***
IgKnight212: raises $3 to $6
zimin10: calls $3
*** FLOP *** [Jc 6c 6h]
zimin10: checks
IgKnight212: bets $3
zimin10: raises $3 to $6
IgKnight212: calls $3
*** TURN *** [Jc 6c 6h] [Ts]
zimin10: bets $6
IgKnight212: calls $6
*** RIVER *** [Jc 6c 6h Ts] [8d]
zimin10: bets $6
IgKnight212: calls $6
*** SHOW DOWN ***
zimin10: shows [6d Th] (a full house, Sixes full of Tens)
IgKnight212: mucks hand
zimin10 collected $47.50 from pot
*** SUMMARY ***
Total pot $48 | Rake $0.50
Board [Jc 6c 6h Ts 8d]
Seat 2: IgKnight212 (button) (small blind) mucked
Seat 3: zimin10 (big blind) showed [6d Th] and won ($47.50) with a full house, Sixes full of Tens


PokerStars Hand #175585617443:  Hold'em Limit ($3/$6 USD) - 2017/09/13 8:36:53 ET
Table 'Hesperia' 6-max Seat #3 is the button
Seat 2: IgKnight212 ($100.46 in chips)
Seat 3: zimin10 ($221.30 in chips)
zimin10: posts small blind $1
IgKnight212: posts big blind $3
*** HOLE CARDS ***
zimin10: raises $3 to $6
IgKnight212: calls $3
*** FLOP *** [8d 8s Jd]
IgKnight212: checks
zimin10: bets $3
IgKnight212: folds
Uncalled bet ($3) returned to zimin10
zimin10 collected $11.76 from pot
*** SUMMARY ***
Total pot $12 | Rake $0.24
Board [8d 8s Jd]
Seat 2: IgKnight212 (big blind) folded on the Flop
Seat 3: zimin10 (button) (small blind) collected ($11.76)


PokerStars Hand #175585611270:  Hold'em Limit ($3/$6 USD) - 2017/09/13 8:36:40 ET
Table 'Hesperia' 6-max Seat #2 is the button
Seat 2: IgKnight212 ($106.46 in chips)
Seat 3: zimin10 ($215.54 in chips)
IgKnight212: posts small blind $1
zimin10: posts big blind $3
*** HOLE CARDS ***
IgKnight212: calls $2
zimin10: raises $3 to $6
IgKnight212: calls $3
*** FLOP *** [Jd Jh 5d]
zimin10: bets $3
IgKnight212: folds
Uncalled bet ($3) returned to zimin10
zimin10 collected $11.76 from pot
*** SUMMARY ***
Total pot $12 | Rake $0.24
Board [Jd Jh 5d]
Seat 2: IgKnight212 (button) (small blind) folded on the Flop
Seat 3: zimin10 (big blind) collected ($11.76)


PokerStars Hand #175585608785:  Hold'em Limit ($3/$6 USD) - 2017/09/13 8:36:35 ET
Table 'Hesperia' 6-max Seat #3 is the button
Seat 2: IgKnight212 ($105.46 in chips)
Seat 3: zimin10 ($216.54 in chips)
zimin10: posts small blind $1
IgKnight212: posts big blind $3
*** HOLE CARDS ***
zimin10: folds
Uncalled bet ($2) returned to IgKnight212
IgKnight212 collected $2 from pot
IgKnight212: doesn't show hand
*** SUMMARY ***
Total pot $2 | Rake $0
Seat 2: IgKnight212 (big blind) collected ($2)
Seat 3: zimin10 (button) (small blind) folded before Flop


PokerStars Hand #175585596305:  Hold'em Limit ($3/$6 USD) - 2017/09/13 8:36:08 ET
Table 'Hesperia' 6-max Seat #2 is the button
Seat 2: IgKnight212 ($96.82 in chips)
Seat 3: zimin10 ($225.54 in chips)
IgKnight212: posts small blind $1
zimin10: posts big blind $3
*** HOLE CARDS ***
IgKnight212: raises $3 to $6
zimin10: calls $3
*** FLOP *** [3d Jd 3h]
zimin10: checks
IgKnight212: bets $3
zimin10: calls $3
*** TURN *** [3d Jd 3h] [9s]
zimin10: checks
IgKnight212: bets $6
zimin10: folds
Uncalled bet ($6) returned to IgKnight212
IgKnight212 collected $17.64 from pot
IgKnight212: doesn't show hand
*** SUMMARY ***
Total pot $18 | Rake $0.36
Board [3d Jd 3h 9s]
Seat 2: IgKnight212 (button) (small blind) collected ($17.64)
Seat 3: zimin10 (big blind) folded on the Turn


PokerStars Hand #175585636754:  Hold'em Limit ($3/$6 USD) - 2017/09/13 8:37:33 ET
Table 'Hesperia' 6-max Seat #2 is the button
Seat 2: IgKnight212 ($79.10 in chips)
Seat 3: zimin10 ($241.56 in chips)
IgKnight212: posts small blind $1
zimin10: posts big blind $3
*** HOLE CARDS ***
IgKnight212: raises $3 to $6
zimin10: calls $3
*** FLOP *** [Qh 6d 3s]
zimin10: checks
IgKnight212: bets $3
zimin10: raises $3 to $6
IgKnight212: raises $3 to $9
zimin10: calls $3
*** TURN *** [Qh 6d 3s] [As]
zimin10: checks
IgKnight212: bets $6
zimin10: folds
Uncalled bet ($6) returned to IgKnight212
IgKnight212 collected $29.50 from pot
IgKnight212: doesn't show hand
*** SUMMARY ***
Total pot $30 | Rake $0.50
Board [Qh 6d 3s As]
Seat 2: IgKnight212 (button) (small blind) collected ($29.50)
Seat 3: zimin10 (big blind) folded on the Turn


PokerStars Hand #175585630864:  Hold'em Limit ($3/$6 USD) - 2017/09/13 8:37:21 ET
Table 'Hesperia' 6-max Seat #3 is the button
Seat 2: IgKnight212 ($70.46 in chips)
Seat 3: zimin10 ($250.56 in chips)
zimin10: posts small blind $1
IgKnight212: posts big blind $3
*** HOLE CARDS ***
zimin10: raises $3 to $6
IgKnight212: raises $3 to $9
zimin10: calls $3
*** FLOP *** [Jc 9h 8s]
IgKnight212: bets $3
zimin10: folds
Uncalled bet ($3) returned to IgKnight212
IgKnight212 collected $17.64 from pot
IgKnight212: doesn't show hand
*** SUMMARY ***
Total pot $18 | Rake $0.36
Board [Jc 9h 8s]
Seat 2: IgKnight212 (big blind) collected ($17.64)
Seat 3: zimin10 (button) (small blind) folded on the Flop


PokerStars Hand #175585664743:  Hold'em Limit ($3/$6 USD) - 2017/09/13 8:38:32 ET
Table 'Hesperia' 6-max Seat #3 is the button
Seat 2: IgKnight212 ($86.60 in chips)
Seat 3: zimin10 ($233.32 in chips)
zimin10: posts small blind $1
IgKnight212: posts big blind $3
*** HOLE CARDS ***
Psynto joins the table at seat #4
zimin10: raises $3 to $6
IgKnight212: calls $3
*** FLOP *** [Kc 3c 8c]
IgKnight212: bets $3
zimin10: calls $3
*** TURN *** [Kc 3c 8c] [Js]
IgKnight212: bets $6
zimin10: raises $6 to $12
IgKnight212: folds
Uncalled bet ($6) returned to zimin10
zimin10 collected $29.50 from pot
*** SUMMARY ***
Total pot $30 | Rake $0.50
Board [Kc 3c 8c Js]
Seat 2: IgKnight212 (big blind) folded on the Turn
Seat 3: zimin10 (button) (small blind) collected ($29.50)


PokerStars Hand #175585662426:  Hold'em Limit ($3/$6 USD) - 2017/09/13 8:38:27 ET
Table 'Hesperia' 6-max Seat #2 is the button
Seat 2: IgKnight212 ($87.60 in chips)
Seat 3: zimin10 ($232.32 in chips)
IgKnight212: posts small blind $1
zimin10: posts big blind $3
*** HOLE CARDS ***
IgKnight212: folds
Uncalled bet ($2) returned to zimin10
zimin10 collected $2 from pot
*** SUMMARY ***
Total pot $2 | Rake $0
Seat 2: IgKnight212 (button) (small blind) folded before Flop
Seat 3: zimin10 (big blind) collected ($2)


PokerStars Hand #175585657954:  Hold'em Limit ($3/$6 USD) - 2017/09/13 8:38:18 ET
Table 'Hesperia' 6-max Seat #3 is the button
Seat 2: IgKnight212 ($93.60 in chips)
Seat 3: zimin10 ($226.56 in chips)
zimin10: posts small blind $1
IgKnight212: posts big blind $3
*** HOLE CARDS ***
zimin10: raises $3 to $6
IgKnight212: calls $3
*** FLOP *** [2h Jh 3d]
IgKnight212: checks
zimin10: bets $3
IgKnight212: folds
Uncalled bet ($3) returned to zimin10
zimin10 collected $11.76 from pot
*** SUMMARY ***
Total pot $12 | Rake $0.24
Board [2h Jh 3d]
Seat 2: IgKnight212 (big blind) folded on the Flop
Seat 3: zimin10 (button) (small blind) collected ($11.76)


PokerStars Hand #175585675503:  Hold'em Limit ($3/$6 USD) - 2017/09/13 8:38:55 ET
Table 'Hesperia' 6-max Seat #2 is the button
Seat 2: IgKnight212 ($71.60 in chips)
Seat 3: zimin10 ($247.82 in chips)
IgKnight212: posts small blind $1
zimin10: posts big blind $3
*** HOLE CARDS ***
IgKnight212: raises $3 to $6
zimin10: raises $3 to $9
IgKnight212: raises $3 to $12
Betting is capped
zimin10: calls $3
*** FLOP *** [8h Ah Jh]
zimin10: checks
IgKnight212: bets $3
zimin10: raises $3 to $6
IgKnight212: calls $3
*** TURN *** [8h Ah Jh] [9c]
zimin10: bets $6
IgKnight212: calls $6
*** RIVER *** [8h Ah Jh 9c] [6d]
zimin10: bets $6
IgKnight212: calls $6
*** SHOW DOWN ***
zimin10: shows [9s As] (two pair, Aces and Nines)
IgKnight212: mucks hand
zimin10 collected $59.50 from pot
*** SUMMARY ***
Total pot $60 | Rake $0.50
Board [8h Ah Jh 9c 6d]
Seat 2: IgKnight212 (button) (small blind) mucked
Seat 3: zimin10 (big blind) showed [9s As] and won ($59.50) with two pair, Aces and Nines


PokerStars Hand #175585876874:  Hold'em Limit ($3/$6 USD) - 2017/09/13 8:45:56 ET
Table 'Hesperia' 6-max Seat #2 is the button
Seat 2: IgKnight212 ($238.48 in chips)
Seat 4: Psynto ($72 in chips)
IgKnight212: posts small blind $1
zimin10: is sitting out
Psynto: posts big blind $3
*** HOLE CARDS ***
IgKnight212: raises $3 to $6
zimin10 leaves the table
Psynto: calls $3
*** FLOP *** [Th Qd As]
Psynto: checks
IgKnight212: checks
*** TURN *** [Th Qd As] [Jc]
Psynto: checks
IgKnight212: bets $6
Psynto: raises $6 to $12
IgKnight212: raises $6 to $18
Psynto: raises $6 to $24
Betting is capped
IgKnight212: calls $6
*** RIVER *** [Th Qd As Jc] [3h]
Psynto: bets $6
IgKnight212: calls $6
*** SHOW DOWN ***
Psynto: shows [3c Kh] (a straight, Ten to Ace)
IgKnight212: shows [Ks 5h] (a straight, Ten to Ace)
Psynto collected $35.75 from pot
IgKnight212 collected $35.75 from pot
*** SUMMARY ***
Total pot $72 | Rake $0.50
Board [Th Qd As Jc 3h]
Seat 2: IgKnight212 (button) (small blind) showed [Ks 5h] and won ($35.75) with a straight, Ten to Ace
Seat 4: Psynto (big blind) showed [3c Kh] and won ($35.75) with a straight, Ten to Ace


PokerStars Hand #175585885350:  Hold'em Limit ($3/$6 USD) - 2017/09/13 8:46:14 ET
Table 'Hesperia' 6-max Seat #4 is the button
Seat 2: IgKnight212 ($238.23 in chips)
Seat 4: Psynto ($72 in chips)
Psynto: posts small blind $1
IgKnight212: posts big blind $3
*** HOLE CARDS ***
Psynto: raises $3 to $6
IgKnight212: calls $3
*** FLOP *** [6h 9d As]
IgKnight212: checks
Psynto: bets $3
IgKnight212: folds
Uncalled bet ($3) returned to Psynto
Psynto collected $11.76 from pot
Psynto: doesn't show hand
*** SUMMARY ***
Total pot $12 | Rake $0.24
Board [6h 9d As]
Seat 2: IgKnight212 (big blind) folded on the Flop
Seat 4: Psynto (button) (small blind) collected ($11.76)


PokerStars Hand #175585900804:  Hold'em Limit ($3/$6 USD) - 2017/09/13 8:46:46 ET
Table 'Hesperia' 6-max Seat #2 is the button
Seat 2: IgKnight212 ($213.23 in chips)
Seat 4: Psynto ($96.26 in chips)
IgKnight212: posts small blind $1
Psynto: posts big blind $3
*** HOLE CARDS ***
IgKnight212: raises $3 to $6
Psynto: calls $3
*** FLOP *** [Qh 8s 8h]
Psynto: checks
IgKnight212: bets $3
Psynto: folds
Uncalled bet ($3) returned to IgKnight212
IgKnight212 collected $11.76 from pot
IgKnight212: doesn't show hand
*** SUMMARY ***
Total pot $12 | Rake $0.24
Board [Qh 8s 8h]
Seat 2: IgKnight212 (button) (small blind) collected ($11.76)
Seat 4: Psynto (big blind) folded on the Flop


PokerStars Hand #175585905801:  Hold'em Limit ($3/$6 USD) - 2017/09/13 8:46:57 ET
Table 'Hesperia' 6-max Seat #4 is the button
Seat 2: IgKnight212 ($218.99 in chips)
Seat 4: Psynto ($90.26 in chips)
Psynto: posts small blind $1
IgKnight212: posts big blind $3
*** HOLE CARDS ***
Psynto: raises $3 to $6
IgKnight212: calls $3
*** FLOP *** [6c Kh 7d]
IgKnight212: checks
Psynto: bets $3
IgKnight212: calls $3
*** TURN *** [6c Kh 7d] [8h]
IgKnight212: checks
Psynto: bets $6
IgKnight212: calls $6
*** RIVER *** [6c Kh 7d 8h] [8c]
IgKnight212: checks
Psynto: bets $6
IgKnight212: calls $6
*** SHOW DOWN ***
Psynto: shows [5d 2d] (a pair of Eights)
IgKnight212: shows [7h Ac] (two pair, Eights and Sevens)
IgKnight212 collected $41.50 from pot
*** SUMMARY ***
Total pot $42 | Rake $0.50
Board [6c Kh 7d 8h 8c]
Seat 2: IgKnight212 (big blind) showed [7h Ac] and won ($41.50) with two pair, Eights and Sevens
Seat 4: Psynto (button) (small blind) showed [5d 2d] and lost with a pair of Eights


PokerStars Hand #175585913225:  Hold'em Limit ($3/$6 USD) - 2017/09/13 8:47:12 ET
Table 'Hesperia' 6-max Seat #2 is the button
Seat 2: IgKnight212 ($239.49 in chips)
Seat 4: Psynto ($72 in chips)
IgKnight212: posts small blind $1
Psynto: posts big blind $3
*** HOLE CARDS ***
IgKnight212: folds
Uncalled bet ($2) returned to Psynto
Psynto collected $2 from pot
Psynto: doesn't show hand
*** SUMMARY ***
Total pot $2 | Rake $0
Seat 2: IgKnight212 (button) (small blind) folded before Flop
Seat 4: Psynto (big blind) collected ($2)


PokerStars Hand #175585892927:  Hold'em Limit ($3/$6 USD) - 2017/09/13 8:46:30 ET
Table 'Hesperia' 6-max Seat #4 is the button
Seat 2: IgKnight212 ($231.23 in chips)
Seat 4: Psynto ($78.76 in chips)
Psynto: posts small blind $1
IgKnight212: posts big blind $3
*** HOLE CARDS ***
Psynto: raises $3 to $6
IgKnight212: raises $3 to $9
Psynto: calls $3
*** FLOP *** [6d Jc 8c]
IgKnight212: bets $3
Psynto: calls $3
*** TURN *** [6d Jc 8c] [9d]
IgKnight212: bets $6
Psynto: raises $6 to $12
IgKnight212: folds
Uncalled bet ($6) returned to Psynto
Psynto collected $35.50 from pot
Psynto: doesn't show hand
*** SUMMARY ***
Total pot $36 | Rake $0.50
Board [6d Jc 8c 9d]
Seat 2: IgKnight212 (big blind) folded on the Turn
Seat 4: Psynto (button) (small blind) collected ($35.50)


PokerStars Hand #175585933510:  Hold'em Limit ($3/$6 USD) - 2017/09/13 8:47:55 ET
Table 'Hesperia' 6-max Seat #2 is the button
Seat 2: IgKnight212 ($249.99 in chips)
Seat 4: Psynto ($83.52 in chips)
IgKnight212: posts small blind $1
Psynto: posts big blind $3
*** HOLE CARDS ***
IgKnight212: raises $3 to $6
Psynto: folds
Uncalled bet ($3) returned to IgKnight212
IgKnight212 collected $6 from pot
IgKnight212: doesn't show hand
*** SUMMARY ***
Total pot $6 | Rake $0
Seat 2: IgKnight212 (button) (small blind) collected ($6)
Seat 4: Psynto (big blind) folded before Flop


PokerStars Hand #175585935863:  Hold'em Limit ($3/$6 USD) - 2017/09/13 8:48:00 ET
Table 'Hesperia' 6-max Seat #4 is the button
Seat 2: IgKnight212 ($252.99 in chips)
Seat 4: Psynto ($80.52 in chips)
Psynto: posts small blind $1
IgKnight212: posts big blind $3
*** HOLE CARDS ***
Psynto: raises $3 to $6
IgKnight212: calls $3
*** FLOP *** [Qc 8c 3h]
IgKnight212: checks
Psynto: bets $3
IgKnight212: calls $3
*** TURN *** [Qc 8c 3h] [6c]
IgKnight212: checks
Psynto: bets $6
IgKnight212: folds
Uncalled bet ($6) returned to Psynto
Psynto collected $17.64 from pot
Psynto: doesn't show hand
*** SUMMARY ***
Total pot $18 | Rake $0.36
Board [Qc 8c 3h 6c]
Seat 2: IgKnight212 (big blind) folded on the Turn
Seat 4: Psynto (button) (small blind) collected ($17.64)


PokerStars Hand #175585925048:  Hold'em Limit ($3/$6 USD) - 2017/09/13 8:47:37 ET
Table 'Hesperia' 6-max Seat #4 is the button
Seat 2: IgKnight212 ($261.99 in chips)
Seat 4: Psynto ($72 in chips)
Psynto: posts small blind $1
IgKnight212: posts big blind $3
*** HOLE CARDS ***
Psynto: raises $3 to $6
IgKnight212: raises $3 to $9
Psynto: calls $3
*** FLOP *** [8d 5s 6h]
IgKnight212: bets $3
Psynto: calls $3
*** TURN *** [8d 5s 6h] [Th]
IgKnight212: checks
Psynto: bets $6
IgKnight212: folds
Uncalled bet ($6) returned to Psynto
Psynto collected $23.52 from pot
Psynto: doesn't show hand
*** SUMMARY ***
Total pot $24 | Rake $0.48
Board [8d 5s 6h Th]
Seat 2: IgKnight212 (big blind) folded on the Turn
Seat 4: Psynto (button) (small blind) collected ($23.52)


PokerStars Hand #175585915506:  Hold'em Limit ($3/$6 USD) - 2017/09/13 8:47:17 ET
Table 'Hesperia' 6-max Seat #4 is the button
Seat 2: IgKnight212 ($238.49 in chips)
Seat 4: Psynto ($73 in chips)
Psynto: posts small blind $1
IgKnight212: posts big blind $3
*** HOLE CARDS ***
Psynto: raises $3 to $6
IgKnight212: calls $3
*** FLOP *** [As Jh Qh]
IgKnight212: checks
Psynto: bets $3
IgKnight212: calls $3
*** TURN *** [As Jh Qh] [4h]
IgKnight212: checks
Psynto: checks
*** RIVER *** [As Jh Qh 4h] [Ad]
IgKnight212: checks
Psynto: bets $6
IgKnight212: raises $6 to $12
Psynto: calls $6
*** SHOW DOWN ***
IgKnight212: shows [7d Qc] (two pair, Aces and Queens)
Psynto: mucks hand
IgKnight212 collected $41.50 from pot
*** SUMMARY ***
Total pot $42 | Rake $0.50
Board [As Jh Qh 4h Ad]
Seat 2: IgKnight212 (big blind) showed [7d Qc] and won ($41.50) with two pair, Aces and Queens
Seat 4: Psynto (button) (small blind) mucked


PokerStars Hand #175585922348:  Hold'em Limit ($3/$6 USD) - 2017/09/13 8:47:31 ET
Table 'Hesperia' 6-max Seat #2 is the button
Seat 2: IgKnight212 ($258.99 in chips)
Seat 4: Psynto ($72 in chips)
IgKnight212: posts small blind $1
Psynto: posts big blind $3
*** HOLE CARDS ***
IgKnight212: raises $3 to $6
Psynto: folds
Uncalled bet ($3) returned to IgKnight212
IgKnight212 collected $6 from pot
IgKnight212: doesn't show hand
*** SUMMARY ***
Total pot $6 | Rake $0
Seat 2: IgKnight212 (button) (small blind) collected ($6)
Seat 4: Psynto (big blind) folded before Flop


PokerStars Hand #175585941684:  Hold'em Limit ($3/$6 USD) - 2017/09/13 8:48:12 ET
Table 'Hesperia' 6-max Seat #2 is the button
Seat 2: IgKnight212 ($243.99 in chips)
Seat 4: Psynto ($89.16 in chips)
IgKnight212: posts small blind $1
Psynto: posts big blind $3
*** HOLE CARDS ***
IgKnight212: raises $3 to $6
Psynto: raises $3 to $9
IgKnight212: calls $3
*** FLOP *** [Td 7c Qh]
Psynto: bets $3
IgKnight212: calls $3
*** TURN *** [Td 7c Qh] [6h]
Psynto: bets $6
IgKnight212: calls $6
*** RIVER *** [Td 7c Qh 6h] [2h]
Psynto: bets $6
IgKnight212: folds
Uncalled bet ($6) returned to Psynto
Psynto collected $35.50 from pot
Psynto: doesn't show hand
*** SUMMARY ***
Total pot $36 | Rake $0.50
Board [Td 7c Qh 6h 2h]
Seat 2: IgKnight212 (button) (small blind) folded on the River
Seat 4: Psynto (big blind) collected ($35.50)


PokerStars Hand #175585959842:  Hold'em Limit ($3/$6 USD) - 2017/09/13 8:48:50 ET
Table 'Hesperia' 6-max Seat #2 is the button
Seat 2: IgKnight212 ($183.99 in chips)
Seat 4: Psynto ($148.16 in chips)
IgKnight212: posts small blind $1
Psynto: posts big blind $3
*** HOLE CARDS ***
IgKnight212: raises $3 to $6
Psynto: raises $3 to $9
IgKnight212: calls $3
*** FLOP *** [5c Ac 8h]
Psynto: bets $3
IgKnight212: raises $3 to $6
Psynto: calls $3
*** TURN *** [5c Ac 8h] [Ts]
Psynto: checks
IgKnight212: bets $6
Psynto: calls $6
*** RIVER *** [5c Ac 8h Ts] [6h]
Psynto: checks
IgKnight212: bets $6
Psynto: calls $6
*** SHOW DOWN ***
IgKnight212: shows [8c 9d] (a pair of Eights)
Psynto: shows [Qs Qc] (a pair of Queens)
Psynto collected $53.50 from pot
*** SUMMARY ***
Total pot $54 | Rake $0.50
Board [5c Ac 8h Ts 6h]
Seat 2: IgKnight212 (button) (small blind) showed [8c 9d] and lost with a pair of Eights
Seat 4: Psynto (big blind) showed [Qs Qc] and won ($53.50) with a pair of Queens


PokerStars Hand #175585950574:  Hold'em Limit ($3/$6 USD) - 2017/09/13 8:48:30 ET
Table 'Hesperia' 6-max Seat #4 is the button
Seat 2: IgKnight212 ($225.99 in chips)
Seat 4: Psynto ($106.66 in chips)
Psynto: posts small blind $1
IgKnight212: posts big blind $3
*** HOLE CARDS ***
Psynto: raises $3 to $6
IgKnight212: raises $3 to $9
Psynto: calls $3
*** FLOP *** [Jd 5s 2c]
IgKnight212: bets $3
Psynto: calls $3
*** TURN *** [Jd 5s 2c] [Ts]
IgKnight212: bets $6
Psynto: raises $6 to $12
IgKnight212: raises $6 to $18
Psynto: raises $6 to $24
Betting is capped
IgKnight212: calls $6
*** RIVER *** [Jd 5s 2c Ts] [Ks]
IgKnight212: checks
Psynto: bets $6
IgKnight212: calls $6
*** SHOW DOWN ***
Psynto: shows [Th Jc] (two pair, Jacks and Tens)
IgKnight212: mucks hand
Snuffymo joins the table at seat #6
Psynto collected $83.50 from pot
*** SUMMARY ***
Total pot $84 | Rake $0.50
Board [Jd 5s 2c Ts Ks]
Seat 2: IgKnight212 (big blind) mucked
Seat 4: Psynto (button) (small blind) showed [Th Jc] and won ($83.50) with two pair, Jacks and Tens


PokerStars Hand #175586451849:  Hold'em Limit ($3/$6 USD) - 2017/09/13 9:06:25 ET
Table 'Hesperia' 6-max Seat #3 is the button
Seat 3: muzixibei ($156.71 in chips)
Seat 6: Snuffymo ($120.56 in chips)
muzixibei: posts small blind $1
davyyyyyyy: is sitting out
Snuffymo: posts big blind $3
*** HOLE CARDS ***
muzixibei: raises $3 to $6
Snuffymo: calls $3
*** FLOP *** [2c Qh 9c]
Snuffymo: checks
muzixibei: bets $3
Snuffymo: folds
Uncalled bet ($3) returned to muzixibei
muzixibei collected $11.76 from pot
muzixibei: doesn't show hand
*** SUMMARY ***
Total pot $12 | Rake $0.24
Board [2c Qh 9c]
Seat 3: muzixibei (button) (small blind) collected ($11.76)
Seat 6: Snuffymo (big blind) folded on the Flop


