PokerStars Hand #144465892110:  Hold'em Limit ($3/$6 USD) - 2015/11/27 13:09:13 ET
Table 'Hesperia III' 6-max Seat #4 is the button
Seat 3: dinkin91 ($4.82 in chips)
Seat 4: MTails ($148.14 in chips)
MTails: posts small blind $1
dinkin91: posts big blind $3
*** HOLE CARDS ***
MTails: raises $3 to $6
dinkin91: calls $1.82 and is all-in
Uncalled bet ($1.18) returned to MTails
*** FLOP *** [3h Qd 4c]
*** TURN *** [3h Qd 4c] [9d]
*** RIVER *** [3h Qd 4c 9d] [Td]
*** SHOW DOWN ***
dinkin91: shows [Ac 2s] (high card Ace)
MTails: shows [Kd 8h] (high card King)
dinkin91 collected $9.45 from pot
*** SUMMARY ***
Total pot $9.64 | Rake $0.19
Board [3h Qd 4c 9d Td]
Seat 3: dinkin91 (big blind) showed [Ac 2s] and won ($9.45) with high card Ace
Seat 4: MTails (button) (small blind) showed [Kd 8h] and lost with high card King


PokerStars Hand #144465905755:  Hold'em Limit ($3/$6 USD) - 2015/11/27 13:09:30 ET
Table 'Hesperia III' 6-max Seat #3 is the button
Seat 3: dinkin91 ($9.45 in chips)
Seat 4: MTails ($143.32 in chips)
dinkin91: posts small blind $1
MTails: posts big blind $3
*** HOLE CARDS ***
dinkin91: raises $3 to $6
MTails: calls $3
*** FLOP *** [6h Qs 4h]
MTails: checks
dinkin91: bets $3
MTails: raises $3 to $6
dinkin91: calls $0.45 and is all-in
Uncalled bet ($2.55) returned to MTails
*** TURN *** [6h Qs 4h] [Qd]
*** RIVER *** [6h Qs 4h Qd] [8h]
*** SHOW DOWN ***
MTails: shows [3d Qc] (three of a kind, Queens)
dinkin91: shows [Kh Ac] (a pair of Queens)
dinkin91 leaves the table
MTails collected $18.52 from pot
*** SUMMARY ***
Total pot $18.90 | Rake $0.38
Board [6h Qs 4h Qd 8h]
Seat 3: dinkin91 (button) (small blind) showed [Kh Ac] and lost with a pair of Queens
Seat 4: MTails (big blind) showed [3d Qc] and won ($18.52) with three of a kind, Queens


PokerStars Hand #144466676972:  Hold'em Limit ($3/$6 USD) - 2015/11/27 13:24:53 ET
Table 'Hesperia III' 6-max Seat #6 is the button
Seat 1: PelonCabelao ($82.52 in chips)
Seat 6: ROCK2010 ($109 in chips)
ROCK2010: posts small blind $1
PelonCabelao: posts big blind $3
*** HOLE CARDS ***
ROCK2010: calls $2
PelonCabelao: raises $3 to $6
ROCK2010: calls $3
*** FLOP *** [6c Kh Ts]
PelonCabelao: bets $3
ROCK2010: folds
Uncalled bet ($3) returned to PelonCabelao
PelonCabelao collected $11.76 from pot
PelonCabelao: doesn't show hand
*** SUMMARY ***
Total pot $12 | Rake $0.24
Board [6c Kh Ts]
Seat 1: PelonCabelao (big blind) collected ($11.76)
Seat 6: ROCK2010 (button) (small blind) folded on the Flop


PokerStars Hand #144466688071:  Hold'em Limit ($3/$6 USD) - 2015/11/27 13:25:07 ET
Table 'Hesperia III' 6-max Seat #1 is the button
Seat 1: PelonCabelao ($88.28 in chips)
Seat 6: ROCK2010 ($103 in chips)
PelonCabelao: posts small blind $1
ROCK2010: posts big blind $3
*** HOLE CARDS ***
PelonCabelao: raises $3 to $6
Tante Hilda joins the table at seat #3
ROCK2010: calls $3
*** FLOP *** [Kd Th 9d]
ROCK2010: bets $3
PelonCabelao: calls $3
*** TURN *** [Kd Th 9d] [Ts]
ROCK2010: checks
PelonCabelao: bets $6
ValeryRon joins the table at seat #5
ROCK2010: calls $6
*** RIVER *** [Kd Th 9d Ts] [6c]
ROCK2010: checks
PelonCabelao: bets $6
ROCK2010: folds
Uncalled bet ($6) returned to PelonCabelao
PelonCabelao collected $29.50 from pot
PelonCabelao: doesn't show hand
*** SUMMARY ***
Total pot $30 | Rake $0.50
Board [Kd Th 9d Ts 6c]
Seat 1: PelonCabelao (button) (small blind) collected ($29.50)
Seat 6: ROCK2010 (big blind) folded on the River


PokerStars Hand #144466714539:  Hold'em Limit ($3/$6 USD) - 2015/11/27 13:25:38 ET
Table 'Hesperia III' 6-max Seat #6 is the button
Seat 1: PelonCabelao ($102.78 in chips)
Seat 6: ROCK2010 ($88 in chips)
ROCK2010: posts small blind $1
PelonCabelao: posts big blind $3
*** HOLE CARDS ***
ROCK2010: raises $3 to $6
PelonCabelao: raises $3 to $9
ROCK2010: calls $3
*** FLOP *** [Ks 8c 2c]
PelonCabelao: bets $3
ROCK2010: raises $3 to $6
PelonCabelao: calls $3
*** TURN *** [Ks 8c 2c] [8d]
PelonCabelao: checks
ROCK2010: bets $6
PelonCabelao: calls $6
*** RIVER *** [Ks 8c 2c 8d] [6d]
PelonCabelao: checks
ROCK2010: checks
*** SHOW DOWN ***
PelonCabelao: shows [9h 9c] (two pair, Nines and Eights)
ROCK2010: mucks hand
PelonCabelao collected $41.50 from pot
*** SUMMARY ***
Total pot $42 | Rake $0.50
Board [Ks 8c 2c 8d 6d]
Seat 1: PelonCabelao (big blind) showed [9h 9c] and won ($41.50) with two pair, Nines and Eights
Seat 6: ROCK2010 (button) (small blind) mucked


PokerStars Hand #144468931732:  Hold'em Limit ($3/$6 USD) - 2015/11/27 14:10:41 ET
Table 'Hesperia III' 6-max Seat #3 is the button
Seat 2: Philly0813 ($106.41 in chips)
Seat 3: PelonCabelao ($72 in chips)
PelonCabelao: posts small blind $1
Philly0813: posts big blind $3
*** HOLE CARDS ***
PelonCabelao: raises $3 to $6
Philly0813: raises $3 to $9
PelonCabelao: calls $3
*** FLOP *** [Js 2s 2h]
Philly0813: bets $3
PelonCabelao: folds
Uncalled bet ($3) returned to Philly0813
Philly0813 collected $17.64 from pot
Philly0813: doesn't show hand
*** SUMMARY ***
Total pot $18 | Rake $0.36
Board [Js 2s 2h]
Seat 2: Philly0813 (big blind) collected ($17.64)
Seat 3: PelonCabelao (button) (small blind) folded on the Flop


PokerStars Hand #144468955161:  Hold'em Limit ($3/$6 USD) - 2015/11/27 14:11:08 ET
Table 'Hesperia III' 6-max Seat #2 is the button
Seat 2: Philly0813 ($115.05 in chips)
Seat 3: PelonCabelao ($72 in chips)
Philly0813: posts small blind $1
PelonCabelao: posts big blind $3
*** HOLE CARDS ***
Philly0813: raises $3 to $6
PelonCabelao: calls $3
*** FLOP *** [5c 2c 8d]
hairy1961 joins the table at seat #6
PelonCabelao: checks
Philly0813: bets $3
PelonCabelao: calls $3
*** TURN *** [5c 2c 8d] [4s]
PelonCabelao: checks
Philly0813: checks
*** RIVER *** [5c 2c 8d 4s] [7c]
Deichgnorf joins the table at seat #4
PelonCabelao: checks
Philly0813: bets $6
PelonCabelao: calls $6
*** SHOW DOWN ***
Philly0813: shows [4c Ac] (a flush, Ace high)
PelonCabelao: mucks hand
Philly0813 collected $29.50 from pot
*** SUMMARY ***
Total pot $30 | Rake $0.50
Board [5c 2c 8d 4s 7c]
Seat 2: Philly0813 (button) (small blind) showed [4c Ac] and won ($29.50) with a flush, Ace high
Seat 3: PelonCabelao (big blind) mucked


PokerStars Hand #144471566145:  Hold'em Limit ($3/$6 USD) - 2015/11/27 15:01:17 ET
Table 'Hesperia III' 6-max Seat #2 is the button
Seat 2: -25an- ($42.53 in chips)
Seat 3: ValeryRon ($100.76 in chips)
-25an-: posts small blind $1
ValeryRon: posts big blind $3
*** HOLE CARDS ***
-25an-: calls $2
ValeryRon: raises $3 to $6
-25an-: calls $3
*** FLOP *** [5s 9h 9c]
ValeryRon: bets $3
-25an-: calls $3
*** TURN *** [5s 9h 9c] [Jd]
ValeryRon: checks
-25an-: bets $6
ValeryRon: folds
Uncalled bet ($6) returned to -25an-
-25an- collected $17.64 from pot
-25an-: doesn't show hand
*** SUMMARY ***
Total pot $18 | Rake $0.36
Board [5s 9h 9c Jd]
Seat 2: -25an- (button) (small blind) collected ($17.64)
Seat 3: ValeryRon (big blind) folded on the Turn


PokerStars Hand #144471544356:  Hold'em Limit ($3/$6 USD) - 2015/11/27 15:00:50 ET
Table 'Hesperia III' 6-max Seat #2 is the button
Seat 2: -25an- ($47.53 in chips)
Seat 3: ValeryRon ($96 in chips)
-25an-: posts small blind $1
ValeryRon: posts big blind $3
*** HOLE CARDS ***
-25an-: calls $2
ValeryRon: raises $3 to $6
-25an-: calls $3
*** FLOP *** [Js Th Kc]
ValeryRon: bets $3
-25an-: folds
Uncalled bet ($3) returned to ValeryRon
ValeryRon collected $11.76 from pot
*** SUMMARY ***
Total pot $12 | Rake $0.24
Board [Js Th Kc]
Seat 2: -25an- (button) (small blind) folded on the Flop
Seat 3: ValeryRon (big blind) collected ($11.76)


PokerStars Hand #144471560882:  Hold'em Limit ($3/$6 USD) - 2015/11/27 15:01:10 ET
Table 'Hesperia III' 6-max Seat #3 is the button
Seat 2: -25an- ($41.53 in chips)
Seat 3: ValeryRon ($101.76 in chips)
ValeryRon: posts small blind $1
-25an-: posts big blind $3
*** HOLE CARDS ***
SashaYuvelir joins the table at seat #4
ValeryRon: folds
Uncalled bet ($2) returned to -25an-
-25an- collected $2 from pot
-25an-: doesn't show hand
*** SUMMARY ***
Total pot $2 | Rake $0
Seat 2: -25an- (big blind) collected ($2)
Seat 3: ValeryRon (button) (small blind) folded before Flop


PokerStars Hand #144471603431:  Hold'em Limit ($3/$6 USD) - 2015/11/27 15:02:00 ET
Table 'Hesperia III' 6-max Seat #4 is the button
Seat 3: ValeryRon ($97.40 in chips)
Seat 4: SashaYuvelir ($72 in chips)
SashaYuvelir: posts small blind $1
-25an-: is sitting out
ValeryRon: posts big blind $3
*** HOLE CARDS ***
SashaYuvelir: raises $3 to $6
-25an- leaves the table
ValeryRon: calls $3
*** FLOP *** [4s 2h 3c]
ValeryRon: checks
SashaYuvelir: bets $3
ValeryRon: folds
Uncalled bet ($3) returned to SashaYuvelir
SashaYuvelir collected $11.76 from pot
SashaYuvelir: doesn't show hand
*** SUMMARY ***
Total pot $12 | Rake $0.24
Board [4s 2h 3c]
Seat 3: ValeryRon (big blind) folded on the Flop
Seat 4: SashaYuvelir (button) (small blind) collected ($11.76)


