PokerStars Hand #144887876944:  Hold'em Limit ($3/$6 USD) - 2015/12/05 19:46:45 ET
Table 'Hesperia' 2-max Seat #2 is the button
Seat 1: aruhtart ($125.76 in chips)
Seat 2: DoctorGonzo7 ($47.50 in chips)
DoctorGonzo7: posts small blind $1
aruhtart: posts big blind $3
*** HOLE CARDS ***
DoctorGonzo7: folds
Uncalled bet ($2) returned to aruhtart
aruhtart collected $2 from pot
aruhtart: doesn't show hand
*** SUMMARY ***
Total pot $2 | Rake $0
Seat 1: aruhtart (big blind) collected ($2)
Seat 2: DoctorGonzo7 (button) (small blind) folded before Flop


PokerStars Hand #144887871409:  Hold'em Limit ($3/$6 USD) - 2015/12/05 19:46:36 ET
Table 'Hesperia' 2-max Seat #1 is the button
Seat 1: aruhtart ($120 in chips)
Seat 2: DoctorGonzo7 ($53.50 in chips)
aruhtart: posts small blind $1
DoctorGonzo7: posts big blind $3
*** HOLE CARDS ***
aruhtart: raises $3 to $6
DoctorGonzo7: calls $3
*** FLOP *** [Jc Qs 3d]
DoctorGonzo7: checks
aruhtart: bets $3
DoctorGonzo7: folds
Uncalled bet ($3) returned to aruhtart
aruhtart collected $11.76 from pot
aruhtart: doesn't show hand
*** SUMMARY ***
Total pot $12 | Rake $0.24
Board [Jc Qs 3d]
Seat 1: aruhtart (button) (small blind) collected ($11.76)
Seat 2: DoctorGonzo7 (big blind) folded on the Flop


PokerStars Hand #144887879751:  Hold'em Limit ($3/$6 USD) - 2015/12/05 19:46:50 ET
Table 'Hesperia' 2-max Seat #1 is the button
Seat 1: aruhtart ($126.76 in chips)
Seat 2: DoctorGonzo7 ($46.50 in chips)
aruhtart: posts small blind $1
DoctorGonzo7: posts big blind $3
*** HOLE CARDS ***
aruhtart: raises $3 to $6
DoctorGonzo7: calls $3
*** FLOP *** [5s Kh 8d]
DoctorGonzo7: checks
aruhtart: bets $3
DoctorGonzo7: calls $3
*** TURN *** [5s Kh 8d] [Jh]
DoctorGonzo7: checks
aruhtart: checks
*** RIVER *** [5s Kh 8d Jh] [9s]
DoctorGonzo7: checks
aruhtart: bets $6
DoctorGonzo7: folds
Uncalled bet ($6) returned to aruhtart
aruhtart collected $17.64 from pot
aruhtart: doesn't show hand
*** SUMMARY ***
Total pot $18 | Rake $0.36
Board [5s Kh 8d Jh 9s]
Seat 1: aruhtart (button) (small blind) collected ($17.64)
Seat 2: DoctorGonzo7 (big blind) folded on the River


PokerStars Hand #144887890116:  Hold'em Limit ($3/$6 USD) - 2015/12/05 19:47:07 ET
Table 'Hesperia' 2-max Seat #2 is the button
Seat 1: aruhtart ($135.40 in chips)
Seat 2: DoctorGonzo7 ($37.50 in chips)
DoctorGonzo7: posts small blind $1
aruhtart: posts big blind $3
*** HOLE CARDS ***
DoctorGonzo7: folds
Uncalled bet ($2) returned to aruhtart
aruhtart collected $2 from pot
aruhtart: doesn't show hand
*** SUMMARY ***
Total pot $2 | Rake $0
Seat 1: aruhtart (big blind) collected ($2)
Seat 2: DoctorGonzo7 (button) (small blind) folded before Flop


PokerStars Hand #144887900335:  Hold'em Limit ($3/$6 USD) - 2015/12/05 19:47:25 ET
Table 'Hesperia' 2-max Seat #2 is the button
Seat 1: aruhtart ($124.40 in chips)
Seat 2: DoctorGonzo7 ($48.02 in chips)
DoctorGonzo7: posts small blind $1
aruhtart: posts big blind $3
*** HOLE CARDS ***
DoctorGonzo7: raises $3 to $6
aruhtart: calls $3
*** FLOP *** [7d Js Kh]
aruhtart: checks
DoctorGonzo7: bets $3
aruhtart: calls $3
*** TURN *** [7d Js Kh] [Kc]
aruhtart: checks
DoctorGonzo7: checks
*** RIVER *** [7d Js Kh Kc] [Qh]
aruhtart: checks
DoctorGonzo7: bets $6
aruhtart: calls $6
*** SHOW DOWN ***
DoctorGonzo7: shows [9c Th] (a straight, Nine to King)
aruhtart: mucks hand
DoctorGonzo7 collected $29.50 from pot
*** SUMMARY ***
Total pot $30 | Rake $0.50
Board [7d Js Kh Kc Qh]
Seat 1: aruhtart (big blind) mucked
Seat 2: DoctorGonzo7 (button) (small blind) showed [9c Th] and won ($29.50) with a straight, Nine to King


PokerStars Hand #144887909137:  Hold'em Limit ($3/$6 USD) - 2015/12/05 19:47:39 ET
Table 'Hesperia' 2-max Seat #1 is the button
Seat 1: aruhtart ($120 in chips)
Seat 2: DoctorGonzo7 ($62.52 in chips)
aruhtart: posts small blind $1
DoctorGonzo7: posts big blind $3
*** HOLE CARDS ***
aruhtart: raises $3 to $6
DoctorGonzo7: calls $3
*** FLOP *** [6d 5c 7c]
DoctorGonzo7: checks
aruhtart: bets $3
DoctorGonzo7: raises $3 to $6
aruhtart: calls $3
*** TURN *** [6d 5c 7c] [8h]
DoctorGonzo7: bets $6
aruhtart: raises $6 to $12
DoctorGonzo7: calls $6
*** RIVER *** [6d 5c 7c 8h] [Kd]
DoctorGonzo7: checks
aruhtart: bets $6
DoctorGonzo7: calls $6
*** SHOW DOWN ***
aruhtart: shows [Qc 4h] (a straight, Four to Eight)
DoctorGonzo7: mucks hand
aruhtart collected $59.50 from pot
*** SUMMARY ***
Total pot $60 | Rake $0.50
Board [6d 5c 7c 8h Kd]
Seat 1: aruhtart (button) (small blind) showed [Qc 4h] and won ($59.50) with a straight, Four to Eight
Seat 2: DoctorGonzo7 (big blind) mucked


PokerStars Hand #144887921436:  Hold'em Limit ($3/$6 USD) - 2015/12/05 19:48:00 ET
Table 'Hesperia' 2-max Seat #2 is the button
Seat 1: aruhtart ($149.50 in chips)
Seat 2: DoctorGonzo7 ($32.52 in chips)
DoctorGonzo7: posts small blind $1
aruhtart: posts big blind $3
*** HOLE CARDS ***
DoctorGonzo7: raises $3 to $6
aruhtart: calls $3
*** FLOP *** [Js Kh Kd]
aruhtart: checks
DoctorGonzo7: checks
*** TURN *** [Js Kh Kd] [Td]
aruhtart: checks
DoctorGonzo7: checks
*** RIVER *** [Js Kh Kd Td] [2c]
aruhtart: checks
DoctorGonzo7: checks
*** SHOW DOWN ***
aruhtart: shows [Th 4h] (two pair, Kings and Tens)
DoctorGonzo7: mucks hand
aruhtart collected $11.76 from pot
*** SUMMARY ***
Total pot $12 | Rake $0.24
Board [Js Kh Kd Td 2c]
Seat 1: aruhtart (big blind) showed [Th 4h] and won ($11.76) with two pair, Kings and Tens
Seat 2: DoctorGonzo7 (button) (small blind) mucked


PokerStars Hand #144887892761:  Hold'em Limit ($3/$6 USD) - 2015/12/05 19:47:12 ET
Table 'Hesperia' 2-max Seat #1 is the button
Seat 1: aruhtart ($136.40 in chips)
Seat 2: DoctorGonzo7 ($36.50 in chips)
aruhtart: posts small blind $1
DoctorGonzo7: posts big blind $3
*** HOLE CARDS ***
aruhtart: raises $3 to $6
DoctorGonzo7: calls $3
*** FLOP *** [Qc 8h 3d]
DoctorGonzo7: checks
aruhtart: bets $3
DoctorGonzo7: raises $3 to $6
aruhtart: calls $3
*** TURN *** [Qc 8h 3d] [Js]
DoctorGonzo7: bets $6
aruhtart: folds
Uncalled bet ($6) returned to DoctorGonzo7
DoctorGonzo7 collected $23.52 from pot
DoctorGonzo7: doesn't show hand
*** SUMMARY ***
Total pot $24 | Rake $0.48
Board [Qc 8h 3d Js]
Seat 1: aruhtart (button) (small blind) folded on the Turn
Seat 2: DoctorGonzo7 (big blind) collected ($23.52)


PokerStars Hand #144887931150:  Hold'em Limit ($3/$6 USD) - 2015/12/05 19:48:16 ET
Table 'Hesperia' 2-max Seat #1 is the button
Seat 1: aruhtart ($155.26 in chips)
Seat 2: DoctorGonzo7 ($26.52 in chips)
aruhtart: posts small blind $1
DoctorGonzo7: posts big blind $3
*** HOLE CARDS ***
aruhtart: raises $3 to $6
DoctorGonzo7: raises $3 to $9
aruhtart: calls $3
*** FLOP *** [8c 9c 8d]
DoctorGonzo7: bets $3
aruhtart: calls $3
*** TURN *** [8c 9c 8d] [8h]
DoctorGonzo7: bets $6
aruhtart: calls $6
*** RIVER *** [8c 9c 8d 8h] [3d]
DoctorGonzo7: bets $6
aruhtart: folds
Uncalled bet ($6) returned to DoctorGonzo7
DoctorGonzo7 collected $35.50 from pot
DoctorGonzo7: doesn't show hand
*** SUMMARY ***
Total pot $36 | Rake $0.50
Board [8c 9c 8d 8h 3d]
Seat 1: aruhtart (button) (small blind) folded on the River
Seat 2: DoctorGonzo7 (big blind) collected ($35.50)


PokerStars Hand #144887953183:  Hold'em Limit ($3/$6 USD) - 2015/12/05 19:48:53 ET
Table 'Hesperia' 2-max Seat #1 is the button
Seat 1: aruhtart ($120 in chips)
Seat 2: DoctorGonzo7 ($82.52 in chips)
aruhtart: posts small blind $1
DoctorGonzo7: posts big blind $3
*** HOLE CARDS ***
aruhtart: folds
Uncalled bet ($2) returned to DoctorGonzo7
DoctorGonzo7 collected $2 from pot
DoctorGonzo7: doesn't show hand
*** SUMMARY ***
Total pot $2 | Rake $0
Seat 1: aruhtart (button) (small blind) folded before Flop
Seat 2: DoctorGonzo7 (big blind) collected ($2)


PokerStars Hand #144887940021:  Hold'em Limit ($3/$6 USD) - 2015/12/05 19:48:31 ET
Table 'Hesperia' 2-max Seat #2 is the button
Seat 1: aruhtart ($137.26 in chips)
Seat 2: DoctorGonzo7 ($44.02 in chips)
DoctorGonzo7: posts small blind $1
aruhtart: posts big blind $3
*** HOLE CARDS ***
DoctorGonzo7: raises $3 to $6
aruhtart: calls $3
*** FLOP *** [7h 8h 9c]
aruhtart: checks
DoctorGonzo7: bets $3
aruhtart: calls $3
*** TURN *** [7h 8h 9c] [6h]
aruhtart: checks
DoctorGonzo7: bets $6
aruhtart: calls $6
*** RIVER *** [7h 8h 9c 6h] [9h]
aruhtart: bets $6
DoctorGonzo7: raises $6 to $12
aruhtart: raises $6 to $18
DoctorGonzo7: raises $6 to $24
Betting is capped
aruhtart: calls $6
*** SHOW DOWN ***
DoctorGonzo7: shows [6c 6d] (a full house, Sixes full of Nines)
aruhtart: mucks hand
DoctorGonzo7 collected $77.50 from pot
*** SUMMARY ***
Total pot $78 | Rake $0.50
Board [7h 8h 9c 6h 9h]
Seat 1: aruhtart (big blind) mucked
Seat 2: DoctorGonzo7 (button) (small blind) showed [6c 6d] and won ($77.50) with a full house, Sixes full of Nines


PokerStars Hand #144887956021:  Hold'em Limit ($3/$6 USD) - 2015/12/05 19:48:58 ET
Table 'Hesperia' 2-max Seat #2 is the button
Seat 1: aruhtart ($120 in chips)
Seat 2: DoctorGonzo7 ($83.52 in chips)
DoctorGonzo7: posts small blind $1
aruhtart: posts big blind $3
*** HOLE CARDS ***
DoctorGonzo7: raises $3 to $6
aruhtart: folds
Uncalled bet ($3) returned to DoctorGonzo7
DoctorGonzo7 collected $6 from pot
DoctorGonzo7: doesn't show hand
*** SUMMARY ***
Total pot $6 | Rake $0
Seat 1: aruhtart (big blind) folded before Flop
Seat 2: DoctorGonzo7 (button) (small blind) collected ($6)


PokerStars Hand #144887975998:  Hold'em Limit ($3/$6 USD) - 2015/12/05 19:49:31 ET
Table 'Hesperia' 2-max Seat #2 is the button
Seat 1: aruhtart ($143.50 in chips)
Seat 2: DoctorGonzo7 ($62.52 in chips)
DoctorGonzo7: posts small blind $1
aruhtart: posts big blind $3
*** HOLE CARDS ***
DoctorGonzo7: folds
Uncalled bet ($2) returned to aruhtart
aruhtart collected $2 from pot
aruhtart: doesn't show hand
*** SUMMARY ***
Total pot $2 | Rake $0
Seat 1: aruhtart (big blind) collected ($2)
Seat 2: DoctorGonzo7 (button) (small blind) folded before Flop


PokerStars Hand #144887972998:  Hold'em Limit ($3/$6 USD) - 2015/12/05 19:49:27 ET
Table 'Hesperia' 2-max Seat #1 is the button
Seat 1: aruhtart ($144.50 in chips)
Seat 2: DoctorGonzo7 ($61.52 in chips)
aruhtart: posts small blind $1
DoctorGonzo7: posts big blind $3
*** HOLE CARDS ***
aruhtart: folds
Uncalled bet ($2) returned to DoctorGonzo7
DoctorGonzo7 collected $2 from pot
DoctorGonzo7: doesn't show hand
*** SUMMARY ***
Total pot $2 | Rake $0
Seat 1: aruhtart (button) (small blind) folded before Flop
Seat 2: DoctorGonzo7 (big blind) collected ($2)


PokerStars Hand #144887978630:  Hold'em Limit ($3/$6 USD) - 2015/12/05 19:49:36 ET
Table 'Hesperia' 2-max Seat #1 is the button
Seat 1: aruhtart ($144.50 in chips)
Seat 2: DoctorGonzo7 ($61.52 in chips)
aruhtart: posts small blind $1
DoctorGonzo7: posts big blind $3
*** HOLE CARDS ***
aruhtart: raises $3 to $6
DoctorGonzo7: calls $3
*** FLOP *** [Qd 5d Jc]
DoctorGonzo7: checks
aruhtart: bets $3
DoctorGonzo7: calls $3
*** TURN *** [Qd 5d Jc] [Kc]
DoctorGonzo7: checks
aruhtart: bets $6
DoctorGonzo7: folds
Uncalled bet ($6) returned to aruhtart
aruhtart collected $17.64 from pot
aruhtart: doesn't show hand
*** SUMMARY ***
Total pot $18 | Rake $0.36
Board [Qd 5d Jc Kc]
Seat 1: aruhtart (button) (small blind) collected ($17.64)
Seat 2: DoctorGonzo7 (big blind) folded on the Turn


PokerStars Hand #144887985620:  Hold'em Limit ($3/$6 USD) - 2015/12/05 19:49:48 ET
Table 'Hesperia' 2-max Seat #2 is the button
Seat 1: aruhtart ($153.14 in chips)
Seat 2: DoctorGonzo7 ($52.52 in chips)
DoctorGonzo7: posts small blind $1
aruhtart: posts big blind $3
*** HOLE CARDS ***
DoctorGonzo7: folds
Uncalled bet ($2) returned to aruhtart
aruhtart collected $2 from pot
aruhtart: doesn't show hand
*** SUMMARY ***
Total pot $2 | Rake $0
Seat 1: aruhtart (big blind) collected ($2)
Seat 2: DoctorGonzo7 (button) (small blind) folded before Flop


PokerStars Hand #144887994676:  Hold'em Limit ($3/$6 USD) - 2015/12/05 19:50:03 ET
Table 'Hesperia' 2-max Seat #2 is the button
Seat 1: aruhtart ($148.14 in chips)
Seat 2: DoctorGonzo7 ($57.28 in chips)
DoctorGonzo7: posts small blind $1
aruhtart: posts big blind $3
*** HOLE CARDS ***
DoctorGonzo7: folds
Uncalled bet ($2) returned to aruhtart
aruhtart collected $2 from pot
aruhtart: doesn't show hand
*** SUMMARY ***
Total pot $2 | Rake $0
Seat 1: aruhtart (big blind) collected ($2)
Seat 2: DoctorGonzo7 (button) (small blind) folded before Flop


PokerStars Hand #144887988530:  Hold'em Limit ($3/$6 USD) - 2015/12/05 19:49:53 ET
Table 'Hesperia' 2-max Seat #1 is the button
Seat 1: aruhtart ($154.14 in chips)
Seat 2: DoctorGonzo7 ($51.52 in chips)
aruhtart: posts small blind $1
DoctorGonzo7: posts big blind $3
*** HOLE CARDS ***
aruhtart: raises $3 to $6
DoctorGonzo7: calls $3
*** FLOP *** [Qd Tc Jd]
DoctorGonzo7: checks
aruhtart: checks
*** TURN *** [Qd Tc Jd] [8h]
DoctorGonzo7: bets $6
aruhtart: folds
Uncalled bet ($6) returned to DoctorGonzo7
DoctorGonzo7 collected $11.76 from pot
DoctorGonzo7: doesn't show hand
*** SUMMARY ***
Total pot $12 | Rake $0.24
Board [Qd Tc Jd 8h]
Seat 1: aruhtart (button) (small blind) folded on the Turn
Seat 2: DoctorGonzo7 (big blind) collected ($11.76)


PokerStars Hand #144887970224:  Hold'em Limit ($3/$6 USD) - 2015/12/05 19:49:22 ET
Table 'Hesperia' 2-max Seat #2 is the button
Seat 1: aruhtart ($143.50 in chips)
Seat 2: DoctorGonzo7 ($62.52 in chips)
DoctorGonzo7: posts small blind $1
aruhtart: posts big blind $3
*** HOLE CARDS ***
DoctorGonzo7: folds
Uncalled bet ($2) returned to aruhtart
aruhtart collected $2 from pot
aruhtart: doesn't show hand
*** SUMMARY ***
Total pot $2 | Rake $0
Seat 1: aruhtart (big blind) collected ($2)
Seat 2: DoctorGonzo7 (button) (small blind) folded before Flop


PokerStars Hand #144887958853:  Hold'em Limit ($3/$6 USD) - 2015/12/05 19:49:03 ET
Table 'Hesperia' 2-max Seat #1 is the button
Seat 1: aruhtart ($120 in chips)
Seat 2: DoctorGonzo7 ($86.52 in chips)
aruhtart: posts small blind $1
DoctorGonzo7: posts big blind $3
*** HOLE CARDS ***
aruhtart: raises $3 to $6
DoctorGonzo7: calls $3
*** FLOP *** [Jd 8h As]
DoctorGonzo7: checks
aruhtart: bets $3
DoctorGonzo7: raises $3 to $6
aruhtart: calls $3
*** TURN *** [Jd 8h As] [6c]
DoctorGonzo7: bets $6
aruhtart: calls $6
*** RIVER *** [Jd 8h As 6c] [Qd]
DoctorGonzo7: checks
aruhtart: bets $6
DoctorGonzo7: calls $6
*** SHOW DOWN ***
aruhtart: shows [Kd Ts] (a straight, Ten to Ace)
DoctorGonzo7: mucks hand
aruhtart collected $47.50 from pot
*** SUMMARY ***
Total pot $48 | Rake $0.50
Board [Jd 8h As 6c Qd]
Seat 1: aruhtart (button) (small blind) showed [Kd Ts] and won ($47.50) with a straight, Ten to Ace
Seat 2: DoctorGonzo7 (big blind) mucked


PokerStars Hand #144888009934:  Hold'em Limit ($3/$6 USD) - 2015/12/05 19:50:29 ET
Table 'Hesperia' 2-max Seat #1 is the button
Seat 1: aruhtart ($173.64 in chips)
Seat 2: DoctorGonzo7 ($31.28 in chips)
aruhtart: posts small blind $1
DoctorGonzo7: posts big blind $3
*** HOLE CARDS ***
aruhtart: raises $3 to $6
DoctorGonzo7: calls $3
*** FLOP *** [Qd 9h 8c]
DoctorGonzo7: checks
aruhtart: checks
*** TURN *** [Qd 9h 8c] [5c]
DoctorGonzo7: checks
aruhtart: bets $6
DoctorGonzo7: calls $6
*** RIVER *** [Qd 9h 8c 5c] [2d]
DoctorGonzo7: checks
aruhtart: bets $6
DoctorGonzo7: calls $6
*** SHOW DOWN ***
aruhtart: shows [Ad 8d] (a pair of Eights)
DoctorGonzo7: mucks hand
aruhtart collected $35.50 from pot
*** SUMMARY ***
Total pot $36 | Rake $0.50
Board [Qd 9h 8c 5c 2d]
Seat 1: aruhtart (button) (small blind) showed [Ad 8d] and won ($35.50) with a pair of Eights
Seat 2: DoctorGonzo7 (big blind) mucked


PokerStars Hand #144888019259:  Hold'em Limit ($3/$6 USD) - 2015/12/05 19:50:44 ET
Table 'Hesperia' 2-max Seat #2 is the button
Seat 1: aruhtart ($191.14 in chips)
Seat 2: DoctorGonzo7 ($13.28 in chips)
DoctorGonzo7: posts small blind $1
aruhtart: posts big blind $3
*** HOLE CARDS ***
DoctorGonzo7: raises $3 to $6
aruhtart: calls $3
*** FLOP *** [7h 7s 5h]
aruhtart: checks
DoctorGonzo7: bets $3
aruhtart: raises $3 to $6
DoctorGonzo7: raises $1.28 to $7.28 and is all-in
aruhtart: calls $1.28
*** TURN *** [7h 7s 5h] [8d]
*** RIVER *** [7h 7s 5h 8d] [Jc]
*** SHOW DOWN ***
aruhtart: shows [Kh 6c] (a pair of Sevens)
DoctorGonzo7: shows [Ad 7d] (three of a kind, Sevens)
DoctorGonzo7 collected $26.06 from pot
*** SUMMARY ***
Total pot $26.56 | Rake $0.50
Board [7h 7s 5h 8d Jc]
Seat 1: aruhtart (big blind) showed [Kh 6c] and lost with a pair of Sevens
Seat 2: DoctorGonzo7 (button) (small blind) showed [Ad 7d] and won ($26.06) with three of a kind, Sevens


PokerStars Hand #144888031462:  Hold'em Limit ($3/$6 USD) - 2015/12/05 19:51:05 ET
Table 'Hesperia' 2-max Seat #2 is the button
Seat 1: aruhtart ($180.86 in chips)
Seat 2: DoctorGonzo7 ($23.06 in chips)
DoctorGonzo7: posts small blind $1
aruhtart: posts big blind $3
*** HOLE CARDS ***
DoctorGonzo7: folds
Uncalled bet ($2) returned to aruhtart
aruhtart collected $2 from pot
aruhtart: doesn't show hand
*** SUMMARY ***
Total pot $2 | Rake $0
Seat 1: aruhtart (big blind) collected ($2)
Seat 2: DoctorGonzo7 (button) (small blind) folded before Flop


PokerStars Hand #144888028228:  Hold'em Limit ($3/$6 USD) - 2015/12/05 19:50:59 ET
Table 'Hesperia' 2-max Seat #1 is the button
Seat 1: aruhtart ($177.86 in chips)
Seat 2: DoctorGonzo7 ($26.06 in chips)
aruhtart: posts small blind $1
DoctorGonzo7: posts big blind $3
*** HOLE CARDS ***
aruhtart: raises $3 to $6
DoctorGonzo7: folds
Uncalled bet ($3) returned to aruhtart
aruhtart collected $6 from pot
aruhtart: doesn't show hand
*** SUMMARY ***
Total pot $6 | Rake $0
Seat 1: aruhtart (button) (small blind) collected ($6)
Seat 2: DoctorGonzo7 (big blind) folded before Flop


PokerStars Hand #144888007387:  Hold'em Limit ($3/$6 USD) - 2015/12/05 19:50:24 ET
Table 'Hesperia' 2-max Seat #2 is the button
Seat 1: aruhtart ($172.64 in chips)
Seat 2: DoctorGonzo7 ($32.28 in chips)
DoctorGonzo7: posts small blind $1
aruhtart: posts big blind $3
*** HOLE CARDS ***
DoctorGonzo7: folds
Uncalled bet ($2) returned to aruhtart
aruhtart collected $2 from pot
aruhtart: doesn't show hand
*** SUMMARY ***
Total pot $2 | Rake $0
Seat 1: aruhtart (big blind) collected ($2)
Seat 2: DoctorGonzo7 (button) (small blind) folded before Flop


PokerStars Hand #144887997398:  Hold'em Limit ($3/$6 USD) - 2015/12/05 19:50:08 ET
Table 'Hesperia' 2-max Seat #1 is the button
Seat 1: aruhtart ($149.14 in chips)
Seat 2: DoctorGonzo7 ($56.28 in chips)
aruhtart: posts small blind $1
DoctorGonzo7: posts big blind $3
*** HOLE CARDS ***
aruhtart: raises $3 to $6
DoctorGonzo7: calls $3
*** FLOP *** [Ad 4d 5s]
DoctorGonzo7: checks
aruhtart: bets $3
DoctorGonzo7: raises $3 to $6
aruhtart: calls $3
*** TURN *** [Ad 4d 5s] [4s]
DoctorGonzo7: bets $6
aruhtart: raises $6 to $12
DoctorGonzo7: calls $6
*** RIVER *** [Ad 4d 5s 4s] [Jh]
DoctorGonzo7: checks
aruhtart: bets $6
DoctorGonzo7: folds
Uncalled bet ($6) returned to aruhtart
aruhtart collected $47.50 from pot
aruhtart: doesn't show hand
*** SUMMARY ***
Total pot $48 | Rake $0.50
Board [Ad 4d 5s 4s Jh]
Seat 1: aruhtart (button) (small blind) collected ($47.50)
Seat 2: DoctorGonzo7 (big blind) folded on the River


PokerStars Hand #144888056628:  Hold'em Limit ($3/$6 USD) - 2015/12/05 19:51:47 ET
Table 'Hesperia' 2-max Seat #1 is the button
Seat 1: aruhtart ($170.44 in chips)
Seat 2: DoctorGonzo7 ($32.62 in chips)
aruhtart: posts small blind $1
DoctorGonzo7: posts big blind $3
*** HOLE CARDS ***
aruhtart: folds
Uncalled bet ($2) returned to DoctorGonzo7
DoctorGonzo7 collected $2 from pot
DoctorGonzo7: doesn't show hand
*** SUMMARY ***
Total pot $2 | Rake $0
Seat 1: aruhtart (button) (small blind) folded before Flop
Seat 2: DoctorGonzo7 (big blind) collected ($2)


PokerStars Hand #144888053943:  Hold'em Limit ($3/$6 USD) - 2015/12/05 19:51:42 ET
Table 'Hesperia' 2-max Seat #2 is the button
Seat 1: aruhtart ($169.44 in chips)
Seat 2: DoctorGonzo7 ($33.62 in chips)
DoctorGonzo7: posts small blind $1
aruhtart: posts big blind $3
*** HOLE CARDS ***
DoctorGonzo7: folds
Uncalled bet ($2) returned to aruhtart
aruhtart collected $2 from pot
aruhtart: doesn't show hand
*** SUMMARY ***
Total pot $2 | Rake $0
Seat 1: aruhtart (big blind) collected ($2)
Seat 2: DoctorGonzo7 (button) (small blind) folded before Flop


PokerStars Hand #144888046738:  Hold'em Limit ($3/$6 USD) - 2015/12/05 19:51:30 ET
Table 'Hesperia' 2-max Seat #1 is the button
Seat 1: aruhtart ($160.80 in chips)
Seat 2: DoctorGonzo7 ($42.62 in chips)
aruhtart: posts small blind $1
DoctorGonzo7: posts big blind $3
*** HOLE CARDS ***
aruhtart: raises $3 to $6
DoctorGonzo7: calls $3
*** FLOP *** [2h Kh 7h]
DoctorGonzo7: checks
aruhtart: bets $3
DoctorGonzo7: calls $3
*** TURN *** [2h Kh 7h] [Qs]
DoctorGonzo7: checks
aruhtart: bets $6
DoctorGonzo7: folds
Uncalled bet ($6) returned to aruhtart
aruhtart collected $17.64 from pot
aruhtart: doesn't show hand
*** SUMMARY ***
Total pot $18 | Rake $0.36
Board [2h Kh 7h Qs]
Seat 1: aruhtart (button) (small blind) collected ($17.64)
Seat 2: DoctorGonzo7 (big blind) folded on the Turn


PokerStars Hand #144888059386:  Hold'em Limit ($3/$6 USD) - 2015/12/05 19:51:52 ET
Table 'Hesperia' 2-max Seat #2 is the button
Seat 1: aruhtart ($169.44 in chips)
Seat 2: DoctorGonzo7 ($33.62 in chips)
DoctorGonzo7: posts small blind $1
aruhtart: posts big blind $3
*** HOLE CARDS ***
DoctorGonzo7: folds
Uncalled bet ($2) returned to aruhtart
aruhtart collected $2 from pot
aruhtart: doesn't show hand
*** SUMMARY ***
Total pot $2 | Rake $0
Seat 1: aruhtart (big blind) collected ($2)
Seat 2: DoctorGonzo7 (button) (small blind) folded before Flop


PokerStars Hand #144888062089:  Hold'em Limit ($3/$6 USD) - 2015/12/05 19:51:56 ET
Table 'Hesperia' 2-max Seat #1 is the button
Seat 1: aruhtart ($170.44 in chips)
Seat 2: DoctorGonzo7 ($32.62 in chips)
aruhtart: posts small blind $1
DoctorGonzo7: posts big blind $3
*** HOLE CARDS ***
aruhtart: raises $3 to $6
DoctorGonzo7: calls $3
*** FLOP *** [3s 7c Kc]
DoctorGonzo7: checks
aruhtart: bets $3
DoctorGonzo7: calls $3
*** TURN *** [3s 7c Kc] [6d]
DoctorGonzo7: checks
aruhtart: checks
*** RIVER *** [3s 7c Kc 6d] [Qc]
DoctorGonzo7: checks
aruhtart: checks
*** SHOW DOWN ***
DoctorGonzo7: shows [Jd 3c] (a pair of Threes)
aruhtart: mucks hand
DoctorGonzo7 collected $17.64 from pot
*** SUMMARY ***
Total pot $18 | Rake $0.36
Board [3s 7c Kc 6d Qc]
Seat 1: aruhtart (button) (small blind) mucked
Seat 2: DoctorGonzo7 (big blind) showed [Jd 3c] and won ($17.64) with a pair of Threes


PokerStars Hand #144888043974:  Hold'em Limit ($3/$6 USD) - 2015/12/05 19:51:26 ET
Table 'Hesperia' 2-max Seat #2 is the button
Seat 1: aruhtart ($159.80 in chips)
Seat 2: DoctorGonzo7 ($43.62 in chips)
DoctorGonzo7: posts small blind $1
aruhtart: posts big blind $3
*** HOLE CARDS ***
DoctorGonzo7: folds
Uncalled bet ($2) returned to aruhtart
aruhtart collected $2 from pot
aruhtart: doesn't show hand
*** SUMMARY ***
Total pot $2 | Rake $0
Seat 1: aruhtart (big blind) collected ($2)
Seat 2: DoctorGonzo7 (button) (small blind) folded before Flop


PokerStars Hand #144888034083:  Hold'em Limit ($3/$6 USD) - 2015/12/05 19:51:09 ET
Table 'Hesperia' 2-max Seat #1 is the button
Seat 1: aruhtart ($181.86 in chips)
Seat 2: DoctorGonzo7 ($22.06 in chips)
aruhtart: posts small blind $1
DoctorGonzo7: posts big blind $3
*** HOLE CARDS ***
aruhtart: raises $3 to $6
DoctorGonzo7: raises $3 to $9
aruhtart: calls $3
*** FLOP *** [6s 8s 3d]
DoctorGonzo7: bets $3
aruhtart: raises $3 to $6
DoctorGonzo7: raises $3 to $9
aruhtart: calls $3
*** TURN *** [6s 8s 3d] [4c]
DoctorGonzo7: bets $4.06 and is all-in
aruhtart: calls $4.06
*** RIVER *** [6s 8s 3d 4c] [Jh]
*** SHOW DOWN ***
DoctorGonzo7: shows [6h Ad] (a pair of Sixes)
aruhtart: shows [As 9s] (high card Ace)
DoctorGonzo7 collected $43.62 from pot
*** SUMMARY ***
Total pot $44.12 | Rake $0.50
Board [6s 8s 3d 4c Jh]
Seat 1: aruhtart (button) (small blind) showed [As 9s] and lost with high card Ace
Seat 2: DoctorGonzo7 (big blind) showed [6h Ad] and won ($43.62) with a pair of Sixes


PokerStars Hand #144888080863:  Hold'em Limit ($3/$6 USD) - 2015/12/05 19:52:28 ET
Table 'Hesperia' 2-max Seat #1 is the button
Seat 1: aruhtart ($140.44 in chips)
Seat 2: DoctorGonzo7 ($61.76 in chips)
aruhtart: posts small blind $1
DoctorGonzo7: posts big blind $3
*** HOLE CARDS ***
aruhtart: raises $3 to $6
DoctorGonzo7: calls $3
*** FLOP *** [6c Kh Ad]
DoctorGonzo7: checks
aruhtart: bets $3
DoctorGonzo7: calls $3
*** TURN *** [6c Kh Ad] [Kc]
DoctorGonzo7: checks
aruhtart: checks
*** RIVER *** [6c Kh Ad Kc] [Qc]
DoctorGonzo7: checks
aruhtart: checks
*** SHOW DOWN ***
DoctorGonzo7: shows [Kd 7h] (three of a kind, Kings)
aruhtart: mucks hand
DoctorGonzo7 collected $17.64 from pot
*** SUMMARY ***
Total pot $18 | Rake $0.36
Board [6c Kh Ad Kc Qc]
Seat 1: aruhtart (button) (small blind) mucked
Seat 2: DoctorGonzo7 (big blind) showed [Kd 7h] and won ($17.64) with three of a kind, Kings


PokerStars Hand #144888088747:  Hold'em Limit ($3/$6 USD) - 2015/12/05 19:52:41 ET
Table 'Hesperia' 2-max Seat #2 is the button
Seat 1: aruhtart ($131.44 in chips)
Seat 2: DoctorGonzo7 ($70.40 in chips)
DoctorGonzo7: posts small blind $1
aruhtart: posts big blind $3
*** HOLE CARDS ***
DoctorGonzo7: raises $3 to $6
aruhtart: calls $3
*** FLOP *** [Ts Ac Td]
aruhtart: checks
DoctorGonzo7: bets $3
aruhtart: folds
Uncalled bet ($3) returned to DoctorGonzo7
DoctorGonzo7 collected $11.76 from pot
DoctorGonzo7: doesn't show hand
*** SUMMARY ***
Total pot $12 | Rake $0.24
Board [Ts Ac Td]
Seat 1: aruhtart (big blind) folded on the Flop
Seat 2: DoctorGonzo7 (button) (small blind) collected ($11.76)


PokerStars Hand #144888101829:  Hold'em Limit ($3/$6 USD) - 2015/12/05 19:53:04 ET
Table 'Hesperia' 2-max Seat #2 is the button
Seat 1: aruhtart ($120 in chips)
Seat 2: DoctorGonzo7 ($90.66 in chips)
DoctorGonzo7: posts small blind $1
aruhtart: posts big blind $3
*** HOLE CARDS ***
DoctorGonzo7: folds
Uncalled bet ($2) returned to aruhtart
aruhtart collected $2 from pot
aruhtart: doesn't show hand
*** SUMMARY ***
Total pot $2 | Rake $0
Seat 1: aruhtart (big blind) collected ($2)
Seat 2: DoctorGonzo7 (button) (small blind) folded before Flop


PokerStars Hand #144888093707:  Hold'em Limit ($3/$6 USD) - 2015/12/05 19:52:50 ET
Table 'Hesperia' 2-max Seat #1 is the button
Seat 1: aruhtart ($125.44 in chips)
Seat 2: DoctorGonzo7 ($76.16 in chips)
aruhtart: posts small blind $1
DoctorGonzo7: posts big blind $3
*** HOLE CARDS ***
aruhtart: raises $3 to $6
DoctorGonzo7: calls $3
*** FLOP *** [3d 9c Ks]
DoctorGonzo7: checks
aruhtart: bets $3
DoctorGonzo7: calls $3
*** TURN *** [3d 9c Ks] [5c]
DoctorGonzo7: checks
aruhtart: bets $6
DoctorGonzo7: calls $6
*** RIVER *** [3d 9c Ks 5c] [4c]
DoctorGonzo7: checks
aruhtart: checks
*** SHOW DOWN ***
DoctorGonzo7: shows [Js 9h] (a pair of Nines)
aruhtart: mucks hand
DoctorGonzo7 collected $29.50 from pot
*** SUMMARY ***
Total pot $30 | Rake $0.50
Board [3d 9c Ks 5c 4c]
Seat 1: aruhtart (button) (small blind) mucked
Seat 2: DoctorGonzo7 (big blind) showed [Js 9h] and won ($29.50) with a pair of Nines


PokerStars Hand #144888070810:  Hold'em Limit ($3/$6 USD) - 2015/12/05 19:52:11 ET
Table 'Hesperia' 2-max Seat #2 is the button
Seat 1: aruhtart ($161.44 in chips)
Seat 2: DoctorGonzo7 ($41.26 in chips)
DoctorGonzo7: posts small blind $1
aruhtart: posts big blind $3
*** HOLE CARDS ***
DoctorGonzo7: raises $3 to $6
aruhtart: calls $3
*** FLOP *** [4s 3s 9h]
aruhtart: checks
DoctorGonzo7: bets $3
aruhtart: calls $3
*** TURN *** [4s 3s 9h] [3h]
aruhtart: checks
DoctorGonzo7: bets $6
aruhtart: calls $6
*** RIVER *** [4s 3s 9h 3h] [Jh]
aruhtart: checks
DoctorGonzo7: bets $6
aruhtart: calls $6
*** SHOW DOWN ***
DoctorGonzo7: shows [9c Th] (two pair, Nines and Threes)
aruhtart: mucks hand
DoctorGonzo7 collected $41.50 from pot
*** SUMMARY ***
Total pot $42 | Rake $0.50
Board [4s 3s 9h 3h Jh]
Seat 1: aruhtart (big blind) mucked
Seat 2: DoctorGonzo7 (button) (small blind) showed [9c Th] and won ($41.50) with two pair, Nines and Threes


PokerStars Hand #144888117135:  Hold'em Limit ($3/$6 USD) - 2015/12/05 19:53:30 ET
Table 'Hesperia' 2-max Seat #1 is the button
Seat 1: aruhtart ($154.50 in chips)
Seat 2: DoctorGonzo7 ($55.66 in chips)
aruhtart: posts small blind $1
DoctorGonzo7: posts big blind $3
*** HOLE CARDS ***
aruhtart: folds
Uncalled bet ($2) returned to DoctorGonzo7
DoctorGonzo7 collected $2 from pot
DoctorGonzo7: doesn't show hand
*** SUMMARY ***
Total pot $2 | Rake $0
Seat 1: aruhtart (button) (small blind) folded before Flop
Seat 2: DoctorGonzo7 (big blind) collected ($2)


PokerStars Hand #144888119897:  Hold'em Limit ($3/$6 USD) - 2015/12/05 19:53:34 ET
Table 'Hesperia' 2-max Seat #2 is the button
Seat 1: aruhtart ($153.50 in chips)
Seat 2: DoctorGonzo7 ($56.66 in chips)
DoctorGonzo7: posts small blind $1
aruhtart: posts big blind $3
*** HOLE CARDS ***
DoctorGonzo7: raises $3 to $6
aruhtart: calls $3
*** FLOP *** [4d 5s 6c]
aruhtart: checks
DoctorGonzo7: checks
*** TURN *** [4d 5s 6c] [3d]
aruhtart: bets $6
DoctorGonzo7: folds
Uncalled bet ($6) returned to aruhtart
aruhtart collected $11.76 from pot
aruhtart: doesn't show hand
*** SUMMARY ***
Total pot $12 | Rake $0.24
Board [4d 5s 6c 3d]
Seat 1: aruhtart (big blind) collected ($11.76)
Seat 2: DoctorGonzo7 (button) (small blind) folded on the Turn


PokerStars Hand #144888126492:  Hold'em Limit ($3/$6 USD) - 2015/12/05 19:53:46 ET
Table 'Hesperia' 2-max Seat #1 is the button
Seat 1: aruhtart ($159.26 in chips)
Seat 2: DoctorGonzo7 ($50.66 in chips)
aruhtart: posts small blind $1
DoctorGonzo7: posts big blind $3
*** HOLE CARDS ***
aruhtart: raises $3 to $6
DoctorGonzo7: calls $3
*** FLOP *** [9d Ks Jd]
DoctorGonzo7: checks
aruhtart: checks
*** TURN *** [9d Ks Jd] [Ah]
DoctorGonzo7: checks
aruhtart: checks
*** RIVER *** [9d Ks Jd Ah] [4h]
DoctorGonzo7: bets $6
aruhtart: calls $6
*** SHOW DOWN ***
DoctorGonzo7: shows [6c Kd] (a pair of Kings)
aruhtart: mucks hand
DoctorGonzo7 collected $23.52 from pot
*** SUMMARY ***
Total pot $24 | Rake $0.48
Board [9d Ks Jd Ah 4h]
Seat 1: aruhtart (button) (small blind) mucked
Seat 2: DoctorGonzo7 (big blind) showed [6c Kd] and won ($23.52) with a pair of Kings


PokerStars Hand #144888145468:  Hold'em Limit ($3/$6 USD) - 2015/12/05 19:54:18 ET
Table 'Hesperia' 2-max Seat #2 is the button
Seat 1: aruhtart ($131.26 in chips)
Seat 2: DoctorGonzo7 ($77.68 in chips)
DoctorGonzo7: posts small blind $1
aruhtart: posts big blind $3
*** HOLE CARDS ***
DoctorGonzo7: folds
Uncalled bet ($2) returned to aruhtart
aruhtart collected $2 from pot
aruhtart: doesn't show hand
*** SUMMARY ***
Total pot $2 | Rake $0
Seat 1: aruhtart (big blind) collected ($2)
Seat 2: DoctorGonzo7 (button) (small blind) folded before Flop


PokerStars Hand #144888142806:  Hold'em Limit ($3/$6 USD) - 2015/12/05 19:54:14 ET
Table 'Hesperia' 2-max Seat #1 is the button
Seat 1: aruhtart ($132.26 in chips)
Seat 2: DoctorGonzo7 ($76.68 in chips)
aruhtart: posts small blind $1
DoctorGonzo7: posts big blind $3
*** HOLE CARDS ***
aruhtart: folds
Uncalled bet ($2) returned to DoctorGonzo7
DoctorGonzo7 collected $2 from pot
DoctorGonzo7: doesn't show hand
*** SUMMARY ***
Total pot $2 | Rake $0
Seat 1: aruhtart (button) (small blind) folded before Flop
Seat 2: DoctorGonzo7 (big blind) collected ($2)


PokerStars Hand #144888134142:  Hold'em Limit ($3/$6 USD) - 2015/12/05 19:53:59 ET
Table 'Hesperia' 2-max Seat #2 is the button
Seat 1: aruhtart ($147.26 in chips)
Seat 2: DoctorGonzo7 ($62.18 in chips)
DoctorGonzo7: posts small blind $1
aruhtart: posts big blind $3
*** HOLE CARDS ***
DoctorGonzo7: raises $3 to $6
aruhtart: calls $3
*** FLOP *** [Kh 5d 7d]
aruhtart: checks
DoctorGonzo7: bets $3
aruhtart: calls $3
*** TURN *** [Kh 5d 7d] [9c]
aruhtart: checks
DoctorGonzo7: bets $6
aruhtart: calls $6
*** RIVER *** [Kh 5d 7d 9c] [4d]
aruhtart: checks
DoctorGonzo7: checks
*** SHOW DOWN ***
aruhtart: shows [Ac 8h] (high card Ace)
DoctorGonzo7: shows [3d Kc] (a pair of Kings)
DoctorGonzo7 collected $29.50 from pot
*** SUMMARY ***
Total pot $30 | Rake $0.50
Board [Kh 5d 7d 9c 4d]
Seat 1: aruhtart (big blind) showed [Ac 8h] and lost with high card Ace
Seat 2: DoctorGonzo7 (button) (small blind) showed [3d Kc] and won ($29.50) with a pair of Kings


PokerStars Hand #144888114533:  Hold'em Limit ($3/$6 USD) - 2015/12/05 19:53:25 ET
Table 'Hesperia' 2-max Seat #2 is the button
Seat 1: aruhtart ($153.50 in chips)
Seat 2: DoctorGonzo7 ($56.66 in chips)
DoctorGonzo7: posts small blind $1
aruhtart: posts big blind $3
*** HOLE CARDS ***
DoctorGonzo7: folds
Uncalled bet ($2) returned to aruhtart
aruhtart collected $2 from pot
aruhtart: doesn't show hand
*** SUMMARY ***
Total pot $2 | Rake $0
Seat 1: aruhtart (big blind) collected ($2)
Seat 2: DoctorGonzo7 (button) (small blind) folded before Flop


PokerStars Hand #144888104553:  Hold'em Limit ($3/$6 USD) - 2015/12/05 19:53:08 ET
Table 'Hesperia' 2-max Seat #1 is the button
Seat 1: aruhtart ($121 in chips)
Seat 2: DoctorGonzo7 ($89.66 in chips)
aruhtart: posts small blind $1
DoctorGonzo7: posts big blind $3
*** HOLE CARDS ***
aruhtart: raises $3 to $6
DoctorGonzo7: calls $3
*** FLOP *** [4c Qc 7h]
DoctorGonzo7: checks
aruhtart: bets $3
DoctorGonzo7: calls $3
*** TURN *** [4c Qc 7h] [Ks]
DoctorGonzo7: checks
aruhtart: bets $6
DoctorGonzo7: raises $6 to $12
aruhtart: calls $6
*** RIVER *** [4c Qc 7h Ks] [3s]
DoctorGonzo7: bets $6
aruhtart: raises $6 to $12
DoctorGonzo7: calls $6
*** SHOW DOWN ***
aruhtart: shows [6c 5d] (a straight, Three to Seven)
DoctorGonzo7: mucks hand
aruhtart collected $65.50 from pot
*** SUMMARY ***
Total pot $66 | Rake $0.50
Board [4c Qc 7h Ks 3s]
Seat 1: aruhtart (button) (small blind) showed [6c 5d] and won ($65.50) with a straight, Three to Seven
Seat 2: DoctorGonzo7 (big blind) mucked


PokerStars Hand #144888148060:  Hold'em Limit ($3/$6 USD) - 2015/12/05 19:54:23 ET
Table 'Hesperia' 2-max Seat #1 is the button
Seat 1: aruhtart ($132.26 in chips)
Seat 2: DoctorGonzo7 ($76.68 in chips)
aruhtart: posts small blind $1
DoctorGonzo7: posts big blind $3
*** HOLE CARDS ***
aruhtart: raises $3 to $6
DoctorGonzo7: raises $3 to $9
aruhtart: calls $3
*** FLOP *** [4d 2c 8d]
DoctorGonzo7: bets $3
aruhtart: calls $3
*** TURN *** [4d 2c 8d] [3c]
DoctorGonzo7: bets $6
aruhtart: raises $6 to $12
DoctorGonzo7: calls $6
*** RIVER *** [4d 2c 8d 3c] [8s]
DoctorGonzo7: checks
aruhtart: bets $6
DoctorGonzo7: calls $6
*** SHOW DOWN ***
aruhtart: shows [Ad As] (two pair, Aces and Eights)
DoctorGonzo7: mucks hand
aruhtart collected $59.50 from pot
*** SUMMARY ***
Total pot $60 | Rake $0.50
Board [4d 2c 8d 3c 8s]
Seat 1: aruhtart (button) (small blind) showed [Ad As] and won ($59.50) with two pair, Aces and Eights
Seat 2: DoctorGonzo7 (big blind) mucked


PokerStars Hand #144888157378:  Hold'em Limit ($3/$6 USD) - 2015/12/05 19:54:39 ET
Table 'Hesperia' 2-max Seat #2 is the button
Seat 1: aruhtart ($161.76 in chips)
Seat 2: DoctorGonzo7 ($46.68 in chips)
DoctorGonzo7: posts small blind $1
aruhtart: posts big blind $3
*** HOLE CARDS ***
DoctorGonzo7: folds
Uncalled bet ($2) returned to aruhtart
aruhtart collected $2 from pot
aruhtart: doesn't show hand
*** SUMMARY ***
Total pot $2 | Rake $0
Seat 1: aruhtart (big blind) collected ($2)
Seat 2: DoctorGonzo7 (button) (small blind) folded before Flop


PokerStars Hand #144888166389:  Hold'em Limit ($3/$6 USD) - 2015/12/05 19:54:54 ET
Table 'Hesperia' 2-max Seat #2 is the button
Seat 1: aruhtart ($150.76 in chips)
Seat 2: DoctorGonzo7 ($57.20 in chips)
DoctorGonzo7: posts small blind $1
aruhtart: posts big blind $3
*** HOLE CARDS ***
DoctorGonzo7: folds
Uncalled bet ($2) returned to aruhtart
aruhtart collected $2 from pot
aruhtart: doesn't show hand
*** SUMMARY ***
Total pot $2 | Rake $0
Seat 1: aruhtart (big blind) collected ($2)
Seat 2: DoctorGonzo7 (button) (small blind) folded before Flop


PokerStars Hand #144888159900:  Hold'em Limit ($3/$6 USD) - 2015/12/05 19:54:43 ET
Table 'Hesperia' 2-max Seat #1 is the button
Seat 1: aruhtart ($162.76 in chips)
Seat 2: DoctorGonzo7 ($45.68 in chips)
aruhtart: posts small blind $1
DoctorGonzo7: posts big blind $3
*** HOLE CARDS ***
aruhtart: raises $3 to $6
DoctorGonzo7: raises $3 to $9
aruhtart: calls $3
*** FLOP *** [8s 2h Js]
DoctorGonzo7: bets $3
aruhtart: calls $3
*** TURN *** [8s 2h Js] [3d]
DoctorGonzo7: bets $6
aruhtart: folds
Uncalled bet ($6) returned to DoctorGonzo7
DoctorGonzo7 collected $23.52 from pot
DoctorGonzo7: doesn't show hand
*** SUMMARY ***
Total pot $24 | Rake $0.48
Board [8s 2h Js 3d]
Seat 1: aruhtart (button) (small blind) folded on the Turn
Seat 2: DoctorGonzo7 (big blind) collected ($23.52)


PokerStars Hand #144888168899:  Hold'em Limit ($3/$6 USD) - 2015/12/05 19:54:59 ET
Table 'Hesperia' 2-max Seat #1 is the button
Seat 1: aruhtart ($151.76 in chips)
Seat 2: DoctorGonzo7 ($56.20 in chips)
aruhtart: posts small blind $1
DoctorGonzo7: posts big blind $3
*** HOLE CARDS ***
aruhtart: raises $3 to $6
DoctorGonzo7: calls $3
*** FLOP *** [8s Ah 8h]
DoctorGonzo7: checks
aruhtart: bets $3
DoctorGonzo7: folds
Uncalled bet ($3) returned to aruhtart
aruhtart collected $11.76 from pot
aruhtart: doesn't show hand
*** SUMMARY ***
Total pot $12 | Rake $0.24
Board [8s Ah 8h]
Seat 1: aruhtart (button) (small blind) collected ($11.76)
Seat 2: DoctorGonzo7 (big blind) folded on the Flop


PokerStars Hand #144888182135:  Hold'em Limit ($3/$6 USD) - 2015/12/05 19:55:25 ET
Table 'Hesperia' 2-max Seat #1 is the button
Seat 1: aruhtart ($175.02 in chips)
Seat 2: DoctorGonzo7 ($32.20 in chips)
aruhtart: posts small blind $1
DoctorGonzo7: posts big blind $3
*** HOLE CARDS ***
aruhtart: raises $3 to $6
DoctorGonzo7: calls $3
*** FLOP *** [4c 5c 7h]
DoctorGonzo7: checks
aruhtart: bets $3
DoctorGonzo7: raises $3 to $6
aruhtart: calls $3
*** TURN *** [4c 5c 7h] [9c]
DoctorGonzo7: bets $6
aruhtart: calls $6
*** RIVER *** [4c 5c 7h 9c] [7d]
DoctorGonzo7: bets $6
aruhtart: calls $6
*** SHOW DOWN ***
DoctorGonzo7: shows [5h Ts] (two pair, Sevens and Fives)
aruhtart: shows [Ah 5d] (two pair, Sevens and Fives - Ace kicker)
aruhtart collected $47.50 from pot
*** SUMMARY ***
Total pot $48 | Rake $0.50
Board [4c 5c 7h 9c 7d]
Seat 1: aruhtart (button) (small blind) showed [Ah 5d] and won ($47.50) with two pair, Sevens and Fives
Seat 2: DoctorGonzo7 (big blind) showed [5h Ts] and lost with two pair, Sevens and Fives


PokerStars Hand #144888192975:  Hold'em Limit ($3/$6 USD) - 2015/12/05 19:55:48 ET
Table 'Hesperia' 2-max Seat #1 is the button
Seat 1: aruhtart ($195.52 in chips)
Seat 2: DoctorGonzo7 ($11.20 in chips)
aruhtart: posts small blind $1
DoctorGonzo7: posts big blind $3
*** HOLE CARDS ***
aruhtart: folds
Uncalled bet ($2) returned to DoctorGonzo7
DoctorGonzo7 collected $2 from pot
DoctorGonzo7: doesn't show hand
*** SUMMARY ***
Total pot $2 | Rake $0
Seat 1: aruhtart (button) (small blind) folded before Flop
Seat 2: DoctorGonzo7 (big blind) collected ($2)


PokerStars Hand #144888190647:  Hold'em Limit ($3/$6 USD) - 2015/12/05 19:55:43 ET
Table 'Hesperia' 2-max Seat #2 is the button
Seat 1: aruhtart ($198.52 in chips)
Seat 2: DoctorGonzo7 ($8.20 in chips)
DoctorGonzo7: posts small blind $1
aruhtart: posts big blind $3
*** HOLE CARDS ***
DoctorGonzo7: raises $3 to $6
aruhtart: folds
Uncalled bet ($3) returned to DoctorGonzo7
DoctorGonzo7 collected $6 from pot
DoctorGonzo7: doesn't show hand
*** SUMMARY ***
Total pot $6 | Rake $0
Seat 1: aruhtart (big blind) folded before Flop
Seat 2: DoctorGonzo7 (button) (small blind) collected ($6)


PokerStars Hand #144888195252:  Hold'em Limit ($3/$6 USD) - 2015/12/05 19:55:53 ET
Table 'Hesperia' 2-max Seat #2 is the button
Seat 1: aruhtart ($194.52 in chips)
Seat 2: DoctorGonzo7 ($12.20 in chips)
DoctorGonzo7: posts small blind $1
aruhtart: posts big blind $3
*** HOLE CARDS ***
DoctorGonzo7: raises $3 to $6
aruhtart: calls $3
*** FLOP *** [2s Ac 9c]
aruhtart: checks
DoctorGonzo7: bets $3
aruhtart: raises $3 to $6
DoctorGonzo7: raises $0.20 to $6.20 and is all-in
aruhtart: calls $0.20
*** TURN *** [2s Ac 9c] [Tc]
*** RIVER *** [2s Ac 9c Tc] [Kc]
*** SHOW DOWN ***
aruhtart: shows [Ad 3c] (a flush, Ace high)
DoctorGonzo7: shows [Th 8c] (a flush, Ace high - Eight higher)
DoctorGonzo7 collected $23.91 from pot
*** SUMMARY ***
Total pot $24.40 | Rake $0.49
Board [2s Ac 9c Tc Kc]
Seat 1: aruhtart (big blind) showed [Ad 3c] and lost with a flush, Ace high
Seat 2: DoctorGonzo7 (button) (small blind) showed [Th 8c] and won ($23.91) with a flush, Ace high


PokerStars Hand #144888175208:  Hold'em Limit ($3/$6 USD) - 2015/12/05 19:55:11 ET
Table 'Hesperia' 2-max Seat #2 is the button
Seat 1: aruhtart ($157.52 in chips)
Seat 2: DoctorGonzo7 ($50.20 in chips)
DoctorGonzo7: posts small blind $1
aruhtart: posts big blind $3
*** HOLE CARDS ***
DoctorGonzo7: raises $3 to $6
aruhtart: calls $3
*** FLOP *** [5h Td 9h]
aruhtart: checks
DoctorGonzo7: checks
*** TURN *** [5h Td 9h] [3h]
aruhtart: bets $6
DoctorGonzo7: calls $6
*** RIVER *** [5h Td 9h 3h] [9d]
aruhtart: bets $6
DoctorGonzo7: calls $6
*** SHOW DOWN ***
aruhtart: shows [6h 9s] (three of a kind, Nines)
DoctorGonzo7: mucks hand
aruhtart collected $35.50 from pot
*** SUMMARY ***
Total pot $36 | Rake $0.50
Board [5h Td 9h 3h 9d]
Seat 1: aruhtart (big blind) showed [6h 9s] and won ($35.50) with three of a kind, Nines
Seat 2: DoctorGonzo7 (button) (small blind) mucked


PokerStars Hand #144888215097:  Hold'em Limit ($3/$6 USD) - 2015/12/05 19:56:33 ET
Table 'Hesperia' 2-max Seat #1 is the button
Seat 1: aruhtart ($191.96 in chips)
Seat 2: DoctorGonzo7 ($13.91 in chips)
aruhtart: posts small blind $1
DoctorGonzo7: posts big blind $3
*** HOLE CARDS ***
aruhtart: folds
Uncalled bet ($2) returned to DoctorGonzo7
DoctorGonzo7 collected $2 from pot
DoctorGonzo7: doesn't show hand
*** SUMMARY ***
Total pot $2 | Rake $0
Seat 1: aruhtart (button) (small blind) folded before Flop
Seat 2: DoctorGonzo7 (big blind) collected ($2)


PokerStars Hand #144888217475:  Hold'em Limit ($3/$6 USD) - 2015/12/05 19:56:38 ET
Table 'Hesperia' 2-max Seat #2 is the button
Seat 1: aruhtart ($190.96 in chips)
Seat 2: DoctorGonzo7 ($14.91 in chips)
DoctorGonzo7: posts small blind $1
aruhtart: posts big blind $3
*** HOLE CARDS ***
DoctorGonzo7: raises $3 to $6
aruhtart: calls $3
*** FLOP *** [Jc 3h 2c]
aruhtart: checks
DoctorGonzo7: bets $3
aruhtart: calls $3
*** TURN *** [Jc 3h 2c] [Kd]
aruhtart: checks
DoctorGonzo7: bets $5.91 and is all-in
aruhtart: calls $5.91
*** RIVER *** [Jc 3h 2c Kd] [7c]
*** SHOW DOWN ***
aruhtart: shows [Qc 9h] (high card King)
DoctorGonzo7: shows [8s Ts] (high card King - lower kicker)
aruhtart collected $29.32 from pot
DoctorGonzo7 leaves the table
aruhtart was removed from the table for failing to post
*** SUMMARY ***
Total pot $29.82 | Rake $0.50
Board [Jc 3h 2c Kd 7c]
Seat 1: aruhtart (big blind) showed [Qc 9h] and won ($29.32) with high card King
Seat 2: DoctorGonzo7 (button) (small blind) showed [8s Ts] and lost with high card King


PokerStars Hand #144888213041:  Hold'em Limit ($3/$6 USD) - 2015/12/05 19:56:29 ET
Table 'Hesperia' 2-max Seat #2 is the button
Seat 1: aruhtart ($190.96 in chips)
Seat 2: DoctorGonzo7 ($14.91 in chips)
DoctorGonzo7: posts small blind $1
aruhtart: posts big blind $3
*** HOLE CARDS ***
DoctorGonzo7: folds
Uncalled bet ($2) returned to aruhtart
aruhtart collected $2 from pot
aruhtart: doesn't show hand
*** SUMMARY ***
Total pot $2 | Rake $0
Seat 1: aruhtart (big blind) collected ($2)
Seat 2: DoctorGonzo7 (button) (small blind) folded before Flop


PokerStars Hand #144888204905:  Hold'em Limit ($3/$6 USD) - 2015/12/05 19:56:12 ET
Table 'Hesperia' 2-max Seat #1 is the button
Seat 1: aruhtart ($182.32 in chips)
Seat 2: DoctorGonzo7 ($23.91 in chips)
aruhtart: posts small blind $1
DoctorGonzo7: posts big blind $3
*** HOLE CARDS ***
aruhtart: raises $3 to $6
DoctorGonzo7: calls $3
*** FLOP *** [7c 6h 3s]
DoctorGonzo7: checks
aruhtart: bets $3
DoctorGonzo7: calls $3
*** TURN *** [7c 6h 3s] [7s]
DoctorGonzo7: checks
aruhtart: bets $6
DoctorGonzo7: folds
Uncalled bet ($6) returned to aruhtart
aruhtart collected $17.64 from pot
aruhtart: doesn't show hand
*** SUMMARY ***
Total pot $18 | Rake $0.36
Board [7c 6h 3s 7s]
Seat 1: aruhtart (button) (small blind) collected ($17.64)
Seat 2: DoctorGonzo7 (big blind) folded on the Turn


