PokerStars Hand #160673257216:  Hold'em Limit ($3/$6 USD) - 2016/10/30 20:06:22 ET
Table 'Hestia' 6-max Seat #6 is the button
Seat 5: TinaTurner72 ($120 in chips)
Seat 6: qDONKEYp ($132.79 in chips)
qDONKEYp: posts small blind $1
TinaTurner72: posts big blind $3
*** HOLE CARDS ***
qDONKEYp: raises $3 to $6
TinaTurner72: raises $3 to $9
qDONKEYp: calls $3
*** FLOP *** [6h Ac 6c]
TinaTurner72: bets $3
qDONKEYp: calls $3
*** TURN *** [6h Ac 6c] [2c]
TinaTurner72: checks
qDONKEYp: checks
*** RIVER *** [6h Ac 6c 2c] [Kd]
TinaTurner72: bets $6
qDONKEYp: calls $6
*** SHOW DOWN ***
TinaTurner72: shows [9s Kc] (two pair, Kings and Sixes)
qDONKEYp: mucks hand
TinaTurner72 collected $35.50 from pot
*** SUMMARY ***
Total pot $36 | Rake $0.50
Board [6h Ac 6c 2c Kd]
Seat 5: TinaTurner72 (big blind) showed [9s Kc] and won ($35.50) with two pair, Kings and Sixes
Seat 6: qDONKEYp (button) (small blind) mucked


PokerStars Hand #160673271981:  Hold'em Limit ($3/$6 USD) - 2016/10/30 20:06:46 ET
Table 'Hestia' 6-max Seat #5 is the button
Seat 5: TinaTurner72 ($137.50 in chips)
Seat 6: qDONKEYp ($114.79 in chips)
TinaTurner72: posts small blind $1
qDONKEYp: posts big blind $3
*** HOLE CARDS ***
TinaTurner72: raises $3 to $6
qDONKEYp: calls $3
*** FLOP *** [Jd Ad 9c]
qDONKEYp: checks
TinaTurner72: bets $3
qDONKEYp: raises $3 to $6
TinaTurner72: calls $3
*** TURN *** [Jd Ad 9c] [4s]
qDONKEYp: bets $6
ABATAPP joins the table at seat #1
TinaTurner72: calls $6
*** RIVER *** [Jd Ad 9c 4s] [Js]
qDONKEYp: bets $6
TinaTurner72: calls $6
*** SHOW DOWN ***
qDONKEYp: shows [Td 8s] (a pair of Jacks)
TinaTurner72: shows [Qh Ac] (two pair, Aces and Jacks)
TinaTurner72 collected $47.50 from pot
*** SUMMARY ***
Total pot $48 | Rake $0.50
Board [Jd Ad 9c 4s Js]
Seat 5: TinaTurner72 (button) (small blind) showed [Qh Ac] and won ($47.50) with two pair, Aces and Jacks
Seat 6: qDONKEYp (big blind) showed [Td 8s] and lost with a pair of Jacks


PokerStars Hand #160673319580:  Hold'em Limit ($3/$6 USD) - 2016/10/30 20:08:01 ET
Table 'Hestia' 6-max Seat #1 is the button
Seat 1: ABATAPP ($101 in chips)
Seat 6: qDONKEYp ($108.83 in chips)
ABATAPP: posts small blind $1
qDONKEYp: posts big blind $3
*** HOLE CARDS ***
ABATAPP: raises $3 to $6
qDONKEYp: calls $3
*** FLOP *** [2h Js Kc]
qDONKEYp: checks
ABATAPP: bets $3
qDONKEYp: calls $3
*** TURN *** [2h Js Kc] [8h]
qDONKEYp: checks
ABATAPP: checks
*** RIVER *** [2h Js Kc 8h] [6d]
qDONKEYp: bets $6
ABATAPP: folds
Uncalled bet ($6) returned to qDONKEYp
qDONKEYp collected $17.64 from pot
*** SUMMARY ***
Total pot $18 | Rake $0.36
Board [2h Js Kc 8h 6d]
Seat 1: ABATAPP (button) (small blind) folded on the River
Seat 6: qDONKEYp (big blind) collected ($17.64)


PokerStars Hand #160673312698:  Hold'em Limit ($3/$6 USD) - 2016/10/30 20:07:50 ET
Table 'Hestia' 6-max Seat #6 is the button
Seat 1: ABATAPP ($107 in chips)
Seat 6: qDONKEYp ($103.07 in chips)
qDONKEYp: posts small blind $1
ABATAPP: posts big blind $3
*** HOLE CARDS ***
qDONKEYp: raises $3 to $6
ABATAPP: calls $3
*** FLOP *** [2c Ad 2d]
ABATAPP: checks
qDONKEYp: bets $3
ABATAPP: folds
Uncalled bet ($3) returned to qDONKEYp
qDONKEYp collected $11.76 from pot
*** SUMMARY ***
Total pot $12 | Rake $0.24
Board [2c Ad 2d]
Seat 1: ABATAPP (big blind) folded on the Flop
Seat 6: qDONKEYp (button) (small blind) collected ($11.76)


PokerStars Hand #160673304927:  Hold'em Limit ($3/$6 USD) - 2016/10/30 20:07:39 ET
Table 'Hestia' 6-max Seat #1 is the button
Seat 1: ABATAPP ($108 in chips)
Seat 6: qDONKEYp ($102.07 in chips)
ABATAPP: posts small blind $1
TinaTurner72: is sitting out
qDONKEYp: posts big blind $3
*** HOLE CARDS ***
ABATAPP: folds
Uncalled bet ($2) returned to qDONKEYp
TinaTurner72 leaves the table
qDONKEYp collected $2 from pot
*** SUMMARY ***
Total pot $2 | Rake $0
Seat 1: ABATAPP (button) (small blind) folded before Flop
Seat 6: qDONKEYp (big blind) collected ($2)


PokerStars Hand #160673330095:  Hold'em Limit ($3/$6 USD) - 2016/10/30 20:08:18 ET
Table 'Hestia' 6-max Seat #6 is the button
Seat 1: ABATAPP ($92 in chips)
Seat 6: qDONKEYp ($117.47 in chips)
qDONKEYp: posts small blind $1
ABATAPP: posts big blind $3
*** HOLE CARDS ***
qDONKEYp: raises $3 to $6
ABATAPP: calls $3
*** FLOP *** [Qh Qd Ah]
ABATAPP: checks
qDONKEYp: bets $3
ABATAPP: calls $3
*** TURN *** [Qh Qd Ah] [4c]
ABATAPP: checks
qDONKEYp: checks
*** RIVER *** [Qh Qd Ah 4c] [7s]
ABATAPP: bets $6
qDONKEYp: calls $6
*** SHOW DOWN ***
ABATAPP: shows [Ks As] (two pair, Aces and Queens)
qDONKEYp: mucks hand
ABATAPP collected $29.50 from pot
*** SUMMARY ***
Total pot $30 | Rake $0.50
Board [Qh Qd Ah 4c 7s]
Seat 1: ABATAPP (big blind) showed [Ks As] and won ($29.50) with two pair, Aces and Queens
Seat 6: qDONKEYp (button) (small blind) mucked


PokerStars Hand #160673376504:  Hold'em Limit ($3/$6 USD) - 2016/10/30 20:09:34 ET
Table 'Hestia' 6-max Seat #6 is the button
Seat 1: ABATAPP ($109 in chips)
Seat 6: qDONKEYp ($98.73 in chips)
qDONKEYp: posts small blind $1
ABATAPP: posts big blind $3
*** HOLE CARDS ***
qDONKEYp: raises $3 to $6
ABATAPP: folds
Uncalled bet ($3) returned to qDONKEYp
qDONKEYp collected $6 from pot
*** SUMMARY ***
Total pot $6 | Rake $0
Seat 1: ABATAPP (big blind) folded before Flop
Seat 6: qDONKEYp (button) (small blind) collected ($6)


PokerStars Hand #160673358298:  Hold'em Limit ($3/$6 USD) - 2016/10/30 20:09:04 ET
Table 'Hestia' 6-max Seat #6 is the button
Seat 1: ABATAPP ($130 in chips)
Seat 6: qDONKEYp ($78.47 in chips)
qDONKEYp: posts small blind $1
ABATAPP: posts big blind $3
*** HOLE CARDS ***
qDONKEYp: raises $3 to $6
ABATAPP: calls $3
*** FLOP *** [Ks Ad Th]
ABATAPP: checks
qDONKEYp: bets $3
ABATAPP: folds
Uncalled bet ($3) returned to qDONKEYp
qDONKEYp collected $11.76 from pot
*** SUMMARY ***
Total pot $12 | Rake $0.24
Board [Ks Ad Th]
Seat 1: ABATAPP (big blind) folded on the Flop
Seat 6: qDONKEYp (button) (small blind) collected ($11.76)


PokerStars Hand #160673341645:  Hold'em Limit ($3/$6 USD) - 2016/10/30 20:08:37 ET
Table 'Hestia' 6-max Seat #1 is the button
Seat 1: ABATAPP ($106.50 in chips)
Seat 6: qDONKEYp ($102.47 in chips)
ABATAPP: posts small blind $1
qDONKEYp: posts big blind $3
*** HOLE CARDS ***
ABATAPP: raises $3 to $6
qDONKEYp: raises $3 to $9
ABATAPP: calls $3
*** FLOP *** [2s 6c 7d]
qDONKEYp: bets $3
ABATAPP: calls $3
*** TURN *** [2s 6c 7d] [Kc]
qDONKEYp: checks
ABATAPP: bets $6
qDONKEYp: calls $6
*** RIVER *** [2s 6c 7d Kc] [Ac]
qDONKEYp: checks
ABATAPP: bets $6
qDONKEYp: calls $6
*** SHOW DOWN ***
ABATAPP: shows [2c 2h] (three of a kind, Deuces)
qDONKEYp: mucks hand
ABATAPP collected $47.50 from pot
*** SUMMARY ***
Total pot $48 | Rake $0.50
Board [2s 6c 7d Kc Ac]
Seat 1: ABATAPP (button) (small blind) showed [2c 2h] and won ($47.50) with three of a kind, Deuces
Seat 6: qDONKEYp (big blind) mucked


PokerStars Hand #160673365878:  Hold'em Limit ($3/$6 USD) - 2016/10/30 20:09:17 ET
Table 'Hestia' 6-max Seat #1 is the button
Seat 1: ABATAPP ($124 in chips)
Seat 6: qDONKEYp ($84.23 in chips)
ABATAPP: posts small blind $1
qDONKEYp: posts big blind $3
*** HOLE CARDS ***
ABATAPP: raises $3 to $6
qDONKEYp: raises $3 to $9
ABATAPP: calls $3
*** FLOP *** [2c Ts 2h]
qDONKEYp: bets $3
ABATAPP: raises $3 to $6
qDONKEYp: raises $3 to $9
ABATAPP: folds
Uncalled bet ($3) returned to qDONKEYp
qDONKEYp collected $29.50 from pot
*** SUMMARY ***
Total pot $30 | Rake $0.50
Board [2c Ts 2h]
Seat 1: ABATAPP (button) (small blind) folded on the Flop
Seat 6: qDONKEYp (big blind) collected ($29.50)


PokerStars Hand #160673414080:  Hold'em Limit ($3/$6 USD) - 2016/10/30 20:10:28 ET
Table 'Hestia' 6-max Seat #6 is the button
Seat 1: ABATAPP ($108.50 in chips)
Seat 6: qDONKEYp ($98.01 in chips)
qDONKEYp: posts small blind $1
ABATAPP: posts big blind $3
*** HOLE CARDS ***
qDONKEYp: raises $3 to $6
ABATAPP: calls $3
*** FLOP *** [Qs 5s Qc]
ABATAPP: checks
qDONKEYp: bets $3
ABATAPP: calls $3
*** TURN *** [Qs 5s Qc] [8c]
ABATAPP: checks
qDONKEYp: bets $6
ABATAPP: raises $6 to $12
qDONKEYp: folds
Uncalled bet ($6) returned to ABATAPP
ABATAPP collected $29.50 from pot
ABATAPP: doesn't show hand
*** SUMMARY ***
Total pot $30 | Rake $0.50
Board [Qs 5s Qc 8c]
Seat 1: ABATAPP (big blind) collected ($29.50)
Seat 6: qDONKEYp (button) (small blind) folded on the Turn


PokerStars Hand #160673401280:  Hold'em Limit ($3/$6 USD) - 2016/10/30 20:10:07 ET
Table 'Hestia' 6-max Seat #1 is the button
Seat 1: ABATAPP ($88 in chips)
Seat 6: qDONKEYp ($119.01 in chips)
ABATAPP: posts small blind $1
qDONKEYp: posts big blind $3
*** HOLE CARDS ***
ABATAPP: raises $3 to $6
qDONKEYp: calls $3
*** FLOP *** [6d Kh 4s]
qDONKEYp: checks
ABATAPP: bets $3
qDONKEYp: calls $3
*** TURN *** [6d Kh 4s] [8c]
qDONKEYp: checks
ABATAPP: checks
*** RIVER *** [6d Kh 4s 8c] [Qd]
qDONKEYp: bets $6
ABATAPP: raises $6 to $12
qDONKEYp: calls $6
*** SHOW DOWN ***
ABATAPP: shows [Ah Qs] (a pair of Queens)
qDONKEYp: mucks hand
ABATAPP collected $41.50 from pot
*** SUMMARY ***
Total pot $42 | Rake $0.50
Board [6d Kh 4s 8c Qd]
Seat 1: ABATAPP (button) (small blind) showed [Ah Qs] and won ($41.50) with a pair of Queens
Seat 6: qDONKEYp (big blind) mucked


PokerStars Hand #160673394841:  Hold'em Limit ($3/$6 USD) - 2016/10/30 20:09:56 ET
Table 'Hestia' 6-max Seat #6 is the button
Seat 1: ABATAPP ($94 in chips)
Seat 6: qDONKEYp ($113.25 in chips)
qDONKEYp: posts small blind $1
ABATAPP: posts big blind $3
*** HOLE CARDS ***
qDONKEYp: raises $3 to $6
ABATAPP: calls $3
*** FLOP *** [Jd 8s 2c]
ABATAPP: checks
qDONKEYp: bets $3
ABATAPP: folds
Uncalled bet ($3) returned to qDONKEYp
qDONKEYp collected $11.76 from pot
*** SUMMARY ***
Total pot $12 | Rake $0.24
Board [Jd 8s 2c]
Seat 1: ABATAPP (big blind) folded on the Flop
Seat 6: qDONKEYp (button) (small blind) collected ($11.76)


PokerStars Hand #160673380281:  Hold'em Limit ($3/$6 USD) - 2016/10/30 20:09:40 ET
Table 'Hestia' 6-max Seat #1 is the button
Seat 1: ABATAPP ($106 in chips)
Seat 6: qDONKEYp ($101.73 in chips)
ABATAPP: posts small blind $1
qDONKEYp: posts big blind $3
*** HOLE CARDS ***
ABATAPP: raises $3 to $6
qDONKEYp: calls $3
*** FLOP *** [2d 2s Td]
qDONKEYp: checks
ABATAPP: bets $3
qDONKEYp: raises $3 to $6
ABATAPP: calls $3
*** TURN *** [2d 2s Td] [8s]
qDONKEYp: bets $6
ABATAPP: folds
Uncalled bet ($6) returned to qDONKEYp
qDONKEYp collected $23.52 from pot
*** SUMMARY ***
Total pot $24 | Rake $0.48
Board [2d 2s Td 8s]
Seat 1: ABATAPP (button) (small blind) folded on the Turn
Seat 6: qDONKEYp (big blind) collected ($23.52)


PokerStars Hand #160673444538:  Hold'em Limit ($3/$6 USD) - 2016/10/30 20:11:18 ET
Table 'Hestia' 6-max Seat #6 is the button
Seat 1: ABATAPP ($118.76 in chips)
Seat 6: qDONKEYp ($86.65 in chips)
qDONKEYp: posts small blind $1
ABATAPP: posts big blind $3
*** HOLE CARDS ***
qDONKEYp: raises $3 to $6
ABATAPP: calls $3
*** FLOP *** [Jh 8s 2d]
ABATAPP: checks
qDONKEYp: bets $3
ABATAPP: calls $3
*** TURN *** [Jh 8s 2d] [4h]
ABATAPP: checks
qDONKEYp: checks
*** RIVER *** [Jh 8s 2d 4h] [Qc]
ABATAPP: bets $6
qDONKEYp: raises $6 to $12
ABATAPP: calls $6
*** SHOW DOWN ***
qDONKEYp: shows [7s 5d] (high card Queen)
ABATAPP: shows [Ts Qs] (a pair of Queens)
ABATAPP collected $41.50 from pot
*** SUMMARY ***
Total pot $42 | Rake $0.50
Board [Jh 8s 2d 4h Qc]
Seat 1: ABATAPP (big blind) showed [Ts Qs] and won ($41.50) with a pair of Queens
Seat 6: qDONKEYp (button) (small blind) showed [7s 5d] and lost with high card Queen


PokerStars Hand #160673437537:  Hold'em Limit ($3/$6 USD) - 2016/10/30 20:11:07 ET
Table 'Hestia' 6-max Seat #1 is the button
Seat 1: ABATAPP ($113 in chips)
Seat 6: qDONKEYp ($92.65 in chips)
ABATAPP: posts small blind $1
qDONKEYp: posts big blind $3
*** HOLE CARDS ***
ABATAPP: raises $3 to $6
qDONKEYp: calls $3
*** FLOP *** [6d Jh Qc]
qDONKEYp: checks
ABATAPP: bets $3
qDONKEYp: folds
Uncalled bet ($3) returned to ABATAPP
ABATAPP collected $11.76 from pot
ABATAPP: doesn't show hand
*** SUMMARY ***
Total pot $12 | Rake $0.24
Board [6d Jh Qc]
Seat 1: ABATAPP (button) (small blind) collected ($11.76)
Seat 6: qDONKEYp (big blind) folded on the Flop


PokerStars Hand #160673428183:  Hold'em Limit ($3/$6 USD) - 2016/10/30 20:10:51 ET
Table 'Hestia' 6-max Seat #6 is the button
Seat 1: ABATAPP ($122 in chips)
Seat 6: qDONKEYp ($84.01 in chips)
qDONKEYp: posts small blind $1
ABATAPP: posts big blind $3
*** HOLE CARDS ***
qDONKEYp: raises $3 to $6
ABATAPP: calls $3
*** FLOP *** [9s Kc 2c]
ABATAPP: checks
qDONKEYp: bets $3
ABATAPP: calls $3
*** TURN *** [9s Kc 2c] [Qc]
ABATAPP: checks
qDONKEYp: bets $6
ABATAPP: folds
Uncalled bet ($6) returned to qDONKEYp
qDONKEYp collected $17.64 from pot
*** SUMMARY ***
Total pot $18 | Rake $0.36
Board [9s Kc 2c Qc]
Seat 1: ABATAPP (big blind) folded on the Turn
Seat 6: qDONKEYp (button) (small blind) collected ($17.64)


PokerStars Hand #160673425115:  Hold'em Limit ($3/$6 USD) - 2016/10/30 20:10:46 ET
Table 'Hestia' 6-max Seat #1 is the button
Seat 1: ABATAPP ($123 in chips)
Seat 6: qDONKEYp ($83.01 in chips)
ABATAPP: posts small blind $1
qDONKEYp: posts big blind $3
*** HOLE CARDS ***
ABATAPP: folds
Uncalled bet ($2) returned to qDONKEYp
qDONKEYp collected $2 from pot
*** SUMMARY ***
Total pot $2 | Rake $0
Seat 1: ABATAPP (button) (small blind) folded before Flop
Seat 6: qDONKEYp (big blind) collected ($2)


PokerStars Hand #160673468391:  Hold'em Limit ($3/$6 USD) - 2016/10/30 20:11:58 ET
Table 'Hestia' 6-max Seat #6 is the button
Seat 1: ABATAPP ($130.26 in chips)
Seat 6: qDONKEYp ($74.29 in chips)
qDONKEYp: posts small blind $1
ABATAPP: posts big blind $3
*** HOLE CARDS ***
qDONKEYp: raises $3 to $6
ABATAPP: calls $3
*** FLOP *** [2c Qs 6h]
ABATAPP: checks
smellyrat777 joins the table at seat #4
qDONKEYp: bets $3
ABATAPP: calls $3
*** TURN *** [2c Qs 6h] [8h]
ABATAPP: checks
qDONKEYp: bets $6
ABATAPP: folds
Uncalled bet ($6) returned to qDONKEYp
qDONKEYp collected $17.64 from pot
*** SUMMARY ***
Total pot $18 | Rake $0.36
Board [2c Qs 6h 8h]
Seat 1: ABATAPP (big blind) folded on the Turn
Seat 6: qDONKEYp (button) (small blind) collected ($17.64)


PokerStars Hand #160673457513:  Hold'em Limit ($3/$6 USD) - 2016/10/30 20:11:39 ET
Table 'Hestia' 6-max Seat #1 is the button
Seat 1: ABATAPP ($139.26 in chips)
Seat 6: qDONKEYp ($65.65 in chips)
ABATAPP: posts small blind $1
qDONKEYp: posts big blind $3
*** HOLE CARDS ***
ABATAPP: raises $3 to $6
qDONKEYp: raises $3 to $9
ABATAPP: calls $3
*** FLOP *** [7s 2d Kc]
qDONKEYp: checks
ABATAPP: checks
*** TURN *** [7s 2d Kc] [Kd]
qDONKEYp: bets $6
ABATAPP: folds
Uncalled bet ($6) returned to qDONKEYp
qDONKEYp collected $17.64 from pot
*** SUMMARY ***
Total pot $18 | Rake $0.36
Board [7s 2d Kc Kd]
Seat 1: ABATAPP (button) (small blind) folded on the Turn
Seat 6: qDONKEYp (big blind) collected ($17.64)


PokerStars Hand #160675320550:  Hold'em Limit ($3/$6 USD) - 2016/10/30 21:08:39 ET
Table 'Hestia' 6-max Seat #3 is the button
Seat 3: aade1ante ($314.45 in chips)
Seat 4: TinaTurner72 ($252.11 in chips)
ABATAPP will be allowed to play after the button
aade1ante: posts small blind $1
TinaTurner72: posts big blind $3
*** HOLE CARDS ***
ABATAPP leaves the table
aade1ante: folds
Uncalled bet ($2) returned to TinaTurner72
TinaTurner72 collected $2 from pot
TinaTurner72: doesn't show hand
*** SUMMARY ***
Total pot $2 | Rake $0
Seat 3: aade1ante (button) (small blind) folded before Flop
Seat 4: TinaTurner72 (big blind) collected ($2)


