PokerStars Hand #152788680951:  Hold'em Limit ($3/$6 USD) - 2016/05/03 6:31:07 ET
Table 'Hestia II' 6-max Seat #3 is the button
Seat 3: Hierlson85 ($90 in chips)
Seat 4: TbIP-TbIP 88 ($72 in chips)
Hierlson85: posts small blind $1
TbIP-TbIP 88: posts big blind $3
*** HOLE CARDS ***
Hierlson85: raises $3 to $6
TbIP-TbIP 88: raises $3 to $9
Hierlson85: calls $3
*** FLOP *** [2c 5h 3d]
TbIP-TbIP 88: bets $3
Hierlson85: folds
Uncalled bet ($3) returned to TbIP-TbIP 88
TbIP-TbIP 88 collected $17.64 from pot
TbIP-TbIP 88: doesn't show hand
*** SUMMARY ***
Total pot $18 | Rake $0.36
Board [2c 5h 3d]
Seat 3: Hierlson85 (button) (small blind) folded on the Flop
Seat 4: TbIP-TbIP 88 (big blind) collected ($17.64)


PokerStars Hand #152788698000:  Hold'em Limit ($3/$6 USD) - 2016/05/03 6:31:47 ET
Table 'Hestia II' 6-max Seat #4 is the button
Seat 3: Hierlson85 ($81 in chips)
Seat 4: TbIP-TbIP 88 ($80.64 in chips)
TbIP-TbIP 88: posts small blind $1
Hierlson85: posts big blind $3
*** HOLE CARDS ***
TbIP-TbIP 88: raises $3 to $6
Hierlson85: calls $3
*** FLOP *** [8d 8h Ts]
Hierlson85: checks
TbIP-TbIP 88: bets $3
SmellyToes4u joins the table at seat #5
Hierlson85: folds
Uncalled bet ($3) returned to TbIP-TbIP 88
TbIP-TbIP 88 collected $11.76 from pot
TbIP-TbIP 88: doesn't show hand
*** SUMMARY ***
Total pot $12 | Rake $0.24
Board [8d 8h Ts]
Seat 3: Hierlson85 (big blind) folded on the Flop
Seat 4: TbIP-TbIP 88 (button) (small blind) collected ($11.76)


PokerStars Hand #152788712287:  Hold'em Limit ($3/$6 USD) - 2016/05/03 6:32:20 ET
Table 'Hestia II' 6-max Seat #3 is the button
Seat 3: Hierlson85 ($75 in chips)
Seat 4: TbIP-TbIP 88 ($86.40 in chips)
Hierlson85: posts small blind $1
TbIP-TbIP 88: posts big blind $3
*** HOLE CARDS ***
Hierlson85: raises $3 to $6
TbIP-TbIP 88: calls $3
*** FLOP *** [Qd Tc Ad]
TbIP-TbIP 88: checks
Hierlson85: bets $3
TbIP-TbIP 88: raises $3 to $6
Hierlson85: calls $3
*** TURN *** [Qd Tc Ad] [Qs]
TbIP-TbIP 88: bets $6
Hierlson85: folds
Uncalled bet ($6) returned to TbIP-TbIP 88
TbIP-TbIP 88 collected $23.52 from pot
TbIP-TbIP 88: doesn't show hand
*** SUMMARY ***
Total pot $24 | Rake $0.48
Board [Qd Tc Ad Qs]
Seat 3: Hierlson85 (button) (small blind) folded on the Turn
Seat 4: TbIP-TbIP 88 (big blind) collected ($23.52)


PokerStars Hand #152789404701:  Hold'em Limit ($3/$6 USD) - 2016/05/03 6:58:55 ET
Table 'Hestia II' 6-max Seat #4 is the button
Seat 3: TbIP-TbIP 88 ($88.83 in chips)
Seat 4: nicmct ($86 in chips)
nicmct: posts small blind $1
Mind90: is sitting out
TbIP-TbIP 88: posts big blind $3
*** HOLE CARDS ***
nicmct: folds
Uncalled bet ($2) returned to TbIP-TbIP 88
TbIP-TbIP 88 collected $2 from pot
TbIP-TbIP 88: doesn't show hand
*** SUMMARY ***
Total pot $2 | Rake $0
Seat 3: TbIP-TbIP 88 (big blind) collected ($2)
Seat 4: nicmct (button) (small blind) folded before Flop


PokerStars Hand #152789408562:  Hold'em Limit ($3/$6 USD) - 2016/05/03 6:59:05 ET
Table 'Hestia II' 6-max Seat #3 is the button
Seat 3: TbIP-TbIP 88 ($89.83 in chips)
Seat 4: nicmct ($85 in chips)
TbIP-TbIP 88: posts small blind $1
nicmct: posts big blind $3
*** HOLE CARDS ***
TbIP-TbIP 88: raises $3 to $6
Mind90 leaves the table
nicmct: calls $3
*** FLOP *** [8c 7h 3s]
nicmct: checks
TbIP-TbIP 88: bets $3
nicmct: calls $3
*** TURN *** [8c 7h 3s] [5c]
nicmct: checks
TbIP-TbIP 88: checks
*** RIVER *** [8c 7h 3s 5c] [Js]
nicmct: bets $6
TbIP-TbIP 88: calls $6
*** SHOW DOWN ***
nicmct: shows [6h 6d] (a pair of Sixes)
TbIP-TbIP 88: mucks hand
nicmct collected $29.50 from pot
*** SUMMARY ***
Total pot $30 | Rake $0.50
Board [8c 7h 3s 5c Js]
Seat 3: TbIP-TbIP 88 (button) (small blind) mucked
Seat 4: nicmct (big blind) showed [6h 6d] and won ($29.50) with a pair of Sixes


