PokerStars Hand #155293081500:  Hold'em Limit ($3/$6 USD) - 2016/06/28 5:00:58 ET
Table 'Hestia' 6-max Seat #6 is the button
Seat 3: Tryptamean ($136.50 in chips)
Seat 6: vicka555 ($83 in chips)
vicka555: posts small blind $1
Tryptamean: posts big blind $3
*** HOLE CARDS ***
vicka555: folds
Uncalled bet ($2) returned to Tryptamean
Tryptamean collected $2 from pot
Tryptamean: doesn't show hand
*** SUMMARY ***
Total pot $2 | Rake $0
Seat 3: Tryptamean (big blind) collected ($2)
Seat 6: vicka555 (button) (small blind) folded before Flop


PokerStars Hand #155293079503:  Hold'em Limit ($3/$6 USD) - 2016/06/28 5:00:52 ET
Table 'Hestia' 6-max Seat #3 is the button
Seat 3: Tryptamean ($137.50 in chips)
Seat 6: vicka555 ($82 in chips)
Tryptamean: posts small blind $1
vicka555: posts big blind $3
*** HOLE CARDS ***
Tryptamean: folds
Uncalled bet ($2) returned to vicka555
vicka555 collected $2 from pot
vicka555: doesn't show hand
*** SUMMARY ***
Total pot $2 | Rake $0
Seat 3: Tryptamean (button) (small blind) folded before Flop
Seat 6: vicka555 (big blind) collected ($2)


PokerStars Hand #155293077214:  Hold'em Limit ($3/$6 USD) - 2016/06/28 5:00:44 ET
Table 'Hestia' 6-max Seat #6 is the button
Seat 3: Tryptamean ($140.50 in chips)
Seat 6: vicka555 ($79 in chips)
vicka555: posts small blind $1
Tryptamean: posts big blind $3
*** HOLE CARDS ***
vicka555: raises $3 to $6
Tryptamean: folds
Uncalled bet ($3) returned to vicka555
vicka555 collected $6 from pot
vicka555: doesn't show hand
*** SUMMARY ***
Total pot $6 | Rake $0
Seat 3: Tryptamean (big blind) folded before Flop
Seat 6: vicka555 (button) (small blind) collected ($6)


PokerStars Hand #155293074826:  Hold'em Limit ($3/$6 USD) - 2016/06/28 5:00:35 ET
Table 'Hestia' 6-max Seat #3 is the button
Seat 3: Tryptamean ($137.50 in chips)
Seat 6: vicka555 ($82 in chips)
Tryptamean: posts small blind $1
vicka555: posts big blind $3
*** HOLE CARDS ***
Tryptamean: raises $3 to $6
vicka555: folds
Uncalled bet ($3) returned to Tryptamean
Tryptamean collected $6 from pot
Tryptamean: doesn't show hand
*** SUMMARY ***
Total pot $6 | Rake $0
Seat 3: Tryptamean (button) (small blind) collected ($6)
Seat 6: vicka555 (big blind) folded before Flop


PokerStars Hand #155293065334:  Hold'em Limit ($3/$6 USD) - 2016/06/28 5:00:02 ET
Table 'Hestia' 6-max Seat #6 is the button
Seat 3: Tryptamean ($120 in chips)
Seat 6: vicka555 ($100 in chips)
vicka555: posts small blind $1
Tryptamean: posts big blind $3
*** HOLE CARDS ***
vicka555: raises $3 to $6
Tryptamean: calls $3
*** FLOP *** [6d Jd Qd]
Tryptamean: checks
vicka555: bets $3
Tryptamean: raises $3 to $6
vicka555: calls $3
*** TURN *** [6d Jd Qd] [7s]
Tryptamean: bets $6
vicka555: calls $6
*** RIVER *** [6d Jd Qd 7s] [8d]
Tryptamean: checks
vicka555: checks
*** SHOW DOWN ***
Tryptamean: shows [Qc 7d] (a flush, Queen high)
vicka555: mucks hand
Tryptamean collected $35.50 from pot
*** SUMMARY ***
Total pot $36 | Rake $0.50
Board [6d Jd Qd 7s 8d]
Seat 3: Tryptamean (big blind) showed [Qc 7d] and won ($35.50) with a flush, Queen high
Seat 6: vicka555 (button) (small blind) mucked


PokerStars Hand #155293086161:  Hold'em Limit ($3/$6 USD) - 2016/06/28 5:01:14 ET
Table 'Hestia' 6-max Seat #6 is the button
Seat 3: Tryptamean ($143.26 in chips)
Seat 6: vicka555 ($76 in chips)
vicka555: posts small blind $1
Tryptamean: posts big blind $3
*** HOLE CARDS ***
vicka555: raises $3 to $6
Tryptamean: calls $3
*** FLOP *** [2c 7d 7s]
Tryptamean: checks
vicka555: bets $3
Tryptamean: calls $3
*** TURN *** [2c 7d 7s] [6d]
Tryptamean: checks
vicka555: bets $6
Tryptamean: folds
Uncalled bet ($6) returned to vicka555
vicka555 collected $17.64 from pot
vicka555: doesn't show hand
*** SUMMARY ***
Total pot $18 | Rake $0.36
Board [2c 7d 7s 6d]
Seat 3: Tryptamean (big blind) folded on the Turn
Seat 6: vicka555 (button) (small blind) collected ($17.64)


PokerStars Hand #155293083085:  Hold'em Limit ($3/$6 USD) - 2016/06/28 5:01:03 ET
Table 'Hestia' 6-max Seat #3 is the button
Seat 3: Tryptamean ($137.50 in chips)
Seat 6: vicka555 ($82 in chips)
Tryptamean: posts small blind $1
vicka555: posts big blind $3
*** HOLE CARDS ***
Tryptamean: raises $3 to $6
vicka555: calls $3
*** FLOP *** [4h Qh 8c]
vicka555: checks
Tryptamean: bets $3
vicka555: folds
Uncalled bet ($3) returned to Tryptamean
Tryptamean collected $11.76 from pot
Tryptamean: doesn't show hand
*** SUMMARY ***
Total pot $12 | Rake $0.24
Board [4h Qh 8c]
Seat 3: Tryptamean (button) (small blind) collected ($11.76)
Seat 6: vicka555 (big blind) folded on the Flop


PokerStars Hand #155293098740:  Hold'em Limit ($3/$6 USD) - 2016/06/28 5:01:55 ET
Table 'Hestia' 6-max Seat #3 is the button
Seat 3: Tryptamean ($134.26 in chips)
Seat 6: vicka555 ($84.64 in chips)
Tryptamean: posts small blind $1
vicka555: posts big blind $3
*** HOLE CARDS ***
Tryptamean: raises $3 to $6
vicka555: calls $3
*** FLOP *** [9d Kh 7h]
vicka555: checks
Tryptamean: bets $3
vicka555: calls $3
*** TURN *** [9d Kh 7h] [3s]
vicka555: checks
Tryptamean: bets $6
vicka555: calls $6
*** RIVER *** [9d Kh 7h 3s] [Qs]
BrownieSpy joins the table at seat #1
vicka555: checks
Tryptamean: bets $6
vicka555: calls $6
*** SHOW DOWN ***
Tryptamean: shows [8s Tc] (high card King)
vicka555: shows [Ks 4c] (a pair of Kings)
vicka555 collected $41.50 from pot
*** SUMMARY ***
Total pot $42 | Rake $0.50
Board [9d Kh 7h 3s Qs]
Seat 3: Tryptamean (button) (small blind) showed [8s Tc] and lost with high card King
Seat 6: vicka555 (big blind) showed [Ks 4c] and won ($41.50) with a pair of Kings


PokerStars Hand #155293326726:  Hold'em Limit ($3/$6 USD) - 2016/06/28 5:13:36 ET
Table 'Hestia' 6-max Seat #3 is the button
Seat 1: BrownieSpy ($103.24 in chips)
Seat 3: Tryptamean ($172.38 in chips)
Tryptamean: posts small blind $1
BrownieSpy: posts big blind $3
*** HOLE CARDS ***
vicka555 leaves the table
Tryptamean: raises $3 to $6
BrownieSpy: calls $3
*** FLOP *** [5c Jh 6h]
BrownieSpy: checks
Tryptamean: bets $3
BrownieSpy: calls $3
*** TURN *** [5c Jh 6h] [2c]
BrownieSpy: checks
Tryptamean: bets $6
BrownieSpy: calls $6
*** RIVER *** [5c Jh 6h 2c] [4d]
BrownieSpy: checks
Tryptamean: checks
*** SHOW DOWN ***
BrownieSpy: shows [3h Kc] (a straight, Deuce to Six)
Tryptamean: mucks hand
BrownieSpy collected $29.50 from pot
*** SUMMARY ***
Total pot $30 | Rake $0.50
Board [5c Jh 6h 2c 4d]
Seat 1: BrownieSpy (big blind) showed [3h Kc] and won ($29.50) with a straight, Deuce to Six
Seat 3: Tryptamean (button) (small blind) mucked


