PokerStars Hand #149531503363:  Hold'em Limit ($3/$6 USD) - 2016/02/27 19:33:59 ET
Table 'Hestia II' 10-max Seat #1 is the button
Seat 1: grek34 ($112.68 in chips)
Seat 2: Chessnok ($63 in chips)
grek34: posts small blind $1
Chessnok: posts big blind $3
*** HOLE CARDS ***
yyuryyub11 leaves the table
grek34: folds
Uncalled bet ($2) returned to Chessnok
Chessnok collected $2 from pot
Chessnok: doesn't show hand
*** SUMMARY ***
Total pot $2 | Rake $0
Seat 1: grek34 (button) (small blind) folded before Flop
Seat 2: Chessnok (big blind) collected ($2)


PokerStars Hand #149531499276:  Hold'em Limit ($3/$6 USD) - 2016/02/27 19:33:53 ET
Table 'Hestia II' 10-max Seat #2 is the button
Seat 1: grek34 ($115.68 in chips)
Seat 2: Chessnok ($60 in chips)
Chessnok: posts small blind $1
yyuryyub11: is sitting out
grek34: posts big blind $3
*** HOLE CARDS ***
Chessnok: raises $3 to $6
grek34: folds
Uncalled bet ($3) returned to Chessnok
Chessnok collected $6 from pot
Chessnok: doesn't show hand
*** SUMMARY ***
Total pot $6 | Rake $0
Seat 1: grek34 (big blind) folded before Flop
Seat 2: Chessnok (button) (small blind) collected ($6)


PokerStars Hand #149531511656:  Hold'em Limit ($3/$6 USD) - 2016/02/27 19:34:10 ET
Table 'Hestia II' 10-max Seat #1 is the button
Seat 1: grek34 ($108.68 in chips)
Seat 2: Chessnok ($67 in chips)
grek34: posts small blind $1
Chessnok: posts big blind $3
*** HOLE CARDS ***
grek34: folds
Uncalled bet ($2) returned to Chessnok
Chessnok collected $2 from pot
Chessnok: doesn't show hand
*** SUMMARY ***
Total pot $2 | Rake $0
Seat 1: grek34 (button) (small blind) folded before Flop
Seat 2: Chessnok (big blind) collected ($2)


PokerStars Hand #149531506535:  Hold'em Limit ($3/$6 USD) - 2016/02/27 19:34:03 ET
Table 'Hestia II' 10-max Seat #2 is the button
Seat 1: grek34 ($111.68 in chips)
Seat 2: Chessnok ($64 in chips)
Chessnok: posts small blind $1
grek34: posts big blind $3
*** HOLE CARDS ***
Chessnok: raises $3 to $6
grek34: folds
Uncalled bet ($3) returned to Chessnok
Chessnok collected $6 from pot
Chessnok: doesn't show hand
*** SUMMARY ***
Total pot $6 | Rake $0
Seat 1: grek34 (big blind) folded before Flop
Seat 2: Chessnok (button) (small blind) collected ($6)


PokerStars Hand #149531514992:  Hold'em Limit ($3/$6 USD) - 2016/02/27 19:34:15 ET
Table 'Hestia II' 10-max Seat #2 is the button
Seat 1: grek34 ($107.68 in chips)
Seat 2: Chessnok ($68 in chips)
Chessnok: posts small blind $1
grek34: posts big blind $3
*** HOLE CARDS ***
Chessnok: folds
Uncalled bet ($2) returned to grek34
grek34 collected $2 from pot
grek34: shows [9c Ad] (high card Ace)
*** SUMMARY ***
Total pot $2 | Rake $0
Seat 1: grek34 (big blind) collected ($2)
Seat 2: Chessnok (button) (small blind) folded before Flop


PokerStars Hand #149531519664:  Hold'em Limit ($3/$6 USD) - 2016/02/27 19:34:22 ET
Table 'Hestia II' 10-max Seat #1 is the button
Seat 1: grek34 ($108.68 in chips)
Seat 2: Chessnok ($67 in chips)
grek34: posts small blind $1
Chessnok: posts big blind $3
*** HOLE CARDS ***
grek34: raises $3 to $6
Chessnok: folds
Uncalled bet ($3) returned to grek34
grek34 collected $6 from pot
*** SUMMARY ***
Total pot $6 | Rake $0
Seat 1: grek34 (button) (small blind) collected ($6)
Seat 2: Chessnok (big blind) folded before Flop


PokerStars Hand #149531523948:  Hold'em Limit ($3/$6 USD) - 2016/02/27 19:34:28 ET
Table 'Hestia II' 10-max Seat #2 is the button
Seat 1: grek34 ($111.68 in chips)
Seat 2: Chessnok ($64 in chips)
Chessnok: posts small blind $1
grek34: posts big blind $3
*** HOLE CARDS ***
Chessnok: raises $3 to $6
grek34: calls $3
*** FLOP *** [7c Qs As]
grek34: checks
Chessnok: bets $3
grek34: raises $3 to $6
Chessnok: calls $3
*** TURN *** [7c Qs As] [9d]
grek34: bets $6
Chessnok: raises $6 to $12
grek34: calls $6
*** RIVER *** [7c Qs As 9d] [2c]
grek34: checks
Chessnok: bets $6
grek34: calls $6
*** SHOW DOWN ***
Chessnok: shows [9c 9h] (three of a kind, Nines)
grek34: mucks hand
Chessnok collected $59.50 from pot
*** SUMMARY ***
Total pot $60 | Rake $0.50
Board [7c Qs As 9d 2c]
Seat 1: grek34 (big blind) mucked
Seat 2: Chessnok (button) (small blind) showed [9c 9h] and won ($59.50) with three of a kind, Nines


PokerStars Hand #149531552338:  Hold'em Limit ($3/$6 USD) - 2016/02/27 19:35:09 ET
Table 'Hestia II' 10-max Seat #2 is the button
Seat 1: grek34 ($102.18 in chips)
Seat 2: Chessnok ($72.50 in chips)
Chessnok: posts small blind $1
grek34: posts big blind $3
*** HOLE CARDS ***
Chessnok: raises $3 to $6
grek34: folds
Uncalled bet ($3) returned to Chessnok
Chessnok collected $6 from pot
Chessnok: doesn't show hand
*** SUMMARY ***
Total pot $6 | Rake $0
Seat 1: grek34 (big blind) folded before Flop
Seat 2: Chessnok (button) (small blind) collected ($6)


PokerStars Hand #149531538297:  Hold'em Limit ($3/$6 USD) - 2016/02/27 19:34:49 ET
Table 'Hestia II' 10-max Seat #1 is the button
Seat 1: grek34 ($81.68 in chips)
Seat 2: Chessnok ($93.50 in chips)
grek34: posts small blind $1
Chessnok: posts big blind $3
*** HOLE CARDS ***
grek34: raises $3 to $6
Chessnok: calls $3
*** FLOP *** [2s 9d Th]
Chessnok: checks
grek34: bets $3
Chessnok: raises $3 to $6
grek34: raises $3 to $9
Chessnok: calls $3
*** TURN *** [2s 9d Th] [4c]
Chessnok: checks
grek34: bets $6
Chessnok: calls $6
*** RIVER *** [2s 9d Th 4c] [Kh]
Chessnok: checks
grek34: checks
*** SHOW DOWN ***
Chessnok: shows [7h 9s] (a pair of Nines)
grek34: shows [Ac Ts] (a pair of Tens)
grek34 collected $41.50 from pot
*** SUMMARY ***
Total pot $42 | Rake $0.50
Board [2s 9d Th 4c Kh]
Seat 1: grek34 (button) (small blind) showed [Ac Ts] and won ($41.50) with a pair of Tens
Seat 2: Chessnok (big blind) showed [7h 9s] and lost with a pair of Nines


PokerStars Hand #149531559971:  Hold'em Limit ($3/$6 USD) - 2016/02/27 19:35:20 ET
Table 'Hestia II' 10-max Seat #2 is the button
Seat 1: grek34 ($102.18 in chips)
Seat 2: Chessnok ($72.50 in chips)
Chessnok: posts small blind $1
grek34: posts big blind $3
*** HOLE CARDS ***
Chessnok: folds
Uncalled bet ($2) returned to grek34
grek34 collected $2 from pot
*** SUMMARY ***
Total pot $2 | Rake $0
Seat 1: grek34 (big blind) collected ($2)
Seat 2: Chessnok (button) (small blind) folded before Flop


PokerStars Hand #149531556028:  Hold'em Limit ($3/$6 USD) - 2016/02/27 19:35:14 ET
Table 'Hestia II' 10-max Seat #1 is the button
Seat 1: grek34 ($99.18 in chips)
Seat 2: Chessnok ($75.50 in chips)
grek34: posts small blind $1
Chessnok: posts big blind $3
*** HOLE CARDS ***
grek34: raises $3 to $6
Chessnok: folds
Uncalled bet ($3) returned to grek34
grek34 collected $6 from pot
*** SUMMARY ***
Total pot $6 | Rake $0
Seat 1: grek34 (button) (small blind) collected ($6)
Seat 2: Chessnok (big blind) folded before Flop


PokerStars Hand #149531563766:  Hold'em Limit ($3/$6 USD) - 2016/02/27 19:35:25 ET
Table 'Hestia II' 10-max Seat #1 is the button
Seat 1: grek34 ($103.18 in chips)
Seat 2: Chessnok ($71.50 in chips)
grek34: posts small blind $1
Chessnok: posts big blind $3
*** HOLE CARDS ***
grek34: folds
Uncalled bet ($2) returned to Chessnok
Chessnok collected $2 from pot
Chessnok: doesn't show hand
*** SUMMARY ***
Total pot $2 | Rake $0
Seat 1: grek34 (button) (small blind) folded before Flop
Seat 2: Chessnok (big blind) collected ($2)


PokerStars Hand #149531578726:  Hold'em Limit ($3/$6 USD) - 2016/02/27 19:35:47 ET
Table 'Hestia II' 10-max Seat #1 is the button
Seat 1: grek34 ($131.68 in chips)
Seat 2: Chessnok ($60 in chips)
grek34: posts small blind $1
Chessnok: posts big blind $3
*** HOLE CARDS ***
grek34: folds
Uncalled bet ($2) returned to Chessnok
Chessnok collected $2 from pot
Chessnok: doesn't show hand
*** SUMMARY ***
Total pot $2 | Rake $0
Seat 1: grek34 (button) (small blind) folded before Flop
Seat 2: Chessnok (big blind) collected ($2)


PokerStars Hand #149531567035:  Hold'em Limit ($3/$6 USD) - 2016/02/27 19:35:30 ET
Table 'Hestia II' 10-max Seat #2 is the button
Seat 1: grek34 ($102.18 in chips)
Seat 2: Chessnok ($72.50 in chips)
Chessnok: posts small blind $1
grek34: posts big blind $3
*** HOLE CARDS ***
Chessnok: raises $3 to $6
grek34: calls $3
*** FLOP *** [Ks Th 9c]
grek34: checks
Chessnok: bets $3
grek34: raises $3 to $6
Chessnok: calls $3
*** TURN *** [Ks Th 9c] [Ad]
grek34: bets $6
Chessnok: raises $6 to $12
grek34: calls $6
*** RIVER *** [Ks Th 9c Ad] [3s]
grek34: checks
Chessnok: bets $6
grek34: calls $6
*** SHOW DOWN ***
Chessnok: shows [9d Td] (two pair, Tens and Nines)
grek34: shows [Kc 9s] (two pair, Kings and Nines)
grek34 collected $59.50 from pot
*** SUMMARY ***
Total pot $60 | Rake $0.50
Board [Ks Th 9c Ad 3s]
Seat 1: grek34 (big blind) showed [Kc 9s] and won ($59.50) with two pair, Kings and Nines
Seat 2: Chessnok (button) (small blind) showed [9d Td] and lost with two pair, Tens and Nines


PokerStars Hand #149531585751:  Hold'em Limit ($3/$6 USD) - 2016/02/27 19:35:57 ET
Table 'Hestia II' 10-max Seat #1 is the button
Seat 1: grek34 ($127.68 in chips)
Seat 2: Chessnok ($64 in chips)
grek34: posts small blind $1
Chessnok: posts big blind $3
*** HOLE CARDS ***
grek34: folds
Uncalled bet ($2) returned to Chessnok
Chessnok collected $2 from pot
Chessnok: doesn't show hand
*** SUMMARY ***
Total pot $2 | Rake $0
Seat 1: grek34 (button) (small blind) folded before Flop
Seat 2: Chessnok (big blind) collected ($2)


PokerStars Hand #149531582156:  Hold'em Limit ($3/$6 USD) - 2016/02/27 19:35:52 ET
Table 'Hestia II' 10-max Seat #2 is the button
Seat 1: grek34 ($130.68 in chips)
Seat 2: Chessnok ($61 in chips)
Chessnok: posts small blind $1
grek34: posts big blind $3
*** HOLE CARDS ***
Chessnok: raises $3 to $6
grek34: folds
Uncalled bet ($3) returned to Chessnok
Chessnok collected $6 from pot
Chessnok: doesn't show hand
*** SUMMARY ***
Total pot $6 | Rake $0
Seat 1: grek34 (big blind) folded before Flop
Seat 2: Chessnok (button) (small blind) collected ($6)


PokerStars Hand #149531588997:  Hold'em Limit ($3/$6 USD) - 2016/02/27 19:36:02 ET
Table 'Hestia II' 10-max Seat #2 is the button
Seat 1: grek34 ($126.68 in chips)
Seat 2: Chessnok ($65 in chips)
Chessnok: posts small blind $1
grek34: posts big blind $3
*** HOLE CARDS ***
Chessnok: folds
Uncalled bet ($2) returned to grek34
grek34 collected $2 from pot
*** SUMMARY ***
Total pot $2 | Rake $0
Seat 1: grek34 (big blind) collected ($2)
Seat 2: Chessnok (button) (small blind) folded before Flop


PokerStars Hand #149531594000:  Hold'em Limit ($3/$6 USD) - 2016/02/27 19:36:09 ET
Table 'Hestia II' 10-max Seat #1 is the button
Seat 1: grek34 ($127.68 in chips)
Seat 2: Chessnok ($64 in chips)
grek34: posts small blind $1
Chessnok: posts big blind $3
*** HOLE CARDS ***
grek34: raises $3 to $6
Chessnok: raises $3 to $9
grek34: calls $3
*** FLOP *** [2h 9d 3d]
Chessnok: bets $3
grek34: raises $3 to $6
Chessnok: raises $3 to $9
grek34: calls $3
*** TURN *** [2h 9d 3d] [4d]
Chessnok: bets $6
grek34: calls $6
*** RIVER *** [2h 9d 3d 4d] [Qd]
Chessnok: bets $6
grek34: calls $6
*** SHOW DOWN ***
Chessnok: shows [Jd Js] (a flush, Queen high)
grek34: mucks hand
Chessnok collected $59.50 from pot
*** SUMMARY ***
Total pot $60 | Rake $0.50
Board [2h 9d 3d 4d Qd]
Seat 1: grek34 (button) (small blind) mucked
Seat 2: Chessnok (big blind) showed [Jd Js] and won ($59.50) with a flush, Queen high


PokerStars Hand #149531605267:  Hold'em Limit ($3/$6 USD) - 2016/02/27 19:36:25 ET
Table 'Hestia II' 10-max Seat #2 is the button
Seat 1: grek34 ($97.68 in chips)
Seat 2: Chessnok ($93.50 in chips)
Chessnok: posts small blind $1
grek34: posts big blind $3
*** HOLE CARDS ***
Chessnok: raises $3 to $6
grek34: calls $3
*** FLOP *** [Qs 2h 4c]
grek34: checks
Chessnok: bets $3
grek34: folds
Uncalled bet ($3) returned to Chessnok
Chessnok collected $11.76 from pot
Chessnok: doesn't show hand
*** SUMMARY ***
Total pot $12 | Rake $0.24
Board [Qs 2h 4c]
Seat 1: grek34 (big blind) folded on the Flop
Seat 2: Chessnok (button) (small blind) collected ($11.76)


PokerStars Hand #149531613724:  Hold'em Limit ($3/$6 USD) - 2016/02/27 19:36:38 ET
Table 'Hestia II' 10-max Seat #1 is the button
Seat 1: grek34 ($91.68 in chips)
Seat 2: Chessnok ($99.26 in chips)
grek34: posts small blind $1
Chessnok: posts big blind $3
*** HOLE CARDS ***
grek34: raises $3 to $6
Chessnok: calls $3
*** FLOP *** [8d 5s Jc]
Chessnok: checks
grek34: bets $3
Chessnok: raises $3 to $6
grek34: calls $3
*** TURN *** [8d 5s Jc] [6c]
Chessnok: bets $6
grek34: calls $6
*** RIVER *** [8d 5s Jc 6c] [3d]
Chessnok: bets $6
grek34: folds
Uncalled bet ($6) returned to Chessnok
Chessnok collected $35.50 from pot
Chessnok: doesn't show hand
*** SUMMARY ***
Total pot $36 | Rake $0.50
Board [8d 5s Jc 6c 3d]
Seat 1: grek34 (button) (small blind) folded on the River
Seat 2: Chessnok (big blind) collected ($35.50)


PokerStars Hand #149531629155:  Hold'em Limit ($3/$6 USD) - 2016/02/27 19:37:00 ET
Table 'Hestia II' 10-max Seat #2 is the button
Seat 1: grek34 ($73.68 in chips)
Seat 2: Chessnok ($116.76 in chips)
Chessnok: posts small blind $1
grek34: posts big blind $3
*** HOLE CARDS ***
Chessnok: raises $3 to $6
grek34: calls $3
*** FLOP *** [Td 3c 5c]
grek34: checks
Chessnok: bets $3
grek34: raises $3 to $6
Chessnok: calls $3
*** TURN *** [Td 3c 5c] [Qs]
grek34: checks
Chessnok: bets $6
grek34: calls $6
*** RIVER *** [Td 3c 5c Qs] [7s]
grek34: checks
Chessnok: bets $6
grek34: calls $6
*** SHOW DOWN ***
Chessnok: shows [4s Qd] (a pair of Queens)
grek34: mucks hand
Chessnok collected $47.50 from pot
*** SUMMARY ***
Total pot $48 | Rake $0.50
Board [Td 3c 5c Qs 7s]
Seat 1: grek34 (big blind) mucked
Seat 2: Chessnok (button) (small blind) showed [4s Qd] and won ($47.50) with a pair of Queens


PokerStars Hand #149531642965:  Hold'em Limit ($3/$6 USD) - 2016/02/27 19:37:20 ET
Table 'Hestia II' 10-max Seat #1 is the button
Seat 1: grek34 ($49.68 in chips)
Seat 2: Chessnok ($140.26 in chips)
grek34: posts small blind $1
Chessnok: posts big blind $3
*** HOLE CARDS ***
grek34 said, "idiot"
grek34: folds
Uncalled bet ($2) returned to Chessnok
Chessnok collected $2 from pot
Chessnok: doesn't show hand
*** SUMMARY ***
Total pot $2 | Rake $0
Seat 1: grek34 (button) (small blind) folded before Flop
Seat 2: Chessnok (big blind) collected ($2)


PokerStars Hand #149531664985:  Hold'em Limit ($3/$6 USD) - 2016/02/27 19:37:52 ET
Table 'Hestia II' 10-max Seat #1 is the button
Seat 1: grek34 ($72.18 in chips)
Seat 2: Chessnok ($117.26 in chips)
grek34: posts small blind $1
Chessnok: posts big blind $3
*** HOLE CARDS ***
grek34: folds
Uncalled bet ($2) returned to Chessnok
Chessnok collected $2 from pot
Chessnok: doesn't show hand
*** SUMMARY ***
Total pot $2 | Rake $0
Seat 1: grek34 (button) (small blind) folded before Flop
Seat 2: Chessnok (big blind) collected ($2)


PokerStars Hand #149531648691:  Hold'em Limit ($3/$6 USD) - 2016/02/27 19:37:28 ET
Table 'Hestia II' 10-max Seat #2 is the button
Seat 1: grek34 ($48.68 in chips)
Seat 2: Chessnok ($141.26 in chips)
Chessnok: posts small blind $1
grek34: posts big blind $3
*** HOLE CARDS ***
Chessnok: raises $3 to $6
grek34 said, "stupide fish"
grek34: calls $3
*** FLOP *** [4s As 9s]
grek34: checks
Chessnok: bets $3
grek34: raises $3 to $6
Chessnok: calls $3
*** TURN *** [4s As 9s] [2d]
grek34: bets $6
Chessnok: calls $6
*** RIVER *** [4s As 9s 2d] [8s]
grek34: bets $6
Chessnok: calls $6
*** SHOW DOWN ***
grek34: shows [Qs 7h] (a flush, Ace high)
Chessnok: mucks hand
grek34 collected $47.50 from pot
*** SUMMARY ***
Total pot $48 | Rake $0.50
Board [4s As 9s 2d 8s]
Seat 1: grek34 (big blind) showed [Qs 7h] and won ($47.50) with a flush, Ace high
Seat 2: Chessnok (button) (small blind) mucked


PokerStars Hand #149531668494:  Hold'em Limit ($3/$6 USD) - 2016/02/27 19:37:57 ET
Table 'Hestia II' 10-max Seat #2 is the button
Seat 1: grek34 ($71.18 in chips)
Seat 2: Chessnok ($118.26 in chips)
Chessnok: posts small blind $1
grek34: posts big blind $3
*** HOLE CARDS ***
Chessnok: raises $3 to $6
grek34 said, "4 q"
grek34 said, "2 10"
grek34: folds
Uncalled bet ($3) returned to Chessnok
Chessnok collected $6 from pot
Chessnok: doesn't show hand
*** SUMMARY ***
Total pot $6 | Rake $0
Seat 1: grek34 (big blind) folded before Flop
Seat 2: Chessnok (button) (small blind) collected ($6)


PokerStars Hand #149531675545:  Hold'em Limit ($3/$6 USD) - 2016/02/27 19:38:07 ET
Table 'Hestia II' 10-max Seat #1 is the button
Seat 1: grek34 ($68.18 in chips)
Seat 2: Chessnok ($121.26 in chips)
grek34: posts small blind $1
Chessnok: posts big blind $3
*** HOLE CARDS ***
grek34: raises $3 to $6
Chessnok: raises $3 to $9
grek34: raises $3 to $12
Betting is capped
Chessnok: calls $3
*** FLOP *** [6d 2s 4s]
Chessnok: checks
grek34: bets $3
Chessnok: raises $3 to $6
grek34: calls $3
*** TURN *** [6d 2s 4s] [Td]
Chessnok: bets $6
grek34: calls $6
*** RIVER *** [6d 2s 4s Td] [Ks]
Chessnok: checks
grek34: checks
*** SHOW DOWN ***
Chessnok: shows [Ac 4c] (a pair of Fours)
grek34: shows [5d 5c] (a pair of Fives)
grek34 collected $47.50 from pot
*** SUMMARY ***
Total pot $48 | Rake $0.50
Board [6d 2s 4s Td Ks]
Seat 1: grek34 (button) (small blind) showed [5d 5c] and won ($47.50) with a pair of Fives
Seat 2: Chessnok (big blind) showed [Ac 4c] and lost with a pair of Fours


PokerStars Hand #149531687726:  Hold'em Limit ($3/$6 USD) - 2016/02/27 19:38:25 ET
Table 'Hestia II' 10-max Seat #2 is the button
Seat 1: grek34 ($91.68 in chips)
Seat 2: Chessnok ($97.26 in chips)
Chessnok: posts small blind $1
grek34: posts big blind $3
*** HOLE CARDS ***
Chessnok: raises $3 to $6
grek34: calls $3
*** FLOP *** [5s 4h 6d]
grek34: checks
Chessnok: bets $3
grek34: raises $3 to $6
Chessnok: calls $3
*** TURN *** [5s 4h 6d] [8c]
grek34: bets $6
Chessnok: calls $6
*** RIVER *** [5s 4h 6d 8c] [5c]
grek34: checks
Chessnok: checks
*** SHOW DOWN ***
grek34: shows [Qc 6s] (two pair, Sixes and Fives)
Chessnok: mucks hand
grek34 collected $35.50 from pot
*** SUMMARY ***
Total pot $36 | Rake $0.50
Board [5s 4h 6d 8c 5c]
Seat 1: grek34 (big blind) showed [Qc 6s] and won ($35.50) with two pair, Sixes and Fives
Seat 2: Chessnok (button) (small blind) mucked


PokerStars Hand #149531699418:  Hold'em Limit ($3/$6 USD) - 2016/02/27 19:38:42 ET
Table 'Hestia II' 10-max Seat #1 is the button
Seat 1: grek34 ($109.18 in chips)
Seat 2: Chessnok ($79.26 in chips)
grek34: posts small blind $1
Chessnok: posts big blind $3
*** HOLE CARDS ***
grek34: raises $3 to $6
Chessnok: calls $3
*** FLOP *** [9c Jh Jc]
Chessnok: checks
grek34: bets $3
Chessnok: calls $3
*** TURN *** [9c Jh Jc] [6c]
Chessnok: checks
grek34: checks
*** RIVER *** [9c Jh Jc 6c] [6d]
Chessnok: bets $6
grek34: calls $6
*** SHOW DOWN ***
Chessnok: shows [8h 5h] (two pair, Jacks and Sixes)
grek34: shows [2c Ad] (two pair, Jacks and Sixes - Ace kicker)
grek34 collected $29.50 from pot
*** SUMMARY ***
Total pot $30 | Rake $0.50
Board [9c Jh Jc 6c 6d]
Seat 1: grek34 (button) (small blind) showed [2c Ad] and won ($29.50) with two pair, Jacks and Sixes
Seat 2: Chessnok (big blind) showed [8h 5h] and lost with two pair, Jacks and Sixes


PokerStars Hand #149531720242:  Hold'em Limit ($3/$6 USD) - 2016/02/27 19:39:12 ET
Table 'Hestia II' 10-max Seat #1 is the button
Seat 1: grek34 ($102.68 in chips)
Seat 2: Chessnok ($84.76 in chips)
grek34: posts small blind $1
Chessnok: posts big blind $3
*** HOLE CARDS ***
grek34: folds
Uncalled bet ($2) returned to Chessnok
Chessnok collected $2 from pot
Chessnok: doesn't show hand
*** SUMMARY ***
Total pot $2 | Rake $0
Seat 1: grek34 (button) (small blind) folded before Flop
Seat 2: Chessnok (big blind) collected ($2)


PokerStars Hand #149531708721:  Hold'em Limit ($3/$6 USD) - 2016/02/27 19:38:55 ET
Table 'Hestia II' 10-max Seat #2 is the button
Seat 1: grek34 ($123.68 in chips)
Seat 2: Chessnok ($64.26 in chips)
Chessnok: posts small blind $1
grek34: posts big blind $3
*** HOLE CARDS ***
Chessnok: raises $3 to $6
grek34: calls $3
*** FLOP *** [2s Td Tc]
grek34: checks
Chessnok: bets $3
grek34: calls $3
*** TURN *** [2s Td Tc] [9s]
grek34: checks
Chessnok: bets $6
grek34: calls $6
*** RIVER *** [2s Td Tc 9s] [Kh]
grek34: checks
Chessnok: bets $6
grek34: calls $6
*** SHOW DOWN ***
Chessnok: shows [Ah Ts] (three of a kind, Tens)
grek34: mucks hand
Chessnok collected $41.50 from pot
*** SUMMARY ***
Total pot $42 | Rake $0.50
Board [2s Td Tc 9s Kh]
Seat 1: grek34 (big blind) mucked
Seat 2: Chessnok (button) (small blind) showed [Ah Ts] and won ($41.50) with three of a kind, Tens


PokerStars Hand #149531723591:  Hold'em Limit ($3/$6 USD) - 2016/02/27 19:39:17 ET
Table 'Hestia II' 10-max Seat #2 is the button
Seat 1: grek34 ($101.68 in chips)
Seat 2: Chessnok ($85.76 in chips)
Chessnok: posts small blind $1
grek34: posts big blind $3
*** HOLE CARDS ***
Chessnok: raises $3 to $6
grek34: calls $3
*** FLOP *** [4s Qc 8s]
grek34: checks
Chessnok: bets $3
grek34: raises $3 to $6
Chessnok: calls $3
*** TURN *** [4s Qc 8s] [9s]
grek34: bets $6
Chessnok: calls $6
*** RIVER *** [4s Qc 8s 9s] [6c]
grek34: bets $6
Chessnok: calls $6
*** SHOW DOWN ***
grek34: shows [8d Tc] (a pair of Eights)
Chessnok: shows [8c Td] (a pair of Eights)
grek34 collected $23.75 from pot
Chessnok collected $23.75 from pot
*** SUMMARY ***
Total pot $48 | Rake $0.50
Board [4s Qc 8s 9s 6c]
Seat 1: grek34 (big blind) showed [8d Tc] and won ($23.75) with a pair of Eights
Seat 2: Chessnok (button) (small blind) showed [8c Td] and won ($23.75) with a pair of Eights


PokerStars Hand #149531746702:  Hold'em Limit ($3/$6 USD) - 2016/02/27 19:39:51 ET
Table 'Hestia II' 10-max Seat #2 is the button
Seat 1: grek34 ($107.19 in chips)
Seat 2: Chessnok ($79.51 in chips)
Chessnok: posts small blind $1
grek34: posts big blind $3
*** HOLE CARDS ***
Chessnok: folds
Uncalled bet ($2) returned to grek34
grek34 collected $2 from pot
grek34: shows [7h As] (high card Ace)
*** SUMMARY ***
Total pot $2 | Rake $0
Seat 1: grek34 (big blind) collected ($2)
Seat 2: Chessnok (button) (small blind) folded before Flop


PokerStars Hand #149531737916:  Hold'em Limit ($3/$6 USD) - 2016/02/27 19:39:38 ET
Table 'Hestia II' 10-max Seat #1 is the button
Seat 1: grek34 ($101.43 in chips)
Seat 2: Chessnok ($85.51 in chips)
grek34: posts small blind $1
Chessnok: posts big blind $3
*** HOLE CARDS ***
grek34: raises $3 to $6
Chessnok: calls $3
*** FLOP *** [4c 2s Th]
Chessnok: checks
grek34: bets $3
Chessnok: folds
Uncalled bet ($3) returned to grek34
grek34 collected $11.76 from pot
*** SUMMARY ***
Total pot $12 | Rake $0.24
Board [4c 2s Th]
Seat 1: grek34 (button) (small blind) collected ($11.76)
Seat 2: Chessnok (big blind) folded on the Flop


PokerStars Hand #149531749546:  Hold'em Limit ($3/$6 USD) - 2016/02/27 19:39:55 ET
Table 'Hestia II' 10-max Seat #1 is the button
Seat 1: grek34 ($108.19 in chips)
Seat 2: Chessnok ($78.51 in chips)
grek34: posts small blind $1
Chessnok: posts big blind $3
*** HOLE CARDS ***
grek34: raises $3 to $6
Chessnok: folds
Uncalled bet ($3) returned to grek34
grek34 collected $6 from pot
*** SUMMARY ***
Total pot $6 | Rake $0
Seat 1: grek34 (button) (small blind) collected ($6)
Seat 2: Chessnok (big blind) folded before Flop


PokerStars Hand #149531775399:  Hold'em Limit ($3/$6 USD) - 2016/02/27 19:40:33 ET
Table 'Hestia II' 10-max Seat #2 is the button
Seat 1: grek34 ($129.69 in chips)
Seat 2: Chessnok ($65 in chips)
Chessnok: posts small blind $1
grek34: posts big blind $3
*** HOLE CARDS ***
Chessnok: raises $3 to $6
grek34: folds
Uncalled bet ($3) returned to Chessnok
Chessnok collected $6 from pot
Chessnok: doesn't show hand
*** SUMMARY ***
Total pot $6 | Rake $0
Seat 1: grek34 (big blind) folded before Flop
Seat 2: Chessnok (button) (small blind) collected ($6)


PokerStars Hand #149531772208:  Hold'em Limit ($3/$6 USD) - 2016/02/27 19:40:28 ET
Table 'Hestia II' 10-max Seat #1 is the button
Seat 1: grek34 ($130.69 in chips)
Seat 2: Chessnok ($64 in chips)
grek34: posts small blind $1
Chessnok: posts big blind $3
*** HOLE CARDS ***
grek34: folds
Uncalled bet ($2) returned to Chessnok
Chessnok collected $2 from pot
Chessnok: doesn't show hand
*** SUMMARY ***
Total pot $2 | Rake $0
Seat 1: grek34 (button) (small blind) folded before Flop
Seat 2: Chessnok (big blind) collected ($2)


PokerStars Hand #149531768379:  Hold'em Limit ($3/$6 USD) - 2016/02/27 19:40:23 ET
Table 'Hestia II' 10-max Seat #2 is the button
Seat 1: grek34 ($133.69 in chips)
Seat 2: Chessnok ($61 in chips)
Chessnok: posts small blind $1
grek34: posts big blind $3
*** HOLE CARDS ***
Chessnok: raises $3 to $6
grek34: folds
Uncalled bet ($3) returned to Chessnok
Chessnok collected $6 from pot
Chessnok: doesn't show hand
*** SUMMARY ***
Total pot $6 | Rake $0
Seat 1: grek34 (big blind) folded before Flop
Seat 2: Chessnok (button) (small blind) collected ($6)


PokerStars Hand #149531765239:  Hold'em Limit ($3/$6 USD) - 2016/02/27 19:40:18 ET
Table 'Hestia II' 10-max Seat #1 is the button
Seat 1: grek34 ($134.69 in chips)
Seat 2: Chessnok ($60 in chips)
grek34: posts small blind $1
Chessnok: posts big blind $3
*** HOLE CARDS ***
grek34: folds
Uncalled bet ($2) returned to Chessnok
Chessnok collected $2 from pot
Chessnok: doesn't show hand
*** SUMMARY ***
Total pot $2 | Rake $0
Seat 1: grek34 (button) (small blind) folded before Flop
Seat 2: Chessnok (big blind) collected ($2)


PokerStars Hand #149531753256:  Hold'em Limit ($3/$6 USD) - 2016/02/27 19:40:00 ET
Table 'Hestia II' 10-max Seat #2 is the button
Seat 1: grek34 ($111.19 in chips)
Seat 2: Chessnok ($75.51 in chips)
Chessnok: posts small blind $1
grek34: posts big blind $3
*** HOLE CARDS ***
Chessnok: raises $3 to $6
grek34: raises $3 to $9
Chessnok: calls $3
*** FLOP *** [9d Tc 5d]
grek34: bets $3
Chessnok: calls $3
*** TURN *** [9d Tc 5d] [Qs]
grek34: checks
Chessnok: bets $6
grek34: calls $6
*** RIVER *** [9d Tc 5d Qs] [7s]
grek34: checks
Chessnok: bets $6
grek34: calls $6
*** SHOW DOWN ***
Chessnok: shows [6s 6h] (a pair of Sixes)
grek34: shows [9c Ac] (a pair of Nines)
grek34 collected $47.50 from pot
*** SUMMARY ***
Total pot $48 | Rake $0.50
Board [9d Tc 5d Qs 7s]
Seat 1: grek34 (big blind) showed [9c Ac] and won ($47.50) with a pair of Nines
Seat 2: Chessnok (button) (small blind) showed [6s 6h] and lost with a pair of Sixes


PokerStars Hand #149531778848:  Hold'em Limit ($3/$6 USD) - 2016/02/27 19:40:38 ET
Table 'Hestia II' 10-max Seat #1 is the button
Seat 1: grek34 ($126.69 in chips)
Seat 2: Chessnok ($68 in chips)
grek34: posts small blind $1
Chessnok: posts big blind $3
*** HOLE CARDS ***
grek34: raises $3 to $6
Chessnok: calls $3
*** FLOP *** [5d 4s 4d]
Chessnok: checks
grek34: bets $3
Chessnok: raises $3 to $6
grek34: folds
Uncalled bet ($3) returned to Chessnok
Chessnok collected $17.64 from pot
Chessnok: doesn't show hand
*** SUMMARY ***
Total pot $18 | Rake $0.36
Board [5d 4s 4d]
Seat 1: grek34 (button) (small blind) folded on the Flop
Seat 2: Chessnok (big blind) collected ($17.64)


PokerStars Hand #149531809392:  Hold'em Limit ($3/$6 USD) - 2016/02/27 19:41:23 ET
Table 'Hestia II' 10-max Seat #2 is the button
Seat 1: grek34 ($146.19 in chips)
Seat 2: Chessnok ($61 in chips)
Chessnok: posts small blind $1
grek34: posts big blind $3
*** HOLE CARDS ***
Chessnok: raises $3 to $6
grek34: calls $3
*** FLOP *** [Qc 7d 4h]
grek34: checks
Chessnok: bets $3
grek34: calls $3
*** TURN *** [Qc 7d 4h] [6s]
grek34: checks
Chessnok: checks
*** RIVER *** [Qc 7d 4h 6s] [Qh]
grek34: checks
Chessnok: bets $6
grek34: calls $6
*** SHOW DOWN ***
Chessnok: shows [As Tc] (a pair of Queens)
grek34: mucks hand
Chessnok collected $29.50 from pot
*** SUMMARY ***
Total pot $30 | Rake $0.50
Board [Qc 7d 4h 6s Qh]
Seat 1: grek34 (big blind) mucked
Seat 2: Chessnok (button) (small blind) showed [As Tc] and won ($29.50) with a pair of Queens


PokerStars Hand #149531806050:  Hold'em Limit ($3/$6 USD) - 2016/02/27 19:41:18 ET
Table 'Hestia II' 10-max Seat #1 is the button
Seat 1: grek34 ($147.19 in chips)
Seat 2: Chessnok ($60 in chips)
grek34: posts small blind $1
Chessnok: posts big blind $3
*** HOLE CARDS ***
grek34: folds
Uncalled bet ($2) returned to Chessnok
Chessnok collected $2 from pot
Chessnok: doesn't show hand
*** SUMMARY ***
Total pot $2 | Rake $0
Seat 1: grek34 (button) (small blind) folded before Flop
Seat 2: Chessnok (big blind) collected ($2)


PokerStars Hand #149531802903:  Hold'em Limit ($3/$6 USD) - 2016/02/27 19:41:14 ET
Table 'Hestia II' 10-max Seat #2 is the button
Seat 1: grek34 ($146.19 in chips)
Seat 2: Chessnok ($61 in chips)
Chessnok: posts small blind $1
grek34: posts big blind $3
*** HOLE CARDS ***
Chessnok: folds
Uncalled bet ($2) returned to grek34
grek34 collected $2 from pot
*** SUMMARY ***
Total pot $2 | Rake $0
Seat 1: grek34 (big blind) collected ($2)
Seat 2: Chessnok (button) (small blind) folded before Flop


PokerStars Hand #149531799638:  Hold'em Limit ($3/$6 USD) - 2016/02/27 19:41:09 ET
Table 'Hestia II' 10-max Seat #1 is the button
Seat 1: grek34 ($147.19 in chips)
Seat 2: Chessnok ($60 in chips)
grek34: posts small blind $1
Chessnok: posts big blind $3
*** HOLE CARDS ***
grek34: folds
Uncalled bet ($2) returned to Chessnok
Chessnok collected $2 from pot
Chessnok: doesn't show hand
*** SUMMARY ***
Total pot $2 | Rake $0
Seat 1: grek34 (button) (small blind) folded before Flop
Seat 2: Chessnok (big blind) collected ($2)


PokerStars Hand #149531785783:  Hold'em Limit ($3/$6 USD) - 2016/02/27 19:40:48 ET
Table 'Hestia II' 10-max Seat #2 is the button
Seat 1: grek34 ($117.69 in chips)
Seat 2: Chessnok ($76.64 in chips)
Chessnok: posts small blind $1
grek34: posts big blind $3
*** HOLE CARDS ***
Chessnok: raises $3 to $6
grek34: calls $3
*** FLOP *** [4d Qh As]
grek34: checks
Chessnok: bets $3
grek34: raises $3 to $6
Chessnok: calls $3
*** TURN *** [4d Qh As] [6d]
grek34: bets $6
Chessnok: raises $6 to $12
grek34: calls $6
*** RIVER *** [4d Qh As 6d] [Ad]
grek34: bets $6
Chessnok: calls $6
*** SHOW DOWN ***
grek34: shows [Ah 7c] (three of a kind, Aces)
Chessnok: mucks hand
grek34 collected $59.50 from pot
*** SUMMARY ***
Total pot $60 | Rake $0.50
Board [4d Qh As 6d Ad]
Seat 1: grek34 (big blind) showed [Ah 7c] and won ($59.50) with three of a kind, Aces
Seat 2: Chessnok (button) (small blind) mucked


PokerStars Hand #149531854611:  Hold'em Limit ($3/$6 USD) - 2016/02/27 19:42:30 ET
Table 'Hestia II' 10-max Seat #2 is the button
Seat 1: grek34 ($180.83 in chips)
Seat 2: Chessnok ($60 in chips)
Chessnok: posts small blind $1
grek34: posts big blind $3
*** HOLE CARDS ***
Chessnok: raises $3 to $6
grek34: folds
Uncalled bet ($3) returned to Chessnok
Chessnok collected $6 from pot
Chessnok: doesn't show hand
*** SUMMARY ***
Total pot $6 | Rake $0
Seat 1: grek34 (big blind) folded before Flop
Seat 2: Chessnok (button) (small blind) collected ($6)


PokerStars Hand #149531843462:  Hold'em Limit ($3/$6 USD) - 2016/02/27 19:42:13 ET
Table 'Hestia II' 10-max Seat #1 is the button
Seat 1: grek34 ($172.19 in chips)
Seat 2: Chessnok ($60 in chips)
grek34: posts small blind $1
Chessnok: posts big blind $3
*** HOLE CARDS ***
grek34: raises $3 to $6
Chessnok: calls $3
*** FLOP *** [8s Ts 8d]
Chessnok: checks
grek34: bets $3
Chessnok: calls $3
*** TURN *** [8s Ts 8d] [Qh]
Chessnok: checks
grek34: checks
*** RIVER *** [8s Ts 8d Qh] [Qs]
Chessnok: checks
grek34: checks
*** SHOW DOWN ***
Chessnok: shows [Jc 4c] (two pair, Queens and Eights)
grek34: shows [5h Kh] (two pair, Queens and Eights - King kicker)
grek34 collected $17.64 from pot
*** SUMMARY ***
Total pot $18 | Rake $0.36
Board [8s Ts 8d Qh Qs]
Seat 1: grek34 (button) (small blind) showed [5h Kh] and won ($17.64) with two pair, Queens and Eights
Seat 2: Chessnok (big blind) showed [Jc 4c] and lost with two pair, Queens and Eights


PokerStars Hand #149531831321:  Hold'em Limit ($3/$6 USD) - 2016/02/27 19:41:55 ET
Table 'Hestia II' 10-max Seat #2 is the button
Seat 1: grek34 ($148.69 in chips)
Seat 2: Chessnok ($60 in chips)
Chessnok: posts small blind $1
grek34: posts big blind $3
*** HOLE CARDS ***
Chessnok: raises $3 to $6
grek34: calls $3
*** FLOP *** [Kc 7d 5d]
grek34: checks
Chessnok: bets $3
grek34: raises $3 to $6
Chessnok: calls $3
*** TURN *** [Kc 7d 5d] [Jh]
grek34: bets $6
Chessnok: calls $6
*** RIVER *** [Kc 7d 5d Jh] [Ah]
grek34: checks
Chessnok: bets $6
grek34: calls $6
*** SHOW DOWN ***
Chessnok: shows [6c Ks] (a pair of Kings)
grek34: shows [5c Kh] (two pair, Kings and Fives)
grek34 collected $47.50 from pot
*** SUMMARY ***
Total pot $48 | Rake $0.50
Board [Kc 7d 5d Jh Ah]
Seat 1: grek34 (big blind) showed [5c Kh] and won ($47.50) with two pair, Kings and Fives
Seat 2: Chessnok (button) (small blind) showed [6c Ks] and lost with a pair of Kings


PokerStars Hand #149531822133:  Hold'em Limit ($3/$6 USD) - 2016/02/27 19:41:42 ET
Table 'Hestia II' 10-max Seat #1 is the button
Seat 1: grek34 ($131.19 in chips)
Seat 2: Chessnok ($75.50 in chips)
grek34: posts small blind $1
Chessnok: posts big blind $3
*** HOLE CARDS ***
grek34: raises $3 to $6
Chessnok: raises $3 to $9
grek34: calls $3
*** FLOP *** [8h Ah Qs]
Chessnok: bets $3
grek34: calls $3
*** TURN *** [8h Ah Qs] [8s]
Chessnok: checks
grek34: checks
*** RIVER *** [8h Ah Qs 8s] [7d]
Chessnok: bets $6
grek34: calls $6
*** SHOW DOWN ***
Chessnok: shows [Jd Jh] (two pair, Jacks and Eights)
grek34: shows [Qh Tc] (two pair, Queens and Eights)
grek34 collected $35.50 from pot
*** SUMMARY ***
Total pot $36 | Rake $0.50
Board [8h Ah Qs 8s 7d]
Seat 1: grek34 (button) (small blind) showed [Qh Tc] and won ($35.50) with two pair, Queens and Eights
Seat 2: Chessnok (big blind) showed [Jd Jh] and lost with two pair, Jacks and Eights


PokerStars Hand #149531888096:  Hold'em Limit ($3/$6 USD) - 2016/02/27 19:43:20 ET
Table 'Hestia II' 10-max Seat #2 is the button
Seat 1: grek34 ($174.33 in chips)
Seat 2: Chessnok ($76.50 in chips)
Chessnok: posts small blind $1
grek34: posts big blind $3
*** HOLE CARDS ***
Chessnok: raises $3 to $6
grek34: calls $3
*** FLOP *** [7c Tc Qs]
grek34: checks
Chessnok: bets $3
grek34: calls $3
*** TURN *** [7c Tc Qs] [9d]
grek34: checks
Chessnok: bets $6
grek34: calls $6
*** RIVER *** [7c Tc Qs 9d] [9h]
grek34: checks
Chessnok: bets $6
grek34: calls $6
*** SHOW DOWN ***
Chessnok: shows [8h 5h] (a pair of Nines)
grek34: shows [7s Kc] (two pair, Nines and Sevens)
grek34 collected $41.50 from pot
*** SUMMARY ***
Total pot $42 | Rake $0.50
Board [7c Tc Qs 9d 9h]
Seat 1: grek34 (big blind) showed [7s Kc] and won ($41.50) with two pair, Nines and Sevens
Seat 2: Chessnok (button) (small blind) showed [8h 5h] and lost with a pair of Nines


PokerStars Hand #149531885027:  Hold'em Limit ($3/$6 USD) - 2016/02/27 19:43:15 ET
Table 'Hestia II' 10-max Seat #1 is the button
Seat 1: grek34 ($175.33 in chips)
Seat 2: Chessnok ($75.50 in chips)
grek34: posts small blind $1
Chessnok: posts big blind $3
*** HOLE CARDS ***
grek34: folds
Uncalled bet ($2) returned to Chessnok
Chessnok collected $2 from pot
Chessnok: doesn't show hand
*** SUMMARY ***
Total pot $2 | Rake $0
Seat 1: grek34 (button) (small blind) folded before Flop
Seat 2: Chessnok (big blind) collected ($2)


PokerStars Hand #149531874973:  Hold'em Limit ($3/$6 USD) - 2016/02/27 19:43:00 ET
Table 'Hestia II' 10-max Seat #2 is the button
Seat 1: grek34 ($190.33 in chips)
Seat 2: Chessnok ($61 in chips)
Chessnok: posts small blind $1
grek34: posts big blind $3
*** HOLE CARDS ***
Chessnok: raises $3 to $6
grek34: calls $3
*** FLOP *** [Qc 5h As]
grek34: checks
Chessnok: bets $3
grek34: calls $3
*** TURN *** [Qc 5h As] [5s]
grek34: checks
Chessnok: checks
*** RIVER *** [Qc 5h As 5s] [Kd]
grek34: checks
Chessnok: bets $6
grek34: calls $6
*** SHOW DOWN ***
Chessnok: shows [Ks 6d] (two pair, Kings and Fives)
grek34: mucks hand
Chessnok collected $29.50 from pot
*** SUMMARY ***
Total pot $30 | Rake $0.50
Board [Qc 5h As 5s Kd]
Seat 1: grek34 (big blind) mucked
Seat 2: Chessnok (button) (small blind) showed [Ks 6d] and won ($29.50) with two pair, Kings and Fives


PokerStars Hand #149531871913:  Hold'em Limit ($3/$6 USD) - 2016/02/27 19:42:56 ET
Table 'Hestia II' 10-max Seat #1 is the button
Seat 1: grek34 ($191.33 in chips)
Seat 2: Chessnok ($60 in chips)
grek34: posts small blind $1
Chessnok: posts big blind $3
*** HOLE CARDS ***
grek34: folds
Uncalled bet ($2) returned to Chessnok
Chessnok collected $2 from pot
Chessnok: doesn't show hand
*** SUMMARY ***
Total pot $2 | Rake $0
Seat 1: grek34 (button) (small blind) folded before Flop
Seat 2: Chessnok (big blind) collected ($2)


PokerStars Hand #149531860854:  Hold'em Limit ($3/$6 USD) - 2016/02/27 19:42:39 ET
Table 'Hestia II' 10-max Seat #2 is the button
Seat 1: grek34 ($176.83 in chips)
Seat 2: Chessnok ($64 in chips)
Chessnok: posts small blind $1
grek34: posts big blind $3
*** HOLE CARDS ***
Chessnok: raises $3 to $6
grek34: calls $3
*** FLOP *** [3c 6s 4d]
grek34: checks
Chessnok: bets $3
grek34: calls $3
*** TURN *** [3c 6s 4d] [3d]
grek34: checks
Chessnok: checks
*** RIVER *** [3c 6s 4d 3d] [Kd]
grek34: bets $6
Chessnok: calls $6
*** SHOW DOWN ***
grek34: shows [Kc 9h] (two pair, Kings and Threes)
Chessnok: mucks hand
grek34 collected $29.50 from pot
*** SUMMARY ***
Total pot $30 | Rake $0.50
Board [3c 6s 4d 3d Kd]
Seat 1: grek34 (big blind) showed [Kc 9h] and won ($29.50) with two pair, Kings and Threes
Seat 2: Chessnok (button) (small blind) mucked


PokerStars Hand #149531857835:  Hold'em Limit ($3/$6 USD) - 2016/02/27 19:42:35 ET
Table 'Hestia II' 10-max Seat #1 is the button
Seat 1: grek34 ($177.83 in chips)
Seat 2: Chessnok ($63 in chips)
grek34: posts small blind $1
Chessnok: posts big blind $3
*** HOLE CARDS ***
grek34: folds
Uncalled bet ($2) returned to Chessnok
Chessnok collected $2 from pot
Chessnok: doesn't show hand
*** SUMMARY ***
Total pot $2 | Rake $0
Seat 1: grek34 (button) (small blind) folded before Flop
Seat 2: Chessnok (big blind) collected ($2)


PokerStars Hand #149531928778:  Hold'em Limit ($3/$6 USD) - 2016/02/27 19:44:21 ET
Table 'Hestia II' 10-max Seat #1 is the button
Seat 1: grek34 ($156.83 in chips)
Seat 2: Chessnok ($97.26 in chips)
grek34: posts small blind $1
Chessnok: posts big blind $3
*** HOLE CARDS ***
grek34: raises $3 to $6
Chessnok: raises $3 to $9
grek34: calls $3
*** FLOP *** [3d 2c Jc]
Chessnok: bets $3
grek34: calls $3
*** TURN *** [3d 2c Jc] [5s]
Chessnok: bets $6
grek34: folds
Uncalled bet ($6) returned to Chessnok
Chessnok collected $23.52 from pot
Chessnok: doesn't show hand
*** SUMMARY ***
Total pot $24 | Rake $0.48
Board [3d 2c Jc 5s]
Seat 1: grek34 (button) (small blind) folded on the Turn
Seat 2: Chessnok (big blind) collected ($23.52)


PokerStars Hand #149531924640:  Hold'em Limit ($3/$6 USD) - 2016/02/27 19:44:14 ET
Table 'Hestia II' 10-max Seat #2 is the button
Seat 1: grek34 ($159.83 in chips)
Seat 2: Chessnok ($94.26 in chips)
Chessnok: posts small blind $1
grek34: posts big blind $3
*** HOLE CARDS ***
Chessnok: raises $3 to $6
grek34: folds
Uncalled bet ($3) returned to Chessnok
Chessnok collected $6 from pot
Chessnok: doesn't show hand
*** SUMMARY ***
Total pot $6 | Rake $0
Seat 1: grek34 (big blind) folded before Flop
Seat 2: Chessnok (button) (small blind) collected ($6)


PokerStars Hand #149531921240:  Hold'em Limit ($3/$6 USD) - 2016/02/27 19:44:09 ET
Table 'Hestia II' 10-max Seat #1 is the button
Seat 1: grek34 ($160.83 in chips)
Seat 2: Chessnok ($93.26 in chips)
grek34: posts small blind $1
Chessnok: posts big blind $3
*** HOLE CARDS ***
grek34: folds
Uncalled bet ($2) returned to Chessnok
Chessnok collected $2 from pot
Chessnok: doesn't show hand
*** SUMMARY ***
Total pot $2 | Rake $0
Seat 1: grek34 (button) (small blind) folded before Flop
Seat 2: Chessnok (big blind) collected ($2)


PokerStars Hand #149531918050:  Hold'em Limit ($3/$6 USD) - 2016/02/27 19:44:05 ET
Table 'Hestia II' 10-max Seat #2 is the button
Seat 1: grek34 ($163.83 in chips)
Seat 2: Chessnok ($90.26 in chips)
Chessnok: posts small blind $1
grek34: posts big blind $3
*** HOLE CARDS ***
Chessnok: raises $3 to $6
grek34: folds
Uncalled bet ($3) returned to Chessnok
Chessnok collected $6 from pot
Chessnok: doesn't show hand
*** SUMMARY ***
Total pot $6 | Rake $0
Seat 1: grek34 (big blind) folded before Flop
Seat 2: Chessnok (button) (small blind) collected ($6)


PokerStars Hand #149531914945:  Hold'em Limit ($3/$6 USD) - 2016/02/27 19:44:00 ET
Table 'Hestia II' 10-max Seat #1 is the button
Seat 1: grek34 ($164.83 in chips)
Seat 2: Chessnok ($89.26 in chips)
grek34: posts small blind $1
Chessnok: posts big blind $3
*** HOLE CARDS ***
grek34: folds
Uncalled bet ($2) returned to Chessnok
Chessnok collected $2 from pot
Chessnok: doesn't show hand
*** SUMMARY ***
Total pot $2 | Rake $0
Seat 1: grek34 (button) (small blind) folded before Flop
Seat 2: Chessnok (big blind) collected ($2)


PokerStars Hand #149531908989:  Hold'em Limit ($3/$6 USD) - 2016/02/27 19:43:51 ET
Table 'Hestia II' 10-max Seat #2 is the button
Seat 1: grek34 ($170.83 in chips)
Seat 2: Chessnok ($83.50 in chips)
Chessnok: posts small blind $1
grek34: posts big blind $3
*** HOLE CARDS ***
Chessnok: raises $3 to $6
grek34: calls $3
*** FLOP *** [4d 6d Js]
grek34: checks
Chessnok: bets $3
grek34: folds
Uncalled bet ($3) returned to Chessnok
Chessnok collected $11.76 from pot
Chessnok: doesn't show hand
*** SUMMARY ***
Total pot $12 | Rake $0.24
Board [4d 6d Js]
Seat 1: grek34 (big blind) folded on the Flop
Seat 2: Chessnok (button) (small blind) collected ($11.76)


PokerStars Hand #149531898445:  Hold'em Limit ($3/$6 USD) - 2016/02/27 19:43:35 ET
Table 'Hestia II' 10-max Seat #1 is the button
Seat 1: grek34 ($194.83 in chips)
Seat 2: Chessnok ($60 in chips)
grek34: posts small blind $1
Chessnok: posts big blind $3
*** HOLE CARDS ***
grek34: raises $3 to $6
Chessnok: calls $3
*** FLOP *** [8h 7s 8c]
Chessnok: checks
grek34: bets $3
Chessnok: raises $3 to $6
grek34: calls $3
*** TURN *** [8h 7s 8c] [6s]
Chessnok: bets $6
grek34: calls $6
*** RIVER *** [8h 7s 8c 6s] [Th]
Chessnok: bets $6
grek34: calls $6
*** SHOW DOWN ***
Chessnok: shows [8d Jd] (three of a kind, Eights)
grek34: mucks hand
Chessnok collected $47.50 from pot
*** SUMMARY ***
Total pot $48 | Rake $0.50
Board [8h 7s 8c 6s Th]
Seat 1: grek34 (button) (small blind) mucked
Seat 2: Chessnok (big blind) showed [8d Jd] and won ($47.50) with three of a kind, Eights


PokerStars Hand #149531962304:  Hold'em Limit ($3/$6 USD) - 2016/02/27 19:45:10 ET
Table 'Hestia II' 10-max Seat #2 is the button
Seat 1: grek34 ($189.33 in chips)
Seat 2: Chessnok ($68.64 in chips)
Chessnok: posts small blind $1
grek34: posts big blind $3
*** HOLE CARDS ***
Chessnok: raises $3 to $6
grek34: raises $3 to $9
Chessnok: calls $3
*** FLOP *** [5c 8h Kh]
grek34: bets $3
Chessnok: calls $3
*** TURN *** [5c 8h Kh] [5d]
grek34: bets $6
Chessnok: folds
Uncalled bet ($6) returned to grek34
grek34 collected $23.52 from pot
*** SUMMARY ***
Total pot $24 | Rake $0.48
Board [5c 8h Kh 5d]
Seat 1: grek34 (big blind) collected ($23.52)
Seat 2: Chessnok (button) (small blind) folded on the Turn


PokerStars Hand #149531955112:  Hold'em Limit ($3/$6 USD) - 2016/02/27 19:45:00 ET
Table 'Hestia II' 10-max Seat #1 is the button
Seat 1: grek34 ($198.33 in chips)
Seat 2: Chessnok ($60 in chips)
grek34: posts small blind $1
Chessnok: posts big blind $3
*** HOLE CARDS ***
grek34: raises $3 to $6
Chessnok: raises $3 to $9
grek34: calls $3
*** FLOP *** [3d Ad 3h]
Chessnok: bets $3
grek34: folds
Uncalled bet ($3) returned to Chessnok
Chessnok collected $17.64 from pot
Chessnok: doesn't show hand
*** SUMMARY ***
Total pot $18 | Rake $0.36
Board [3d Ad 3h]
Seat 1: grek34 (button) (small blind) folded on the Flop
Seat 2: Chessnok (big blind) collected ($17.64)


PokerStars Hand #149531940202:  Hold'em Limit ($3/$6 USD) - 2016/02/27 19:44:38 ET
Table 'Hestia II' 10-max Seat #2 is the button
Seat 1: grek34 ($144.83 in chips)
Seat 2: Chessnok ($108.78 in chips)
Chessnok: posts small blind $1
grek34: posts big blind $3
*** HOLE CARDS ***
Chessnok: raises $3 to $6
grek34: raises $3 to $9
Chessnok: calls $3
*** FLOP *** [4h 7c Tc]
grek34: bets $3
Chessnok: calls $3
*** TURN *** [4h 7c Tc] [Qh]
grek34: bets $6
Chessnok: raises $6 to $12
grek34: raises $6 to $18
Chessnok: raises $6 to $24
Betting is capped
grek34: calls $6
*** RIVER *** [4h 7c Tc Qh] [4c]
grek34: bets $6
Chessnok: raises $6 to $12
grek34: raises $6 to $18
Chessnok: calls $6
*** SHOW DOWN ***
grek34: shows [Td Ts] (a full house, Tens full of Fours)
Chessnok: mucks hand
grek34 collected $107.50 from pot
*** SUMMARY ***
Total pot $108 | Rake $0.50
Board [4h 7c Tc Qh 4c]
Seat 1: grek34 (big blind) showed [Td Ts] and won ($107.50) with a full house, Tens full of Fours
Seat 2: Chessnok (button) (small blind) mucked


PokerStars Hand #149532007995:  Hold'em Limit ($3/$6 USD) - 2016/02/27 19:46:19 ET
Table 'Hestia II' 10-max Seat #2 is the button
Seat 1: grek34 ($153.85 in chips)
Seat 2: Chessnok ($105.88 in chips)
Chessnok: posts small blind $1
grek34: posts big blind $3
*** HOLE CARDS ***
Chessnok: folds
Uncalled bet ($2) returned to grek34
grek34 collected $2 from pot
*** SUMMARY ***
Total pot $2 | Rake $0
Seat 1: grek34 (big blind) collected ($2)
Seat 2: Chessnok (button) (small blind) folded before Flop


PokerStars Hand #149531994676:  Hold'em Limit ($3/$6 USD) - 2016/02/27 19:45:59 ET
Table 'Hestia II' 10-max Seat #2 is the button
Seat 1: grek34 ($159.85 in chips)
Seat 2: Chessnok ($100 in chips)
Chessnok: posts small blind $1
grek34: posts big blind $3
*** HOLE CARDS ***
Chessnok: raises $3 to $6
grek34: folds
Uncalled bet ($3) returned to Chessnok
Chessnok collected $6 from pot
Chessnok: doesn't show hand
*** SUMMARY ***
Total pot $6 | Rake $0
Seat 1: grek34 (big blind) folded before Flop
Seat 2: Chessnok (button) (small blind) collected ($6)


PokerStars Hand #149531985235:  Hold'em Limit ($3/$6 USD) - 2016/02/27 19:45:45 ET
Table 'Hestia II' 10-max Seat #1 is the button
Seat 1: grek34 ($183.85 in chips)
Seat 2: Chessnok ($76.50 in chips)
grek34: posts small blind $1
Chessnok: posts big blind $3
*** HOLE CARDS ***
grek34: raises $3 to $6
Chessnok: raises $3 to $9
grek34: calls $3
*** FLOP *** [Qs 5s As]
Chessnok: bets $3
grek34: calls $3
*** TURN *** [Qs 5s As] [9c]
Chessnok: bets $6
grek34: calls $6
*** RIVER *** [Qs 5s As 9c] [9h]
Chessnok: bets $6
grek34: calls $6
*** SHOW DOWN ***
Chessnok: shows [Qc Jd] (two pair, Queens and Nines)
grek34: mucks hand
Chessnok collected $47.50 from pot
*** SUMMARY ***
Total pot $48 | Rake $0.50
Board [Qs 5s As 9c 9h]
Seat 1: grek34 (button) (small blind) mucked
Seat 2: Chessnok (big blind) showed [Qc Jd] and won ($47.50) with two pair, Queens and Nines


PokerStars Hand #149531982552:  Hold'em Limit ($3/$6 USD) - 2016/02/27 19:45:41 ET
Table 'Hestia II' 10-max Seat #2 is the button
Seat 1: grek34 ($182.85 in chips)
Seat 2: Chessnok ($77.50 in chips)
Chessnok: posts small blind $1
grek34: posts big blind $3
*** HOLE CARDS ***
Chessnok: folds
Uncalled bet ($2) returned to grek34
grek34 collected $2 from pot
*** SUMMARY ***
Total pot $2 | Rake $0
Seat 1: grek34 (big blind) collected ($2)
Seat 2: Chessnok (button) (small blind) folded before Flop


PokerStars Hand #149531970519:  Hold'em Limit ($3/$6 USD) - 2016/02/27 19:45:23 ET
Table 'Hestia II' 10-max Seat #1 is the button
Seat 1: grek34 ($200.85 in chips)
Seat 2: Chessnok ($60 in chips)
grek34: posts small blind $1
Chessnok: posts big blind $3
*** HOLE CARDS ***
grek34: raises $3 to $6
Chessnok: calls $3
*** FLOP *** [Kh 2s 8h]
Chessnok: checks
grek34: bets $3
Chessnok: raises $3 to $6
grek34: calls $3
*** TURN *** [Kh 2s 8h] [Js]
Chessnok: bets $6
grek34: calls $6
*** RIVER *** [Kh 2s 8h Js] [Jc]
Chessnok: bets $6
grek34: folds
Uncalled bet ($6) returned to Chessnok
Chessnok collected $35.50 from pot
Chessnok: doesn't show hand
*** SUMMARY ***
Total pot $36 | Rake $0.50
Board [Kh 2s 8h Js Jc]
Seat 1: grek34 (button) (small blind) folded on the River
Seat 2: Chessnok (big blind) collected ($35.50)


PokerStars Hand #149532010635:  Hold'em Limit ($3/$6 USD) - 2016/02/27 19:46:23 ET
Table 'Hestia II' 10-max Seat #1 is the button
Seat 1: grek34 ($154.85 in chips)
Seat 2: Chessnok ($104.88 in chips)
grek34: posts small blind $1
Chessnok: posts big blind $3
*** HOLE CARDS ***
grek34: calls $2
Chessnok: raises $3 to $6
grek34: calls $3
*** FLOP *** [2h 6d Kc]
Chessnok: bets $3
grek34: folds
Uncalled bet ($3) returned to Chessnok
Chessnok collected $11.76 from pot
Chessnok: doesn't show hand
*** SUMMARY ***
Total pot $12 | Rake $0.24
Board [2h 6d Kc]
Seat 1: grek34 (button) (small blind) folded on the Flop
Seat 2: Chessnok (big blind) collected ($11.76)


PokerStars Hand #149532049168:  Hold'em Limit ($3/$6 USD) - 2016/02/27 19:47:21 ET
Table 'Hestia II' 10-max Seat #1 is the button
Seat 1: grek34 ($164.35 in chips)
Seat 2: Chessnok ($94.40 in chips)
grek34: posts small blind $1
Chessnok: posts big blind $3
*** HOLE CARDS ***
grek34: folds
Uncalled bet ($2) returned to Chessnok
Chessnok collected $2 from pot
Chessnok: doesn't show hand
*** SUMMARY ***
Total pot $2 | Rake $0
Seat 1: grek34 (button) (small blind) folded before Flop
Seat 2: Chessnok (big blind) collected ($2)


PokerStars Hand #149532044977:  Hold'em Limit ($3/$6 USD) - 2016/02/27 19:47:15 ET
Table 'Hestia II' 10-max Seat #2 is the button
Seat 1: grek34 ($167.35 in chips)
Seat 2: Chessnok ($91.40 in chips)
Chessnok: posts small blind $1
grek34: posts big blind $3
*** HOLE CARDS ***
Chessnok: raises $3 to $6
grek34: folds
Uncalled bet ($3) returned to Chessnok
Chessnok collected $6 from pot
Chessnok: doesn't show hand
*** SUMMARY ***
Total pot $6 | Rake $0
Seat 1: grek34 (big blind) folded before Flop
Seat 2: Chessnok (button) (small blind) collected ($6)


PokerStars Hand #149532041783:  Hold'em Limit ($3/$6 USD) - 2016/02/27 19:47:10 ET
Table 'Hestia II' 10-max Seat #1 is the button
Seat 1: grek34 ($168.35 in chips)
Seat 2: Chessnok ($90.40 in chips)
grek34: posts small blind $1
Chessnok: posts big blind $3
*** HOLE CARDS ***
grek34: folds
Uncalled bet ($2) returned to Chessnok
Chessnok collected $2 from pot
Chessnok: doesn't show hand
*** SUMMARY ***
Total pot $2 | Rake $0
Seat 1: grek34 (button) (small blind) folded before Flop
Seat 2: Chessnok (big blind) collected ($2)


PokerStars Hand #149532028107:  Hold'em Limit ($3/$6 USD) - 2016/02/27 19:46:49 ET
Table 'Hestia II' 10-max Seat #2 is the button
Seat 1: grek34 ($141.85 in chips)
Seat 2: Chessnok ($117.40 in chips)
Chessnok: posts small blind $1
grek34: posts big blind $3
*** HOLE CARDS ***
Chessnok: raises $3 to $6
grek34: calls $3
*** FLOP *** [9s Kc 9h]
grek34: checks
Chessnok: bets $3
grek34: calls $3
*** TURN *** [9s Kc 9h] [Qh]
grek34: checks
Chessnok: bets $6
grek34: raises $6 to $12
Chessnok: calls $6
*** RIVER *** [9s Kc 9h Qh] [5h]
grek34: bets $6
Chessnok: calls $6
*** SHOW DOWN ***
grek34: shows [Jd Th] (a straight, Nine to King)
Chessnok: mucks hand
grek34 collected $53.50 from pot
*** SUMMARY ***
Total pot $54 | Rake $0.50
Board [9s Kc 9h Qh 5h]
Seat 1: grek34 (big blind) showed [Jd Th] and won ($53.50) with a straight, Nine to King
Seat 2: Chessnok (button) (small blind) mucked


PokerStars Hand #149532024716:  Hold'em Limit ($3/$6 USD) - 2016/02/27 19:46:44 ET
Table 'Hestia II' 10-max Seat #1 is the button
Seat 1: grek34 ($142.85 in chips)
Seat 2: Chessnok ($116.40 in chips)
grek34: posts small blind $1
Chessnok: posts big blind $3
*** HOLE CARDS ***
grek34: folds
Uncalled bet ($2) returned to Chessnok
Chessnok collected $2 from pot
Chessnok: doesn't show hand
*** SUMMARY ***
Total pot $2 | Rake $0
Seat 1: grek34 (button) (small blind) folded before Flop
Seat 2: Chessnok (big blind) collected ($2)


PokerStars Hand #149532017293:  Hold'em Limit ($3/$6 USD) - 2016/02/27 19:46:33 ET
Table 'Hestia II' 10-max Seat #2 is the button
Seat 1: grek34 ($148.85 in chips)
Seat 2: Chessnok ($110.64 in chips)
Chessnok: posts small blind $1
grek34: posts big blind $3
*** HOLE CARDS ***
Chessnok: raises $3 to $6
grek34: calls $3
*** FLOP *** [5s Ac 2c]
grek34: checks
Chessnok: bets $3
grek34: folds
Uncalled bet ($3) returned to Chessnok
Chessnok collected $11.76 from pot
Chessnok: doesn't show hand
*** SUMMARY ***
Total pot $12 | Rake $0.24
Board [5s Ac 2c]
Seat 1: grek34 (big blind) folded on the Flop
Seat 2: Chessnok (button) (small blind) collected ($11.76)


PokerStars Hand #149532085832:  Hold'em Limit ($3/$6 USD) - 2016/02/27 19:48:16 ET
Table 'Hestia II' 10-max Seat #1 is the button
Seat 1: grek34 ($156.85 in chips)
Seat 2: Chessnok ($100.90 in chips)
grek34: posts small blind $1
Chessnok: posts big blind $3
*** HOLE CARDS ***
grek34: folds
Uncalled bet ($2) returned to Chessnok
Chessnok collected $2 from pot
Chessnok: doesn't show hand
*** SUMMARY ***
Total pot $2 | Rake $0
Seat 1: grek34 (button) (small blind) folded before Flop
Seat 2: Chessnok (big blind) collected ($2)


PokerStars Hand #149532082469:  Hold'em Limit ($3/$6 USD) - 2016/02/27 19:48:11 ET
Table 'Hestia II' 10-max Seat #2 is the button
Seat 1: grek34 ($159.85 in chips)
Seat 2: Chessnok ($97.90 in chips)
Chessnok: posts small blind $1
grek34: posts big blind $3
*** HOLE CARDS ***
Chessnok: raises $3 to $6
grek34: folds
Uncalled bet ($3) returned to Chessnok
Chessnok collected $6 from pot
Chessnok: doesn't show hand
*** SUMMARY ***
Total pot $6 | Rake $0
Seat 1: grek34 (big blind) folded before Flop
Seat 2: Chessnok (button) (small blind) collected ($6)


PokerStars Hand #149532072843:  Hold'em Limit ($3/$6 USD) - 2016/02/27 19:47:56 ET
Table 'Hestia II' 10-max Seat #1 is the button
Seat 1: grek34 ($177.85 in chips)
Seat 2: Chessnok ($80.40 in chips)
grek34: posts small blind $1
Chessnok: posts big blind $3
*** HOLE CARDS ***
grek34: raises $3 to $6
Chessnok: raises $3 to $9
grek34: calls $3
*** FLOP *** [8s 2s 4c]
Chessnok: bets $3
grek34: calls $3
*** TURN *** [8s 2s 4c] [Js]
Chessnok: bets $6
grek34: calls $6
*** RIVER *** [8s 2s 4c Js] [9s]
Chessnok: bets $6
grek34: folds
Uncalled bet ($6) returned to Chessnok
Chessnok collected $35.50 from pot
Chessnok: doesn't show hand
*** SUMMARY ***
Total pot $36 | Rake $0.50
Board [8s 2s 4c Js 9s]
Seat 1: grek34 (button) (small blind) folded on the River
Seat 2: Chessnok (big blind) collected ($35.50)


PokerStars Hand #149532062723:  Hold'em Limit ($3/$6 USD) - 2016/02/27 19:47:41 ET
Table 'Hestia II' 10-max Seat #2 is the button
Seat 1: grek34 ($163.35 in chips)
Seat 2: Chessnok ($95.40 in chips)
Chessnok: posts small blind $1
grek34: posts big blind $3
*** HOLE CARDS ***
Chessnok: raises $3 to $6
grek34: calls $3
*** FLOP *** [9s 6d As]
grek34: checks
Chessnok: bets $3
grek34: calls $3
*** TURN *** [9s 6d As] [4d]
grek34: checks
Chessnok: bets $6
grek34: calls $6
*** RIVER *** [9s 6d As 4d] [2s]
grek34: checks
Chessnok: checks
*** SHOW DOWN ***
grek34: shows [6s Jd] (a pair of Sixes)
Chessnok: mucks hand
grek34 collected $29.50 from pot
*** SUMMARY ***
Total pot $30 | Rake $0.50
Board [9s 6d As 4d 2s]
Seat 1: grek34 (big blind) showed [6s Jd] and won ($29.50) with a pair of Sixes
Seat 2: Chessnok (button) (small blind) mucked


PokerStars Hand #149532088758:  Hold'em Limit ($3/$6 USD) - 2016/02/27 19:48:21 ET
Table 'Hestia II' 10-max Seat #2 is the button
Seat 1: grek34 ($155.85 in chips)
Seat 2: Chessnok ($101.90 in chips)
Chessnok: posts small blind $1
grek34: posts big blind $3
*** HOLE CARDS ***
Chessnok: calls $2
grek34: checks
*** FLOP *** [9s 8d 3d]
grek34: checks
Chessnok: bets $3
grek34: folds
Uncalled bet ($3) returned to Chessnok
Chessnok collected $5.88 from pot
Chessnok: doesn't show hand
*** SUMMARY ***
Total pot $6 | Rake $0.12
Board [9s 8d 3d]
Seat 1: grek34 (big blind) folded on the Flop
Seat 2: Chessnok (button) (small blind) collected ($5.88)


PokerStars Hand #149532096216:  Hold'em Limit ($3/$6 USD) - 2016/02/27 19:48:32 ET
Table 'Hestia II' 10-max Seat #1 is the button
Seat 1: grek34 ($152.85 in chips)
Seat 2: Chessnok ($104.78 in chips)
grek34: posts small blind $1
Chessnok: posts big blind $3
*** HOLE CARDS ***
grek34: raises $3 to $6
Chessnok: calls $3
*** FLOP *** [5d 4d 3h]
Chessnok: checks
grek34: bets $3
Chessnok: raises $3 to $6
grek34: calls $3
*** TURN *** [5d 4d 3h] [Td]
Chessnok: bets $6
grek34: calls $6
*** RIVER *** [5d 4d 3h Td] [5s]
Chessnok: bets $6
grek34: calls $6
*** SHOW DOWN ***
Chessnok: shows [6s 8h] (a pair of Fives)
grek34: shows [Ac 4s] (two pair, Fives and Fours)
grek34 collected $47.50 from pot
*** SUMMARY ***
Total pot $48 | Rake $0.50
Board [5d 4d 3h Td 5s]
Seat 1: grek34 (button) (small blind) showed [Ac 4s] and won ($47.50) with two pair, Fives and Fours
Seat 2: Chessnok (big blind) showed [6s 8h] and lost with a pair of Fives


PokerStars Hand #149532135442:  Hold'em Limit ($3/$6 USD) - 2016/02/27 19:49:31 ET
Table 'Hestia II' 10-max Seat #2 is the button
Seat 1: grek34 ($175.99 in chips)
Seat 2: Chessnok ($80.42 in chips)
Chessnok: posts small blind $1
grek34: posts big blind $3
*** HOLE CARDS ***
Chessnok: raises $3 to $6
grek34: folds
Uncalled bet ($3) returned to Chessnok
Chessnok collected $6 from pot
Chessnok: doesn't show hand
*** SUMMARY ***
Total pot $6 | Rake $0
Seat 1: grek34 (big blind) folded before Flop
Seat 2: Chessnok (button) (small blind) collected ($6)


PokerStars Hand #149532132349:  Hold'em Limit ($3/$6 USD) - 2016/02/27 19:49:27 ET
Table 'Hestia II' 10-max Seat #1 is the button
Seat 1: grek34 ($176.99 in chips)
Seat 2: Chessnok ($79.42 in chips)
grek34: posts small blind $1
Chessnok: posts big blind $3
*** HOLE CARDS ***
grek34: folds
Uncalled bet ($2) returned to Chessnok
Chessnok collected $2 from pot
Chessnok: doesn't show hand
*** SUMMARY ***
Total pot $2 | Rake $0
Seat 1: grek34 (button) (small blind) folded before Flop
Seat 2: Chessnok (big blind) collected ($2)


PokerStars Hand #149532129298:  Hold'em Limit ($3/$6 USD) - 2016/02/27 19:49:22 ET
Table 'Hestia II' 10-max Seat #2 is the button
Seat 1: grek34 ($175.99 in chips)
Seat 2: Chessnok ($80.42 in chips)
Chessnok: posts small blind $1
grek34: posts big blind $3
*** HOLE CARDS ***
Chessnok: folds
Uncalled bet ($2) returned to grek34
grek34 collected $2 from pot
*** SUMMARY ***
Total pot $2 | Rake $0
Seat 1: grek34 (big blind) collected ($2)
Seat 2: Chessnok (button) (small blind) folded before Flop


PokerStars Hand #149532126123:  Hold'em Limit ($3/$6 USD) - 2016/02/27 19:49:17 ET
Table 'Hestia II' 10-max Seat #1 is the button
Seat 1: grek34 ($176.99 in chips)
Seat 2: Chessnok ($79.42 in chips)
grek34: posts small blind $1
Chessnok: posts big blind $3
*** HOLE CARDS ***
grek34: folds
Uncalled bet ($2) returned to Chessnok
Chessnok collected $2 from pot
Chessnok: doesn't show hand
*** SUMMARY ***
Total pot $2 | Rake $0
Seat 1: grek34 (button) (small blind) folded before Flop
Seat 2: Chessnok (big blind) collected ($2)


PokerStars Hand #149532117666:  Hold'em Limit ($3/$6 USD) - 2016/02/27 19:49:04 ET
Table 'Hestia II' 10-max Seat #2 is the button
Seat 1: grek34 ($168.35 in chips)
Seat 2: Chessnok ($88.42 in chips)
Chessnok: posts small blind $1
grek34: posts big blind $3
*** HOLE CARDS ***
Chessnok: raises $3 to $6
grek34: calls $3
*** FLOP *** [3d Qc Js]
grek34: checks
Chessnok: bets $3
grek34: calls $3
*** TURN *** [3d Qc Js] [Kd]
grek34: bets $6
Chessnok: folds
Uncalled bet ($6) returned to grek34
grek34 collected $17.64 from pot
*** SUMMARY ***
Total pot $18 | Rake $0.36
Board [3d Qc Js Kd]
Seat 1: grek34 (big blind) collected ($17.64)
Seat 2: Chessnok (button) (small blind) folded on the Turn


PokerStars Hand #149532110466:  Hold'em Limit ($3/$6 USD) - 2016/02/27 19:48:54 ET
Table 'Hestia II' 10-max Seat #1 is the button
Seat 1: grek34 ($177.35 in chips)
Seat 2: Chessnok ($79.78 in chips)
grek34: posts small blind $1
Chessnok: posts big blind $3
*** HOLE CARDS ***
grek34: raises $3 to $6
Chessnok: calls $3
*** FLOP *** [8d 4d Ts]
Chessnok: checks
grek34: bets $3
Chessnok: raises $3 to $6
grek34: folds
Uncalled bet ($3) returned to Chessnok
Chessnok collected $17.64 from pot
Chessnok: doesn't show hand
*** SUMMARY ***
Total pot $18 | Rake $0.36
Board [8d 4d Ts]
Seat 1: grek34 (button) (small blind) folded on the Flop
Seat 2: Chessnok (big blind) collected ($17.64)


PokerStars Hand #149532105121:  Hold'em Limit ($3/$6 USD) - 2016/02/27 19:48:45 ET
Table 'Hestia II' 10-max Seat #2 is the button
Seat 1: grek34 ($176.35 in chips)
Seat 2: Chessnok ($80.78 in chips)
Chessnok: posts small blind $1
grek34: posts big blind $3
*** HOLE CARDS ***
Chessnok: folds
Uncalled bet ($2) returned to grek34
grek34 collected $2 from pot
*** SUMMARY ***
Total pot $2 | Rake $0
Seat 1: grek34 (big blind) collected ($2)
Seat 2: Chessnok (button) (small blind) folded before Flop


PokerStars Hand #149532162070:  Hold'em Limit ($3/$6 USD) - 2016/02/27 19:50:12 ET
Table 'Hestia II' 10-max Seat #1 is the button
Seat 1: grek34 ($155.99 in chips)
Seat 2: Chessnok ($99.82 in chips)
grek34: posts small blind $1
Chessnok: posts big blind $3
*** HOLE CARDS ***
grek34: raises $3 to $6
Chessnok: raises $3 to $9
grek34: calls $3
*** FLOP *** [9s 3c 7c]
Chessnok: checks
grek34: bets $3
Chessnok: calls $3
*** TURN *** [9s 3c 7c] [Ad]
Chessnok: bets $6
grek34: calls $6
*** RIVER *** [9s 3c 7c Ad] [5h]
Chessnok: bets $6
grek34: calls $6
*** SHOW DOWN ***
Chessnok: shows [4h As] (a pair of Aces)
grek34: mucks hand
Chessnok collected $47.50 from pot
*** SUMMARY ***
Total pot $48 | Rake $0.50
Board [9s 3c 7c Ad 5h]
Seat 1: grek34 (button) (small blind) mucked
Seat 2: Chessnok (big blind) showed [4h As] and won ($47.50) with a pair of Aces


PokerStars Hand #149532155258:  Hold'em Limit ($3/$6 USD) - 2016/02/27 19:50:02 ET
Table 'Hestia II' 10-max Seat #2 is the button
Seat 1: grek34 ($161.99 in chips)
Seat 2: Chessnok ($94.06 in chips)
Chessnok: posts small blind $1
grek34: posts big blind $3
*** HOLE CARDS ***
Chessnok: raises $3 to $6
grek34: calls $3
*** FLOP *** [Kc 6s As]
grek34: checks
Chessnok: bets $3
grek34: folds
Uncalled bet ($3) returned to Chessnok
Chessnok collected $11.76 from pot
Chessnok: doesn't show hand
*** SUMMARY ***
Total pot $12 | Rake $0.24
Board [Kc 6s As]
Seat 1: grek34 (big blind) folded on the Flop
Seat 2: Chessnok (button) (small blind) collected ($11.76)


PokerStars Hand #149532152107:  Hold'em Limit ($3/$6 USD) - 2016/02/27 19:49:57 ET
Table 'Hestia II' 10-max Seat #1 is the button
Seat 1: grek34 ($162.99 in chips)
Seat 2: Chessnok ($93.06 in chips)
grek34: posts small blind $1
Chessnok: posts big blind $3
*** HOLE CARDS ***
grek34: folds
Uncalled bet ($2) returned to Chessnok
Chessnok collected $2 from pot
Chessnok: doesn't show hand
*** SUMMARY ***
Total pot $2 | Rake $0
Seat 1: grek34 (button) (small blind) folded before Flop
Seat 2: Chessnok (big blind) collected ($2)


PokerStars Hand #149532142296:  Hold'em Limit ($3/$6 USD) - 2016/02/27 19:49:42 ET
Table 'Hestia II' 10-max Seat #2 is the button
Seat 1: grek34 ($171.99 in chips)
Seat 2: Chessnok ($84.42 in chips)
Chessnok: posts small blind $1
grek34: posts big blind $3
*** HOLE CARDS ***
Chessnok: raises $3 to $6
grek34: calls $3
*** FLOP *** [Ks Jc 6d]
grek34: checks
Chessnok: bets $3
grek34: calls $3
*** TURN *** [Ks Jc 6d] [7h]
grek34: checks
Chessnok: checks
*** RIVER *** [Ks Jc 6d 7h] [5d]
grek34: checks
Chessnok: checks
*** SHOW DOWN ***
grek34: shows [Qc 9c] (high card King)
Chessnok: shows [Ac 5s] (a pair of Fives)
Chessnok collected $17.64 from pot
*** SUMMARY ***
Total pot $18 | Rake $0.36
Board [Ks Jc 6d 7h 5d]
Seat 1: grek34 (big blind) showed [Qc 9c] and lost with high card King
Seat 2: Chessnok (button) (small blind) showed [Ac 5s] and won ($17.64) with a pair of Fives


PokerStars Hand #149532139072:  Hold'em Limit ($3/$6 USD) - 2016/02/27 19:49:37 ET
Table 'Hestia II' 10-max Seat #1 is the button
Seat 1: grek34 ($172.99 in chips)
Seat 2: Chessnok ($83.42 in chips)
grek34: posts small blind $1
Chessnok: posts big blind $3
*** HOLE CARDS ***
grek34: folds
Uncalled bet ($2) returned to Chessnok
Chessnok collected $2 from pot
Chessnok: doesn't show hand
*** SUMMARY ***
Total pot $2 | Rake $0
Seat 1: grek34 (button) (small blind) folded before Flop
Seat 2: Chessnok (big blind) collected ($2)


PokerStars Hand #149532199143:  Hold'em Limit ($3/$6 USD) - 2016/02/27 19:51:09 ET
Table 'Hestia II' 10-max Seat #1 is the button
Seat 1: grek34 ($155.49 in chips)
Seat 2: Chessnok ($99.32 in chips)
grek34: posts small blind $1
Chessnok: posts big blind $3
*** HOLE CARDS ***
MobyDickDK joins the table at seat #6
grek34: folds
Uncalled bet ($2) returned to Chessnok
Chessnok collected $2 from pot
Chessnok: doesn't show hand
*** SUMMARY ***
Total pot $2 | Rake $0
Seat 1: grek34 (button) (small blind) folded before Flop
Seat 2: Chessnok (big blind) collected ($2)


PokerStars Hand #149532196244:  Hold'em Limit ($3/$6 USD) - 2016/02/27 19:51:04 ET
Table 'Hestia II' 10-max Seat #2 is the button
Seat 1: grek34 ($154.49 in chips)
Seat 2: Chessnok ($100.32 in chips)
Chessnok: posts small blind $1
grek34: posts big blind $3
*** HOLE CARDS ***
Chessnok: folds
Uncalled bet ($2) returned to grek34
grek34 collected $2 from pot
grek34: shows [5d 5h] (a pair of Fives)
*** SUMMARY ***
Total pot $2 | Rake $0
Seat 1: grek34 (big blind) collected ($2)
Seat 2: Chessnok (button) (small blind) folded before Flop


PokerStars Hand #149532192876:  Hold'em Limit ($3/$6 USD) - 2016/02/27 19:50:59 ET
Table 'Hestia II' 10-max Seat #1 is the button
Seat 1: grek34 ($155.49 in chips)
Seat 2: Chessnok ($99.32 in chips)
grek34: posts small blind $1
Chessnok: posts big blind $3
*** HOLE CARDS ***
grek34: folds
Uncalled bet ($2) returned to Chessnok
Chessnok collected $2 from pot
Chessnok: doesn't show hand
*** SUMMARY ***
Total pot $2 | Rake $0
Seat 1: grek34 (button) (small blind) folded before Flop
Seat 2: Chessnok (big blind) collected ($2)


PokerStars Hand #149532175079:  Hold'em Limit ($3/$6 USD) - 2016/02/27 19:50:32 ET
Table 'Hestia II' 10-max Seat #2 is the button
Seat 1: grek34 ($131.99 in chips)
Seat 2: Chessnok ($123.32 in chips)
Chessnok: posts small blind $1
grek34: posts big blind $3
*** HOLE CARDS ***
Chessnok: raises $3 to $6
grek34: calls $3
*** FLOP *** [9c Kh Jh]
grek34: checks
Chessnok: bets $3
grek34: raises $3 to $6
Chessnok: calls $3
*** TURN *** [9c Kh Jh] [5s]
grek34: bets $6
Chessnok: calls $6
*** RIVER *** [9c Kh Jh 5s] [4h]
grek34: bets $6
Chessnok: calls $6
*** SHOW DOWN ***
grek34: shows [Th 9h] (a flush, King high)
Chessnok: mucks hand
grek34 collected $47.50 from pot
*** SUMMARY ***
Total pot $48 | Rake $0.50
Board [9c Kh Jh 5s 4h]
Seat 1: grek34 (big blind) showed [Th 9h] and won ($47.50) with a flush, King high
Seat 2: Chessnok (button) (small blind) mucked


PokerStars Hand #149532412512:  Hold'em Limit ($3/$6 USD) - 2016/02/27 19:56:55 ET
Table 'Hestia II' 10-max Seat #1 is the button
Seat 1: grek34 ($88.07 in chips)
Seat 2: Chessnok ($242.85 in chips)
grek34: posts small blind $1
Chessnok: posts big blind $3
*** HOLE CARDS ***
grek34: folds
Uncalled bet ($2) returned to Chessnok
Chessnok collected $2 from pot
Chessnok: doesn't show hand
*** SUMMARY ***
Total pot $2 | Rake $0
Seat 1: grek34 (button) (small blind) folded before Flop
Seat 2: Chessnok (big blind) collected ($2)


PokerStars Hand #149532417967:  Hold'em Limit ($3/$6 USD) - 2016/02/27 19:57:05 ET
Table 'Hestia II' 10-max Seat #1 is the button
Seat 1: grek34 ($84.07 in chips)
Seat 2: Chessnok ($246.85 in chips)
grek34: posts small blind $1
Chessnok: posts big blind $3
*** HOLE CARDS ***
grek34: folds
Uncalled bet ($2) returned to Chessnok
Chessnok collected $2 from pot
Chessnok: doesn't show hand
*** SUMMARY ***
Total pot $2 | Rake $0
Seat 1: grek34 (button) (small blind) folded before Flop
Seat 2: Chessnok (big blind) collected ($2)


PokerStars Hand #149532415206:  Hold'em Limit ($3/$6 USD) - 2016/02/27 19:57:00 ET
Table 'Hestia II' 10-max Seat #2 is the button
Seat 1: grek34 ($87.07 in chips)
Seat 2: Chessnok ($243.85 in chips)
Chessnok: posts small blind $1
grek34: posts big blind $3
*** HOLE CARDS ***
Chessnok: raises $3 to $6
MobyDickDK leaves the table
grek34: folds
Uncalled bet ($3) returned to Chessnok
Chessnok collected $6 from pot
Chessnok: doesn't show hand
*** SUMMARY ***
Total pot $6 | Rake $0
Seat 1: grek34 (big blind) folded before Flop
Seat 2: Chessnok (button) (small blind) collected ($6)


PokerStars Hand #149532420511:  Hold'em Limit ($3/$6 USD) - 2016/02/27 19:57:09 ET
Table 'Hestia II' 10-max Seat #2 is the button
Seat 1: grek34 ($83.07 in chips)
Seat 2: Chessnok ($247.85 in chips)
Chessnok: posts small blind $1
grek34: posts big blind $3
*** HOLE CARDS ***
Chessnok: folds
Uncalled bet ($2) returned to grek34
grek34 collected $2 from pot
*** SUMMARY ***
Total pot $2 | Rake $0
Seat 1: grek34 (big blind) collected ($2)
Seat 2: Chessnok (button) (small blind) folded before Flop


PokerStars Hand #149532422774:  Hold'em Limit ($3/$6 USD) - 2016/02/27 19:57:13 ET
Table 'Hestia II' 10-max Seat #1 is the button
Seat 1: grek34 ($84.07 in chips)
Seat 2: Chessnok ($246.85 in chips)
grek34: posts small blind $1
Chessnok: posts big blind $3
*** HOLE CARDS ***
grek34: raises $3 to $6
Chessnok: raises $3 to $9
grek34: calls $3
*** FLOP *** [Ad 8d 8h]
Chessnok: bets $3
grek34: calls $3
*** TURN *** [Ad 8d 8h] [Qh]
Chessnok: bets $6
grek34: raises $6 to $12
Chessnok: calls $6
*** RIVER *** [Ad 8d 8h Qh] [Kd]
Chessnok: checks
grek34: bets $6
Chessnok: calls $6
*** SHOW DOWN ***
grek34: shows [8c Jd] (three of a kind, Eights)
Chessnok: mucks hand
grek34 collected $59.50 from pot
*** SUMMARY ***
Total pot $60 | Rake $0.50
Board [Ad 8d 8h Qh Kd]
Seat 1: grek34 (button) (small blind) showed [8c Jd] and won ($59.50) with three of a kind, Eights
Seat 2: Chessnok (big blind) mucked


PokerStars Hand #149532443603:  Hold'em Limit ($3/$6 USD) - 2016/02/27 19:57:51 ET
Table 'Hestia II' 10-max Seat #1 is the button
Seat 1: grek34 ($128.07 in chips)
Seat 2: Chessnok ($201.85 in chips)
grek34: posts small blind $1
Chessnok: posts big blind $3
*** HOLE CARDS ***
grek34: calls $2
Chessnok: raises $3 to $6
grek34: calls $3
*** FLOP *** [6h 4c 3s]
Chessnok: bets $3
grek34: calls $3
*** TURN *** [6h 4c 3s] [5h]
Chessnok: bets $6
grek34: folds
Uncalled bet ($6) returned to Chessnok
Chessnok collected $17.64 from pot
Chessnok: doesn't show hand
*** SUMMARY ***
Total pot $18 | Rake $0.36
Board [6h 4c 3s 5h]
Seat 1: grek34 (button) (small blind) folded on the Turn
Seat 2: Chessnok (big blind) collected ($17.64)


PokerStars Hand #149532450448:  Hold'em Limit ($3/$6 USD) - 2016/02/27 19:58:03 ET
Table 'Hestia II' 10-max Seat #2 is the button
Seat 1: grek34 ($119.07 in chips)
Seat 2: Chessnok ($210.49 in chips)
Chessnok: posts small blind $1
grek34: posts big blind $3
*** HOLE CARDS ***
Chessnok: raises $3 to $6
grek34: calls $3
*** FLOP *** [Ah Qs 3c]
grek34: checks
Chessnok: bets $3
grek34: folds
Uncalled bet ($3) returned to Chessnok
Chessnok collected $11.76 from pot
Chessnok: doesn't show hand
*** SUMMARY ***
Total pot $12 | Rake $0.24
Board [Ah Qs 3c]
Seat 1: grek34 (big blind) folded on the Flop
Seat 2: Chessnok (button) (small blind) collected ($11.76)


PokerStars Hand #149532457394:  Hold'em Limit ($3/$6 USD) - 2016/02/27 19:58:15 ET
Table 'Hestia II' 10-max Seat #1 is the button
Seat 1: grek34 ($113.07 in chips)
Seat 2: Chessnok ($216.25 in chips)
grek34: posts small blind $1
Chessnok: posts big blind $3
*** HOLE CARDS ***
grek34: raises $3 to $6
Chessnok: calls $3
*** FLOP *** [4s Ks As]
Chessnok: checks
grek34: bets $3
Chessnok: raises $3 to $6
grek34: raises $3 to $9
Chessnok: calls $3
*** TURN *** [4s Ks As] [Ts]
Chessnok: bets $6
grek34: raises $6 to $12
Chessnok: raises $6 to $18
grek34: calls $6
*** RIVER *** [4s Ks As Ts] [3c]
Chessnok: bets $6
grek34: calls $6
*** SHOW DOWN ***
Chessnok: shows [Qs 4d] (a flush, Ace high)
grek34: mucks hand
Chessnok collected $77.50 from pot
*** SUMMARY ***
Total pot $78 | Rake $0.50
Board [4s Ks As Ts 3c]
Seat 1: grek34 (button) (small blind) mucked
Seat 2: Chessnok (big blind) showed [Qs 4d] and won ($77.50) with a flush, Ace high


PokerStars Hand #149532466411:  Hold'em Limit ($3/$6 USD) - 2016/02/27 19:58:31 ET
Table 'Hestia II' 10-max Seat #2 is the button
Seat 1: grek34 ($74.07 in chips)
Seat 2: Chessnok ($254.75 in chips)
Chessnok: posts small blind $1
grek34: posts big blind $3
*** HOLE CARDS ***
Chessnok: raises $3 to $6
grek34: folds
Uncalled bet ($3) returned to Chessnok
Chessnok collected $6 from pot
Chessnok: doesn't show hand
*** SUMMARY ***
Total pot $6 | Rake $0
Seat 1: grek34 (big blind) folded before Flop
Seat 2: Chessnok (button) (small blind) collected ($6)


PokerStars Hand #149532431958:  Hold'em Limit ($3/$6 USD) - 2016/02/27 19:57:30 ET
Table 'Hestia II' 10-max Seat #2 is the button
Seat 1: grek34 ($113.57 in chips)
Seat 2: Chessnok ($216.85 in chips)
Chessnok: posts small blind $1
grek34: posts big blind $3
*** HOLE CARDS ***
Chessnok: raises $3 to $6
grek34: calls $3
*** FLOP *** [8c 3s Kh]
grek34: checks
Chessnok: bets $3
grek34: calls $3
*** TURN *** [8c 3s Kh] [As]
grek34: bets $6
Chessnok: calls $6
*** RIVER *** [8c 3s Kh As] [4s]
grek34: checks
Chessnok: checks
*** SHOW DOWN ***
grek34: shows [7d Ad] (a pair of Aces)
Chessnok: mucks hand
grek34 collected $29.50 from pot
*** SUMMARY ***
Total pot $30 | Rake $0.50
Board [8c 3s Kh As 4s]
Seat 1: grek34 (big blind) showed [7d Ad] and won ($29.50) with a pair of Aces
Seat 2: Chessnok (button) (small blind) mucked


PokerStars Hand #149532476919:  Hold'em Limit ($3/$6 USD) - 2016/02/27 19:58:50 ET
Table 'Hestia II' 10-max Seat #1 is the button
Seat 1: grek34 ($67.07 in chips)
Seat 2: Chessnok ($261.75 in chips)
grek34: posts small blind $1
Chessnok: posts big blind $3
*** HOLE CARDS ***
grek34: raises $3 to $6
Chessnok: calls $3
*** FLOP *** [8c As 9s]
Chessnok: checks
grek34: bets $3
Chessnok: calls $3
*** TURN *** [8c As 9s] [5h]
Chessnok: checks
grek34: bets $6
Chessnok: calls $6
*** RIVER *** [8c As 9s 5h] [8d]
Chessnok: checks
grek34: bets $6
Chessnok: calls $6
*** SHOW DOWN ***
grek34: shows [4d 7d] (a pair of Eights)
Chessnok: shows [Ks Qc] (a pair of Eights - Ace+King kicker)
Chessnok collected $41.50 from pot
*** SUMMARY ***
Total pot $42 | Rake $0.50
Board [8c As 9s 5h 8d]
Seat 1: grek34 (button) (small blind) showed [4d 7d] and lost with a pair of Eights
Seat 2: Chessnok (big blind) showed [Ks Qc] and won ($41.50) with a pair of Eights


PokerStars Hand #149532490471:  Hold'em Limit ($3/$6 USD) - 2016/02/27 19:59:15 ET
Table 'Hestia II' 10-max Seat #1 is the button
Seat 1: grek34 ($40.07 in chips)
Seat 2: Chessnok ($288.01 in chips)
grek34: posts small blind $1
Chessnok: posts big blind $3
*** HOLE CARDS ***
grek34: folds
Uncalled bet ($2) returned to Chessnok
Chessnok collected $2 from pot
Chessnok: doesn't show hand
*** SUMMARY ***
Total pot $2 | Rake $0
Seat 1: grek34 (button) (small blind) folded before Flop
Seat 2: Chessnok (big blind) collected ($2)


PokerStars Hand #149532485380:  Hold'em Limit ($3/$6 USD) - 2016/02/27 19:59:06 ET
Table 'Hestia II' 10-max Seat #2 is the button
Seat 1: grek34 ($46.07 in chips)
Seat 2: Chessnok ($282.25 in chips)
Chessnok: posts small blind $1
grek34: posts big blind $3
*** HOLE CARDS ***
Chessnok: raises $3 to $6
grek34: calls $3
*** FLOP *** [Qh 6c Th]
grek34: checks
Chessnok: bets $3
grek34: folds
Uncalled bet ($3) returned to Chessnok
Chessnok collected $11.76 from pot
Chessnok: doesn't show hand
*** SUMMARY ***
Total pot $12 | Rake $0.24
Board [Qh 6c Th]
Seat 1: grek34 (big blind) folded on the Flop
Seat 2: Chessnok (button) (small blind) collected ($11.76)


PokerStars Hand #149532492890:  Hold'em Limit ($3/$6 USD) - 2016/02/27 19:59:19 ET
Table 'Hestia II' 10-max Seat #2 is the button
Seat 1: grek34 ($39.07 in chips)
Seat 2: Chessnok ($289.01 in chips)
Chessnok: posts small blind $1
grek34: posts big blind $3
*** HOLE CARDS ***
Chessnok: folds
Uncalled bet ($2) returned to grek34
grek34 collected $2 from pot
*** SUMMARY ***
Total pot $2 | Rake $0
Seat 1: grek34 (big blind) collected ($2)
Seat 2: Chessnok (button) (small blind) folded before Flop


PokerStars Hand #149532474340:  Hold'em Limit ($3/$6 USD) - 2016/02/27 19:58:46 ET
Table 'Hestia II' 10-max Seat #2 is the button
Seat 1: grek34 ($70.07 in chips)
Seat 2: Chessnok ($258.75 in chips)
Chessnok: posts small blind $1
grek34: posts big blind $3
*** HOLE CARDS ***
Chessnok: raises $3 to $6
grek34: folds
Uncalled bet ($3) returned to Chessnok
Chessnok collected $6 from pot
Chessnok: doesn't show hand
*** SUMMARY ***
Total pot $6 | Rake $0
Seat 1: grek34 (big blind) folded before Flop
Seat 2: Chessnok (button) (small blind) collected ($6)


PokerStars Hand #149532469073:  Hold'em Limit ($3/$6 USD) - 2016/02/27 19:58:36 ET
Table 'Hestia II' 10-max Seat #1 is the button
Seat 1: grek34 ($71.07 in chips)
Seat 2: Chessnok ($257.75 in chips)
grek34: posts small blind $1
Chessnok: posts big blind $3
*** HOLE CARDS ***
grek34 said, "drunked idiot"
grek34: folds
Uncalled bet ($2) returned to Chessnok
Chessnok collected $2 from pot
Chessnok: doesn't show hand
*** SUMMARY ***
Total pot $2 | Rake $0
Seat 1: grek34 (button) (small blind) folded before Flop
Seat 2: Chessnok (big blind) collected ($2)


PokerStars Hand #149532517575:  Hold'em Limit ($3/$6 USD) - 2016/02/27 20:00:03 ET
Table 'Hestia II' 10-max Seat #1 is the button
Seat 1: grek34 ($25.64 in chips)
Seat 2: Chessnok ($301.44 in chips)
grek34: posts small blind $1
Chessnok: posts big blind $3
*** HOLE CARDS ***
grek34: folds
Uncalled bet ($2) returned to Chessnok
Chessnok collected $2 from pot
Chessnok: doesn't show hand
*** SUMMARY ***
Total pot $2 | Rake $0
Seat 1: grek34 (button) (small blind) folded before Flop
Seat 2: Chessnok (big blind) collected ($2)


PokerStars Hand #149532509471:  Hold'em Limit ($3/$6 USD) - 2016/02/27 19:59:49 ET
Table 'Hestia II' 10-max Seat #2 is the button
Seat 1: grek34 ($13.07 in chips)
Seat 2: Chessnok ($314.51 in chips)
Chessnok: posts small blind $1
grek34: posts big blind $3
*** HOLE CARDS ***
Chessnok: raises $3 to $6
grek34: raises $3 to $9
Chessnok: calls $3
*** FLOP *** [8s 3d 6h]
grek34: bets $3
Chessnok: calls $3
*** TURN *** [8s 3d 6h] [Ah]
grek34: bets $1.07 and is all-in
Chessnok: calls $1.07
*** RIVER *** [8s 3d 6h Ah] [5s]
*** SHOW DOWN ***
grek34: shows [As Ts] (a pair of Aces)
Chessnok: shows [5h 7c] (a pair of Fives)
grek34 collected $25.64 from pot
*** SUMMARY ***
Total pot $26.14 | Rake $0.50
Board [8s 3d 6h Ah 5s]
Seat 1: grek34 (big blind) showed [As Ts] and won ($25.64) with a pair of Aces
Seat 2: Chessnok (button) (small blind) showed [5h 7c] and lost with a pair of Fives


PokerStars Hand #149532520322:  Hold'em Limit ($3/$6 USD) - 2016/02/27 20:00:08 ET
Table 'Hestia II' 10-max Seat #2 is the button
Seat 1: grek34 ($24.64 in chips)
Seat 2: Chessnok ($302.44 in chips)
Chessnok: posts small blind $1
grek34: posts big blind $3
*** HOLE CARDS ***
Chessnok: raises $3 to $6
grek34: raises $3 to $9
Chessnok: calls $3
*** FLOP *** [5s 8s 9h]
grek34: bets $3
Chessnok: calls $3
*** TURN *** [5s 8s 9h] [3c]
grek34: bets $6
Chessnok: calls $6
*** RIVER *** [5s 8s 9h 3c] [6c]
grek34: bets $6
Chessnok: calls $6
*** SHOW DOWN ***
grek34: shows [3s 3d] (three of a kind, Threes)
Chessnok: mucks hand
grek34 collected $47.50 from pot
*** SUMMARY ***
Total pot $48 | Rake $0.50
Board [5s 8s 9h 3c 6c]
Seat 1: grek34 (big blind) showed [3s 3d] and won ($47.50) with three of a kind, Threes
Seat 2: Chessnok (button) (small blind) mucked


PokerStars Hand #149532528846:  Hold'em Limit ($3/$6 USD) - 2016/02/27 20:00:23 ET
Table 'Hestia II' 10-max Seat #1 is the button
Seat 1: grek34 ($48.14 in chips)
Seat 2: Chessnok ($278.44 in chips)
grek34: posts small blind $1
Chessnok: posts big blind $3
*** HOLE CARDS ***
grek34: raises $3 to $6
Chessnok: calls $3
*** FLOP *** [8s 4h 7d]
Chessnok: checks
grek34: bets $3
Chessnok: raises $3 to $6
grek34: raises $3 to $9
Chessnok: calls $3
*** TURN *** [8s 4h 7d] [3h]
Chessnok: checks
grek34: bets $6
Chessnok: calls $6
*** RIVER *** [8s 4h 7d 3h] [Qd]
Chessnok: checks
grek34: bets $6
Chessnok: raises $6 to $12
grek34: calls $6
*** SHOW DOWN ***
Chessnok: shows [4c Qs] (two pair, Queens and Fours)
grek34: mucks hand
Chessnok collected $65.50 from pot
*** SUMMARY ***
Total pot $66 | Rake $0.50
Board [8s 4h 7d 3h Qd]
Seat 1: grek34 (button) (small blind) mucked
Seat 2: Chessnok (big blind) showed [4c Qs] and won ($65.50) with two pair, Queens and Fours


PokerStars Hand #149532495869:  Hold'em Limit ($3/$6 USD) - 2016/02/27 19:59:25 ET
Table 'Hestia II' 10-max Seat #1 is the button
Seat 1: grek34 ($40.07 in chips)
Seat 2: Chessnok ($288.01 in chips)
grek34: posts small blind $1
Chessnok: posts big blind $3
*** HOLE CARDS ***
grek34: raises $3 to $6
Chessnok: calls $3
*** FLOP *** [Qh Ac Th]
Chessnok: checks
grek34: bets $3
Chessnok: calls $3
*** TURN *** [Qh Ac Th] [4s]
Chessnok: checks
grek34: bets $6
Chessnok: calls $6
*** RIVER *** [Qh Ac Th 4s] [Tc]
Chessnok: checks
grek34: bets $6
Chessnok: raises $6 to $12
grek34: calls $6
*** SHOW DOWN ***
Chessnok: shows [8d Ts] (three of a kind, Tens)
grek34: mucks hand
Chessnok collected $53.50 from pot
*** SUMMARY ***
Total pot $54 | Rake $0.50
Board [Qh Ac Th 4s Tc]
Seat 1: grek34 (button) (small blind) mucked
Seat 2: Chessnok (big blind) showed [8d Ts] and won ($53.50) with three of a kind, Tens


PokerStars Hand #149532542309:  Hold'em Limit ($3/$6 USD) - 2016/02/27 20:00:46 ET
Table 'Hestia II' 10-max Seat #1 is the button
Seat 1: grek34 ($16.14 in chips)
Seat 2: Chessnok ($309.94 in chips)
grek34: posts small blind $1
Chessnok: posts big blind $3
*** HOLE CARDS ***
grek34: raises $3 to $6
Chessnok: calls $3
*** FLOP *** [7d 3c 7h]
Chessnok: checks
grek34: bets $3
Chessnok: raises $3 to $6
grek34: raises $3 to $9
Chessnok: raises $3 to $12
Betting is capped
grek34: calls $1.14 and is all-in
Uncalled bet ($1.86) returned to Chessnok
*** TURN *** [7d 3c 7h] [5d]
*** RIVER *** [7d 3c 7h 5d] [9s]
*** SHOW DOWN ***
Chessnok: shows [9d Ks] (two pair, Nines and Sevens)
grek34: shows [Ac 2c] (a pair of Sevens)
Chessnok collected $31.78 from pot
*** SUMMARY ***
Total pot $32.28 | Rake $0.50
Board [7d 3c 7h 5d 9s]
Seat 1: grek34 (button) (small blind) showed [Ac 2c] and lost with a pair of Sevens
Seat 2: Chessnok (big blind) showed [9d Ks] and won ($31.78) with two pair, Nines and Sevens


PokerStars Hand #149532539580:  Hold'em Limit ($3/$6 USD) - 2016/02/27 20:00:42 ET
Table 'Hestia II' 10-max Seat #2 is the button
Seat 1: grek34 ($15.14 in chips)
Seat 2: Chessnok ($310.94 in chips)
Chessnok: posts small blind $1
grek34: posts big blind $3
*** HOLE CARDS ***
Chessnok: folds
Uncalled bet ($2) returned to grek34
grek34 collected $2 from pot
*** SUMMARY ***
Total pot $2 | Rake $0
Seat 1: grek34 (big blind) collected ($2)
Seat 2: Chessnok (button) (small blind) folded before Flop


PokerStars Hand #149538429061:  Hold'em Limit ($3/$6 USD) - 2016/02/27 23:42:14 ET
Table 'Hestia II' 10-max Seat #3 is the button
Seat 2: LifeisagameX ($79.30 in chips)
Seat 3: beerdog222 ($10.93 in chips)
beerdog222: posts small blind $1
LifeisagameX: posts big blind $3
*** HOLE CARDS ***
beerdog222: raises $3 to $6
LifeisagameX: calls $3
*** FLOP *** [3d 7s 3c]
LifeisagameX: checks
beerdog222: checks
*** TURN *** [3d 7s 3c] [5s]
LifeisagameX: checks
beerdog222: bets $4.93 and is all-in
LifeisagameX: calls $4.93
*** RIVER *** [3d 7s 3c 5s] [Th]
*** SHOW DOWN ***
LifeisagameX: shows [Qh 2c] (a pair of Threes)
beerdog222: shows [9d 6c] (a pair of Threes - lower kicker)
LifeisagameX collected $21.42 from pot
*** SUMMARY ***
Total pot $21.86 | Rake $0.44
Board [3d 7s 3c 5s Th]
Seat 2: LifeisagameX (big blind) showed [Qh 2c] and won ($21.42) with a pair of Threes
Seat 3: beerdog222 (button) (small blind) showed [9d 6c] and lost with a pair of Threes


