PokerStars Hand #144465796584:  Hold'em Limit ($3/$6 USD) - 2015/11/27 13:07:18 ET
Table 'Hestia III' 6-max Seat #6 is the button
Seat 4: AA_ILI ($49.68 in chips)
Seat 6: julenchu ($76 in chips)
julenchu: posts small blind $1
AA_ILI: posts big blind $3
*** HOLE CARDS ***
julenchu: folds
Uncalled bet ($2) returned to AA_ILI
AA_ILI collected $2 from pot
*** SUMMARY ***
Total pot $2 | Rake $0
Seat 4: AA_ILI (big blind) collected ($2)
Seat 6: julenchu (button) (small blind) folded before Flop


PokerStars Hand #144465790030:  Hold'em Limit ($3/$6 USD) - 2015/11/27 13:07:10 ET
Table 'Hestia III' 6-max Seat #4 is the button
Seat 4: AA_ILI ($50.68 in chips)
Seat 6: julenchu ($75 in chips)
AA_ILI: posts small blind $1
julenchu: posts big blind $3
*** HOLE CARDS ***
AA_ILI: folds
Uncalled bet ($2) returned to julenchu
julenchu collected $2 from pot
julenchu: doesn't show hand
*** SUMMARY ***
Total pot $2 | Rake $0
Seat 4: AA_ILI (button) (small blind) folded before Flop
Seat 6: julenchu (big blind) collected ($2)


PokerStars Hand #144465778047:  Hold'em Limit ($3/$6 USD) - 2015/11/27 13:06:55 ET
Table 'Hestia III' 6-max Seat #6 is the button
Seat 4: AA_ILI ($49.68 in chips)
Seat 6: julenchu ($76 in chips)
julenchu: posts small blind $1
Chessnok: is sitting out
AA_ILI: posts big blind $3
*** HOLE CARDS ***
Chessnok leaves the table
julenchu: folds
Uncalled bet ($2) returned to AA_ILI
AA_ILI collected $2 from pot
*** SUMMARY ***
Total pot $2 | Rake $0
Seat 4: AA_ILI (big blind) collected ($2)
Seat 6: julenchu (button) (small blind) folded before Flop


PokerStars Hand #144465801171:  Hold'em Limit ($3/$6 USD) - 2015/11/27 13:07:23 ET
Table 'Hestia III' 6-max Seat #4 is the button
Seat 4: AA_ILI ($50.68 in chips)
Seat 6: julenchu ($75 in chips)
AA_ILI: posts small blind $1
julenchu: posts big blind $3
*** HOLE CARDS ***
AA_ILI: raises $3 to $6
julenchu: calls $3
*** FLOP *** [Ac Qs Jc]
julenchu: checks
AA_ILI: bets $3
julenchu: calls $3
*** TURN *** [Ac Qs Jc] [Th]
julenchu: checks
AA_ILI: bets $6
julenchu: calls $6
*** RIVER *** [Ac Qs Jc Th] [8d]
julenchu: checks
AA_ILI: checks
*** SHOW DOWN ***
julenchu: shows [6h Ad] (a pair of Aces)
AA_ILI: mucks hand
julenchu collected $29.50 from pot
*** SUMMARY ***
Total pot $30 | Rake $0.50
Board [Ac Qs Jc Th 8d]
Seat 4: AA_ILI (button) (small blind) mucked
Seat 6: julenchu (big blind) showed [6h Ad] and won ($29.50) with a pair of Aces


