PokerStars Hand #145984292130:  Hold'em Limit ($3/$6 USD) - 2015/12/27 1:03:55 ET
Table 'Hestia II' 6-max Seat #2 is the button
Seat 1: Velbor107 ($269.78 in chips)
Seat 2: Pete81 ($43 in chips)
Pete81: posts small blind $1
Velbor107: posts big blind $3
*** HOLE CARDS ***
Pete81: raises $3 to $6
Velbor107: folds
Uncalled bet ($3) returned to Pete81
Mckay312 joins the table at seat #5
Pete81 collected $6 from pot
Pete81: doesn't show hand
*** SUMMARY ***
Total pot $6 | Rake $0
Seat 1: Velbor107 (big blind) folded before Flop
Seat 2: Pete81 (button) (small blind) collected ($6)


PokerStars Hand #145984289450:  Hold'em Limit ($3/$6 USD) - 2015/12/27 1:03:46 ET
Table 'Hestia II' 6-max Seat #1 is the button
Seat 1: Velbor107 ($266.78 in chips)
Seat 2: Pete81 ($46 in chips)
Velbor107: posts small blind $1
Pete81: posts big blind $3
*** HOLE CARDS ***
Velbor107: raises $3 to $6
Pete81: folds
Uncalled bet ($3) returned to Velbor107
Velbor107 collected $6 from pot
*** SUMMARY ***
Total pot $6 | Rake $0
Seat 1: Velbor107 (button) (small blind) collected ($6)
Seat 2: Pete81 (big blind) folded before Flop


PokerStars Hand #145984288029:  Hold'em Limit ($3/$6 USD) - 2015/12/27 1:03:41 ET
Table 'Hestia II' 6-max Seat #2 is the button
Seat 1: Velbor107 ($265.78 in chips)
Seat 2: Pete81 ($47 in chips)
Pete81: posts small blind $1
Velbor107: posts big blind $3
*** HOLE CARDS ***
Pete81: folds
Uncalled bet ($2) returned to Velbor107
Velbor107 collected $2 from pot
*** SUMMARY ***
Total pot $2 | Rake $0
Seat 1: Velbor107 (big blind) collected ($2)
Seat 2: Pete81 (button) (small blind) folded before Flop


PokerStars Hand #145984295679:  Hold'em Limit ($3/$6 USD) - 2015/12/27 1:04:08 ET
Table 'Hestia II' 6-max Seat #1 is the button
Seat 1: Velbor107 ($266.78 in chips)
Seat 2: Pete81 ($46 in chips)
Velbor107: posts small blind $1
Pete81: posts big blind $3
*** HOLE CARDS ***
Velbor107: raises $3 to $6
Pete81: raises $3 to $9
Velbor107: calls $3
*** FLOP *** [3d 2d 4h]
Pete81: bets $3
HAL9QQQ joins the table at seat #6
Velbor107: calls $3
*** TURN *** [3d 2d 4h] [9h]
Pete81: bets $6
Velbor107: calls $6
*** RIVER *** [3d 2d 4h 9h] [2c]
Pete81: bets $6
Velbor107: folds
Uncalled bet ($6) returned to Pete81
Pete81 collected $35.50 from pot
Pete81: doesn't show hand
*** SUMMARY ***
Total pot $36 | Rake $0.50
Board [3d 2d 4h 9h 2c]
Seat 1: Velbor107 (button) (small blind) folded on the River
Seat 2: Pete81 (big blind) collected ($35.50)


PokerStars Hand #145985855665:  Hold'em Limit ($3/$6 USD) - 2015/12/27 2:35:55 ET
Table 'Hestia II' 6-max Seat #5 is the button
Seat 4: play4uron ($186.44 in chips)
Seat 5: scorpio04 ($72 in chips)
scorpio04: posts small blind $1
HAL9QQQ: is sitting out
bentinck113: is sitting out
play4uron: posts big blind $3
*** HOLE CARDS ***
HAL9QQQ leaves the table
bentinck113 leaves the table
scorpio04: raises $3 to $6
play4uron: calls $3
*** FLOP *** [3c 9h 7h]
play4uron: bets $3
scorpio04: calls $3
*** TURN *** [3c 9h 7h] [Qs]
play4uron: bets $6
scorpio04: folds
Uncalled bet ($6) returned to play4uron
play4uron collected $17.64 from pot
play4uron: doesn't show hand
*** SUMMARY ***
Total pot $18 | Rake $0.36
Board [3c 9h 7h Qs]
Seat 4: play4uron (big blind) collected ($17.64)
Seat 5: scorpio04 (button) (small blind) folded on the Turn


