PokerStars Hand #144596415710:  Hold'em Limit ($3/$6 USD) - 2015/11/30 0:56:54 ET
Table 'Heze' 6-max Seat #4 is the button
Seat 1: _fayzulllo_ ($74.88 in chips)
Seat 4: Agrotait ($69 in chips)
Agrotait: posts small blind $1
_fayzulllo_: posts big blind $3
*** HOLE CARDS ***
Agrotait: raises $3 to $6
_fayzulllo_: raises $3 to $9
Chessnok joins the table at seat #2
Agrotait: calls $3
*** FLOP *** [Ts 8c 4h]
_fayzulllo_: bets $3
Agrotait: calls $3
*** TURN *** [Ts 8c 4h] [Kh]
_fayzulllo_: bets $6
Poo Chana joins the table at seat #5
Agrotait: folds
Uncalled bet ($6) returned to _fayzulllo_
_fayzulllo_ collected $23.52 from pot
_fayzulllo_: doesn't show hand
*** SUMMARY ***
Total pot $24 | Rake $0.48
Board [Ts 8c 4h Kh]
Seat 1: _fayzulllo_ (big blind) collected ($23.52)
Seat 4: Agrotait (button) (small blind) folded on the Turn


PokerStars Hand #144596498735:  Hold'em Limit ($3/$6 USD) - 2015/11/30 1:03:11 ET
Table 'Heze' 6-max Seat #5 is the button
Seat 5: Poo Chana ($114 in chips)
Seat 6: scorpio04 ($72 in chips)
Poo Chana: posts small blind $1
scorpio04: posts big blind $3
*** HOLE CARDS ***
Poo Chana: folds
Uncalled bet ($2) returned to scorpio04
scorpio04 collected $2 from pot
scorpio04: doesn't show hand
*** SUMMARY ***
Total pot $2 | Rake $0
Seat 5: Poo Chana (button) (small blind) folded before Flop
Seat 6: scorpio04 (big blind) collected ($2)


PokerStars Hand #144596497329:  Hold'em Limit ($3/$6 USD) - 2015/11/30 1:03:05 ET
Table 'Heze' 6-max Seat #6 is the button
Seat 5: Poo Chana ($113 in chips)
Seat 6: scorpio04 ($72 in chips)
scorpio04: posts small blind $1
Chessnok: is sitting out
Agrotait: is sitting out
Poo Chana: posts big blind $3
*** HOLE CARDS ***
scorpio04: folds
Uncalled bet ($2) returned to Poo Chana
Poo Chana collected $2 from pot
Poo Chana: doesn't show hand
*** SUMMARY ***
Total pot $2 | Rake $0
Seat 5: Poo Chana (big blind) collected ($2)
Seat 6: scorpio04 (button) (small blind) folded before Flop


PokerStars Hand #144596509502:  Hold'em Limit ($3/$6 USD) - 2015/11/30 1:03:56 ET
Table 'Heze' 6-max Seat #6 is the button
Seat 5: Poo Chana ($120.64 in chips)
Seat 6: scorpio04 ($73 in chips)
scorpio04: posts small blind $1
Poo Chana: posts big blind $3
*** HOLE CARDS ***
Agrotait leaves the table
scorpio04: folds
Uncalled bet ($2) returned to Poo Chana
Poo Chana collected $2 from pot
Poo Chana: doesn't show hand
*** SUMMARY ***
Total pot $2 | Rake $0
Seat 5: Poo Chana (big blind) collected ($2)
Seat 6: scorpio04 (button) (small blind) folded before Flop


PokerStars Hand #144596507179:  Hold'em Limit ($3/$6 USD) - 2015/11/30 1:03:46 ET
Table 'Heze' 6-max Seat #5 is the button
Seat 5: Poo Chana ($121.64 in chips)
Seat 6: scorpio04 ($72 in chips)
Poo Chana: posts small blind $1
scorpio04: posts big blind $3
*** HOLE CARDS ***
Poo Chana: folds
Uncalled bet ($2) returned to scorpio04
scorpio04 collected $2 from pot
scorpio04: doesn't show hand
*** SUMMARY ***
Total pot $2 | Rake $0
Seat 5: Poo Chana (button) (small blind) folded before Flop
Seat 6: scorpio04 (big blind) collected ($2)


PokerStars Hand #144596500175:  Hold'em Limit ($3/$6 USD) - 2015/11/30 1:03:17 ET
Table 'Heze' 6-max Seat #6 is the button
Seat 5: Poo Chana ($113 in chips)
Seat 6: scorpio04 ($73 in chips)
scorpio04: posts small blind $1
Poo Chana: posts big blind $3
*** HOLE CARDS ***
scorpio04: raises $3 to $6
Poo Chana: raises $3 to $9
scorpio04: calls $3
*** FLOP *** [3d Ah 5d]
Poo Chana: checks
scorpio04: checks
*** TURN *** [3d Ah 5d] [2c]
Poo Chana: bets $6
scorpio04: folds
Uncalled bet ($6) returned to Poo Chana
Poo Chana collected $17.64 from pot
Poo Chana: doesn't show hand
*** SUMMARY ***
Total pot $18 | Rake $0.36
Board [3d Ah 5d 2c]
Seat 5: Poo Chana (big blind) collected ($17.64)
Seat 6: scorpio04 (button) (small blind) folded on the Turn


PokerStars Hand #144596517058:  Hold'em Limit ($3/$6 USD) - 2015/11/30 1:04:26 ET
Table 'Heze' 6-max Seat #6 is the button
Seat 5: Poo Chana ($127.40 in chips)
Seat 6: scorpio04 ($72 in chips)
scorpio04: posts small blind $1
Poo Chana: posts big blind $3
*** HOLE CARDS ***
scorpio04: raises $3 to $6
Poo Chana: folds
Uncalled bet ($3) returned to scorpio04
scorpio04 collected $6 from pot
scorpio04: doesn't show hand
*** SUMMARY ***
Total pot $6 | Rake $0
Seat 5: Poo Chana (big blind) folded before Flop
Seat 6: scorpio04 (button) (small blind) collected ($6)


PokerStars Hand #144596511326:  Hold'em Limit ($3/$6 USD) - 2015/11/30 1:04:03 ET
Table 'Heze' 6-max Seat #5 is the button
Seat 5: Poo Chana ($121.64 in chips)
Seat 6: scorpio04 ($72 in chips)
Poo Chana: posts small blind $1
scorpio04: posts big blind $3
*** HOLE CARDS ***
Poo Chana: raises $3 to $6
scorpio04: calls $3
*** FLOP *** [5s 3h Kd]
scorpio04: checks
Poo Chana: checks
*** TURN *** [5s 3h Kd] [Js]
scorpio04: checks
Poo Chana: bets $6
scorpio04: folds
Uncalled bet ($6) returned to Poo Chana
Poo Chana collected $11.76 from pot
Poo Chana: doesn't show hand
*** SUMMARY ***
Total pot $12 | Rake $0.24
Board [5s 3h Kd Js]
Seat 5: Poo Chana (button) (small blind) collected ($11.76)
Seat 6: scorpio04 (big blind) folded on the Turn


PokerStars Hand #144596529081:  Hold'em Limit ($3/$6 USD) - 2015/11/30 1:05:15 ET
Table 'Heze' 6-max Seat #6 is the button
Seat 5: Poo Chana ($141.90 in chips)
Seat 6: scorpio04 ($72 in chips)
scorpio04: posts small blind $1
Poo Chana: posts big blind $3
*** HOLE CARDS ***
scorpio04: raises $3 to $6
Poo Chana: folds
Uncalled bet ($3) returned to scorpio04
scorpio04 collected $6 from pot
scorpio04: doesn't show hand
*** SUMMARY ***
Total pot $6 | Rake $0
Seat 5: Poo Chana (big blind) folded before Flop
Seat 6: scorpio04 (button) (small blind) collected ($6)


PokerStars Hand #144596519625:  Hold'em Limit ($3/$6 USD) - 2015/11/30 1:04:37 ET
Table 'Heze' 6-max Seat #5 is the button
Seat 5: Poo Chana ($124.40 in chips)
Seat 6: scorpio04 ($75 in chips)
Poo Chana: posts small blind $1
scorpio04: posts big blind $3
*** HOLE CARDS ***
Poo Chana: raises $3 to $6
scorpio04: calls $3
*** FLOP *** [6d Th 9d]
scorpio04: checks
Poo Chana: checks
*** TURN *** [6d Th 9d] [7d]
scorpio04: bets $6
Poo Chana: calls $6
*** RIVER *** [6d Th 9d 7d] [Jh]
scorpio04: checks
Chessnok leaves the table
Poo Chana: bets $6
scorpio04: calls $6
*** SHOW DOWN ***
Poo Chana: shows [Js 7s] (two pair, Jacks and Sevens)
scorpio04: mucks hand
Poo Chana collected $35.50 from pot
*** SUMMARY ***
Total pot $36 | Rake $0.50
Board [6d Th 9d 7d Jh]
Seat 5: Poo Chana (button) (small blind) showed [Js 7s] and won ($35.50) with two pair, Jacks and Sevens
Seat 6: scorpio04 (big blind) mucked


PokerStars Hand #144596541061:  Hold'em Limit ($3/$6 USD) - 2015/11/30 1:06:05 ET
Table 'Heze' 6-max Seat #5 is the button
Seat 5: Poo Chana ($145.66 in chips)
Seat 6: scorpio04 ($72 in chips)
Poo Chana: posts small blind $1
scorpio04: posts big blind $3
*** HOLE CARDS ***
Poo Chana: raises $3 to $6
scorpio04: raises $3 to $9
Poo Chana: calls $3
*** FLOP *** [Jd 2c Qc]
scorpio04: bets $3
Poo Chana: folds
Uncalled bet ($3) returned to scorpio04
scorpio04 collected $17.64 from pot
scorpio04: doesn't show hand
*** SUMMARY ***
Total pot $18 | Rake $0.36
Board [Jd 2c Qc]
Seat 5: Poo Chana (button) (small blind) folded on the Flop
Seat 6: scorpio04 (big blind) collected ($17.64)


PokerStars Hand #144596539911:  Hold'em Limit ($3/$6 USD) - 2015/11/30 1:06:00 ET
Table 'Heze' 6-max Seat #6 is the button
Seat 5: Poo Chana ($144.66 in chips)
Seat 6: scorpio04 ($73 in chips)
scorpio04: posts small blind $1
Poo Chana: posts big blind $3
*** HOLE CARDS ***
scorpio04: folds
Uncalled bet ($2) returned to Poo Chana
Poo Chana collected $2 from pot
Poo Chana: doesn't show hand
*** SUMMARY ***
Total pot $2 | Rake $0
Seat 5: Poo Chana (big blind) collected ($2)
Seat 6: scorpio04 (button) (small blind) folded before Flop


PokerStars Hand #144596550394:  Hold'em Limit ($3/$6 USD) - 2015/11/30 1:06:42 ET
Table 'Heze' 6-max Seat #6 is the button
Seat 5: Poo Chana ($132.66 in chips)
Seat 6: scorpio04 ($84.64 in chips)
scorpio04: posts small blind $1
Poo Chana: posts big blind $3
*** HOLE CARDS ***
scorpio04: raises $3 to $6
Poo Chana: folds
Uncalled bet ($3) returned to scorpio04
scorpio04 collected $6 from pot
scorpio04: doesn't show hand
*** SUMMARY ***
Total pot $6 | Rake $0
Seat 5: Poo Chana (big blind) folded before Flop
Seat 6: scorpio04 (button) (small blind) collected ($6)


PokerStars Hand #144596548947:  Hold'em Limit ($3/$6 USD) - 2015/11/30 1:06:37 ET
Table 'Heze' 6-max Seat #5 is the button
Seat 5: Poo Chana ($133.66 in chips)
Seat 6: scorpio04 ($83.64 in chips)
Poo Chana: posts small blind $1
scorpio04: posts big blind $3
*** HOLE CARDS ***
Poo Chana: folds
Uncalled bet ($2) returned to scorpio04
scorpio04 collected $2 from pot
scorpio04: doesn't show hand
*** SUMMARY ***
Total pot $2 | Rake $0
Seat 5: Poo Chana (button) (small blind) folded before Flop
Seat 6: scorpio04 (big blind) collected ($2)


PokerStars Hand #144596546278:  Hold'em Limit ($3/$6 USD) - 2015/11/30 1:06:26 ET
Table 'Heze' 6-max Seat #6 is the button
Seat 5: Poo Chana ($136.66 in chips)
Seat 6: scorpio04 ($80.64 in chips)
scorpio04: posts small blind $1
Poo Chana: posts big blind $3
*** HOLE CARDS ***
scorpio04: raises $3 to $6
Poo Chana: folds
Uncalled bet ($3) returned to scorpio04
scorpio04 collected $6 from pot
scorpio04: doesn't show hand
*** SUMMARY ***
Total pot $6 | Rake $0
Seat 5: Poo Chana (big blind) folded before Flop
Seat 6: scorpio04 (button) (small blind) collected ($6)


PokerStars Hand #144596561406:  Hold'em Limit ($3/$6 USD) - 2015/11/30 1:07:27 ET
Table 'Heze' 6-max Seat #5 is the button
Seat 5: Poo Chana ($132.42 in chips)
Seat 6: scorpio04 ($84.64 in chips)
Poo Chana: posts small blind $1
scorpio04: posts big blind $3
*** HOLE CARDS ***
Poo Chana: folds
Uncalled bet ($2) returned to scorpio04
scorpio04 collected $2 from pot
scorpio04: doesn't show hand
*** SUMMARY ***
Total pot $2 | Rake $0
Seat 5: Poo Chana (button) (small blind) folded before Flop
Seat 6: scorpio04 (big blind) collected ($2)


PokerStars Hand #144596559586:  Hold'em Limit ($3/$6 USD) - 2015/11/30 1:07:20 ET
Table 'Heze' 6-max Seat #6 is the button
Seat 5: Poo Chana ($135.42 in chips)
Seat 6: scorpio04 ($81.64 in chips)
scorpio04: posts small blind $1
Poo Chana: posts big blind $3
*** HOLE CARDS ***
scorpio04: raises $3 to $6
Poo Chana: folds
Uncalled bet ($3) returned to scorpio04
scorpio04 collected $6 from pot
scorpio04: doesn't show hand
*** SUMMARY ***
Total pot $6 | Rake $0
Seat 5: Poo Chana (big blind) folded before Flop
Seat 6: scorpio04 (button) (small blind) collected ($6)


PokerStars Hand #144596568221:  Hold'em Limit ($3/$6 USD) - 2015/11/30 1:07:55 ET
Table 'Heze' 6-max Seat #6 is the button
Seat 5: Poo Chana ($124.42 in chips)
Seat 6: scorpio04 ($92.40 in chips)
scorpio04: posts small blind $1
Poo Chana: posts big blind $3
*** HOLE CARDS ***
scorpio04: raises $3 to $6
Poo Chana: folds
Uncalled bet ($3) returned to scorpio04
scorpio04 collected $6 from pot
scorpio04: doesn't show hand
*** SUMMARY ***
Total pot $6 | Rake $0
Seat 5: Poo Chana (big blind) folded before Flop
Seat 6: scorpio04 (button) (small blind) collected ($6)


PokerStars Hand #144596566825:  Hold'em Limit ($3/$6 USD) - 2015/11/30 1:07:50 ET
Table 'Heze' 6-max Seat #5 is the button
Seat 5: Poo Chana ($125.42 in chips)
Seat 6: scorpio04 ($91.40 in chips)
Poo Chana: posts small blind $1
scorpio04: posts big blind $3
*** HOLE CARDS ***
Poo Chana: folds
Uncalled bet ($2) returned to scorpio04
scorpio04 collected $2 from pot
scorpio04: doesn't show hand
*** SUMMARY ***
Total pot $2 | Rake $0
Seat 5: Poo Chana (button) (small blind) folded before Flop
Seat 6: scorpio04 (big blind) collected ($2)


PokerStars Hand #144596563057:  Hold'em Limit ($3/$6 USD) - 2015/11/30 1:07:34 ET
Table 'Heze' 6-max Seat #6 is the button
Seat 5: Poo Chana ($131.42 in chips)
Seat 6: scorpio04 ($85.64 in chips)
scorpio04: posts small blind $1
Poo Chana: posts big blind $3
*** HOLE CARDS ***
scorpio04: raises $3 to $6
Poo Chana: calls $3
*** FLOP *** [2d Jh Qs]
Poo Chana: checks
scorpio04: bets $3
Poo Chana: folds
Uncalled bet ($3) returned to scorpio04
scorpio04 collected $11.76 from pot
scorpio04: doesn't show hand
*** SUMMARY ***
Total pot $12 | Rake $0.24
Board [2d Jh Qs]
Seat 5: Poo Chana (big blind) folded on the Flop
Seat 6: scorpio04 (button) (small blind) collected ($11.76)


PokerStars Hand #144596576785:  Hold'em Limit ($3/$6 USD) - 2015/11/30 1:08:31 ET
Table 'Heze' 6-max Seat #5 is the button
Seat 5: Poo Chana ($129.94 in chips)
Seat 6: scorpio04 ($86.40 in chips)
Poo Chana: posts small blind $1
scorpio04: posts big blind $3
*** HOLE CARDS ***
Poo Chana: folds
Uncalled bet ($2) returned to scorpio04
scorpio04 collected $2 from pot
scorpio04: doesn't show hand
*** SUMMARY ***
Total pot $2 | Rake $0
Seat 5: Poo Chana (button) (small blind) folded before Flop
Seat 6: scorpio04 (big blind) collected ($2)


PokerStars Hand #144596574956:  Hold'em Limit ($3/$6 USD) - 2015/11/30 1:08:23 ET
Table 'Heze' 6-max Seat #6 is the button
Seat 5: Poo Chana ($132.94 in chips)
Seat 6: scorpio04 ($83.40 in chips)
scorpio04: posts small blind $1
Poo Chana: posts big blind $3
*** HOLE CARDS ***
scorpio04: raises $3 to $6
Poo Chana: folds
Uncalled bet ($3) returned to scorpio04
scorpio04 collected $6 from pot
scorpio04: doesn't show hand
*** SUMMARY ***
Total pot $6 | Rake $0
Seat 5: Poo Chana (big blind) folded before Flop
Seat 6: scorpio04 (button) (small blind) collected ($6)


PokerStars Hand #144596585675:  Hold'em Limit ($3/$6 USD) - 2015/11/30 1:09:07 ET
Table 'Heze' 6-max Seat #5 is the button
Seat 5: Poo Chana ($137.58 in chips)
Seat 6: scorpio04 ($78.40 in chips)
Poo Chana: posts small blind $1
scorpio04: posts big blind $3
*** HOLE CARDS ***
Poo Chana: folds
Uncalled bet ($2) returned to scorpio04
scorpio04 collected $2 from pot
scorpio04: doesn't show hand
*** SUMMARY ***
Total pot $2 | Rake $0
Seat 5: Poo Chana (button) (small blind) folded before Flop
Seat 6: scorpio04 (big blind) collected ($2)


PokerStars Hand #144596603555:  Hold'em Limit ($3/$6 USD) - 2015/11/30 1:10:19 ET
Table 'Heze' 6-max Seat #5 is the button
Seat 5: Poo Chana ($121.58 in chips)
Seat 6: scorpio04 ($93.90 in chips)
Poo Chana: posts small blind $1
scorpio04: posts big blind $3
*** HOLE CARDS ***
Poo Chana: folds
Uncalled bet ($2) returned to scorpio04
civilmoose joins the table at seat #2
scorpio04 collected $2 from pot
scorpio04: doesn't show hand
*** SUMMARY ***
Total pot $2 | Rake $0
Seat 5: Poo Chana (button) (small blind) folded before Flop
Seat 6: scorpio04 (big blind) collected ($2)


PokerStars Hand #144596601263:  Hold'em Limit ($3/$6 USD) - 2015/11/30 1:10:10 ET
Table 'Heze' 6-max Seat #6 is the button
Seat 5: Poo Chana ($124.58 in chips)
Seat 6: scorpio04 ($90.90 in chips)
scorpio04: posts small blind $1
Poo Chana: posts big blind $3
*** HOLE CARDS ***
scorpio04: raises $3 to $6
Poo Chana: folds
Uncalled bet ($3) returned to scorpio04
_fayzulllo_ joins the table at seat #1
scorpio04 collected $6 from pot
scorpio04: doesn't show hand
*** SUMMARY ***
Total pot $6 | Rake $0
Seat 5: Poo Chana (big blind) folded before Flop
Seat 6: scorpio04 (button) (small blind) collected ($6)


PokerStars Hand #144596599458:  Hold'em Limit ($3/$6 USD) - 2015/11/30 1:10:03 ET
Table 'Heze' 6-max Seat #5 is the button
Seat 5: Poo Chana ($121.58 in chips)
Seat 6: scorpio04 ($93.90 in chips)
Poo Chana: posts small blind $1
scorpio04: posts big blind $3
*** HOLE CARDS ***
Poo Chana: raises $3 to $6
scorpio04: folds
Uncalled bet ($3) returned to Poo Chana
Poo Chana collected $6 from pot
Poo Chana: doesn't show hand
*** SUMMARY ***
Total pot $6 | Rake $0
Seat 5: Poo Chana (button) (small blind) collected ($6)
Seat 6: scorpio04 (big blind) folded before Flop


PokerStars Hand #144596785691:  Hold'em Limit ($3/$6 USD) - 2015/11/30 1:22:59 ET
Table 'Heze' 6-max Seat #5 is the button
Seat 5: Poo Chana ($182.62 in chips)
Seat 6: scorpio04 ($88.93 in chips)
Poo Chana: posts small blind $1
scorpio04: posts big blind $3
*** HOLE CARDS ***
Poo Chana: folds
Uncalled bet ($2) returned to scorpio04
scorpio04 collected $2 from pot
scorpio04: doesn't show hand
*** SUMMARY ***
Total pot $2 | Rake $0
Seat 5: Poo Chana (button) (small blind) folded before Flop
Seat 6: scorpio04 (big blind) collected ($2)


PokerStars Hand #144596777933:  Hold'em Limit ($3/$6 USD) - 2015/11/30 1:22:26 ET
Table 'Heze' 6-max Seat #5 is the button
Seat 5: Poo Chana ($185.62 in chips)
Seat 6: scorpio04 ($86.17 in chips)
Poo Chana: posts small blind $1
scorpio04: posts big blind $3
*** HOLE CARDS ***
Poo Chana: raises $3 to $6
scorpio04: folds
Uncalled bet ($3) returned to Poo Chana
Poo Chana collected $6 from pot
Poo Chana: doesn't show hand
*** SUMMARY ***
Total pot $6 | Rake $0
Seat 5: Poo Chana (button) (small blind) collected ($6)
Seat 6: scorpio04 (big blind) folded before Flop


PokerStars Hand #144596779912:  Hold'em Limit ($3/$6 USD) - 2015/11/30 1:22:34 ET
Table 'Heze' 6-max Seat #6 is the button
Seat 5: Poo Chana ($188.62 in chips)
Seat 6: scorpio04 ($83.17 in chips)
scorpio04: posts small blind $1
Poo Chana: posts big blind $3
*** HOLE CARDS ***
scorpio04: raises $3 to $6
Poo Chana: calls $3
*** FLOP *** [Jd Qs 7d]
Poo Chana: checks
scorpio04: bets $3
Poo Chana: folds
Uncalled bet ($3) returned to scorpio04
scorpio04 collected $11.76 from pot
scorpio04: doesn't show hand
*** SUMMARY ***
Total pot $12 | Rake $0.24
Board [Jd Qs 7d]
Seat 5: Poo Chana (big blind) folded on the Flop
Seat 6: scorpio04 (button) (small blind) collected ($11.76)


PokerStars Hand #144596775612:  Hold'em Limit ($3/$6 USD) - 2015/11/30 1:22:16 ET
Table 'Heze' 6-max Seat #6 is the button
Seat 5: Poo Chana ($188.62 in chips)
Seat 6: scorpio04 ($83.17 in chips)
scorpio04: posts small blind $1
civilmoose: is sitting out
Poo Chana: posts big blind $3
*** HOLE CARDS ***
civilmoose leaves the table
scorpio04: raises $3 to $6
Poo Chana: folds
Uncalled bet ($3) returned to scorpio04
scorpio04 collected $6 from pot
scorpio04: doesn't show hand
*** SUMMARY ***
Total pot $6 | Rake $0
Seat 5: Poo Chana (big blind) folded before Flop
Seat 6: scorpio04 (button) (small blind) collected ($6)


PokerStars Hand #144596792041:  Hold'em Limit ($3/$6 USD) - 2015/11/30 1:23:25 ET
Table 'Heze' 6-max Seat #5 is the button
Seat 5: Poo Chana ($178.62 in chips)
Seat 6: scorpio04 ($92.93 in chips)
Poo Chana: posts small blind $1
scorpio04: posts big blind $3
*** HOLE CARDS ***
Poo Chana: raises $3 to $6
scorpio04: raises $3 to $9
Poo Chana: raises $3 to $12
Betting is capped
scorpio04: calls $3
*** FLOP *** [5h 2d Jc]
scorpio04: checks
Poo Chana: bets $3
scorpio04: calls $3
*** TURN *** [5h 2d Jc] [3c]
scorpio04: checks
Poo Chana: bets $6
scorpio04: folds
Uncalled bet ($6) returned to Poo Chana
Poo Chana collected $29.50 from pot
Poo Chana: doesn't show hand
*** SUMMARY ***
Total pot $30 | Rake $0.50
Board [5h 2d Jc 3c]
Seat 5: Poo Chana (button) (small blind) collected ($29.50)
Seat 6: scorpio04 (big blind) folded on the Turn


PokerStars Hand #144596798517:  Hold'em Limit ($3/$6 USD) - 2015/11/30 1:23:52 ET
Table 'Heze' 6-max Seat #6 is the button
Seat 5: Poo Chana ($193.12 in chips)
Seat 6: scorpio04 ($77.93 in chips)
scorpio04: posts small blind $1
Poo Chana: posts big blind $3
*** HOLE CARDS ***
scorpio04: raises $3 to $6
Poo Chana: folds
Uncalled bet ($3) returned to scorpio04
scorpio04 collected $6 from pot
scorpio04: doesn't show hand
*** SUMMARY ***
Total pot $6 | Rake $0
Seat 5: Poo Chana (big blind) folded before Flop
Seat 6: scorpio04 (button) (small blind) collected ($6)


PokerStars Hand #144596787800:  Hold'em Limit ($3/$6 USD) - 2015/11/30 1:23:08 ET
Table 'Heze' 6-max Seat #6 is the button
Seat 5: Poo Chana ($181.62 in chips)
Seat 6: scorpio04 ($89.93 in chips)
scorpio04: posts small blind $1
Poo Chana: posts big blind $3
*** HOLE CARDS ***
scorpio04: raises $3 to $6
Poo Chana: folds
Uncalled bet ($3) returned to scorpio04
scorpio04 collected $6 from pot
scorpio04: doesn't show hand
*** SUMMARY ***
Total pot $6 | Rake $0
Seat 5: Poo Chana (big blind) folded before Flop
Seat 6: scorpio04 (button) (small blind) collected ($6)


PokerStars Hand #144596812806:  Hold'em Limit ($3/$6 USD) - 2015/11/30 1:24:53 ET
Table 'Heze' 6-max Seat #5 is the button
Seat 5: Poo Chana ($189.88 in chips)
Seat 6: scorpio04 ($80.69 in chips)
Poo Chana: posts small blind $1
scorpio04: posts big blind $3
*** HOLE CARDS ***
Poo Chana: folds
Uncalled bet ($2) returned to scorpio04
scorpio04 collected $2 from pot
scorpio04: doesn't show hand
*** SUMMARY ***
Total pot $2 | Rake $0
Seat 5: Poo Chana (button) (small blind) folded before Flop
Seat 6: scorpio04 (big blind) collected ($2)


PokerStars Hand #144596800795:  Hold'em Limit ($3/$6 USD) - 2015/11/30 1:24:02 ET
Table 'Heze' 6-max Seat #5 is the button
Seat 5: Poo Chana ($190.12 in chips)
Seat 6: scorpio04 ($80.93 in chips)
Poo Chana: posts small blind $1
scorpio04: posts big blind $3
*** HOLE CARDS ***
Poo Chana: raises $3 to $6
scorpio04: calls $3
*** FLOP *** [Kh 7d 9h]
scorpio04: checks
Poo Chana: bets $3
scorpio04: folds
Uncalled bet ($3) returned to Poo Chana
Poo Chana collected $11.76 from pot
Poo Chana: doesn't show hand
*** SUMMARY ***
Total pot $12 | Rake $0.24
Board [Kh 7d 9h]
Seat 5: Poo Chana (button) (small blind) collected ($11.76)
Seat 6: scorpio04 (big blind) folded on the Flop


PokerStars Hand #144596817585:  Hold'em Limit ($3/$6 USD) - 2015/11/30 1:25:13 ET
Table 'Heze' 6-max Seat #5 is the button
Seat 5: Poo Chana ($185.88 in chips)
Seat 6: scorpio04 ($84.69 in chips)
Poo Chana: posts small blind $1
scorpio04: posts big blind $3
*** HOLE CARDS ***
Poo Chana: raises $3 to $6
scorpio04: raises $3 to $9
Poo Chana: calls $3
*** FLOP *** [8h Js 5h]
scorpio04: bets $3
Poo Chana: calls $3
*** TURN *** [8h Js 5h] [6h]
scorpio04: bets $6
Poo Chana: calls $6
*** RIVER *** [8h Js 5h 6h] [2h]
scorpio04: bets $6
Poo Chana: calls $6
*** SHOW DOWN ***
scorpio04: shows [9s Qs] (high card Queen)
Poo Chana: shows [Ts Kh] (a flush, King high)
Poo Chana collected $47.50 from pot
*** SUMMARY ***
Total pot $48 | Rake $0.50
Board [8h Js 5h 6h 2h]
Seat 5: Poo Chana (button) (small blind) showed [Ts Kh] and won ($47.50) with a flush, King high
Seat 6: scorpio04 (big blind) showed [9s Qs] and lost with high card Queen


PokerStars Hand #144596826218:  Hold'em Limit ($3/$6 USD) - 2015/11/30 1:25:50 ET
Table 'Heze' 6-max Seat #6 is the button
Seat 5: Poo Chana ($209.38 in chips)
Seat 6: scorpio04 ($72 in chips)
scorpio04: posts small blind $1
Poo Chana: posts big blind $3
*** HOLE CARDS ***
Poo Chana said, "??"
Poo Chana said, "??"
scorpio04: folds
Uncalled bet ($2) returned to Poo Chana
Poo Chana collected $2 from pot
Poo Chana: doesn't show hand
*** SUMMARY ***
Total pot $2 | Rake $0
Seat 5: Poo Chana (big blind) collected ($2)
Seat 6: scorpio04 (button) (small blind) folded before Flop


PokerStars Hand #144596814908:  Hold'em Limit ($3/$6 USD) - 2015/11/30 1:25:02 ET
Table 'Heze' 6-max Seat #6 is the button
Seat 5: Poo Chana ($188.88 in chips)
Seat 6: scorpio04 ($81.69 in chips)
scorpio04: posts small blind $1
Poo Chana: posts big blind $3
*** HOLE CARDS ***
scorpio04: raises $3 to $6
Poo Chana: folds
Uncalled bet ($3) returned to scorpio04
scorpio04 collected $6 from pot
scorpio04: doesn't show hand
*** SUMMARY ***
Total pot $6 | Rake $0
Seat 5: Poo Chana (big blind) folded before Flop
Seat 6: scorpio04 (button) (small blind) collected ($6)


PokerStars Hand #144596835359:  Hold'em Limit ($3/$6 USD) - 2015/11/30 1:26:29 ET
Table 'Heze' 6-max Seat #5 is the button
Seat 5: Poo Chana ($198.38 in chips)
Seat 6: scorpio04 ($83.64 in chips)
Poo Chana: posts small blind $1
scorpio04: posts big blind $3
*** HOLE CARDS ***
Poo Chana: raises $3 to $6
scorpio04: calls $3
*** FLOP *** [Kd 8c 9h]
scorpio04: checks
Poo Chana: bets $3
scorpio04: folds
Uncalled bet ($3) returned to Poo Chana
Poo Chana collected $11.76 from pot
Poo Chana: doesn't show hand
*** SUMMARY ***
Total pot $12 | Rake $0.24
Board [Kd 8c 9h]
Seat 5: Poo Chana (button) (small blind) collected ($11.76)
Seat 6: scorpio04 (big blind) folded on the Flop


PokerStars Hand #144596833859:  Hold'em Limit ($3/$6 USD) - 2015/11/30 1:26:23 ET
Table 'Heze' 6-max Seat #6 is the button
Seat 5: Poo Chana ($201.38 in chips)
Seat 6: scorpio04 ($80.64 in chips)
scorpio04: posts small blind $1
Poo Chana: posts big blind $3
*** HOLE CARDS ***
scorpio04: raises $3 to $6
Poo Chana: folds
Uncalled bet ($3) returned to scorpio04
scorpio04 collected $6 from pot
scorpio04: doesn't show hand
*** SUMMARY ***
Total pot $6 | Rake $0
Seat 5: Poo Chana (big blind) folded before Flop
Seat 6: scorpio04 (button) (small blind) collected ($6)


PokerStars Hand #144596829305:  Hold'em Limit ($3/$6 USD) - 2015/11/30 1:26:03 ET
Table 'Heze' 6-max Seat #5 is the button
Seat 5: Poo Chana ($210.38 in chips)
Seat 6: scorpio04 ($72 in chips)
Poo Chana: posts small blind $1
scorpio04: posts big blind $3
*** HOLE CARDS ***
Poo Chana: raises $3 to $6
scorpio04: raises $3 to $9
Poo Chana said, "are you high?"
Poo Chana: calls $3
*** FLOP *** [5c As 3c]
scorpio04: bets $3
Poo Chana: folds
Uncalled bet ($3) returned to scorpio04
scorpio04 collected $17.64 from pot
scorpio04: doesn't show hand
*** SUMMARY ***
Total pot $18 | Rake $0.36
Board [5c As 3c]
Seat 5: Poo Chana (button) (small blind) folded on the Flop
Seat 6: scorpio04 (big blind) collected ($17.64)


