PokerStars Hand #153775202313:  Hold'em Limit ($3/$6 USD) - 2016/05/24 10:33:33 ET
Table 'Hibbs' 6-max Seat #3 is the button
Seat 3: sawel888 ($100.09 in chips)
Seat 4: Airbag999 ($120 in chips)
sawel888: posts small blind $1
Airbag999: posts big blind $3
*** HOLE CARDS ***
sawel888: folds
Uncalled bet ($2) returned to Airbag999
DismasX joins the table at seat #5
Airbag999 collected $2 from pot
Airbag999: doesn't show hand
*** SUMMARY ***
Total pot $2 | Rake $0
Seat 3: sawel888 (button) (small blind) folded before Flop
Seat 4: Airbag999 (big blind) collected ($2)


PokerStars Hand #153775788700:  Hold'em Limit ($3/$6 USD) - 2016/05/24 10:49:40 ET
Table 'Hibbs' 6-max Seat #1 is the button
Seat 1: kolaz03 ($101.19 in chips)
Seat 6: SeanPeary ($155.05 in chips)
kolaz03: posts small blind $1
tomte999: is sitting out
Airbag999: is sitting out
SeanPeary: posts big blind $3
*** HOLE CARDS ***
kolaz03: folds
Uncalled bet ($2) returned to SeanPeary
SeanPeary collected $2 from pot
SeanPeary: doesn't show hand
*** SUMMARY ***
Total pot $2 | Rake $0
Seat 1: kolaz03 (button) (small blind) folded before Flop
Seat 6: SeanPeary (big blind) collected ($2)


PokerStars Hand #153775794559:  Hold'em Limit ($3/$6 USD) - 2016/05/24 10:49:49 ET
Table 'Hibbs' 6-max Seat #6 is the button
Seat 1: kolaz03 ($100.19 in chips)
Seat 6: SeanPeary ($156.05 in chips)
SeanPeary: posts small blind $1
kolaz03: posts big blind $3
*** HOLE CARDS ***
SeanPeary: raises $3 to $6
kolaz03: calls $3
*** FLOP *** [2d 6s 4d]
kolaz03: checks
SeanPeary: checks
*** TURN *** [2d 6s 4d] [9h]
kolaz03: checks
SeanPeary: checks
*** RIVER *** [2d 6s 4d 9h] [3s]
kolaz03: bets $6
SeanPeary: folds
Uncalled bet ($6) returned to kolaz03
kolaz03 collected $11.76 from pot
kolaz03: doesn't show hand
*** SUMMARY ***
Total pot $12 | Rake $0.24
Board [2d 6s 4d 9h 3s]
Seat 1: kolaz03 (big blind) collected ($11.76)
Seat 6: SeanPeary (button) (small blind) folded on the River


PokerStars Hand #153776752914:  Hold'em Limit ($3/$6 USD) - 2016/05/24 11:16:08 ET
Table 'Hibbs' 6-max Seat #4 is the button
Seat 3: igmade ($54.14 in chips)
Seat 4: Airbag999 ($141.26 in chips)
Airbag999: posts small blind $1
igmade: posts big blind $3
*** HOLE CARDS ***
Great_Kang joins the table at seat #5
Airbag999: raises $3 to $6
igmade: calls $3
*** FLOP *** [Tc 6s Jh]
igmade: checks
Airbag999: bets $3
igmade: calls $3
*** TURN *** [Tc 6s Jh] [As]
igmade: checks
Airbag999: checks
*** RIVER *** [Tc 6s Jh As] [8s]
igmade: bets $6
Airbag999: calls $6
*** SHOW DOWN ***
igmade: shows [Qs 3s] (a flush, Ace high)
Airbag999: mucks hand
igmade collected $29.50 from pot
*** SUMMARY ***
Total pot $30 | Rake $0.50
Board [Tc 6s Jh As 8s]
Seat 3: igmade (big blind) showed [Qs 3s] and won ($29.50) with a flush, Ace high
Seat 4: Airbag999 (button) (small blind) mucked


PokerStars Hand #153776749803:  Hold'em Limit ($3/$6 USD) - 2016/05/24 11:16:03 ET
Table 'Hibbs' 6-max Seat #3 is the button
Seat 3: igmade ($55.14 in chips)
Seat 4: Airbag999 ($140.26 in chips)
igmade: posts small blind $1
Airbag999: posts big blind $3
*** HOLE CARDS ***
igmade: folds
Uncalled bet ($2) returned to Airbag999
Airbag999 collected $2 from pot
Airbag999: doesn't show hand
*** SUMMARY ***
Total pot $2 | Rake $0
Seat 3: igmade (button) (small blind) folded before Flop
Seat 4: Airbag999 (big blind) collected ($2)


PokerStars Hand #153776742492:  Hold'em Limit ($3/$6 USD) - 2016/05/24 11:15:51 ET
Table 'Hibbs' 6-max Seat #4 is the button
Seat 3: igmade ($61.14 in chips)
Seat 4: Airbag999 ($134.50 in chips)
Airbag999: posts small blind $1
igmade: posts big blind $3
*** HOLE CARDS ***
Airbag999: raises $3 to $6
igmade: calls $3
*** FLOP *** [7h Jc Ah]
igmade: checks
Airbag999: bets $3
igmade: folds
Uncalled bet ($3) returned to Airbag999
Airbag999 collected $11.76 from pot
Airbag999: doesn't show hand
*** SUMMARY ***
Total pot $12 | Rake $0.24
Board [7h Jc Ah]
Seat 3: igmade (big blind) folded on the Flop
Seat 4: Airbag999 (button) (small blind) collected ($11.76)


PokerStars Hand #153776726759:  Hold'em Limit ($3/$6 USD) - 2016/05/24 11:15:26 ET
Table 'Hibbs' 6-max Seat #3 is the button
Seat 3: igmade ($70 in chips)
Seat 4: Airbag999 ($120 in chips)
igmade: posts small blind $1
Airbag999: posts big blind $3
*** HOLE CARDS ***
igmade: calls $2
Airbag999: checks
*** FLOP *** [As 2d Ts]
Airbag999: checks
igmade: checks
*** TURN *** [As 2d Ts] [Qs]
Airbag999: bets $6
igmade: calls $6
*** RIVER *** [As 2d Ts Qs] [Kh]
Airbag999: checks
igmade: bets $6
Airbag999: calls $6
*** SHOW DOWN ***
igmade: shows [6d 5s] (high card Ace)
Airbag999: shows [5d Th] (a pair of Tens)
Airbag999 collected $29.50 from pot
*** SUMMARY ***
Total pot $30 | Rake $0.50
Board [As 2d Ts Qs Kh]
Seat 3: igmade (button) (small blind) showed [6d 5s] and lost with high card Ace
Seat 4: Airbag999 (big blind) showed [5d Th] and won ($29.50) with a pair of Tens


PokerStars Hand #153776769650:  Hold'em Limit ($3/$6 USD) - 2016/05/24 11:16:34 ET
Table 'Hibbs' 6-max Seat #3 is the button
Seat 3: igmade ($68.64 in chips)
Seat 4: Airbag999 ($126.26 in chips)
igmade: posts small blind $1
Airbag999: posts big blind $3
*** HOLE CARDS ***
igmade: raises $3 to $6
Airbag999: calls $3
*** FLOP *** [8h 5d Kh]
Airbag999: checks
igmade: bets $3
Airbag999: calls $3
*** TURN *** [8h 5d Kh] [7s]
Airbag999: checks
igmade: bets $6
Airbag999: calls $6
*** RIVER *** [8h 5d Kh 7s] [Kd]
Airbag999: checks
igmade: bets $6
Airbag999: calls $6
*** SHOW DOWN ***
igmade: shows [Qd Kc] (three of a kind, Kings)
Airbag999: mucks hand
igmade collected $41.50 from pot
*** SUMMARY ***
Total pot $42 | Rake $0.50
Board [8h 5d Kh 7s Kd]
Seat 3: igmade (button) (small blind) showed [Qd Kc] and won ($41.50) with three of a kind, Kings
Seat 4: Airbag999 (big blind) mucked


PokerStars Hand #153778579673:  Hold'em Limit ($3/$6 USD) - 2016/05/24 12:03:15 ET
Table 'Hibbs' 6-max Seat #1 is the button
Seat 1: FooJaws ($109.92 in chips)
Seat 4: stasschi ($99 in chips)
FooJaws: posts small blind $1
stasschi: posts big blind $3
*** HOLE CARDS ***
FooJaws: folds
Uncalled bet ($2) returned to stasschi
stasschi collected $2 from pot
stasschi: doesn't show hand
*** SUMMARY ***
Total pot $2 | Rake $0
Seat 1: FooJaws (button) (small blind) folded before Flop
Seat 4: stasschi (big blind) collected ($2)


