PokerStars Hand #144931797275:  Hold'em Limit ($3/$6 USD) - 2015/12/06 15:58:04 ET
Table 'Hibbs III' 6-max Seat #1 is the button
Seat 1: PelonCabelao ($60 in chips)
Seat 2: hairy1961 ($60 in chips)
PelonCabelao: posts small blind $1
hairy1961: posts big blind $3
*** HOLE CARDS ***
PelonCabelao: raises $3 to $6
hairy1961: calls $3
*** FLOP *** [As 9c 2d]
hairy1961: checks
PelonCabelao: bets $3
hairy1961: calls $3
*** TURN *** [As 9c 2d] [2s]
artiZzt joins the table at seat #3
hairy1961: checks
PelonCabelao: checks
*** RIVER *** [As 9c 2d 2s] [6c]
hairy1961: bets $6
PelonCabelao: calls $6
*** SHOW DOWN ***
hairy1961: shows [Td Ad] (two pair, Aces and Deuces)
PelonCabelao: mucks hand
hairy1961 collected $29.50 from pot
*** SUMMARY ***
Total pot $30 | Rake $0.50
Board [As 9c 2d 2s 6c]
Seat 1: PelonCabelao (button) (small blind) mucked
Seat 2: hairy1961 (big blind) showed [Td Ad] and won ($29.50) with two pair, Aces and Deuces


PokerStars Hand #144931910444:  Hold'em Limit ($3/$6 USD) - 2015/12/06 16:00:31 ET
Table 'Hibbs III' 6-max Seat #3 is the button
Seat 2: hairy1961 ($63.50 in chips)
Seat 3: artiZzt ($72 in chips)
artiZzt: posts small blind $1
PelonCabelao: is sitting out
hairy1961: posts big blind $3
*** HOLE CARDS ***
artiZzt: raises $3 to $6
hairy1961: raises $3 to $9
artiZzt: calls $3
*** FLOP *** [Kh 2c 3c]
hairy1961: bets $3
artiZzt: calls $3
*** TURN *** [Kh 2c 3c] [Jh]
hairy1961: bets $6
artiZzt: calls $6
*** RIVER *** [Kh 2c 3c Jh] [Ts]
hairy1961: bets $6
artiZzt: calls $6
*** SHOW DOWN ***
hairy1961: shows [Ah 9d] (high card Ace)
artiZzt: shows [Jc 8d] (a pair of Jacks)
artiZzt collected $47.50 from pot
*** SUMMARY ***
Total pot $48 | Rake $0.50
Board [Kh 2c 3c Jh Ts]
Seat 2: hairy1961 (big blind) showed [Ah 9d] and lost with high card Ace
Seat 3: artiZzt (button) (small blind) showed [Jc 8d] and won ($47.50) with a pair of Jacks


PokerStars Hand #144937119880:  Hold'em Limit ($3/$6 USD) - 2015/12/06 17:26:51 ET
Table 'Hibbs III' 6-max Seat #3 is the button
Seat 3: oj_pimpson ($71 in chips)
Seat 6: Bajdan ($103.57 in chips)
oj_pimpson: posts small blind $1
SashaYuvelir: is sitting out
Bajdan: posts big blind $3
*** HOLE CARDS ***
SashaYuvelir leaves the table
oj_pimpson: raises $3 to $6
ValeryRon leaves the table
Bajdan: calls $3
*** FLOP *** [6s 4h 2d]
Bajdan: checks
oj_pimpson: bets $3
Bajdan: calls $3
*** TURN *** [6s 4h 2d] [8c]
Bajdan: checks
oj_pimpson: bets $6
Bajdan: folds
Uncalled bet ($6) returned to oj_pimpson
oj_pimpson collected $17.64 from pot
*** SUMMARY ***
Total pot $18 | Rake $0.36
Board [6s 4h 2d 8c]
Seat 3: oj_pimpson (button) (small blind) collected ($17.64)
Seat 6: Bajdan (big blind) folded on the Turn


PokerStars Hand #144937151989:  Hold'em Limit ($3/$6 USD) - 2015/12/06 17:27:25 ET
Table 'Hibbs III' 6-max Seat #2 is the button
Seat 2: artiZzt ($72 in chips)
Seat 6: Bajdan ($109.07 in chips)
artiZzt: posts small blind $1
Bajdan: posts big blind $3
*** HOLE CARDS ***
artiZzt: raises $3 to $6
Bajdan: calls $3
*** FLOP *** [6d Jc 8c]
Bajdan: checks
artiZzt: bets $3
Bajdan: raises $3 to $6
artiZzt: calls $3
*** TURN *** [6d Jc 8c] [Jh]
Bajdan: bets $6
artiZzt: raises $6 to $12
Bajdan: calls $6
*** RIVER *** [6d Jc 8c Jh] [6h]
Bajdan: checks
GRAILKO joins the table at seat #1
artiZzt: bets $6
Bajdan: calls $6
*** SHOW DOWN ***
artiZzt: shows [Jd 4d] (a full house, Jacks full of Sixes)
Bajdan: mucks hand
artiZzt collected $59.50 from pot
*** SUMMARY ***
Total pot $60 | Rake $0.50
Board [6d Jc 8c Jh 6h]
Seat 2: artiZzt (button) (small blind) showed [Jd 4d] and won ($59.50) with a full house, Jacks full of Sixes
Seat 6: Bajdan (big blind) mucked


PokerStars Hand #144937135518:  Hold'em Limit ($3/$6 USD) - 2015/12/06 17:27:07 ET
Table 'Hibbs III' 6-max Seat #6 is the button
Seat 2: artiZzt ($78.61 in chips)
Seat 6: Bajdan ($94.57 in chips)
Bajdan: posts small blind $1
artiZzt: posts big blind $3
*** HOLE CARDS ***
Bajdan: raises $3 to $6
artiZzt: calls $3
*** FLOP *** [4c Kh Kd]
artiZzt: checks
Bajdan: bets $3
artiZzt: calls $3
*** TURN *** [4c Kh Kd] [5s]
artiZzt: checks
Bajdan: checks
*** RIVER *** [4c Kh Kd 5s] [2c]
artiZzt: bets $6
Bajdan: calls $6
*** SHOW DOWN ***
artiZzt: shows [5h Qh] (two pair, Kings and Fives)
Bajdan: shows [Qd Qc] (two pair, Kings and Queens)
Bajdan collected $29.50 from pot
*** SUMMARY ***
Total pot $30 | Rake $0.50
Board [4c Kh Kd 5s 2c]
Seat 2: artiZzt (big blind) showed [5h Qh] and lost with two pair, Kings and Fives
Seat 6: Bajdan (button) (small blind) showed [Qd Qc] and won ($29.50) with two pair, Kings and Queens


