PokerStars Hand #152648552563:  Hold'em Limit ($3/$6 USD) - 2016/04/30 6:14:39 ET
Table 'Hiera' 6-max Seat #3 is the button
Seat 3: www.24.de ($108 in chips)
Seat 4: TbIP-TbIP 88 ($77.88 in chips)
www.24.de: posts small blind $1
TbIP-TbIP 88: posts big blind $3
*** HOLE CARDS ***
www.24.de: calls $2
TbIP-TbIP 88: checks
*** FLOP *** [5s Ac 8d]
TbIP-TbIP 88: bets $3
www.24.de: folds
Uncalled bet ($3) returned to TbIP-TbIP 88
TbIP-TbIP 88 collected $5.88 from pot
TbIP-TbIP 88: doesn't show hand
*** SUMMARY ***
Total pot $6 | Rake $0.12
Board [5s Ac 8d]
Seat 3: www.24.de (button) (small blind) folded on the Flop
Seat 4: TbIP-TbIP 88 (big blind) collected ($5.88)


PokerStars Hand #152648576820:  Hold'em Limit ($3/$6 USD) - 2016/04/30 6:15:33 ET
Table 'Hiera' 6-max Seat #3 is the button
Seat 3: www.24.de ($84 in chips)
Seat 4: TbIP-TbIP 88 ($101.26 in chips)
www.24.de: posts small blind $1
TbIP-TbIP 88: posts big blind $3
*** HOLE CARDS ***
www.24.de: raises $3 to $6
TbIP-TbIP 88: calls $3
*** FLOP *** [Jh Jc 2s]
TbIP-TbIP 88: checks
www.24.de: bets $3
TbIP-TbIP 88: folds
Uncalled bet ($3) returned to www.24.de
www.24.de collected $11.76 from pot
www.24.de: doesn't show hand
*** SUMMARY ***
Total pot $12 | Rake $0.24
Board [Jh Jc 2s]
Seat 3: www.24.de (button) (small blind) collected ($11.76)
Seat 4: TbIP-TbIP 88 (big blind) folded on the Flop


PokerStars Hand #152648563610:  Hold'em Limit ($3/$6 USD) - 2016/04/30 6:15:04 ET
Table 'Hiera' 6-max Seat #4 is the button
Seat 3: www.24.de ($105 in chips)
Seat 4: TbIP-TbIP 88 ($80.76 in chips)
TbIP-TbIP 88: posts small blind $1
www.24.de: posts big blind $3
*** HOLE CARDS ***
TbIP-TbIP 88: raises $3 to $6
www.24.de: calls $3
*** FLOP *** [9d 5s Ks]
www.24.de: checks
TbIP-TbIP 88: bets $3
www.24.de: calls $3
*** TURN *** [9d 5s Ks] [Jh]
www.24.de: checks
TbIP-TbIP 88: checks
*** RIVER *** [9d 5s Ks Jh] [8h]
www.24.de: bets $6
TbIP-TbIP 88: raises $6 to $12
www.24.de: calls $6
*** SHOW DOWN ***
TbIP-TbIP 88: shows [7c Td] (a straight, Seven to Jack)
www.24.de: mucks hand
TbIP-TbIP 88 collected $41.50 from pot
*** SUMMARY ***
Total pot $42 | Rake $0.50
Board [9d 5s Ks Jh 8h]
Seat 3: www.24.de (big blind) mucked
Seat 4: TbIP-TbIP 88 (button) (small blind) showed [7c Td] and won ($41.50) with a straight, Seven to Jack


PokerStars Hand #152648582132:  Hold'em Limit ($3/$6 USD) - 2016/04/30 6:15:45 ET
Table 'Hiera' 6-max Seat #4 is the button
Seat 3: www.24.de ($89.76 in chips)
Seat 4: TbIP-TbIP 88 ($95.26 in chips)
TbIP-TbIP 88: posts small blind $1
www.24.de: posts big blind $3
*** HOLE CARDS ***
TbIP-TbIP 88: raises $3 to $6
www.24.de: folds
Uncalled bet ($3) returned to TbIP-TbIP 88
TbIP-TbIP 88 collected $6 from pot
TbIP-TbIP 88: doesn't show hand
*** SUMMARY ***
Total pot $6 | Rake $0
Seat 3: www.24.de (big blind) folded before Flop
Seat 4: TbIP-TbIP 88 (button) (small blind) collected ($6)


PokerStars Hand #152648587612:  Hold'em Limit ($3/$6 USD) - 2016/04/30 6:15:57 ET
Table 'Hiera' 6-max Seat #3 is the button
Seat 3: www.24.de ($86.76 in chips)
Seat 4: TbIP-TbIP 88 ($98.26 in chips)
www.24.de: posts small blind $1
TbIP-TbIP 88: posts big blind $3
*** HOLE CARDS ***
www.24.de: calls $2
TbIP-TbIP 88: raises $3 to $6
www.24.de: calls $3
*** FLOP *** [Kh Jh Tc]
TbIP-TbIP 88: bets $3
www.24.de: folds
Uncalled bet ($3) returned to TbIP-TbIP 88
TbIP-TbIP 88 collected $11.76 from pot
TbIP-TbIP 88: doesn't show hand
*** SUMMARY ***
Total pot $12 | Rake $0.24
Board [Kh Jh Tc]
Seat 3: www.24.de (button) (small blind) folded on the Flop
Seat 4: TbIP-TbIP 88 (big blind) collected ($11.76)


PokerStars Hand #152648601619:  Hold'em Limit ($3/$6 USD) - 2016/04/30 6:16:29 ET
Table 'Hiera' 6-max Seat #3 is the button
Seat 3: www.24.de ($89.40 in chips)
Seat 4: TbIP-TbIP 88 ($95.02 in chips)
www.24.de: posts small blind $1
TbIP-TbIP 88: posts big blind $3
*** HOLE CARDS ***
www.24.de: raises $3 to $6
TbIP-TbIP 88: folds
Uncalled bet ($3) returned to www.24.de
www.24.de collected $6 from pot
www.24.de: doesn't show hand
*** SUMMARY ***
Total pot $6 | Rake $0
Seat 3: www.24.de (button) (small blind) collected ($6)
Seat 4: TbIP-TbIP 88 (big blind) folded before Flop


PokerStars Hand #152648593555:  Hold'em Limit ($3/$6 USD) - 2016/04/30 6:16:10 ET
Table 'Hiera' 6-max Seat #4 is the button
Seat 3: www.24.de ($80.76 in chips)
Seat 4: TbIP-TbIP 88 ($104.02 in chips)
TbIP-TbIP 88: posts small blind $1
www.24.de: posts big blind $3
*** HOLE CARDS ***
TbIP-TbIP 88: raises $3 to $6
www.24.de: calls $3
*** FLOP *** [Kh 2c Ad]
www.24.de: checks
TbIP-TbIP 88: bets $3
www.24.de: calls $3
*** TURN *** [Kh 2c Ad] [2d]
www.24.de: bets $6
TbIP-TbIP 88: folds
Uncalled bet ($6) returned to www.24.de
www.24.de collected $17.64 from pot
www.24.de: doesn't show hand
*** SUMMARY ***
Total pot $18 | Rake $0.36
Board [Kh 2c Ad 2d]
Seat 3: www.24.de (big blind) collected ($17.64)
Seat 4: TbIP-TbIP 88 (button) (small blind) folded on the Turn


PokerStars Hand #152648609687:  Hold'em Limit ($3/$6 USD) - 2016/04/30 6:16:47 ET
Table 'Hiera' 6-max Seat #4 is the button
Seat 3: www.24.de ($92.40 in chips)
Seat 4: TbIP-TbIP 88 ($92.02 in chips)
TbIP-TbIP 88: posts small blind $1
www.24.de: posts big blind $3
*** HOLE CARDS ***
TbIP-TbIP 88: folds
Uncalled bet ($2) returned to www.24.de
www.24.de collected $2 from pot
www.24.de: doesn't show hand
*** SUMMARY ***
Total pot $2 | Rake $0
Seat 3: www.24.de (big blind) collected ($2)
Seat 4: TbIP-TbIP 88 (button) (small blind) folded before Flop


PokerStars Hand #152648639315:  Hold'em Limit ($3/$6 USD) - 2016/04/30 6:17:53 ET
Table 'Hiera' 6-max Seat #3 is the button
Seat 3: www.24.de ($75.40 in chips)
Seat 4: TbIP-TbIP 88 ($108.52 in chips)
www.24.de: posts small blind $1
TbIP-TbIP 88: posts big blind $3
*** HOLE CARDS ***
www.24.de: raises $3 to $6
TbIP-TbIP 88: raises $3 to $9
www.24.de: calls $3
*** FLOP *** [8s 5d 3s]
TbIP-TbIP 88: bets $3
www.24.de: folds
Uncalled bet ($3) returned to TbIP-TbIP 88
TbIP-TbIP 88 collected $17.64 from pot
TbIP-TbIP 88: doesn't show hand
*** SUMMARY ***
Total pot $18 | Rake $0.36
Board [8s 5d 3s]
Seat 3: www.24.de (button) (small blind) folded on the Flop
Seat 4: TbIP-TbIP 88 (big blind) collected ($17.64)


PokerStars Hand #152648619601:  Hold'em Limit ($3/$6 USD) - 2016/04/30 6:17:09 ET
Table 'Hiera' 6-max Seat #3 is the button
Seat 3: www.24.de ($93.40 in chips)
Seat 4: TbIP-TbIP 88 ($91.02 in chips)
www.24.de: posts small blind $1
TbIP-TbIP 88: posts big blind $3
*** HOLE CARDS ***
www.24.de: raises $3 to $6
TbIP-TbIP 88: folds
Uncalled bet ($3) returned to www.24.de
www.24.de collected $6 from pot
www.24.de: doesn't show hand
*** SUMMARY ***
Total pot $6 | Rake $0
Seat 3: www.24.de (button) (small blind) collected ($6)
Seat 4: TbIP-TbIP 88 (big blind) folded before Flop


PokerStars Hand #152648629145:  Hold'em Limit ($3/$6 USD) - 2016/04/30 6:17:30 ET
Table 'Hiera' 6-max Seat #4 is the button
Seat 3: www.24.de ($96.40 in chips)
Seat 4: TbIP-TbIP 88 ($88.02 in chips)
TbIP-TbIP 88: posts small blind $1
www.24.de: posts big blind $3
*** HOLE CARDS ***
TbIP-TbIP 88: raises $3 to $6
www.24.de: calls $3
*** FLOP *** [7d 5s Jd]
www.24.de: checks
TbIP-TbIP 88: bets $3
www.24.de: calls $3
*** TURN *** [7d 5s Jd] [8h]
www.24.de: checks
TbIP-TbIP 88: checks
*** RIVER *** [7d 5s Jd 8h] [Ts]
www.24.de: bets $6
TbIP-TbIP 88: raises $6 to $12
www.24.de: calls $6
*** SHOW DOWN ***
TbIP-TbIP 88: shows [9d Ac] (a straight, Seven to Jack)
www.24.de: mucks hand
TbIP-TbIP 88 collected $41.50 from pot
*** SUMMARY ***
Total pot $42 | Rake $0.50
Board [7d 5s Jd 8h Ts]
Seat 3: www.24.de (big blind) mucked
Seat 4: TbIP-TbIP 88 (button) (small blind) showed [9d Ac] and won ($41.50) with a straight, Seven to Jack


PokerStars Hand #152648650511:  Hold'em Limit ($3/$6 USD) - 2016/04/30 6:18:17 ET
Table 'Hiera' 6-max Seat #4 is the button
Seat 3: www.24.de ($66.40 in chips)
Seat 4: TbIP-TbIP 88 ($117.16 in chips)
TbIP-TbIP 88: posts small blind $1
www.24.de: posts big blind $3
*** HOLE CARDS ***
TbIP-TbIP 88: folds
Uncalled bet ($2) returned to www.24.de
www.24.de collected $2 from pot
www.24.de: doesn't show hand
*** SUMMARY ***
Total pot $2 | Rake $0
Seat 3: www.24.de (big blind) collected ($2)
Seat 4: TbIP-TbIP 88 (button) (small blind) folded before Flop


PokerStars Hand #152648678589:  Hold'em Limit ($3/$6 USD) - 2016/04/30 6:19:20 ET
Table 'Hiera' 6-max Seat #4 is the button
Seat 3: www.24.de ($49.40 in chips)
Seat 4: TbIP-TbIP 88 ($133.66 in chips)
TbIP-TbIP 88: posts small blind $1
www.24.de: posts big blind $3
*** HOLE CARDS ***
TbIP-TbIP 88: raises $3 to $6
www.24.de: folds
Uncalled bet ($3) returned to TbIP-TbIP 88
www.24.de leaves the table
TbIP-TbIP 88 collected $6 from pot
TbIP-TbIP 88: doesn't show hand
*** SUMMARY ***
Total pot $6 | Rake $0
Seat 3: www.24.de (big blind) folded before Flop
Seat 4: TbIP-TbIP 88 (button) (small blind) collected ($6)


PokerStars Hand #152648657554:  Hold'em Limit ($3/$6 USD) - 2016/04/30 6:18:33 ET
Table 'Hiera' 6-max Seat #3 is the button
Seat 3: www.24.de ($67.40 in chips)
Seat 4: TbIP-TbIP 88 ($116.16 in chips)
www.24.de: posts small blind $1
TbIP-TbIP 88: posts big blind $3
*** HOLE CARDS ***
www.24.de: raises $3 to $6
TbIP-TbIP 88: raises $3 to $9
www.24.de: calls $3
*** FLOP *** [9h 2d As]
TbIP-TbIP 88: bets $3
www.24.de: calls $3
*** TURN *** [9h 2d As] [8h]
TbIP-TbIP 88: bets $6
www.24.de: calls $6
*** RIVER *** [9h 2d As 8h] [3d]
TbIP-TbIP 88: bets $6
www.24.de: folds
Uncalled bet ($6) returned to TbIP-TbIP 88
TbIP-TbIP 88 collected $35.50 from pot
TbIP-TbIP 88: doesn't show hand
*** SUMMARY ***
Total pot $36 | Rake $0.50
Board [9h 2d As 8h 3d]
Seat 3: www.24.de (button) (small blind) folded on the River
Seat 4: TbIP-TbIP 88 (big blind) collected ($35.50)


