PokerStars Hand #145324276164:  Hold'em Limit ($3/$6 USD) - 2015/12/14 7:41:02 ET
Table 'Hilaritas' 6-max Seat #3 is the button
Seat 3: edekyk ($120 in chips)
Seat 4: TbIP-TbIP 88 ($72 in chips)
edekyk: posts small blind $1
TbIP-TbIP 88: posts big blind $3
*** HOLE CARDS ***
edekyk: raises $3 to $6
TbIP-TbIP 88: calls $3
*** FLOP *** [3h 7h 5d]
TbIP-TbIP 88: checks
edekyk: bets $3
TbIP-TbIP 88: raises $3 to $6
edekyk: calls $3
*** TURN *** [3h 7h 5d] [Ts]
TbIP-TbIP 88: bets $6
edekyk: folds
Uncalled bet ($6) returned to TbIP-TbIP 88
TbIP-TbIP 88 collected $23.52 from pot
*** SUMMARY ***
Total pot $24 | Rake $0.48
Board [3h 7h 5d Ts]
Seat 3: edekyk (button) (small blind) folded on the Turn
Seat 4: TbIP-TbIP 88 (big blind) collected ($23.52)


PokerStars Hand #145324291573:  Hold'em Limit ($3/$6 USD) - 2015/12/14 7:41:31 ET
Table 'Hilaritas' 6-max Seat #4 is the button
Seat 3: edekyk ($108 in chips)
Seat 4: TbIP-TbIP 88 ($83.52 in chips)
TbIP-TbIP 88: posts small blind $1
edekyk: posts big blind $3
*** HOLE CARDS ***
TbIP-TbIP 88: raises $3 to $6
edekyk: folds
Uncalled bet ($3) returned to TbIP-TbIP 88
TbIP-TbIP 88 collected $6 from pot
TbIP-TbIP 88: doesn't show hand
*** SUMMARY ***
Total pot $6 | Rake $0
Seat 3: edekyk (big blind) folded before Flop
Seat 4: TbIP-TbIP 88 (button) (small blind) collected ($6)


PokerStars Hand #145324296284:  Hold'em Limit ($3/$6 USD) - 2015/12/14 7:41:40 ET
Table 'Hilaritas' 6-max Seat #3 is the button
Seat 3: edekyk ($105 in chips)
Seat 4: TbIP-TbIP 88 ($86.52 in chips)
edekyk: posts small blind $1
TbIP-TbIP 88: posts big blind $3
*** HOLE CARDS ***
edekyk: calls $2
TbIP-TbIP 88: raises $3 to $6
edekyk: calls $3
*** FLOP *** [9s 4s 9d]
TbIP-TbIP 88: bets $3
edekyk: calls $3
*** TURN *** [9s 4s 9d] [Qd]
TbIP-TbIP 88: bets $6
edekyk: folds
Uncalled bet ($6) returned to TbIP-TbIP 88
TbIP-TbIP 88 collected $17.64 from pot
TbIP-TbIP 88: doesn't show hand
*** SUMMARY ***
Total pot $18 | Rake $0.36
Board [9s 4s 9d Qd]
Seat 3: edekyk (button) (small blind) folded on the Turn
Seat 4: TbIP-TbIP 88 (big blind) collected ($17.64)


PokerStars Hand #145324346844:  Hold'em Limit ($3/$6 USD) - 2015/12/14 7:43:14 ET
Table 'Hilaritas' 6-max Seat #4 is the button
Seat 3: edekyk ($113.28 in chips)
Seat 4: TbIP-TbIP 88 ($77.16 in chips)
TbIP-TbIP 88: posts small blind $1
edekyk: posts big blind $3
*** HOLE CARDS ***
TbIP-TbIP 88: raises $3 to $6
edekyk: calls $3
*** FLOP *** [2d 9c 9d]
edekyk: checks
TbIP-TbIP 88: bets $3
edekyk: raises $3 to $6
TbIP-TbIP 88: calls $3
*** TURN *** [2d 9c 9d] [Js]
edekyk: checks
TbIP-TbIP 88: bets $6
edekyk: calls $6
*** RIVER *** [2d 9c 9d Js] [Ts]
edekyk: checks
TbIP-TbIP 88: bets $6
edekyk: folds
Uncalled bet ($6) returned to TbIP-TbIP 88
TbIP-TbIP 88 collected $35.50 from pot
TbIP-TbIP 88: doesn't show hand
*** SUMMARY ***
Total pot $36 | Rake $0.50
Board [2d 9c 9d Js Ts]
Seat 3: edekyk (big blind) folded on the River
Seat 4: TbIP-TbIP 88 (button) (small blind) collected ($35.50)


PokerStars Hand #145324326677:  Hold'em Limit ($3/$6 USD) - 2015/12/14 7:42:36 ET
Table 'Hilaritas' 6-max Seat #3 is the button
Seat 3: edekyk ($104.64 in chips)
Seat 4: TbIP-TbIP 88 ($86.16 in chips)
edekyk: posts small blind $1
TbIP-TbIP 88: posts big blind $3
*** HOLE CARDS ***
edekyk: calls $2
TbIP-TbIP 88: checks
*** FLOP *** [7s 4c 6d]
TbIP-TbIP 88: bets $3
edekyk: raises $3 to $6
TbIP-TbIP 88: calls $3
*** TURN *** [7s 4c 6d] [Jc]
TbIP-TbIP 88: checks
edekyk: checks
*** RIVER *** [7s 4c 6d Jc] [2d]
TbIP-TbIP 88: checks
edekyk: checks
*** SHOW DOWN ***
TbIP-TbIP 88: shows [Kh 5s] (high card King)
edekyk: shows [5d As] (high card Ace)
edekyk collected $17.64 from pot
*** SUMMARY ***
Total pot $18 | Rake $0.36
Board [7s 4c 6d Jc 2d]
Seat 3: edekyk (button) (small blind) showed [5d As] and won ($17.64) with high card Ace
Seat 4: TbIP-TbIP 88 (big blind) showed [Kh 5s] and lost with high card King


PokerStars Hand #145324381649:  Hold'em Limit ($3/$6 USD) - 2015/12/14 7:44:18 ET
Table 'Hilaritas' 6-max Seat #4 is the button
Seat 3: edekyk ($106.80 in chips)
Seat 4: TbIP-TbIP 88 ($82.66 in chips)
TbIP-TbIP 88: posts small blind $1
edekyk: posts big blind $3
*** HOLE CARDS ***
TbIP-TbIP 88: raises $3 to $6
edekyk: calls $3
*** FLOP *** [Th Kd 4c]
edekyk: checks
TbIP-TbIP 88: bets $3
edekyk: calls $3
*** TURN *** [Th Kd 4c] [8d]
edekyk: checks
TbIP-TbIP 88: checks
*** RIVER *** [Th Kd 4c 8d] [9s]
edekyk: bets $6
iNMYMEMORYtt joins the table at seat #5
TinaTurner72 joins the table at seat #6
TbIP-TbIP 88: raises $6 to $12
edekyk: folds
Uncalled bet ($6) returned to TbIP-TbIP 88
TbIP-TbIP 88 collected $29.50 from pot
TbIP-TbIP 88: doesn't show hand
*** SUMMARY ***
Total pot $30 | Rake $0.50
Board [Th Kd 4c 8d 9s]
Seat 3: edekyk (big blind) folded on the River
Seat 4: TbIP-TbIP 88 (button) (small blind) collected ($29.50)


PokerStars Hand #145324368145:  Hold'em Limit ($3/$6 USD) - 2015/12/14 7:43:53 ET
Table 'Hilaritas' 6-max Seat #3 is the button
Seat 3: edekyk ($95.28 in chips)
Seat 4: TbIP-TbIP 88 ($94.66 in chips)
edekyk: posts small blind $1
TbIP-TbIP 88: posts big blind $3
*** HOLE CARDS ***
edekyk: calls $2
TbIP-TbIP 88: checks
*** FLOP *** [3s 6c Ac]
TbIP-TbIP 88: bets $3
edekyk: calls $3
*** TURN *** [3s 6c Ac] [5c]
TbIP-TbIP 88: checks
edekyk: bets $6
TbIP-TbIP 88: calls $6
*** RIVER *** [3s 6c Ac 5c] [2s]
TbIP-TbIP 88: checks
edekyk: bets $6
TbIP-TbIP 88: folds
Uncalled bet ($6) returned to edekyk
edekyk collected $23.52 from pot
edekyk: doesn't show hand
*** SUMMARY ***
Total pot $24 | Rake $0.48
Board [3s 6c Ac 5c 2s]
Seat 3: edekyk (button) (small blind) collected ($23.52)
Seat 4: TbIP-TbIP 88 (big blind) folded on the River


PokerStars Hand #145324396978:  Hold'em Limit ($3/$6 USD) - 2015/12/14 7:44:47 ET
Table 'Hilaritas' 6-max Seat #3 is the button
Seat 3: edekyk ($91.80 in chips)
Seat 4: TbIP-TbIP 88 ($97.16 in chips)
edekyk: posts small blind $1
TbIP-TbIP 88: posts big blind $3
*** HOLE CARDS ***
edekyk: raises $3 to $6
TbIP-TbIP 88: calls $3
*** FLOP *** [8h 4h 2c]
TbIP-TbIP 88: checks
edekyk: bets $3
Arketypen joins the table at seat #2
TbIP-TbIP 88: folds
Uncalled bet ($3) returned to edekyk
edekyk collected $11.76 from pot
edekyk: doesn't show hand
*** SUMMARY ***
Total pot $12 | Rake $0.24
Board [8h 4h 2c]
Seat 3: edekyk (button) (small blind) collected ($11.76)
Seat 4: TbIP-TbIP 88 (big blind) folded on the Flop


PokerStars Hand #145329141620:  Hold'em Limit ($3/$6 USD) - 2015/12/14 9:55:25 ET
Table 'Hilaritas' 6-max Seat #3 is the button
Seat 2: LukaSteel ($145.32 in chips)
Seat 3: LolDnkaments ($72 in chips)
LolDnkaments: posts small blind $1
LukaSteel: posts big blind $3
*** HOLE CARDS ***
LolDnkaments: raises $3 to $6
LukaSteel: calls $3
*** FLOP *** [Js 3s 6d]
LukaSteel: checks
LolDnkaments: bets $3
LukaSteel: raises $3 to $6
LolDnkaments: folds
Uncalled bet ($3) returned to LukaSteel
LukaSteel collected $17.64 from pot
LukaSteel: doesn't show hand
*** SUMMARY ***
Total pot $18 | Rake $0.36
Board [Js 3s 6d]
Seat 2: LukaSteel (big blind) collected ($17.64)
Seat 3: LolDnkaments (button) (small blind) folded on the Flop


PokerStars Hand #145331623209:  Hold'em Limit ($3/$6 USD) - 2015/12/14 10:53:10 ET
Table 'Hilaritas' 6-max Seat #4 is the button
Seat 1: matsgram ($69 in chips)
Seat 4: Agrotait ($104.50 in chips)
Agrotait: posts small blind $1
matsgram: posts big blind $3
*** HOLE CARDS ***
Agrotait: raises $3 to $6
assitoni joins the table at seat #2
matsgram: calls $3
*** FLOP *** [7h Qh 4d]
matsgram: checks
Agrotait: bets $3
matsgram: calls $3
*** TURN *** [7h Qh 4d] [5c]
matsgram: checks
Agrotait: bets $6
matsgram: raises $6 to $12
Agrotait: raises $6 to $18
matsgram: calls $6
*** RIVER *** [7h Qh 4d 5c] [8c]
matsgram: bets $6
Agrotait: calls $6
*** SHOW DOWN ***
matsgram: shows [Qs 6c] (a straight, Four to Eight)
Agrotait: mucks hand
matsgram collected $65.50 from pot
*** SUMMARY ***
Total pot $66 | Rake $0.50
Board [7h Qh 4d 5c 8c]
Seat 1: matsgram (big blind) showed [Qs 6c] and won ($65.50) with a straight, Four to Eight
Seat 4: Agrotait (button) (small blind) mucked


PokerStars Hand #145331601577:  Hold'em Limit ($3/$6 USD) - 2015/12/14 10:52:41 ET
Table 'Hilaritas' 6-max Seat #1 is the button
Seat 1: matsgram ($102 in chips)
Seat 4: Agrotait ($72 in chips)
matsgram: posts small blind $1
Agrotait: posts big blind $3
*** HOLE CARDS ***
matsgram: raises $3 to $6
Agrotait: raises $3 to $9
matsgram: raises $3 to $12
Betting is capped
Agrotait: calls $3
*** FLOP *** [7s 9c 7c]
Agrotait: checks
matsgram: bets $3
Agrotait: calls $3
*** TURN *** [7s 9c 7c] [Td]
Agrotait: checks
matsgram: bets $6
Agrotait: raises $6 to $12
matsgram: calls $6
*** RIVER *** [7s 9c 7c Td] [6h]
Agrotait: bets $6
matsgram: calls $6
*** SHOW DOWN ***
Agrotait: shows [Ts Tc] (a full house, Tens full of Sevens)
matsgram: mucks hand
Agrotait collected $65.50 from pot
*** SUMMARY ***
Total pot $66 | Rake $0.50
Board [7s 9c 7c Td 6h]
Seat 1: matsgram (button) (small blind) mucked
Seat 4: Agrotait (big blind) showed [Ts Tc] and won ($65.50) with a full house, Tens full of Sevens


PokerStars Hand #145331940359:  Hold'em Limit ($3/$6 USD) - 2015/12/14 11:00:58 ET
Table 'Hilaritas' 6-max Seat #2 is the button
Seat 1: matsgram ($62.10 in chips)
Seat 2: assitoni ($104.27 in chips)
assitoni: posts small blind $1
Agrotait: is sitting out
matsgram: posts big blind $3
*** HOLE CARDS ***
assitoni: raises $3 to $6
matsgram: calls $3
*** FLOP *** [4c Qc 4d]
matsgram: checks
assitoni: bets $3
matsgram: folds
Uncalled bet ($3) returned to assitoni
assitoni collected $11.76 from pot
assitoni: doesn't show hand
*** SUMMARY ***
Total pot $12 | Rake $0.24
Board [4c Qc 4d]
Seat 1: matsgram (big blind) folded on the Flop
Seat 2: assitoni (button) (small blind) collected ($11.76)


PokerStars Hand #145331971913:  Hold'em Limit ($3/$6 USD) - 2015/12/14 11:01:42 ET
Table 'Hilaritas' 6-max Seat #2 is the button
Seat 1: matsgram ($55.85 in chips)
Seat 2: assitoni ($109.78 in chips)
assitoni: posts small blind $1
matsgram: posts big blind $3
*** HOLE CARDS ***
assitoni: folds
Uncalled bet ($2) returned to matsgram
matsgram collected $2 from pot
matsgram: doesn't show hand
*** SUMMARY ***
Total pot $2 | Rake $0
Seat 1: matsgram (big blind) collected ($2)
Seat 2: assitoni (button) (small blind) folded before Flop


PokerStars Hand #145331951049:  Hold'em Limit ($3/$6 USD) - 2015/12/14 11:01:13 ET
Table 'Hilaritas' 6-max Seat #1 is the button
Seat 1: matsgram ($56.10 in chips)
Seat 2: assitoni ($110.03 in chips)
matsgram: posts small blind $1
assitoni: posts big blind $3
*** HOLE CARDS ***
matsgram: raises $3 to $6
Agrotait leaves the table
assitoni: calls $3
*** FLOP *** [2h 5d 5h]
assitoni: checks
matsgram: bets $3
assitoni: raises $3 to $6
matsgram: calls $3
*** TURN *** [2h 5d 5h] [Qc]
assitoni: bets $6
matsgram: calls $6
*** RIVER *** [2h 5d 5h Qc] [2c]
assitoni: checks
matsgram: checks
*** SHOW DOWN ***
assitoni: shows [4c 6h] (two pair, Fives and Deuces)
matsgram: shows [6d 4d] (two pair, Fives and Deuces)
assitoni collected $17.75 from pot
matsgram collected $17.75 from pot
*** SUMMARY ***
Total pot $36 | Rake $0.50
Board [2h 5d 5h Qc 2c]
Seat 1: matsgram (button) (small blind) showed [6d 4d] and won ($17.75) with two pair, Fives and Deuces
Seat 2: assitoni (big blind) showed [4c 6h] and won ($17.75) with two pair, Fives and Deuces


PokerStars Hand #145331976193:  Hold'em Limit ($3/$6 USD) - 2015/12/14 11:01:48 ET
Table 'Hilaritas' 6-max Seat #1 is the button
Seat 1: matsgram ($56.85 in chips)
Seat 2: assitoni ($108.78 in chips)
matsgram: posts small blind $1
assitoni: posts big blind $3
*** HOLE CARDS ***
matsgram: raises $3 to $6
assitoni: raises $3 to $9
matsgram: calls $3
*** FLOP *** [5h 9s 3s]
assitoni: bets $3
matsgram: calls $3
*** TURN *** [5h 9s 3s] [5c]
assitoni: bets $6
matsgram: calls $6
*** RIVER *** [5h 9s 3s 5c] [Tc]
assitoni: checks
matsgram: bets $6
assitoni: calls $6
*** SHOW DOWN ***
matsgram: shows [Td Jh] (two pair, Tens and Fives)
assitoni: mucks hand
matsgram collected $47.50 from pot
*** SUMMARY ***
Total pot $48 | Rake $0.50
Board [5h 9s 3s 5c Tc]
Seat 1: matsgram (button) (small blind) showed [Td Jh] and won ($47.50) with two pair, Tens and Fives
Seat 2: assitoni (big blind) mucked


PokerStars Hand #145331997802:  Hold'em Limit ($3/$6 USD) - 2015/12/14 11:02:16 ET
Table 'Hilaritas' 6-max Seat #2 is the button
Seat 1: matsgram ($80.35 in chips)
Seat 2: assitoni ($84.78 in chips)
assitoni: posts small blind $1
matsgram: posts big blind $3
*** HOLE CARDS ***
assitoni: raises $3 to $6
matsgram: folds
Uncalled bet ($3) returned to assitoni
assitoni collected $6 from pot
*** SUMMARY ***
Total pot $6 | Rake $0
Seat 1: matsgram (big blind) folded before Flop
Seat 2: assitoni (button) (small blind) collected ($6)


PokerStars Hand #145332003177:  Hold'em Limit ($3/$6 USD) - 2015/12/14 11:02:24 ET
Table 'Hilaritas' 6-max Seat #1 is the button
Seat 1: matsgram ($77.35 in chips)
Seat 2: assitoni ($87.78 in chips)
matsgram: posts small blind $1
assitoni: posts big blind $3
*** HOLE CARDS ***
matsgram: raises $3 to $6
assitoni: calls $3
*** FLOP *** [4d 5h 2d]
assitoni: checks
matsgram: checks
*** TURN *** [4d 5h 2d] [8d]
assitoni: bets $6
matsgram: calls $6
*** RIVER *** [4d 5h 2d 8d] [Qc]
assitoni: bets $6
matsgram: folds
Uncalled bet ($6) returned to assitoni
assitoni collected $23.52 from pot
*** SUMMARY ***
Total pot $24 | Rake $0.48
Board [4d 5h 2d 8d Qc]
Seat 1: matsgram (button) (small blind) folded on the River
Seat 2: assitoni (big blind) collected ($23.52)


PokerStars Hand #145332017846:  Hold'em Limit ($3/$6 USD) - 2015/12/14 11:02:43 ET
Table 'Hilaritas' 6-max Seat #2 is the button
Seat 1: matsgram ($65.35 in chips)
Seat 2: assitoni ($99.30 in chips)
assitoni: posts small blind $1
matsgram: posts big blind $3
*** HOLE CARDS ***
assitoni: folds
Uncalled bet ($2) returned to matsgram
matsgram collected $2 from pot
*** SUMMARY ***
Total pot $2 | Rake $0
Seat 1: matsgram (big blind) collected ($2)
Seat 2: assitoni (button) (small blind) folded before Flop


PokerStars Hand #145332024255:  Hold'em Limit ($3/$6 USD) - 2015/12/14 11:02:51 ET
Table 'Hilaritas' 6-max Seat #1 is the button
Seat 1: matsgram ($66.35 in chips)
Seat 2: assitoni ($98.30 in chips)
matsgram: posts small blind $1
assitoni: posts big blind $3
*** HOLE CARDS ***
matsgram: raises $3 to $6
assitoni: calls $3
*** FLOP *** [2h Ks Qd]
assitoni: checks
matsgram: bets $3
assitoni: folds
Uncalled bet ($3) returned to matsgram
matsgram collected $11.76 from pot
matsgram: doesn't show hand
*** SUMMARY ***
Total pot $12 | Rake $0.24
Board [2h Ks Qd]
Seat 1: matsgram (button) (small blind) collected ($11.76)
Seat 2: assitoni (big blind) folded on the Flop


PokerStars Hand #145332036126:  Hold'em Limit ($3/$6 USD) - 2015/12/14 11:03:07 ET
Table 'Hilaritas' 6-max Seat #2 is the button
Seat 1: matsgram ($72.11 in chips)
Seat 2: assitoni ($92.30 in chips)
assitoni: posts small blind $1
matsgram: posts big blind $3
*** HOLE CARDS ***
assitoni: raises $3 to $6
matsgram: calls $3
*** FLOP *** [7s Qc Jc]
matsgram: checks
assitoni: bets $3
matsgram: calls $3
*** TURN *** [7s Qc Jc] [Kc]
matsgram: checks
assitoni: bets $6
matsgram: raises $6 to $12
assitoni: calls $6
*** RIVER *** [7s Qc Jc Kc] [4d]
matsgram: bets $6
oregordog joins the table at seat #3
assitoni: folds
Uncalled bet ($6) returned to matsgram
matsgram collected $41.50 from pot
*** SUMMARY ***
Total pot $42 | Rake $0.50
Board [7s Qc Jc Kc 4d]
Seat 1: matsgram (big blind) collected ($41.50)
Seat 2: assitoni (button) (small blind) folded on the River


PokerStars Hand #145332062768:  Hold'em Limit ($3/$6 USD) - 2015/12/14 11:03:41 ET
Table 'Hilaritas' 6-max Seat #1 is the button
Seat 1: matsgram ($92.61 in chips)
Seat 2: assitoni ($120 in chips)
matsgram: posts small blind $1
assitoni: posts big blind $3
*** HOLE CARDS ***
matsgram: raises $3 to $6
assitoni: calls $3
*** FLOP *** [4h 9h 5c]
assitoni: checks
matsgram: bets $3
assitoni: raises $3 to $6
matsgram: calls $3
*** TURN *** [4h 9h 5c] [Ts]
assitoni: bets $6
matsgram: calls $6
*** RIVER *** [4h 9h 5c Ts] [Ah]
assitoni: checks
matsgram: bets $6
assitoni: calls $6
*** SHOW DOWN ***
matsgram: shows [6c As] (a pair of Aces)
assitoni: mucks hand
Karpik09 joins the table at seat #6
matsgram collected $47.50 from pot
Karpik09 leaves the table
*** SUMMARY ***
Total pot $48 | Rake $0.50
Board [4h 9h 5c Ts Ah]
Seat 1: matsgram (button) (small blind) showed [6c As] and won ($47.50) with a pair of Aces
Seat 2: assitoni (big blind) mucked


PokerStars Hand #145336864548:  Hold'em Limit ($3/$6 USD) - 2015/12/14 12:42:35 ET
Table 'Hilaritas' 6-max Seat #4 is the button
Seat 4: Bonsey_1 ($46.66 in chips)
Seat 6: korrnel ($104.61 in chips)
Bonsey_1: posts small blind $1
korrnel: posts big blind $3
*** HOLE CARDS ***
Bonsey_1: raises $3 to $6
korrnel: folds
Uncalled bet ($3) returned to Bonsey_1
Bonsey_1 collected $6 from pot
Bonsey_1: doesn't show hand
*** SUMMARY ***
Total pot $6 | Rake $0
Seat 4: Bonsey_1 (button) (small blind) collected ($6)
Seat 6: korrnel (big blind) folded before Flop


PokerStars Hand #145336859372:  Hold'em Limit ($3/$6 USD) - 2015/12/14 12:42:29 ET
Table 'Hilaritas' 6-max Seat #6 is the button
Seat 4: Bonsey_1 ($49.66 in chips)
Seat 6: korrnel ($101.61 in chips)
korrnel: posts small blind $1
SashaYuvelir: is sitting out
PelonCabelao: is sitting out
Bonsey_1: posts big blind $3
*** HOLE CARDS ***
SashaYuvelir leaves the table
korrnel: raises $3 to $6
Bonsey_1: folds
Uncalled bet ($3) returned to korrnel
PelonCabelao leaves the table
korrnel collected $6 from pot
korrnel: doesn't show hand
*** SUMMARY ***
Total pot $6 | Rake $0
Seat 4: Bonsey_1 (big blind) folded before Flop
Seat 6: korrnel (button) (small blind) collected ($6)


PokerStars Hand #145336870713:  Hold'em Limit ($3/$6 USD) - 2015/12/14 12:42:42 ET
Table 'Hilaritas' 6-max Seat #6 is the button
Seat 4: Bonsey_1 ($49.66 in chips)
Seat 6: korrnel ($101.61 in chips)
korrnel: posts small blind $1
Bonsey_1: posts big blind $3
*** HOLE CARDS ***
korrnel: raises $3 to $6
Bonsey_1: raises $3 to $9
korrnel: calls $3
*** FLOP *** [8d Td Qs]
Bonsey_1: checks
korrnel: bets $3
Bonsey_1: folds
Uncalled bet ($3) returned to korrnel
korrnel collected $17.64 from pot
korrnel: doesn't show hand
*** SUMMARY ***
Total pot $18 | Rake $0.36
Board [8d Td Qs]
Seat 4: Bonsey_1 (big blind) folded on the Flop
Seat 6: korrnel (button) (small blind) collected ($17.64)


PokerStars Hand #145336884841:  Hold'em Limit ($3/$6 USD) - 2015/12/14 12:42:58 ET
Table 'Hilaritas' 6-max Seat #4 is the button
Seat 4: Bonsey_1 ($40.66 in chips)
Seat 6: korrnel ($110.25 in chips)
Bonsey_1: posts small blind $1
korrnel: posts big blind $3
*** HOLE CARDS ***
Bonsey_1: folds
Uncalled bet ($2) returned to korrnel
korrnel collected $2 from pot
korrnel: doesn't show hand
*** SUMMARY ***
Total pot $2 | Rake $0
Seat 4: Bonsey_1 (button) (small blind) folded before Flop
Seat 6: korrnel (big blind) collected ($2)


PokerStars Hand #145336928732:  Hold'em Limit ($3/$6 USD) - 2015/12/14 12:43:47 ET
Table 'Hilaritas' 6-max Seat #4 is the button
Seat 4: Bonsey_1 ($40.42 in chips)
Seat 6: korrnel ($110.01 in chips)
Bonsey_1: posts small blind $1
korrnel: posts big blind $3
*** HOLE CARDS ***
Bonsey_1: raises $3 to $6
korrnel: calls $3
*** FLOP *** [7s Qc Jh]
korrnel: checks
Bonsey_1: bets $3
korrnel: folds
Uncalled bet ($3) returned to Bonsey_1
Bonsey_1 collected $11.76 from pot
Bonsey_1: doesn't show hand
*** SUMMARY ***
Total pot $12 | Rake $0.24
Board [7s Qc Jh]
Seat 4: Bonsey_1 (button) (small blind) collected ($11.76)
Seat 6: korrnel (big blind) folded on the Flop


PokerStars Hand #145336916303:  Hold'em Limit ($3/$6 USD) - 2015/12/14 12:43:33 ET
Table 'Hilaritas' 6-max Seat #6 is the button
Seat 4: Bonsey_1 ($46.42 in chips)
Seat 6: korrnel ($104.25 in chips)
korrnel: posts small blind $1
Bonsey_1: posts big blind $3
*** HOLE CARDS ***
korrnel: raises $3 to $6
Bonsey_1: calls $3
*** FLOP *** [3h 5s Kh]
Bonsey_1: checks
korrnel: bets $3
Bonsey_1: folds
Uncalled bet ($3) returned to korrnel
korrnel collected $11.76 from pot
korrnel: doesn't show hand
*** SUMMARY ***
Total pot $12 | Rake $0.24
Board [3h 5s Kh]
Seat 4: Bonsey_1 (big blind) folded on the Flop
Seat 6: korrnel (button) (small blind) collected ($11.76)


PokerStars Hand #145336899814:  Hold'em Limit ($3/$6 USD) - 2015/12/14 12:43:14 ET
Table 'Hilaritas' 6-max Seat #4 is the button
Seat 4: Bonsey_1 ($40.66 in chips)
Seat 6: korrnel ($110.25 in chips)
Bonsey_1: posts small blind $1
korrnel: posts big blind $3
*** HOLE CARDS ***
Bonsey_1: raises $3 to $6
korrnel: calls $3
*** FLOP *** [9s Ah Kh]
korrnel: checks
Bonsey_1: bets $3
korrnel: folds
Uncalled bet ($3) returned to Bonsey_1
Bonsey_1 collected $11.76 from pot
Bonsey_1: doesn't show hand
*** SUMMARY ***
Total pot $12 | Rake $0.24
Board [9s Ah Kh]
Seat 4: Bonsey_1 (button) (small blind) collected ($11.76)
Seat 6: korrnel (big blind) folded on the Flop


PokerStars Hand #145336894407:  Hold'em Limit ($3/$6 USD) - 2015/12/14 12:43:09 ET
Table 'Hilaritas' 6-max Seat #6 is the button
Seat 4: Bonsey_1 ($39.66 in chips)
Seat 6: korrnel ($111.25 in chips)
korrnel: posts small blind $1
Bonsey_1: posts big blind $3
*** HOLE CARDS ***
korrnel: folds
Uncalled bet ($2) returned to Bonsey_1
Bonsey_1 collected $2 from pot
Bonsey_1: doesn't show hand
*** SUMMARY ***
Total pot $2 | Rake $0
Seat 4: Bonsey_1 (big blind) collected ($2)
Seat 6: korrnel (button) (small blind) folded before Flop


PokerStars Hand #145336943712:  Hold'em Limit ($3/$6 USD) - 2015/12/14 12:44:03 ET
Table 'Hilaritas' 6-max Seat #6 is the button
Seat 4: Bonsey_1 ($46.18 in chips)
Seat 6: korrnel ($104.01 in chips)
korrnel: posts small blind $1
Bonsey_1: posts big blind $3
*** HOLE CARDS ***
korrnel: raises $3 to $6
Bonsey_1: calls $3
*** FLOP *** [6c Ts 6h]
Bonsey_1: bets $3
korrnel: calls $3
*** TURN *** [6c Ts 6h] [8d]
Bonsey_1: bets $6
korrnel: calls $6
*** RIVER *** [6c Ts 6h 8d] [4d]
Bonsey_1: bets $6
korrnel: calls $6
*** SHOW DOWN ***
Bonsey_1: shows [8s 6d] (a full house, Sixes full of Eights)
korrnel: mucks hand
Bonsey_1 collected $41.50 from pot
*** SUMMARY ***
Total pot $42 | Rake $0.50
Board [6c Ts 6h 8d 4d]
Seat 4: Bonsey_1 (big blind) showed [8s 6d] and won ($41.50) with a full house, Sixes full of Eights
Seat 6: korrnel (button) (small blind) mucked


