PokerStars Hand #163057526974:  Hold'em Limit ($3/$6 USD) - 2016/12/16 19:00:19 ET
Table 'Hilaritas' 6-max Seat #6 is the button
Seat 4: FHstyles ($60 in chips)
Seat 6: ovidius2009 ($42 in chips)
ovidius2009: posts small blind $1
FHstyles: posts big blind $3
*** HOLE CARDS ***
ovidius2009: calls $2
FHstyles: raises $3 to $6
ovidius2009: calls $3
*** FLOP *** [6c 9d Th]
FHstyles: bets $3
ovidius2009: calls $3
*** TURN *** [6c 9d Th] [2h]
FHstyles: bets $6
ovidius2009: calls $6
*** RIVER *** [6c 9d Th 2h] [3c]
beng_51 joins the table at seat #1
FHstyles: checks
ovidius2009: checks
*** SHOW DOWN ***
FHstyles: shows [Ac Qs] (high card Ace)
ovidius2009: shows [2d 8c] (a pair of Deuces)
ovidius2009 collected $29.50 from pot
*** SUMMARY ***
Total pot $30 | Rake $0.50
Board [6c 9d Th 2h 3c]
Seat 4: FHstyles (big blind) showed [Ac Qs] and lost with high card Ace
Seat 6: ovidius2009 (button) (small blind) showed [2d 8c] and won ($29.50) with a pair of Deuces


PokerStars Hand #163057540620:  Hold'em Limit ($3/$6 USD) - 2016/12/16 19:00:40 ET
Table 'Hilaritas' 6-max Seat #4 is the button
Seat 4: FHstyles ($45 in chips)
Seat 6: ovidius2009 ($56.50 in chips)
FHstyles: posts small blind $1
ovidius2009: posts big blind $3
*** HOLE CARDS ***
GoliafUa joins the table at seat #2
FHstyles: raises $3 to $6
ovidius2009: calls $3
*** FLOP *** [2h 8d 6h]
ovidius2009: checks
FHstyles: bets $3
ovidius2009: calls $3
*** TURN *** [2h 8d 6h] [7s]
ovidius2009: checks
FHstyles: bets $6
ovidius2009: raises $6 to $12
FHstyles: calls $6
*** RIVER *** [2h 8d 6h 7s] [Jc]
ovidius2009: bets $6
FHstyles: calls $6
*** SHOW DOWN ***
ovidius2009: shows [5d 9d] (a straight, Five to Nine)
FHstyles: mucks hand
ovidius2009 collected $53.50 from pot
*** SUMMARY ***
Total pot $54 | Rake $0.50
Board [2h 8d 6h 7s Jc]
Seat 4: FHstyles (button) (small blind) mucked
Seat 6: ovidius2009 (big blind) showed [5d 9d] and won ($53.50) with a straight, Five to Nine


PokerStars Hand #163058584620:  Hold'em Limit ($3/$6 USD) - 2016/12/16 19:25:38 ET
Table 'Hilaritas' 6-max Seat #4 is the button
Seat 3: rascal_319 ($109.67 in chips)
Seat 4: ToDaFelt ($142.06 in chips)
ToDaFelt: posts small blind $1
wobetting: is sitting out
rascal_319: posts big blind $3
*** HOLE CARDS ***
ToDaFelt: raises $3 to $6
rascal_319: folds
Uncalled bet ($3) returned to ToDaFelt
ToDaFelt collected $6 from pot
ToDaFelt: doesn't show hand
*** SUMMARY ***
Total pot $6 | Rake $0
Seat 3: rascal_319 (big blind) folded before Flop
Seat 4: ToDaFelt (button) (small blind) collected ($6)


PokerStars Hand #163058589393:  Hold'em Limit ($3/$6 USD) - 2016/12/16 19:25:45 ET
Table 'Hilaritas' 6-max Seat #3 is the button
Seat 3: rascal_319 ($106.67 in chips)
Seat 4: ToDaFelt ($145.06 in chips)
rascal_319: posts small blind $1
ToDaFelt: posts big blind $3
*** HOLE CARDS ***
rascal_319: raises $3 to $6
wobetting leaves the table
ToDaFelt: calls $3
*** FLOP *** [8d 9c Kh]
ToDaFelt: bets $3
rascal_319: calls $3
*** TURN *** [8d 9c Kh] [7c]
ToDaFelt: bets $6
rascal_319: calls $6
*** RIVER *** [8d 9c Kh 7c] [Ac]
ToDaFelt: bets $6
rascal_319: calls $6
*** SHOW DOWN ***
ToDaFelt: shows [Kc 6s] (a pair of Kings)
rascal_319: mucks hand
ToDaFelt collected $41.50 from pot
*** SUMMARY ***
Total pot $42 | Rake $0.50
Board [8d 9c Kh 7c Ac]
Seat 3: rascal_319 (button) (small blind) mucked
Seat 4: ToDaFelt (big blind) showed [Kc 6s] and won ($41.50) with a pair of Kings


PokerStars Hand #163058606214:  Hold'em Limit ($3/$6 USD) - 2016/12/16 19:26:10 ET
Table 'Hilaritas' 6-max Seat #4 is the button
Seat 3: rascal_319 ($85.67 in chips)
Seat 4: ToDaFelt ($165.56 in chips)
ToDaFelt: posts small blind $1
rascal_319: posts big blind $3
*** HOLE CARDS ***
ToDaFelt: folds
Uncalled bet ($2) returned to rascal_319
rascal_319 collected $2 from pot
rascal_319: doesn't show hand
*** SUMMARY ***
Total pot $2 | Rake $0
Seat 3: rascal_319 (big blind) collected ($2)
Seat 4: ToDaFelt (button) (small blind) folded before Flop


PokerStars Hand #163058611754:  Hold'em Limit ($3/$6 USD) - 2016/12/16 19:26:18 ET
Table 'Hilaritas' 6-max Seat #3 is the button
Seat 3: rascal_319 ($86.67 in chips)
Seat 4: ToDaFelt ($164.56 in chips)
rascal_319: posts small blind $1
ToDaFelt: posts big blind $3
*** HOLE CARDS ***
rascal_319: raises $3 to $6
ToDaFelt: folds
Uncalled bet ($3) returned to rascal_319
rascal_319 collected $6 from pot
rascal_319: doesn't show hand
*** SUMMARY ***
Total pot $6 | Rake $0
Seat 3: rascal_319 (button) (small blind) collected ($6)
Seat 4: ToDaFelt (big blind) folded before Flop


PokerStars Hand #163058625185:  Hold'em Limit ($3/$6 USD) - 2016/12/16 19:26:38 ET
Table 'Hilaritas' 6-max Seat #3 is the button
Seat 3: rascal_319 ($86.67 in chips)
Seat 4: ToDaFelt ($164.56 in chips)
rascal_319: posts small blind $1
ToDaFelt: posts big blind $3
*** HOLE CARDS ***
rascal_319: raises $3 to $6
ToDaFelt: folds
Uncalled bet ($3) returned to rascal_319
rascal_319 collected $6 from pot
rascal_319: doesn't show hand
*** SUMMARY ***
Total pot $6 | Rake $0
Seat 3: rascal_319 (button) (small blind) collected ($6)
Seat 4: ToDaFelt (big blind) folded before Flop


PokerStars Hand #163058619371:  Hold'em Limit ($3/$6 USD) - 2016/12/16 19:26:29 ET
Table 'Hilaritas' 6-max Seat #4 is the button
Seat 3: rascal_319 ($89.67 in chips)
Seat 4: ToDaFelt ($161.56 in chips)
ToDaFelt: posts small blind $1
rascal_319: posts big blind $3
*** HOLE CARDS ***
ToDaFelt: raises $3 to $6
rascal_319: folds
Uncalled bet ($3) returned to ToDaFelt
ToDaFelt collected $6 from pot
ToDaFelt: doesn't show hand
*** SUMMARY ***
Total pot $6 | Rake $0
Seat 3: rascal_319 (big blind) folded before Flop
Seat 4: ToDaFelt (button) (small blind) collected ($6)


PokerStars Hand #163058629908:  Hold'em Limit ($3/$6 USD) - 2016/12/16 19:26:45 ET
Table 'Hilaritas' 6-max Seat #4 is the button
Seat 3: rascal_319 ($89.67 in chips)
Seat 4: ToDaFelt ($161.56 in chips)
ToDaFelt: posts small blind $1
rascal_319: posts big blind $3
*** HOLE CARDS ***
ToDaFelt: raises $3 to $6
rascal_319: folds
Uncalled bet ($3) returned to ToDaFelt
ToDaFelt collected $6 from pot
ToDaFelt: doesn't show hand
*** SUMMARY ***
Total pot $6 | Rake $0
Seat 3: rascal_319 (big blind) folded before Flop
Seat 4: ToDaFelt (button) (small blind) collected ($6)


PokerStars Hand #163058666837:  Hold'em Limit ($3/$6 USD) - 2016/12/16 19:27:39 ET
Table 'Hilaritas' 6-max Seat #3 is the button
Seat 3: rascal_319 ($86.43 in chips)
Seat 4: ToDaFelt ($164.32 in chips)
rascal_319: posts small blind $1
ToDaFelt: posts big blind $3
*** HOLE CARDS ***
rascal_319: folds
Uncalled bet ($2) returned to ToDaFelt
ToDaFelt collected $2 from pot
ToDaFelt: doesn't show hand
*** SUMMARY ***
Total pot $2 | Rake $0
Seat 3: rascal_319 (button) (small blind) folded before Flop
Seat 4: ToDaFelt (big blind) collected ($2)


PokerStars Hand #163058653509:  Hold'em Limit ($3/$6 USD) - 2016/12/16 19:27:19 ET
Table 'Hilaritas' 6-max Seat #4 is the button
Seat 3: rascal_319 ($92.43 in chips)
Seat 4: ToDaFelt ($158.56 in chips)
ToDaFelt: posts small blind $1
rascal_319: posts big blind $3
*** HOLE CARDS ***
ToDaFelt: raises $3 to $6
rascal_319: calls $3
*** FLOP *** [Th 6s Jh]
rascal_319: checks
ToDaFelt: bets $3
rascal_319: folds
Uncalled bet ($3) returned to ToDaFelt
ToDaFelt collected $11.76 from pot
ToDaFelt: doesn't show hand
*** SUMMARY ***
Total pot $12 | Rake $0.24
Board [Th 6s Jh]
Seat 3: rascal_319 (big blind) folded on the Flop
Seat 4: ToDaFelt (button) (small blind) collected ($11.76)


PokerStars Hand #163058637463:  Hold'em Limit ($3/$6 USD) - 2016/12/16 19:26:56 ET
Table 'Hilaritas' 6-max Seat #3 is the button
Seat 3: rascal_319 ($86.67 in chips)
Seat 4: ToDaFelt ($164.56 in chips)
rascal_319: posts small blind $1
ToDaFelt: posts big blind $3
*** HOLE CARDS ***
rascal_319: raises $3 to $6
ToDaFelt: calls $3
*** FLOP *** [2s Td 3h]
ToDaFelt: checks
rascal_319: bets $3
ToDaFelt: folds
Uncalled bet ($3) returned to rascal_319
rascal_319 collected $11.76 from pot
rascal_319: doesn't show hand
*** SUMMARY ***
Total pot $12 | Rake $0.24
Board [2s Td 3h]
Seat 3: rascal_319 (button) (small blind) collected ($11.76)
Seat 4: ToDaFelt (big blind) folded on the Flop


PokerStars Hand #163058695534:  Hold'em Limit ($3/$6 USD) - 2016/12/16 19:28:21 ET
Table 'Hilaritas' 6-max Seat #4 is the button
Seat 3: rascal_319 ($91.95 in chips)
Seat 4: ToDaFelt ($158.32 in chips)
ToDaFelt: posts small blind $1
rascal_319: posts big blind $3
*** HOLE CARDS ***
ToDaFelt: raises $3 to $6
rascal_319: calls $3
*** FLOP *** [2d Qh Jd]
rascal_319: checks
ToDaFelt: bets $3
rascal_319: raises $3 to $6
ToDaFelt: calls $3
*** TURN *** [2d Qh Jd] [2h]
rascal_319: bets $6
ToDaFelt: raises $6 to $12
rascal_319: calls $6
*** RIVER *** [2d Qh Jd 2h] [7c]
rascal_319: checks
ToDaFelt: bets $6
rascal_319: folds
Uncalled bet ($6) returned to ToDaFelt
ToDaFelt collected $47.50 from pot
ToDaFelt: doesn't show hand
*** SUMMARY ***
Total pot $48 | Rake $0.50
Board [2d Qh Jd 2h 7c]
Seat 3: rascal_319 (big blind) folded on the River
Seat 4: ToDaFelt (button) (small blind) collected ($47.50)


PokerStars Hand #163058692351:  Hold'em Limit ($3/$6 USD) - 2016/12/16 19:28:16 ET
Table 'Hilaritas' 6-max Seat #3 is the button
Seat 3: rascal_319 ($92.95 in chips)
Seat 4: ToDaFelt ($157.32 in chips)
rascal_319: posts small blind $1
ToDaFelt: posts big blind $3
*** HOLE CARDS ***
rascal_319: folds
Uncalled bet ($2) returned to ToDaFelt
ToDaFelt collected $2 from pot
ToDaFelt: doesn't show hand
*** SUMMARY ***
Total pot $2 | Rake $0
Seat 3: rascal_319 (button) (small blind) folded before Flop
Seat 4: ToDaFelt (big blind) collected ($2)


PokerStars Hand #163058688250:  Hold'em Limit ($3/$6 USD) - 2016/12/16 19:28:10 ET
Table 'Hilaritas' 6-max Seat #4 is the button
Seat 3: rascal_319 ($95.95 in chips)
Seat 4: ToDaFelt ($154.32 in chips)
ToDaFelt: posts small blind $1
rascal_319: posts big blind $3
*** HOLE CARDS ***
ToDaFelt: raises $3 to $6
rascal_319: folds
Uncalled bet ($3) returned to ToDaFelt
ToDaFelt collected $6 from pot
ToDaFelt: doesn't show hand
*** SUMMARY ***
Total pot $6 | Rake $0
Seat 3: rascal_319 (big blind) folded before Flop
Seat 4: ToDaFelt (button) (small blind) collected ($6)


PokerStars Hand #163058685502:  Hold'em Limit ($3/$6 USD) - 2016/12/16 19:28:06 ET
Table 'Hilaritas' 6-max Seat #3 is the button
Seat 3: rascal_319 ($96.95 in chips)
Seat 4: ToDaFelt ($153.32 in chips)
rascal_319: posts small blind $1
ToDaFelt: posts big blind $3
*** HOLE CARDS ***
rascal_319: folds
Uncalled bet ($2) returned to ToDaFelt
ToDaFelt collected $2 from pot
ToDaFelt: doesn't show hand
*** SUMMARY ***
Total pot $2 | Rake $0
Seat 3: rascal_319 (button) (small blind) folded before Flop
Seat 4: ToDaFelt (big blind) collected ($2)


PokerStars Hand #163058670562:  Hold'em Limit ($3/$6 USD) - 2016/12/16 19:27:44 ET
Table 'Hilaritas' 6-max Seat #4 is the button
Seat 3: rascal_319 ($85.43 in chips)
Seat 4: ToDaFelt ($165.32 in chips)
ToDaFelt: posts small blind $1
rascal_319: posts big blind $3
*** HOLE CARDS ***
ToDaFelt: raises $3 to $6
rascal_319: raises $3 to $9
ToDaFelt: calls $3
*** FLOP *** [Td Tc 4c]
rascal_319: bets $3
ToDaFelt: calls $3
*** TURN *** [Td Tc 4c] [Qh]
rascal_319: bets $6
ToDaFelt: folds
Uncalled bet ($6) returned to rascal_319
rascal_319 collected $23.52 from pot
rascal_319: doesn't show hand
*** SUMMARY ***
Total pot $24 | Rake $0.48
Board [Td Tc 4c Qh]
Seat 3: rascal_319 (big blind) collected ($23.52)
Seat 4: ToDaFelt (button) (small blind) folded on the Turn


PokerStars Hand #163058749273:  Hold'em Limit ($3/$6 USD) - 2016/12/16 19:29:39 ET
Table 'Hilaritas' 6-max Seat #3 is the button
Seat 3: rascal_319 ($28.95 in chips)
Seat 4: ToDaFelt ($219.82 in chips)
rascal_319: posts small blind $1
ToDaFelt: posts big blind $3
*** HOLE CARDS ***
rascal_319: folds
Uncalled bet ($2) returned to ToDaFelt
ToDaFelt collected $2 from pot
ToDaFelt: doesn't show hand
*** SUMMARY ***
Total pot $2 | Rake $0
Seat 3: rascal_319 (button) (small blind) folded before Flop
Seat 4: ToDaFelt (big blind) collected ($2)


PokerStars Hand #163058728410:  Hold'em Limit ($3/$6 USD) - 2016/12/16 19:29:08 ET
Table 'Hilaritas' 6-max Seat #4 is the button
Seat 3: rascal_319 ($52.95 in chips)
Seat 4: ToDaFelt ($196.32 in chips)
ToDaFelt: posts small blind $1
rascal_319: posts big blind $3
*** HOLE CARDS ***
ToDaFelt: raises $3 to $6
rascal_319: raises $3 to $9
ToDaFelt: calls $3
*** FLOP *** [4c 6s Tc]
rascal_319: bets $3
ToDaFelt: calls $3
*** TURN *** [4c 6s Tc] [Qh]
rascal_319: checks
ToDaFelt: bets $6
rascal_319: calls $6
*** RIVER *** [4c 6s Tc Qh] [Jh]
rascal_319: checks
ToDaFelt: bets $6
rascal_319: calls $6
*** SHOW DOWN ***
ToDaFelt: shows [Ac Ts] (a pair of Tens)
rascal_319: mucks hand
ToDaFelt collected $47.50 from pot
*** SUMMARY ***
Total pot $48 | Rake $0.50
Board [4c 6s Tc Qh Jh]
Seat 3: rascal_319 (big blind) mucked
Seat 4: ToDaFelt (button) (small blind) showed [Ac Ts] and won ($47.50) with a pair of Tens


PokerStars Hand #163058710997:  Hold'em Limit ($3/$6 USD) - 2016/12/16 19:28:43 ET
Table 'Hilaritas' 6-max Seat #3 is the button
Seat 3: rascal_319 ($67.95 in chips)
Seat 4: ToDaFelt ($181.82 in chips)
rascal_319: posts small blind $1
ToDaFelt: posts big blind $3
*** HOLE CARDS ***
rascal_319: raises $3 to $6
ToDaFelt: calls $3
*** FLOP *** [9d 8c 5d]
ToDaFelt: bets $3
rascal_319: calls $3
*** TURN *** [9d 8c 5d] [Jc]
ToDaFelt: bets $6
rascal_319: calls $6
*** RIVER *** [9d 8c 5d Jc] [6c]
ToDaFelt: checks
rascal_319: checks
*** SHOW DOWN ***
ToDaFelt: shows [3h 9h] (a pair of Nines)
rascal_319: mucks hand
ToDaFelt collected $29.50 from pot
*** SUMMARY ***
Total pot $30 | Rake $0.50
Board [9d 8c 5d Jc 6c]
Seat 3: rascal_319 (button) (small blind) mucked
Seat 4: ToDaFelt (big blind) showed [3h 9h] and won ($29.50) with a pair of Nines


PokerStars Hand #163058783752:  Hold'em Limit ($3/$6 USD) - 2016/12/16 19:30:30 ET
Table 'Hilaritas' 6-max Seat #4 is the button
Seat 3: rascal_319 ($35.59 in chips)
Seat 4: ToDaFelt ($212.82 in chips)
ToDaFelt: posts small blind $1
rascal_319: posts big blind $3
*** HOLE CARDS ***
ToDaFelt: raises $3 to $6
rascal_319: folds
Uncalled bet ($3) returned to ToDaFelt
ToDaFelt collected $6 from pot
ToDaFelt: doesn't show hand
*** SUMMARY ***
Total pot $6 | Rake $0
Seat 3: rascal_319 (big blind) folded before Flop
Seat 4: ToDaFelt (button) (small blind) collected ($6)


PokerStars Hand #163058780847:  Hold'em Limit ($3/$6 USD) - 2016/12/16 19:30:26 ET
Table 'Hilaritas' 6-max Seat #3 is the button
Seat 3: rascal_319 ($36.59 in chips)
Seat 4: ToDaFelt ($211.82 in chips)
rascal_319: posts small blind $1
ToDaFelt: posts big blind $3
*** HOLE CARDS ***
rascal_319: folds
Uncalled bet ($2) returned to ToDaFelt
ToDaFelt collected $2 from pot
ToDaFelt: doesn't show hand
*** SUMMARY ***
Total pot $2 | Rake $0
Seat 3: rascal_319 (button) (small blind) folded before Flop
Seat 4: ToDaFelt (big blind) collected ($2)


PokerStars Hand #163058764295:  Hold'em Limit ($3/$6 USD) - 2016/12/16 19:30:01 ET
Table 'Hilaritas' 6-max Seat #4 is the button
Seat 3: rascal_319 ($27.95 in chips)
Seat 4: ToDaFelt ($220.82 in chips)
ToDaFelt: posts small blind $1
rascal_319: posts big blind $3
*** HOLE CARDS ***
ToDaFelt: raises $3 to $6
rascal_319: raises $3 to $9
ToDaFelt: calls $3
*** FLOP *** [9c As 4s]
rascal_319: bets $3
ToDaFelt: folds
Uncalled bet ($3) returned to rascal_319
rascal_319 collected $17.64 from pot
rascal_319: doesn't show hand
*** SUMMARY ***
Total pot $18 | Rake $0.36
Board [9c As 4s]
Seat 3: rascal_319 (big blind) collected ($17.64)
Seat 4: ToDaFelt (button) (small blind) folded on the Flop


PokerStars Hand #163058761478:  Hold'em Limit ($3/$6 USD) - 2016/12/16 19:29:57 ET
Table 'Hilaritas' 6-max Seat #3 is the button
Seat 3: rascal_319 ($28.95 in chips)
Seat 4: ToDaFelt ($219.82 in chips)
rascal_319: posts small blind $1
ToDaFelt: posts big blind $3
*** HOLE CARDS ***
rascal_319: folds
Uncalled bet ($2) returned to ToDaFelt
ToDaFelt collected $2 from pot
ToDaFelt: doesn't show hand
*** SUMMARY ***
Total pot $2 | Rake $0
Seat 3: rascal_319 (button) (small blind) folded before Flop
Seat 4: ToDaFelt (big blind) collected ($2)


PokerStars Hand #163058752371:  Hold'em Limit ($3/$6 USD) - 2016/12/16 19:29:44 ET
Table 'Hilaritas' 6-max Seat #4 is the button
Seat 3: rascal_319 ($27.95 in chips)
Seat 4: ToDaFelt ($220.82 in chips)
ToDaFelt: posts small blind $1
rascal_319: posts big blind $3
*** HOLE CARDS ***
ToDaFelt: folds
Uncalled bet ($2) returned to rascal_319
rascal_319 collected $2 from pot
rascal_319: doesn't show hand
*** SUMMARY ***
Total pot $2 | Rake $0
Seat 3: rascal_319 (big blind) collected ($2)
Seat 4: ToDaFelt (button) (small blind) folded before Flop


PokerStars Hand #163058807676:  Hold'em Limit ($3/$6 USD) - 2016/12/16 19:31:05 ET
Table 'Hilaritas' 6-max Seat #4 is the button
Seat 3: rascal_319 ($62.09 in chips)
Seat 4: ToDaFelt ($185.82 in chips)
ToDaFelt: posts small blind $1
rascal_319: posts big blind $3
*** HOLE CARDS ***
ToDaFelt: raises $3 to $6
rascal_319: calls $3
*** FLOP *** [Tc 5d 7d]
rascal_319: checks
ToDaFelt: bets $3
rascal_319: calls $3
*** TURN *** [Tc 5d 7d] [4s]
rascal_319: checks
ToDaFelt: bets $6
rascal_319: calls $6
*** RIVER *** [Tc 5d 7d 4s] [6c]
rascal_319: checks
ToDaFelt: bets $6
rascal_319: folds
Uncalled bet ($6) returned to ToDaFelt
ToDaFelt collected $29.50 from pot
ToDaFelt: doesn't show hand
*** SUMMARY ***
Total pot $30 | Rake $0.50
Board [Tc 5d 7d 4s 6c]
Seat 3: rascal_319 (big blind) folded on the River
Seat 4: ToDaFelt (button) (small blind) collected ($29.50)


PokerStars Hand #163058787787:  Hold'em Limit ($3/$6 USD) - 2016/12/16 19:30:36 ET
Table 'Hilaritas' 6-max Seat #3 is the button
Seat 3: rascal_319 ($32.59 in chips)
Seat 4: ToDaFelt ($215.82 in chips)
rascal_319: posts small blind $1
ToDaFelt: posts big blind $3
*** HOLE CARDS ***
rascal_319: raises $3 to $6
ToDaFelt: raises $3 to $9
rascal_319: calls $3
*** FLOP *** [3s Qh Jd]
ToDaFelt: bets $3
rascal_319: calls $3
*** TURN *** [3s Qh Jd] [Tc]
ToDaFelt: bets $6
rascal_319: calls $6
*** RIVER *** [3s Qh Jd Tc] [Jc]
ToDaFelt: bets $6
rascal_319: raises $6 to $12
ToDaFelt: calls $6
*** SHOW DOWN ***
rascal_319: shows [Td Js] (a full house, Jacks full of Tens)
ToDaFelt: mucks hand
rascal_319 collected $59.50 from pot
*** SUMMARY ***
Total pot $60 | Rake $0.50
Board [3s Qh Jd Tc Jc]
Seat 3: rascal_319 (button) (small blind) showed [Td Js] and won ($59.50) with a full house, Jacks full of Tens
Seat 4: ToDaFelt (big blind) mucked


PokerStars Hand #163058862045:  Hold'em Limit ($3/$6 USD) - 2016/12/16 19:32:25 ET
Table 'Hilaritas' 6-max Seat #4 is the button
Seat 3: rascal_319 ($6.09 in chips)
Seat 4: ToDaFelt ($240.58 in chips)
ToDaFelt: posts small blind $1
rascal_319: posts big blind $3
*** HOLE CARDS ***
ToDaFelt: raises $3 to $6
rascal_319: raises $0.09 to $6.09 and is all-in
ToDaFelt: calls $0.09
*** FLOP *** [Kd 9s 7s]
*** TURN *** [Kd 9s 7s] [6h]
*** RIVER *** [Kd 9s 7s 6h] [Tc]
*** SHOW DOWN ***
rascal_319: shows [Kc 7c] (two pair, Kings and Sevens)
ToDaFelt: shows [8h 7h] (a straight, Six to Ten)
ToDaFelt collected $11.94 from pot
*** SUMMARY ***
Total pot $12.18 | Rake $0.24
Board [Kd 9s 7s 6h Tc]
Seat 3: rascal_319 (big blind) showed [Kc 7c] and lost with two pair, Kings and Sevens
Seat 4: ToDaFelt (button) (small blind) showed [8h 7h] and won ($11.94) with a straight, Six to Ten


PokerStars Hand #163058859196:  Hold'em Limit ($3/$6 USD) - 2016/12/16 19:32:21 ET
Table 'Hilaritas' 6-max Seat #3 is the button
Seat 3: rascal_319 ($7.09 in chips)
Seat 4: ToDaFelt ($239.58 in chips)
rascal_319: posts small blind $1
ToDaFelt: posts big blind $3
*** HOLE CARDS ***
rascal_319: folds
Uncalled bet ($2) returned to ToDaFelt
ToDaFelt collected $2 from pot
ToDaFelt: doesn't show hand
*** SUMMARY ***
Total pot $2 | Rake $0
Seat 3: rascal_319 (button) (small blind) folded before Flop
Seat 4: ToDaFelt (big blind) collected ($2)


PokerStars Hand #163058855429:  Hold'em Limit ($3/$6 USD) - 2016/12/16 19:32:16 ET
Table 'Hilaritas' 6-max Seat #4 is the button
Seat 3: rascal_319 ($10.09 in chips)
Seat 4: ToDaFelt ($236.58 in chips)
ToDaFelt: posts small blind $1
rascal_319: posts big blind $3
*** HOLE CARDS ***
ToDaFelt: raises $3 to $6
rascal_319: folds
Uncalled bet ($3) returned to ToDaFelt
ToDaFelt collected $6 from pot
ToDaFelt: doesn't show hand
*** SUMMARY ***
Total pot $6 | Rake $0
Seat 3: rascal_319 (big blind) folded before Flop
Seat 4: ToDaFelt (button) (small blind) collected ($6)


PokerStars Hand #163058852564:  Hold'em Limit ($3/$6 USD) - 2016/12/16 19:32:11 ET
Table 'Hilaritas' 6-max Seat #3 is the button
Seat 3: rascal_319 ($11.09 in chips)
Seat 4: ToDaFelt ($235.58 in chips)
rascal_319: posts small blind $1
ToDaFelt: posts big blind $3
*** HOLE CARDS ***
rascal_319: folds
Uncalled bet ($2) returned to ToDaFelt
ToDaFelt collected $2 from pot
ToDaFelt: doesn't show hand
*** SUMMARY ***
Total pot $2 | Rake $0
Seat 3: rascal_319 (button) (small blind) folded before Flop
Seat 4: ToDaFelt (big blind) collected ($2)


PokerStars Hand #163058843846:  Hold'em Limit ($3/$6 USD) - 2016/12/16 19:31:58 ET
Table 'Hilaritas' 6-max Seat #4 is the button
Seat 3: rascal_319 ($17.09 in chips)
Seat 4: ToDaFelt ($229.82 in chips)
ToDaFelt: posts small blind $1
rascal_319: posts big blind $3
*** HOLE CARDS ***
ToDaFelt: raises $3 to $6
rascal_319: calls $3
*** FLOP *** [As 3d 2d]
rascal_319: checks
ToDaFelt: bets $3
rascal_319: folds
Uncalled bet ($3) returned to ToDaFelt
ToDaFelt collected $11.76 from pot
ToDaFelt: doesn't show hand
*** SUMMARY ***
Total pot $12 | Rake $0.24
Board [As 3d 2d]
Seat 3: rascal_319 (big blind) folded on the Flop
Seat 4: ToDaFelt (button) (small blind) collected ($11.76)


PokerStars Hand #163058825329:  Hold'em Limit ($3/$6 USD) - 2016/12/16 19:31:31 ET
Table 'Hilaritas' 6-max Seat #3 is the button
Seat 3: rascal_319 ($47.09 in chips)
Seat 4: ToDaFelt ($200.32 in chips)
rascal_319: posts small blind $1
ToDaFelt: posts big blind $3
*** HOLE CARDS ***
rascal_319: raises $3 to $6
ToDaFelt: raises $3 to $9
rascal_319: calls $3
*** FLOP *** [Ts 9c 4c]
ToDaFelt: bets $3
rascal_319: raises $3 to $6
ToDaFelt: raises $3 to $9
rascal_319: calls $3
*** TURN *** [Ts 9c 4c] [As]
ToDaFelt: bets $6
rascal_319: calls $6
*** RIVER *** [Ts 9c 4c As] [6c]
ToDaFelt: bets $6
rascal_319: calls $6
*** SHOW DOWN ***
ToDaFelt: shows [Tc Ks] (a pair of Tens)
rascal_319: mucks hand
ToDaFelt collected $59.50 from pot
*** SUMMARY ***
Total pot $60 | Rake $0.50
Board [Ts 9c 4c As 6c]
Seat 3: rascal_319 (button) (small blind) mucked
Seat 4: ToDaFelt (big blind) showed [Tc Ks] and won ($59.50) with a pair of Tens


PokerStars Hand #163058901351:  Hold'em Limit ($3/$6 USD) - 2016/12/16 19:33:24 ET
Table 'Hilaritas' 6-max Seat #3 is the button
Seat 3: rascal_319 ($120 in chips)
Seat 4: ToDaFelt ($246.43 in chips)
rascal_319: posts small blind $1
ToDaFelt: posts big blind $3
*** HOLE CARDS ***
rascal_319: raises $3 to $6
ToDaFelt: raises $3 to $9
rascal_319: calls $3
*** FLOP *** [As 3s 4h]
ToDaFelt: bets $3
rascal_319: calls $3
*** TURN *** [As 3s 4h] [9h]
ToDaFelt: bets $6
rascal_319: calls $6
*** RIVER *** [As 3s 4h 9h] [9s]
ToDaFelt: bets $6
rascal_319: calls $6
*** SHOW DOWN ***
ToDaFelt: shows [Ks 9c] (three of a kind, Nines)
rascal_319: mucks hand
ToDaFelt collected $47.50 from pot
*** SUMMARY ***
Total pot $48 | Rake $0.50
Board [As 3s 4h 9h 9s]
Seat 3: rascal_319 (button) (small blind) mucked
Seat 4: ToDaFelt (big blind) showed [Ks 9c] and won ($47.50) with three of a kind, Nines


PokerStars Hand #163058898159:  Hold'em Limit ($3/$6 USD) - 2016/12/16 19:33:19 ET
Table 'Hilaritas' 6-max Seat #4 is the button
Seat 3: rascal_319 ($119 in chips)
Seat 4: ToDaFelt ($247.43 in chips)
ToDaFelt: posts small blind $1
rascal_319: posts big blind $3
*** HOLE CARDS ***
ToDaFelt: folds
Uncalled bet ($2) returned to rascal_319
rascal_319 collected $2 from pot
rascal_319: doesn't show hand
*** SUMMARY ***
Total pot $2 | Rake $0
Seat 3: rascal_319 (big blind) collected ($2)
Seat 4: ToDaFelt (button) (small blind) folded before Flop


PokerStars Hand #163058894983:  Hold'em Limit ($3/$6 USD) - 2016/12/16 19:33:15 ET
Table 'Hilaritas' 6-max Seat #3 is the button
Seat 3: rascal_319 ($120 in chips)
Seat 4: ToDaFelt ($246.43 in chips)
rascal_319: posts small blind $1
ToDaFelt: posts big blind $3
*** HOLE CARDS ***
rascal_319: folds
Uncalled bet ($2) returned to ToDaFelt
ToDaFelt collected $2 from pot
ToDaFelt: doesn't show hand
*** SUMMARY ***
Total pot $2 | Rake $0
Seat 3: rascal_319 (button) (small blind) folded before Flop
Seat 4: ToDaFelt (big blind) collected ($2)


PokerStars Hand #163058887667:  Hold'em Limit ($3/$6 USD) - 2016/12/16 19:33:04 ET
Table 'Hilaritas' 6-max Seat #4 is the button
Seat 3: rascal_319 ($119 in chips)
Seat 4: ToDaFelt ($247.43 in chips)
ToDaFelt: posts small blind $1
rascal_319: posts big blind $3
*** HOLE CARDS ***
ToDaFelt: folds
Uncalled bet ($2) returned to rascal_319
rascal_319 collected $2 from pot
rascal_319: doesn't show hand
*** SUMMARY ***
Total pot $2 | Rake $0
Seat 3: rascal_319 (big blind) collected ($2)
Seat 4: ToDaFelt (button) (small blind) folded before Flop


PokerStars Hand #163058883051:  Hold'em Limit ($3/$6 USD) - 2016/12/16 19:32:57 ET
Table 'Hilaritas' 6-max Seat #3 is the button
Seat 3: rascal_319 ($120 in chips)
Seat 4: ToDaFelt ($246.43 in chips)
rascal_319: posts small blind $1
ToDaFelt: posts big blind $3
*** HOLE CARDS ***
rascal_319: folds
Uncalled bet ($2) returned to ToDaFelt
ToDaFelt collected $2 from pot
ToDaFelt: doesn't show hand
*** SUMMARY ***
Total pot $2 | Rake $0
Seat 3: rascal_319 (button) (small blind) folded before Flop
Seat 4: ToDaFelt (big blind) collected ($2)


PokerStars Hand #163058958574:  Hold'em Limit ($3/$6 USD) - 2016/12/16 19:34:51 ET
Table 'Hilaritas' 6-max Seat #3 is the button
Seat 3: rascal_319 ($131.14 in chips)
Seat 4: ToDaFelt ($233.93 in chips)
rascal_319: posts small blind $1
ToDaFelt: posts big blind $3
*** HOLE CARDS ***
rascal_319: folds
Uncalled bet ($2) returned to ToDaFelt
ToDaFelt collected $2 from pot
ToDaFelt: doesn't show hand
*** SUMMARY ***
Total pot $2 | Rake $0
Seat 3: rascal_319 (button) (small blind) folded before Flop
Seat 4: ToDaFelt (big blind) collected ($2)


PokerStars Hand #163058945464:  Hold'em Limit ($3/$6 USD) - 2016/12/16 19:34:31 ET
Table 'Hilaritas' 6-max Seat #4 is the button
Seat 3: rascal_319 ($122.50 in chips)
Seat 4: ToDaFelt ($242.93 in chips)
ToDaFelt: posts small blind $1
rascal_319: posts big blind $3
*** HOLE CARDS ***
ToDaFelt: raises $3 to $6
rascal_319: raises $3 to $9
ToDaFelt: calls $3
*** FLOP *** [Kh 2d 4s]
rascal_319: bets $3
ToDaFelt: folds
Uncalled bet ($3) returned to rascal_319
rascal_319 collected $17.64 from pot
rascal_319: doesn't show hand
*** SUMMARY ***
Total pot $18 | Rake $0.36
Board [Kh 2d 4s]
Seat 3: rascal_319 (big blind) collected ($17.64)
Seat 4: ToDaFelt (button) (small blind) folded on the Flop


PokerStars Hand #163058939218:  Hold'em Limit ($3/$6 USD) - 2016/12/16 19:34:21 ET
Table 'Hilaritas' 6-max Seat #3 is the button
Seat 3: rascal_319 ($119.50 in chips)
Seat 4: ToDaFelt ($245.93 in chips)
rascal_319: posts small blind $1
ToDaFelt: posts big blind $3
*** HOLE CARDS ***
rascal_319: raises $3 to $6
ToDaFelt: folds
Uncalled bet ($3) returned to rascal_319
rascal_319 collected $6 from pot
rascal_319: doesn't show hand
*** SUMMARY ***
Total pot $6 | Rake $0
Seat 3: rascal_319 (button) (small blind) collected ($6)
Seat 4: ToDaFelt (big blind) folded before Flop


PokerStars Hand #163058917952:  Hold'em Limit ($3/$6 USD) - 2016/12/16 19:33:49 ET
Table 'Hilaritas' 6-max Seat #4 is the button
Seat 3: rascal_319 ($96 in chips)
Seat 4: ToDaFelt ($269.93 in chips)
ToDaFelt: posts small blind $1
rascal_319: posts big blind $3
*** HOLE CARDS ***
ToDaFelt: raises $3 to $6
rascal_319: raises $3 to $9
ToDaFelt: calls $3
*** FLOP *** [Js 5d 6c]
rascal_319: bets $3
ToDaFelt: calls $3
*** TURN *** [Js 5d 6c] [6d]
rascal_319: bets $6
ToDaFelt: raises $6 to $12
rascal_319: calls $6
*** RIVER *** [Js 5d 6c 6d] [7h]
rascal_319: checks
ToDaFelt: checks
*** SHOW DOWN ***
rascal_319: shows [5s Ac] (two pair, Sixes and Fives)
ToDaFelt: mucks hand
rascal_319 collected $47.50 from pot
*** SUMMARY ***
Total pot $48 | Rake $0.50
Board [Js 5d 6c 6d 7h]
Seat 3: rascal_319 (big blind) showed [5s Ac] and won ($47.50) with two pair, Sixes and Fives
Seat 4: ToDaFelt (button) (small blind) mucked


PokerStars Hand #163058973840:  Hold'em Limit ($3/$6 USD) - 2016/12/16 19:35:14 ET
Table 'Hilaritas' 6-max Seat #3 is the button
Seat 3: rascal_319 ($120.14 in chips)
Seat 4: ToDaFelt ($244.69 in chips)
rascal_319: posts small blind $1
ToDaFelt: posts big blind $3
*** HOLE CARDS ***
rascal_319: raises $3 to $6
ToDaFelt: calls $3
*** FLOP *** [7s 9c Ah]
ToDaFelt: checks
rascal_319: bets $3
ToDaFelt: calls $3
*** TURN *** [7s 9c Ah] [Tc]
ToDaFelt: checks
rascal_319: bets $6
ToDaFelt: calls $6
*** RIVER *** [7s 9c Ah Tc] [Ts]
ToDaFelt: checks
rascal_319: bets $6
ToDaFelt: folds
Uncalled bet ($6) returned to rascal_319
rascal_319 collected $29.50 from pot
rascal_319: doesn't show hand
*** SUMMARY ***
Total pot $30 | Rake $0.50
Board [7s 9c Ah Tc Ts]
Seat 3: rascal_319 (button) (small blind) collected ($29.50)
Seat 4: ToDaFelt (big blind) folded on the River


PokerStars Hand #163058970743:  Hold'em Limit ($3/$6 USD) - 2016/12/16 19:35:09 ET
Table 'Hilaritas' 6-max Seat #4 is the button
Seat 3: rascal_319 ($123.14 in chips)
Seat 4: ToDaFelt ($241.69 in chips)
ToDaFelt: posts small blind $1
rascal_319: posts big blind $3
*** HOLE CARDS ***
ToDaFelt: raises $3 to $6
rascal_319: folds
Uncalled bet ($3) returned to ToDaFelt
ToDaFelt collected $6 from pot
ToDaFelt: doesn't show hand
*** SUMMARY ***
Total pot $6 | Rake $0
Seat 3: rascal_319 (big blind) folded before Flop
Seat 4: ToDaFelt (button) (small blind) collected ($6)


PokerStars Hand #163058967803:  Hold'em Limit ($3/$6 USD) - 2016/12/16 19:35:04 ET
Table 'Hilaritas' 6-max Seat #3 is the button
Seat 3: rascal_319 ($124.14 in chips)
Seat 4: ToDaFelt ($240.69 in chips)
rascal_319: posts small blind $1
ToDaFelt: posts big blind $3
*** HOLE CARDS ***
rascal_319: folds
Uncalled bet ($2) returned to ToDaFelt
ToDaFelt collected $2 from pot
ToDaFelt: doesn't show hand
*** SUMMARY ***
Total pot $2 | Rake $0
Seat 3: rascal_319 (button) (small blind) folded before Flop
Seat 4: ToDaFelt (big blind) collected ($2)


PokerStars Hand #163058961518:  Hold'em Limit ($3/$6 USD) - 2016/12/16 19:34:55 ET
Table 'Hilaritas' 6-max Seat #4 is the button
Seat 3: rascal_319 ($130.14 in chips)
Seat 4: ToDaFelt ($234.93 in chips)
ToDaFelt: posts small blind $1
rascal_319: posts big blind $3
*** HOLE CARDS ***
ToDaFelt: raises $3 to $6
rascal_319: calls $3
*** FLOP *** [9c 6s Qh]
rascal_319: checks
ToDaFelt: bets $3
rascal_319: folds
Uncalled bet ($3) returned to ToDaFelt
ToDaFelt collected $11.76 from pot
ToDaFelt: doesn't show hand
*** SUMMARY ***
Total pot $12 | Rake $0.24
Board [9c 6s Qh]
Seat 3: rascal_319 (big blind) folded on the Flop
Seat 4: ToDaFelt (button) (small blind) collected ($11.76)


PokerStars Hand #163059033550:  Hold'em Limit ($3/$6 USD) - 2016/12/16 19:36:44 ET
Table 'Hilaritas' 6-max Seat #4 is the button
Seat 3: rascal_319 ($181.64 in chips)
Seat 4: ToDaFelt ($181.45 in chips)
ToDaFelt: posts small blind $1
rascal_319: posts big blind $3
*** HOLE CARDS ***
ToDaFelt: raises $3 to $6
rascal_319: folds
Uncalled bet ($3) returned to ToDaFelt
ToDaFelt collected $6 from pot
ToDaFelt: doesn't show hand
*** SUMMARY ***
Total pot $6 | Rake $0
Seat 3: rascal_319 (big blind) folded before Flop
Seat 4: ToDaFelt (button) (small blind) collected ($6)


PokerStars Hand #163059017501:  Hold'em Limit ($3/$6 USD) - 2016/12/16 19:36:20 ET
Table 'Hilaritas' 6-max Seat #3 is the button
Seat 3: rascal_319 ($161.14 in chips)
Seat 4: ToDaFelt ($202.45 in chips)
rascal_319: posts small blind $1
ToDaFelt: posts big blind $3
*** HOLE CARDS ***
rascal_319: raises $3 to $6
ToDaFelt: calls $3
*** FLOP *** [Ks 6c 3h]
ToDaFelt: checks
rascal_319: bets $3
ToDaFelt: calls $3
*** TURN *** [Ks 6c 3h] [8h]
ToDaFelt: checks
rascal_319: bets $6
ToDaFelt: calls $6
*** RIVER *** [Ks 6c 3h 8h] [4s]
ToDaFelt: checks
rascal_319: bets $6
ToDaFelt: calls $6
*** SHOW DOWN ***
rascal_319: shows [Kc Th] (a pair of Kings)
ToDaFelt: mucks hand
rascal_319 collected $41.50 from pot
*** SUMMARY ***
Total pot $42 | Rake $0.50
Board [Ks 6c 3h 8h 4s]
Seat 3: rascal_319 (button) (small blind) showed [Kc Th] and won ($41.50) with a pair of Kings
Seat 4: ToDaFelt (big blind) mucked


PokerStars Hand #163059010618:  Hold'em Limit ($3/$6 USD) - 2016/12/16 19:36:10 ET
Table 'Hilaritas' 6-max Seat #4 is the button
Seat 3: rascal_319 ($167.14 in chips)
Seat 4: ToDaFelt ($196.69 in chips)
ToDaFelt: posts small blind $1
rascal_319: posts big blind $3
*** HOLE CARDS ***
ToDaFelt: raises $3 to $6
rascal_319: calls $3
*** FLOP *** [As 4c 5c]
rascal_319: checks
ToDaFelt: bets $3
rascal_319: folds
Uncalled bet ($3) returned to ToDaFelt
ToDaFelt collected $11.76 from pot
ToDaFelt: doesn't show hand
*** SUMMARY ***
Total pot $12 | Rake $0.24
Board [As 4c 5c]
Seat 3: rascal_319 (big blind) folded on the Flop
Seat 4: ToDaFelt (button) (small blind) collected ($11.76)


PokerStars Hand #163059007255:  Hold'em Limit ($3/$6 USD) - 2016/12/16 19:36:05 ET
Table 'Hilaritas' 6-max Seat #3 is the button
Seat 3: rascal_319 ($164.14 in chips)
Seat 4: ToDaFelt ($199.69 in chips)
rascal_319: posts small blind $1
ToDaFelt: posts big blind $3
*** HOLE CARDS ***
rascal_319: raises $3 to $6
ToDaFelt: folds
Uncalled bet ($3) returned to rascal_319
rascal_319 collected $6 from pot
rascal_319: doesn't show hand
*** SUMMARY ***
Total pot $6 | Rake $0
Seat 3: rascal_319 (button) (small blind) collected ($6)
Seat 4: ToDaFelt (big blind) folded before Flop


PokerStars Hand #163058993237:  Hold'em Limit ($3/$6 USD) - 2016/12/16 19:35:43 ET
Table 'Hilaritas' 6-max Seat #4 is the button
Seat 3: rascal_319 ($134.64 in chips)
Seat 4: ToDaFelt ($229.69 in chips)
ToDaFelt: posts small blind $1
rascal_319: posts big blind $3
*** HOLE CARDS ***
ToDaFelt: raises $3 to $6
rascal_319: raises $3 to $9
ToDaFelt: calls $3
*** FLOP *** [9c Ts Jd]
rascal_319: bets $3
ToDaFelt: calls $3
*** TURN *** [9c Ts Jd] [8s]
rascal_319: checks
ToDaFelt: bets $6
rascal_319: calls $6
*** RIVER *** [9c Ts Jd 8s] [Js]
rascal_319: checks
ToDaFelt: bets $6
rascal_319: raises $6 to $12
ToDaFelt: calls $6
*** SHOW DOWN ***
rascal_319: shows [Th Tc] (a full house, Tens full of Jacks)
ToDaFelt: mucks hand
rascal_319 collected $59.50 from pot
*** SUMMARY ***
Total pot $60 | Rake $0.50
Board [9c Ts Jd 8s Js]
Seat 3: rascal_319 (big blind) showed [Th Tc] and won ($59.50) with a full house, Tens full of Jacks
Seat 4: ToDaFelt (button) (small blind) mucked


PokerStars Hand #163059056672:  Hold'em Limit ($3/$6 USD) - 2016/12/16 19:37:20 ET
Table 'Hilaritas' 6-max Seat #4 is the button
Seat 3: rascal_319 ($166.64 in chips)
Seat 4: ToDaFelt ($195.97 in chips)
ToDaFelt: posts small blind $1
rascal_319: posts big blind $3
*** HOLE CARDS ***
ToDaFelt: raises $3 to $6
rascal_319: calls $3
*** FLOP *** [6s 7c 6d]
rascal_319: checks
ToDaFelt: bets $3
rascal_319: raises $3 to $6
ToDaFelt: calls $3
*** TURN *** [6s 7c 6d] [Qs]
rascal_319: bets $6
ToDaFelt: calls $6
*** RIVER *** [6s 7c 6d Qs] [8h]
rascal_319: checks
ToDaFelt: checks
*** SHOW DOWN ***
rascal_319: shows [9d 7d] (two pair, Sevens and Sixes)
ToDaFelt: mucks hand
rascal_319 collected $35.50 from pot
*** SUMMARY ***
Total pot $36 | Rake $0.50
Board [6s 7c 6d Qs 8h]
Seat 3: rascal_319 (big blind) showed [9d 7d] and won ($35.50) with two pair, Sevens and Sixes
Seat 4: ToDaFelt (button) (small blind) mucked


PokerStars Hand #163059040210:  Hold'em Limit ($3/$6 USD) - 2016/12/16 19:36:55 ET
Table 'Hilaritas' 6-max Seat #3 is the button
Seat 3: rascal_319 ($178.64 in chips)
Seat 4: ToDaFelt ($184.45 in chips)
rascal_319: posts small blind $1
ToDaFelt: posts big blind $3
*** HOLE CARDS ***
rascal_319: raises $3 to $6
ToDaFelt: calls $3
*** FLOP *** [Js 4c Tc]
ToDaFelt: checks
rascal_319: checks
*** TURN *** [Js 4c Tc] [4s]
ToDaFelt: bets $6
rascal_319: calls $6
*** RIVER *** [Js 4c Tc 4s] [9h]
ToDaFelt: bets $6
rascal_319: folds
Uncalled bet ($6) returned to ToDaFelt
ToDaFelt collected $23.52 from pot
ToDaFelt: doesn't show hand
*** SUMMARY ***
Total pot $24 | Rake $0.48
Board [Js 4c Tc 4s 9h]
Seat 3: rascal_319 (button) (small blind) folded on the River
Seat 4: ToDaFelt (big blind) collected ($23.52)


PokerStars Hand #163059107928:  Hold'em Limit ($3/$6 USD) - 2016/12/16 19:38:38 ET
Table 'Hilaritas' 6-max Seat #3 is the button
Seat 3: rascal_319 ($198.64 in chips)
Seat 4: ToDaFelt ($162.61 in chips)
rascal_319: posts small blind $1
ToDaFelt: posts big blind $3
*** HOLE CARDS ***
rascal_319: folds
Uncalled bet ($2) returned to ToDaFelt
ToDaFelt collected $2 from pot
ToDaFelt: doesn't show hand
*** SUMMARY ***
Total pot $2 | Rake $0
Seat 3: rascal_319 (button) (small blind) folded before Flop
Seat 4: ToDaFelt (big blind) collected ($2)


PokerStars Hand #163059089325:  Hold'em Limit ($3/$6 USD) - 2016/12/16 19:38:10 ET
Table 'Hilaritas' 6-max Seat #4 is the button
Seat 3: rascal_319 ($175.14 in chips)
Seat 4: ToDaFelt ($186.61 in chips)
ToDaFelt: posts small blind $1
rascal_319: posts big blind $3
*** HOLE CARDS ***
ToDaFelt: raises $3 to $6
rascal_319: raises $3 to $9
ToDaFelt: calls $3
*** FLOP *** [Jd 8c 6h]
rascal_319: bets $3
ToDaFelt: calls $3
*** TURN *** [Jd 8c 6h] [9h]
rascal_319: checks
ToDaFelt: bets $6
rascal_319: calls $6
*** RIVER *** [Jd 8c 6h 9h] [Qd]
safinaz19 joins the table at seat #5
rascal_319: bets $6
ToDaFelt: calls $6
*** SHOW DOWN ***
rascal_319: shows [Ad Td] (a straight, Eight to Queen)
ToDaFelt: mucks hand
rascal_319 collected $47.50 from pot
*** SUMMARY ***
Total pot $48 | Rake $0.50
Board [Jd 8c 6h 9h Qd]
Seat 3: rascal_319 (big blind) showed [Ad Td] and won ($47.50) with a straight, Eight to Queen
Seat 4: ToDaFelt (button) (small blind) mucked


PokerStars Hand #163059078477:  Hold'em Limit ($3/$6 USD) - 2016/12/16 19:37:53 ET
Table 'Hilaritas' 6-max Seat #3 is the button
Seat 3: rascal_319 ($184.14 in chips)
Seat 4: ToDaFelt ($177.97 in chips)
rascal_319: posts small blind $1
ToDaFelt: posts big blind $3
*** HOLE CARDS ***
rascal_319: raises $3 to $6
ToDaFelt: raises $3 to $9
rascal_319: calls $3
*** FLOP *** [Ad Jc Th]
ToDaFelt: bets $3
rascal_319: folds
Uncalled bet ($3) returned to ToDaFelt
ToDaFelt collected $17.64 from pot
ToDaFelt: doesn't show hand
*** SUMMARY ***
Total pot $18 | Rake $0.36
Board [Ad Jc Th]
Seat 3: rascal_319 (button) (small blind) folded on the Flop
Seat 4: ToDaFelt (big blind) collected ($17.64)


PokerStars Hand #163059723413:  Hold'em Limit ($3/$6 USD) - 2016/12/16 19:54:49 ET
Table 'Hilaritas' 6-max Seat #4 is the button
Seat 3: rascal_319 ($353.43 in chips)
Seat 4: ToDaFelt ($170.69 in chips)
ToDaFelt: posts small blind $1
wobetting: is sitting out
rascal_319: posts big blind $3
*** HOLE CARDS ***
ToDaFelt: raises $3 to $6
wobetting leaves the table
rascal_319: folds
Uncalled bet ($3) returned to ToDaFelt
ToDaFelt collected $6 from pot
ToDaFelt: doesn't show hand
*** SUMMARY ***
Total pot $6 | Rake $0
Seat 3: rascal_319 (big blind) folded before Flop
Seat 4: ToDaFelt (button) (small blind) collected ($6)


PokerStars Hand #163059728984:  Hold'em Limit ($3/$6 USD) - 2016/12/16 19:54:58 ET
Table 'Hilaritas' 6-max Seat #3 is the button
Seat 3: rascal_319 ($350.43 in chips)
Seat 4: ToDaFelt ($173.69 in chips)
rascal_319: posts small blind $1
ToDaFelt: posts big blind $3
*** HOLE CARDS ***
rascal_319: raises $3 to $6
ToDaFelt: raises $3 to $9
rascal_319: raises $3 to $12
Betting is capped
ToDaFelt: calls $3
*** FLOP *** [9h 9c 3d]
ToDaFelt: checks
rascal_319: bets $3
ToDaFelt: calls $3
*** TURN *** [9h 9c 3d] [Ad]
ToDaFelt: checks
rascal_319: bets $6
ToDaFelt: folds
Uncalled bet ($6) returned to rascal_319
rascal_319 collected $29.50 from pot
rascal_319: doesn't show hand
*** SUMMARY ***
Total pot $30 | Rake $0.50
Board [9h 9c 3d Ad]
Seat 3: rascal_319 (button) (small blind) collected ($29.50)
Seat 4: ToDaFelt (big blind) folded on the Turn


PokerStars Hand #163063352514:  Hold'em Limit ($3/$6 USD) - 2016/12/16 21:50:14 ET
Table 'Hilaritas' 6-max Seat #3 is the button
Seat 3: LifeisagameX ($98.50 in chips)
Seat 6: HL520 ($30 in chips)
LifeisagameX: posts small blind $1
HL520: posts big blind $3
*** HOLE CARDS ***
LifeisagameX: raises $3 to $6
HL520: calls $3
*** FLOP *** [Jc 3c Qs]
HL520: checks
LifeisagameX: bets $3
ToDaFelt joins the table at seat #1
HL520: folds
Uncalled bet ($3) returned to LifeisagameX
LifeisagameX collected $11.76 from pot
LifeisagameX: doesn't show hand
*** SUMMARY ***
Total pot $12 | Rake $0.24
Board [Jc 3c Qs]
Seat 3: LifeisagameX (button) (small blind) collected ($11.76)
Seat 6: HL520 (big blind) folded on the Flop


PokerStars Hand #163063372892:  Hold'em Limit ($3/$6 USD) - 2016/12/16 21:51:01 ET
Table 'Hilaritas' 6-max Seat #1 is the button
Seat 1: ToDaFelt ($128.46 in chips)
Seat 3: LifeisagameX ($104.26 in chips)
ToDaFelt: posts small blind $1
HL520 leaves the table
LifeisagameX: posts big blind $3
*** HOLE CARDS ***
ToDaFelt: folds
Uncalled bet ($2) returned to LifeisagameX
LifeisagameX collected $2 from pot
LifeisagameX: doesn't show hand
*** SUMMARY ***
Total pot $2 | Rake $0
Seat 1: ToDaFelt (button) (small blind) folded before Flop
Seat 3: LifeisagameX (big blind) collected ($2)


