PokerStars Hand #171892007482:  Hold'em Limit ($3/$6 USD) - 2017/06/17 12:18:00 ET
Table 'Hilaritas' 6-max Seat #6 is the button
Seat 5: Emmico ($68.16 in chips)
Seat 6: vestimokrec ($101 in chips)
vestimokrec: posts small blind $1
Emmico: posts big blind $3
*** HOLE CARDS ***
vestimokrec: raises $3 to $6
Emmico: folds
Uncalled bet ($3) returned to vestimokrec
vestimokrec collected $6 from pot
vestimokrec: doesn't show hand
*** SUMMARY ***
Total pot $6 | Rake $0
Seat 5: Emmico (big blind) folded before Flop
Seat 6: vestimokrec (button) (small blind) collected ($6)


PokerStars Hand #171891993598:  Hold'em Limit ($3/$6 USD) - 2017/06/17 12:17:38 ET
Table 'Hilaritas' 6-max Seat #5 is the button
Seat 5: Emmico ($56.64 in chips)
Seat 6: vestimokrec ($113 in chips)
Emmico: posts small blind $1
vestimokrec: posts big blind $3
*** HOLE CARDS ***
Emmico: raises $3 to $6
vestimokrec: calls $3
*** FLOP *** [Jh Td 7h]
vestimokrec: checks
Emmico: checks
*** TURN *** [Jh Td 7h] [2c]
vestimokrec: bets $6
Emmico: raises $6 to $12
vestimokrec: folds
Uncalled bet ($6) returned to Emmico
Emmico collected $23.52 from pot
*** SUMMARY ***
Total pot $24 | Rake $0.48
Board [Jh Td 7h 2c]
Seat 5: Emmico (button) (small blind) collected ($23.52)
Seat 6: vestimokrec (big blind) folded on the Turn


PokerStars Hand #171891989833:  Hold'em Limit ($3/$6 USD) - 2017/06/17 12:17:32 ET
Table 'Hilaritas' 6-max Seat #6 is the button
Seat 5: Emmico ($59.64 in chips)
Seat 6: vestimokrec ($110 in chips)
vestimokrec: posts small blind $1
Emmico: posts big blind $3
*** HOLE CARDS ***
vestimokrec: raises $3 to $6
Emmico: folds
Uncalled bet ($3) returned to vestimokrec
vestimokrec collected $6 from pot
vestimokrec: doesn't show hand
*** SUMMARY ***
Total pot $6 | Rake $0
Seat 5: Emmico (big blind) folded before Flop
Seat 6: vestimokrec (button) (small blind) collected ($6)


PokerStars Hand #171891980621:  Hold'em Limit ($3/$6 USD) - 2017/06/17 12:17:18 ET
Table 'Hilaritas' 6-max Seat #5 is the button
Seat 5: Emmico ($51 in chips)
Seat 6: vestimokrec ($119 in chips)
Emmico: posts small blind $1
TbIP-TbIP 88 leaves the table
vestimokrec: posts big blind $3
*** HOLE CARDS ***
Emmico: raises $3 to $6
vestimokrec: calls $3
*** FLOP *** [Qh 6c Jh]
vestimokrec: checks
Emmico: bets $3
vestimokrec: calls $3
*** TURN *** [Qh 6c Jh] [2h]
vestimokrec: checks
Emmico: bets $6
vestimokrec: folds
Uncalled bet ($6) returned to Emmico
Emmico collected $17.64 from pot
*** SUMMARY ***
Total pot $18 | Rake $0.36
Board [Qh 6c Jh 2h]
Seat 5: Emmico (button) (small blind) collected ($17.64)
Seat 6: vestimokrec (big blind) folded on the Turn


PokerStars Hand #171891974597:  Hold'em Limit ($3/$6 USD) - 2017/06/17 12:17:09 ET
Table 'Hilaritas' 6-max Seat #6 is the button
Seat 5: Emmico ($50 in chips)
Seat 6: vestimokrec ($120 in chips)
vestimokrec: posts small blind $1
Emmico: posts big blind $3
*** HOLE CARDS ***
vestimokrec: folds
Uncalled bet ($2) returned to Emmico
Emmico collected $2 from pot
*** SUMMARY ***
Total pot $2 | Rake $0
Seat 5: Emmico (big blind) collected ($2)
Seat 6: vestimokrec (button) (small blind) folded before Flop


