PokerStars Hand #152611475725:  Hold'em Limit ($3/$6 USD) - 2016/04/29 11:26:59 ET
Table 'Hildburg' 6-max Seat #5 is the button
Seat 4: kefir_sefir ($110.66 in chips)
Seat 5: vestimokrec ($121 in chips)
vestimokrec: posts small blind $1
kefir_sefir: posts big blind $3
*** HOLE CARDS ***
vestimokrec: raises $3 to $6
kefir_sefir: raises $3 to $9
vestimokrec: calls $3
*** FLOP *** [2d 4h Ah]
kefir_sefir: bets $3
vestimokrec: calls $3
*** TURN *** [2d 4h Ah] [3c]
kefir_sefir: bets $6
vestimokrec: calls $6
*** RIVER *** [2d 4h Ah 3c] [Td]
kefir_sefir: bets $6
vestimokrec: calls $6
*** SHOW DOWN ***
kefir_sefir: shows [Js Ks] (high card Ace)
vestimokrec: shows [4s Jd] (a pair of Fours)
vestimokrec collected $47.50 from pot
*** SUMMARY ***
Total pot $48 | Rake $0.50
Board [2d 4h Ah 3c Td]
Seat 4: kefir_sefir (big blind) showed [Js Ks] and lost with high card Ace
Seat 5: vestimokrec (button) (small blind) showed [4s Jd] and won ($47.50) with a pair of Fours


PokerStars Hand #152611467166:  Hold'em Limit ($3/$6 USD) - 2016/04/29 11:26:46 ET
Table 'Hildburg' 6-max Seat #4 is the button
Seat 4: kefir_sefir ($111.66 in chips)
Seat 5: vestimokrec ($120 in chips)
kefir_sefir: posts small blind $1
vestimokrec: posts big blind $3
*** HOLE CARDS ***
kefir_sefir: folds
Uncalled bet ($2) returned to vestimokrec
vestimokrec collected $2 from pot
vestimokrec: doesn't show hand
*** SUMMARY ***
Total pot $2 | Rake $0
Seat 4: kefir_sefir (button) (small blind) folded before Flop
Seat 5: vestimokrec (big blind) collected ($2)


PokerStars Hand #152611521033:  Hold'em Limit ($3/$6 USD) - 2016/04/29 11:28:07 ET
Table 'Hildburg' 6-max Seat #5 is the button
Seat 4: kefir_sefir ($71.66 in chips)
Seat 5: vestimokrec ($159 in chips)
vestimokrec: posts small blind $1
kefir_sefir: posts big blind $3
*** HOLE CARDS ***
vestimokrec: folds
Uncalled bet ($2) returned to kefir_sefir
kefir_sefir collected $2 from pot
*** SUMMARY ***
Total pot $2 | Rake $0
Seat 4: kefir_sefir (big blind) collected ($2)
Seat 5: vestimokrec (button) (small blind) folded before Flop


PokerStars Hand #152611502494:  Hold'em Limit ($3/$6 USD) - 2016/04/29 11:27:39 ET
Table 'Hildburg' 6-max Seat #4 is the button
Seat 4: kefir_sefir ($86.66 in chips)
Seat 5: vestimokrec ($144.50 in chips)
kefir_sefir: posts small blind $1
vestimokrec: posts big blind $3
*** HOLE CARDS ***
kefir_sefir: raises $3 to $6
vestimokrec: calls $3
*** FLOP *** [2h 7s 2d]
vestimokrec: checks
kefir_sefir: bets $3
vestimokrec: calls $3
*** TURN *** [2h 7s 2d] [3d]
vestimokrec: checks
kefir_sefir: bets $6
vestimokrec: raises $6 to $12
kefir_sefir: folds
Uncalled bet ($6) returned to vestimokrec
vestimokrec collected $29.50 from pot
vestimokrec: doesn't show hand
*** SUMMARY ***
Total pot $30 | Rake $0.50
Board [2h 7s 2d 3d]
Seat 4: kefir_sefir (button) (small blind) folded on the Turn
Seat 5: vestimokrec (big blind) collected ($29.50)


PokerStars Hand #152612675565:  Hold'em Limit ($3/$6 USD) - 2016/04/29 11:56:42 ET
Table 'Hildburg' 6-max Seat #4 is the button
Seat 4: Titanic001 ($197 in chips)
Seat 5: craaa ($123 in chips)
Titanic001: posts small blind $1
craaa: posts big blind $3
*** HOLE CARDS ***
Titanic001: raises $3 to $6
craaa: raises $3 to $9
Titanic001: calls $3
*** FLOP *** [As 8d Ts]
craaa: bets $3
Titanic001: folds
Uncalled bet ($3) returned to craaa
craaa collected $17.64 from pot
craaa: doesn't show hand
*** SUMMARY ***
Total pot $18 | Rake $0.36
Board [As 8d Ts]
Seat 4: Titanic001 (button) (small blind) folded on the Flop
Seat 5: craaa (big blind) collected ($17.64)


PokerStars Hand #152612684985:  Hold'em Limit ($3/$6 USD) - 2016/04/29 11:56:58 ET
Table 'Hildburg' 6-max Seat #5 is the button
Seat 4: Titanic001 ($188 in chips)
Seat 5: craaa ($131.64 in chips)
craaa: posts small blind $1
Titanic001: posts big blind $3
*** HOLE CARDS ***
craaa: folds
Uncalled bet ($2) returned to Titanic001
Titanic001 collected $2 from pot
*** SUMMARY ***
Total pot $2 | Rake $0
Seat 4: Titanic001 (big blind) collected ($2)
Seat 5: craaa (button) (small blind) folded before Flop


