PokerStars Hand #151350607466:  Hold'em Limit ($3/$6 USD) - 2016/04/03 1:18:37 ET
Table 'Hilda' 6-max Seat #6 is the button
Seat 4: VolkovDmitri ($120 in chips)
Seat 6: tamnt10549 ($75.86 in chips)
tamnt10549: posts small blind $1
VolkovDmitri: posts big blind $3
*** HOLE CARDS ***
tamnt10549: raises $3 to $6
VolkovDmitri: folds
Uncalled bet ($3) returned to tamnt10549
tamnt10549 collected $6 from pot
tamnt10549: doesn't show hand
*** SUMMARY ***
Total pot $6 | Rake $0
Seat 4: VolkovDmitri (big blind) folded before Flop
Seat 6: tamnt10549 (button) (small blind) collected ($6)


PokerStars Hand #151350624164:  Hold'em Limit ($3/$6 USD) - 2016/04/03 1:19:37 ET
Table 'Hilda' 6-max Seat #6 is the button
Seat 4: VolkovDmitri ($134.50 in chips)
Seat 6: tamnt10549 ($63.86 in chips)
tamnt10549: posts small blind $1
VolkovDmitri: posts big blind $3
*** HOLE CARDS ***
tamnt10549: raises $3 to $6
VolkovDmitri: raises $3 to $9
tamnt10549: calls $3
*** FLOP *** [7h Ks 9h]
VolkovDmitri: bets $3
tamnt10549: folds
Uncalled bet ($3) returned to VolkovDmitri
VolkovDmitri collected $17.64 from pot
VolkovDmitri: doesn't show hand
*** SUMMARY ***
Total pot $18 | Rake $0.36
Board [7h Ks 9h]
Seat 4: VolkovDmitri (big blind) collected ($17.64)
Seat 6: tamnt10549 (button) (small blind) folded on the Flop


PokerStars Hand #151350612702:  Hold'em Limit ($3/$6 USD) - 2016/04/03 1:18:56 ET
Table 'Hilda' 6-max Seat #4 is the button
Seat 4: VolkovDmitri ($120 in chips)
Seat 6: tamnt10549 ($78.86 in chips)
VolkovDmitri: posts small blind $1
tamnt10549: posts big blind $3
*** HOLE CARDS ***
VolkovDmitri: raises $3 to $6
tamnt10549: calls $3
*** FLOP *** [4s As Jh]
tamnt10549: checks
VolkovDmitri: bets $3
tamnt10549: calls $3
*** TURN *** [4s As Jh] [Td]
tamnt10549: checks
VolkovDmitri: bets $6
tamnt10549: calls $6
*** RIVER *** [4s As Jh Td] [6d]
tamnt10549: checks
VolkovDmitri: bets $6
tamnt10549: folds
Uncalled bet ($6) returned to VolkovDmitri
VolkovDmitri collected $29.50 from pot
VolkovDmitri: doesn't show hand
*** SUMMARY ***
Total pot $30 | Rake $0.50
Board [4s As Jh Td 6d]
Seat 4: VolkovDmitri (button) (small blind) collected ($29.50)
Seat 6: tamnt10549 (big blind) folded on the River


PokerStars Hand #151350628728:  Hold'em Limit ($3/$6 USD) - 2016/04/03 1:19:53 ET
Table 'Hilda' 6-max Seat #4 is the button
Seat 4: VolkovDmitri ($143.14 in chips)
Seat 6: tamnt10549 ($54.86 in chips)
VolkovDmitri: posts small blind $1
tamnt10549: posts big blind $3
*** HOLE CARDS ***
VolkovDmitri: raises $3 to $6
tamnt10549: calls $3
*** FLOP *** [9c 2c 3c]
tamnt10549: checks
VolkovDmitri: bets $3
tamnt10549: calls $3
*** TURN *** [9c 2c 3c] [3d]
tamnt10549: checks
VolkovDmitri: checks
*** RIVER *** [9c 2c 3c 3d] [Th]
tamnt10549: bets $6
VolkovDmitri: calls $6
*** SHOW DOWN ***
tamnt10549: shows [6h Kc] (a pair of Threes)
VolkovDmitri: mucks hand
tamnt10549 collected $29.50 from pot
*** SUMMARY ***
Total pot $30 | Rake $0.50
Board [9c 2c 3c 3d Th]
Seat 4: VolkovDmitri (button) (small blind) mucked
Seat 6: tamnt10549 (big blind) showed [6h Kc] and won ($29.50) with a pair of Threes


PokerStars Hand #151350640232:  Hold'em Limit ($3/$6 USD) - 2016/04/03 1:20:34 ET
Table 'Hilda' 6-max Seat #6 is the button
Seat 4: VolkovDmitri ($128.14 in chips)
Seat 6: tamnt10549 ($69.36 in chips)
tamnt10549: posts small blind $1
VolkovDmitri: posts big blind $3
*** HOLE CARDS ***
tamnt10549: raises $3 to $6
VolkovDmitri: calls $3
*** FLOP *** [8c 5d Tc]
VolkovDmitri: checks
tamnt10549: bets $3
VolkovDmitri: raises $3 to $6
tamnt10549: calls $3
*** TURN *** [8c 5d Tc] [Kh]
VolkovDmitri: bets $6
tamnt10549: raises $6 to $12
VolkovDmitri: calls $6
*** RIVER *** [8c 5d Tc Kh] [9d]
VolkovDmitri: checks
tamnt10549: bets $6
VolkovDmitri: folds
Uncalled bet ($6) returned to tamnt10549
tamnt10549 collected $47.50 from pot
tamnt10549: doesn't show hand
*** SUMMARY ***
Total pot $48 | Rake $0.50
Board [8c 5d Tc Kh 9d]
Seat 4: VolkovDmitri (big blind) folded on the River
Seat 6: tamnt10549 (button) (small blind) collected ($47.50)


PokerStars Hand #151350664563:  Hold'em Limit ($3/$6 USD) - 2016/04/03 1:22:02 ET
Table 'Hilda' 6-max Seat #6 is the button
Seat 4: VolkovDmitri ($120 in chips)
Seat 6: tamnt10549 ($104.38 in chips)
tamnt10549: posts small blind $1
VolkovDmitri: posts big blind $3
*** HOLE CARDS ***
tamnt10549: raises $3 to $6
VolkovDmitri: calls $3
*** FLOP *** [3d Jc 8s]
VolkovDmitri: checks
tamnt10549: bets $3
VolkovDmitri: folds
Uncalled bet ($3) returned to tamnt10549
tamnt10549 collected $11.76 from pot
tamnt10549: doesn't show hand
*** SUMMARY ***
Total pot $12 | Rake $0.24
Board [3d Jc 8s]
Seat 4: VolkovDmitri (big blind) folded on the Flop
Seat 6: tamnt10549 (button) (small blind) collected ($11.76)


PokerStars Hand #151350675108:  Hold'em Limit ($3/$6 USD) - 2016/04/03 1:22:40 ET
Table 'Hilda' 6-max Seat #6 is the button
Seat 4: VolkovDmitri ($134.50 in chips)
Seat 6: tamnt10549 ($95.14 in chips)
tamnt10549: posts small blind $1
VolkovDmitri: posts big blind $3
*** HOLE CARDS ***
tamnt10549: folds
Uncalled bet ($2) returned to VolkovDmitri
VolkovDmitri collected $2 from pot
VolkovDmitri: doesn't show hand
*** SUMMARY ***
Total pot $2 | Rake $0
Seat 4: VolkovDmitri (big blind) collected ($2)
Seat 6: tamnt10549 (button) (small blind) folded before Flop


PokerStars Hand #151350668431:  Hold'em Limit ($3/$6 USD) - 2016/04/03 1:22:16 ET
Table 'Hilda' 6-max Seat #4 is the button
Seat 4: VolkovDmitri ($120 in chips)
Seat 6: tamnt10549 ($110.14 in chips)
VolkovDmitri: posts small blind $1
tamnt10549: posts big blind $3
*** HOLE CARDS ***
VolkovDmitri: raises $3 to $6
tamnt10549: calls $3
*** FLOP *** [7s 7d Qs]
tamnt10549: checks
VolkovDmitri: bets $3
tamnt10549: calls $3
*** TURN *** [7s 7d Qs] [5h]
tamnt10549: checks
VolkovDmitri: bets $6
tamnt10549: calls $6
*** RIVER *** [7s 7d Qs 5h] [Qd]
tamnt10549: checks
VolkovDmitri: checks
*** SHOW DOWN ***
tamnt10549: shows [4h 4c] (two pair, Queens and Sevens)
VolkovDmitri: shows [6c Jd] (two pair, Queens and Sevens - Jack kicker)
VolkovDmitri collected $29.50 from pot
*** SUMMARY ***
Total pot $30 | Rake $0.50
Board [7s 7d Qs 5h Qd]
Seat 4: VolkovDmitri (button) (small blind) showed [6c Jd] and won ($29.50) with two pair, Queens and Sevens
Seat 6: tamnt10549 (big blind) showed [4h 4c] and lost with two pair, Queens and Sevens


PokerStars Hand #151350692376:  Hold'em Limit ($3/$6 USD) - 2016/04/03 1:23:24 ET
Table 'Hilda' 6-max Seat #6 is the button
Seat 4: VolkovDmitri ($126.50 in chips)
Seat 6: tamnt10549 ($102.78 in chips)
tamnt10549: posts small blind $1
VolkovDmitri: posts big blind $3
*** HOLE CARDS ***
tamnt10549: raises $3 to $6
VolkovDmitri: calls $3
*** FLOP *** [5d 5s 6d]
VolkovDmitri: checks
tamnt10549: bets $3
VolkovDmitri: raises $3 to $6
tamnt10549: calls $3
*** TURN *** [5d 5s 6d] [Kh]
VolkovDmitri: bets $6
tamnt10549: raises $6 to $12
VolkovDmitri: calls $6
*** RIVER *** [5d 5s 6d Kh] [2h]
VolkovDmitri: checks
tamnt10549: bets $6
VolkovDmitri: calls $6
*** SHOW DOWN ***
tamnt10549: shows [Jc Js] (two pair, Jacks and Fives)
VolkovDmitri: mucks hand
tamnt10549 collected $59.50 from pot
*** SUMMARY ***
Total pot $60 | Rake $0.50
Board [5d 5s 6d Kh 2h]
Seat 4: VolkovDmitri (big blind) mucked
Seat 6: tamnt10549 (button) (small blind) showed [Jc Js] and won ($59.50) with two pair, Jacks and Fives


PokerStars Hand #151350676681:  Hold'em Limit ($3/$6 USD) - 2016/04/03 1:22:46 ET
Table 'Hilda' 6-max Seat #4 is the button
Seat 4: VolkovDmitri ($135.50 in chips)
Seat 6: tamnt10549 ($94.14 in chips)
VolkovDmitri: posts small blind $1
tamnt10549: posts big blind $3
*** HOLE CARDS ***
VolkovDmitri: raises $3 to $6
tamnt10549: raises $3 to $9
VolkovDmitri: calls $3
*** FLOP *** [9c 8d Td]
tamnt10549: bets $3
zizonmusang joins the table at seat #5
VolkovDmitri: folds
Uncalled bet ($3) returned to tamnt10549
tamnt10549 collected $17.64 from pot
tamnt10549: doesn't show hand
*** SUMMARY ***
Total pot $18 | Rake $0.36
Board [9c 8d Td]
Seat 4: VolkovDmitri (button) (small blind) folded on the Flop
Seat 6: tamnt10549 (big blind) collected ($17.64)


PokerStars Hand #151350713585:  Hold'em Limit ($3/$6 USD) - 2016/04/03 1:24:42 ET
Table 'Hilda' 6-max Seat #6 is the button
Seat 4: VolkovDmitri ($120 in chips)
Seat 6: tamnt10549 ($166.36 in chips)
tamnt10549: posts small blind $1
VolkovDmitri: posts big blind $3
*** HOLE CARDS ***
tamnt10549: folds
Uncalled bet ($2) returned to VolkovDmitri
VolkovDmitri collected $2 from pot
VolkovDmitri: doesn't show hand
*** SUMMARY ***
Total pot $2 | Rake $0
Seat 4: VolkovDmitri (big blind) collected ($2)
Seat 6: tamnt10549 (button) (small blind) folded before Flop


PokerStars Hand #151350732051:  Hold'em Limit ($3/$6 USD) - 2016/04/03 1:25:49 ET
Table 'Hilda' 6-max Seat #4 is the button
Seat 4: VolkovDmitri ($143.50 in chips)
Seat 6: tamnt10549 ($158.86 in chips)
VolkovDmitri: posts small blind $1
tamnt10549: posts big blind $3
*** HOLE CARDS ***
VolkovDmitri: folds
Uncalled bet ($2) returned to tamnt10549
tamnt10549 collected $2 from pot
tamnt10549: doesn't show hand
*** SUMMARY ***
Total pot $2 | Rake $0
Seat 4: VolkovDmitri (button) (small blind) folded before Flop
Seat 6: tamnt10549 (big blind) collected ($2)


PokerStars Hand #151350723621:  Hold'em Limit ($3/$6 USD) - 2016/04/03 1:25:19 ET
Table 'Hilda' 6-max Seat #6 is the button
Seat 4: VolkovDmitri ($120 in chips)
Seat 6: tamnt10549 ($182.86 in chips)
tamnt10549: posts small blind $1
VolkovDmitri: posts big blind $3
*** HOLE CARDS ***
tamnt10549: raises $3 to $6
VolkovDmitri: calls $3
*** FLOP *** [8h Ah 8s]
VolkovDmitri: checks
tamnt10549: bets $3
VolkovDmitri: raises $3 to $6
tamnt10549: calls $3
*** TURN *** [8h Ah 8s] [9c]
VolkovDmitri: bets $6
tamnt10549: calls $6
*** RIVER *** [8h Ah 8s 9c] [Qd]
VolkovDmitri: bets $6
tamnt10549: calls $6
*** SHOW DOWN ***
VolkovDmitri: shows [Jc 8c] (three of a kind, Eights)
tamnt10549: mucks hand
VolkovDmitri collected $47.50 from pot
*** SUMMARY ***
Total pot $48 | Rake $0.50
Board [8h Ah 8s 9c Qd]
Seat 4: VolkovDmitri (big blind) showed [Jc 8c] and won ($47.50) with three of a kind, Eights
Seat 6: tamnt10549 (button) (small blind) mucked


PokerStars Hand #151350733589:  Hold'em Limit ($3/$6 USD) - 2016/04/03 1:25:55 ET
Table 'Hilda' 6-max Seat #6 is the button
Seat 4: VolkovDmitri ($142.50 in chips)
Seat 6: tamnt10549 ($159.86 in chips)
tamnt10549: posts small blind $1
VolkovDmitri: posts big blind $3
*** HOLE CARDS ***
tamnt10549 is disconnected
tamnt10549 has timed out while disconnected
tamnt10549: folds
Uncalled bet ($2) returned to VolkovDmitri
VolkovDmitri collected $2 from pot
VolkovDmitri: doesn't show hand
*** SUMMARY ***
Total pot $2 | Rake $0
Seat 4: VolkovDmitri (big blind) collected ($2)
Seat 6: tamnt10549 (button) (small blind) folded before Flop


PokerStars Hand #151350715179:  Hold'em Limit ($3/$6 USD) - 2016/04/03 1:24:48 ET
Table 'Hilda' 6-max Seat #4 is the button
Seat 4: VolkovDmitri ($121 in chips)
Seat 6: tamnt10549 ($165.36 in chips)
VolkovDmitri: posts small blind $1
tamnt10549: posts big blind $3
*** HOLE CARDS ***
VolkovDmitri: raises $3 to $6
tamnt10549: calls $3
*** FLOP *** [9s Kh 7c]
tamnt10549: checks
VolkovDmitri: bets $3
tamnt10549: raises $3 to $6
VolkovDmitri: calls $3
*** TURN *** [9s Kh 7c] [8c]
tamnt10549: bets $6
VolkovDmitri: calls $6
*** RIVER *** [9s Kh 7c 8c] [Ac]
tamnt10549: checks
VolkovDmitri: checks
*** SHOW DOWN ***
tamnt10549: shows [4d Kc] (a pair of Kings)
VolkovDmitri: mucks hand
tamnt10549 collected $35.50 from pot
*** SUMMARY ***
Total pot $36 | Rake $0.50
Board [9s Kh 7c 8c Ac]
Seat 4: VolkovDmitri (button) (small blind) mucked
Seat 6: tamnt10549 (big blind) showed [4d Kc] and won ($35.50) with a pair of Kings


