PokerStars Hand #152962422570:  Hold'em Limit ($3/$6 USD) - 2016/05/07 1:47:43 ET
Table 'Hildburg II' 10-max Seat #7 is the button
Seat 7: VolkovDmitri ($120 in chips)
Seat 8: agentbond007 ($120 in chips)
VolkovDmitri: posts small blind $1
agentbond007: posts big blind $3
*** HOLE CARDS ***
VolkovDmitri: folds
Uncalled bet ($2) returned to agentbond007
agentbond007 collected $2 from pot
agentbond007: doesn't show hand
*** SUMMARY ***
Total pot $2 | Rake $0
Seat 7: VolkovDmitri (button) (small blind) folded before Flop
Seat 8: agentbond007 (big blind) collected ($2)


PokerStars Hand #152962439538:  Hold'em Limit ($3/$6 USD) - 2016/05/07 1:48:47 ET
Table 'Hildburg II' 10-max Seat #8 is the button
Seat 7: VolkovDmitri ($123 in chips)
Seat 8: agentbond007 ($123.76 in chips)
agentbond007: posts small blind $1
VolkovDmitri: posts big blind $3
*** HOLE CARDS ***
agentbond007: raises $3 to $6
VolkovDmitri: calls $3
*** FLOP *** [4s 7h Kd]
VolkovDmitri: checks
agentbond007: checks
*** TURN *** [4s 7h Kd] [6h]
VolkovDmitri: bets $6
agentbond007: folds
Uncalled bet ($6) returned to VolkovDmitri
VolkovDmitri collected $11.76 from pot
VolkovDmitri: doesn't show hand
*** SUMMARY ***
Total pot $12 | Rake $0.24
Board [4s 7h Kd 6h]
Seat 7: VolkovDmitri (big blind) collected ($11.76)
Seat 8: agentbond007 (button) (small blind) folded on the Turn


PokerStars Hand #152962425133:  Hold'em Limit ($3/$6 USD) - 2016/05/07 1:47:53 ET
Table 'Hildburg II' 10-max Seat #8 is the button
Seat 7: VolkovDmitri ($120 in chips)
Seat 8: agentbond007 ($121 in chips)
agentbond007: posts small blind $1
VolkovDmitri: posts big blind $3
*** HOLE CARDS ***
agentbond007: raises $3 to $6
VolkovDmitri: calls $3
*** FLOP *** [6s 7s 9c]
VolkovDmitri: checks
agentbond007: checks
*** TURN *** [6s 7s 9c] [6h]
VolkovDmitri: checks
agentbond007: bets $6
VolkovDmitri: folds
Uncalled bet ($6) returned to agentbond007
agentbond007 collected $11.76 from pot
agentbond007: doesn't show hand
*** SUMMARY ***
Total pot $12 | Rake $0.24
Board [6s 7s 9c 6h]
Seat 7: VolkovDmitri (big blind) folded on the Turn
Seat 8: agentbond007 (button) (small blind) collected ($11.76)


PokerStars Hand #152962435258:  Hold'em Limit ($3/$6 USD) - 2016/05/07 1:48:31 ET
Table 'Hildburg II' 10-max Seat #7 is the button
Seat 7: VolkovDmitri ($120 in chips)
Seat 8: agentbond007 ($126.76 in chips)
VolkovDmitri: posts small blind $1
agentbond007: posts big blind $3
*** HOLE CARDS ***
VolkovDmitri: raises $3 to $6
agentbond007: folds
Uncalled bet ($3) returned to VolkovDmitri
VolkovDmitri collected $6 from pot
VolkovDmitri: doesn't show hand
*** SUMMARY ***
Total pot $6 | Rake $0
Seat 7: VolkovDmitri (button) (small blind) collected ($6)
Seat 8: agentbond007 (big blind) folded before Flop


PokerStars Hand #152962451929:  Hold'em Limit ($3/$6 USD) - 2016/05/07 1:49:34 ET
Table 'Hildburg II' 10-max Seat #8 is the button
Seat 7: VolkovDmitri ($120 in chips)
Seat 8: agentbond007 ($126.40 in chips)
agentbond007: posts small blind $1
VolkovDmitri: posts big blind $3
*** HOLE CARDS ***
agentbond007: folds
Uncalled bet ($2) returned to VolkovDmitri
VolkovDmitri collected $2 from pot
VolkovDmitri: doesn't show hand
*** SUMMARY ***
Total pot $2 | Rake $0
Seat 7: VolkovDmitri (big blind) collected ($2)
Seat 8: agentbond007 (button) (small blind) folded before Flop


PokerStars Hand #152962453534:  Hold'em Limit ($3/$6 USD) - 2016/05/07 1:49:40 ET
Table 'Hildburg II' 10-max Seat #7 is the button
Seat 7: VolkovDmitri ($121 in chips)
Seat 8: agentbond007 ($125.40 in chips)
VolkovDmitri: posts small blind $1
agentbond007: posts big blind $3
*** HOLE CARDS ***
VolkovDmitri: folds
Uncalled bet ($2) returned to agentbond007
belik555 joins the table at seat #9
agentbond007 collected $2 from pot
agentbond007: doesn't show hand
*** SUMMARY ***
Total pot $2 | Rake $0
Seat 7: VolkovDmitri (button) (small blind) folded before Flop
Seat 8: agentbond007 (big blind) collected ($2)


PokerStars Hand #152962445909:  Hold'em Limit ($3/$6 USD) - 2016/05/07 1:49:11 ET
Table 'Hildburg II' 10-max Seat #7 is the button
Seat 7: VolkovDmitri ($128.76 in chips)
Seat 8: agentbond007 ($117.76 in chips)
VolkovDmitri: posts small blind $1
agentbond007: posts big blind $3
*** HOLE CARDS ***
VolkovDmitri: raises $3 to $6
agentbond007: raises $3 to $9
VolkovDmitri: calls $3
*** FLOP *** [3d Kd 8h]
agentbond007: bets $3
VolkovDmitri: folds
Uncalled bet ($3) returned to agentbond007
agentbond007 collected $17.64 from pot
agentbond007: doesn't show hand
*** SUMMARY ***
Total pot $18 | Rake $0.36
Board [3d Kd 8h]
Seat 7: VolkovDmitri (button) (small blind) folded on the Flop
Seat 8: agentbond007 (big blind) collected ($17.64)


PokerStars Hand #152962495676:  Hold'em Limit ($3/$6 USD) - 2016/05/07 1:52:19 ET
Table 'Hildburg II' 10-max Seat #8 is the button
Seat 8: agentbond007 ($142.26 in chips)
Seat 9: belik555 ($72 in chips)
agentbond007: posts small blind $1
belik555: posts big blind $3
*** HOLE CARDS ***
agentbond007: folds
Uncalled bet ($2) returned to belik555
belik555 collected $2 from pot
belik555: doesn't show hand
*** SUMMARY ***
Total pot $2 | Rake $0
Seat 8: agentbond007 (button) (small blind) folded before Flop
Seat 9: belik555 (big blind) collected ($2)


PokerStars Hand #152962497045:  Hold'em Limit ($3/$6 USD) - 2016/05/07 1:52:24 ET
Table 'Hildburg II' 10-max Seat #9 is the button
Seat 8: agentbond007 ($141.26 in chips)
Seat 9: belik555 ($73 in chips)
belik555: posts small blind $1
agentbond007: posts big blind $3
*** HOLE CARDS ***
belik555: raises $3 to $6
agentbond007: raises $3 to $9
belik555: calls $3
*** FLOP *** [2s Js 5d]
agentbond007: checks
belik555: bets $3
agentbond007: calls $3
*** TURN *** [2s Js 5d] [4d]
agentbond007: checks
belik555: bets $6
agentbond007: calls $6
*** RIVER *** [2s Js 5d 4d] [8d]
agentbond007: checks
belik555: bets $6
agentbond007: calls $6
*** SHOW DOWN ***
belik555: shows [7h Jd] (a pair of Jacks)
agentbond007: mucks hand
belik555 collected $47.50 from pot
*** SUMMARY ***
Total pot $48 | Rake $0.50
Board [2s Js 5d 4d 8d]
Seat 8: agentbond007 (big blind) mucked
Seat 9: belik555 (button) (small blind) showed [7h Jd] and won ($47.50) with a pair of Jacks


PokerStars Hand #152962518447:  Hold'em Limit ($3/$6 USD) - 2016/05/07 1:53:45 ET
Table 'Hildburg II' 10-max Seat #8 is the button
Seat 8: agentbond007 ($102.26 in chips)
Seat 9: belik555 ($110.90 in chips)
agentbond007: posts small blind $1
belik555: posts big blind $3
*** HOLE CARDS ***
agentbond007: raises $3 to $6
belik555: raises $3 to $9
agentbond007: calls $3
*** FLOP *** [9c Qs 3s]
belik555: bets $3
agentbond007: folds
Uncalled bet ($3) returned to belik555
belik555 collected $17.64 from pot
belik555: doesn't show hand
*** SUMMARY ***
Total pot $18 | Rake $0.36
Board [9c Qs 3s]
Seat 8: agentbond007 (button) (small blind) folded on the Flop
Seat 9: belik555 (big blind) collected ($17.64)


PokerStars Hand #152962507781:  Hold'em Limit ($3/$6 USD) - 2016/05/07 1:53:05 ET
Table 'Hildburg II' 10-max Seat #8 is the button
Seat 8: agentbond007 ($117.26 in chips)
Seat 9: belik555 ($96.50 in chips)
agentbond007: posts small blind $1
belik555: posts big blind $3
*** HOLE CARDS ***
agentbond007: raises $3 to $6
belik555: calls $3
*** FLOP *** [3d Kh 8h]
belik555: checks
agentbond007: bets $3
belik555: raises $3 to $6
agentbond007: folds
Uncalled bet ($3) returned to belik555
belik555 collected $17.64 from pot
belik555: doesn't show hand
*** SUMMARY ***
Total pot $18 | Rake $0.36
Board [3d Kh 8h]
Seat 8: agentbond007 (button) (small blind) folded on the Flop
Seat 9: belik555 (big blind) collected ($17.64)


PokerStars Hand #152962521529:  Hold'em Limit ($3/$6 USD) - 2016/05/07 1:53:56 ET
Table 'Hildburg II' 10-max Seat #9 is the button
Seat 8: agentbond007 ($93.26 in chips)
Seat 9: belik555 ($119.54 in chips)
belik555: posts small blind $1
agentbond007: posts big blind $3
*** HOLE CARDS ***
belik555: raises $3 to $6
agentbond007: raises $3 to $9
belik555: calls $3
*** FLOP *** [9h Ad 5s]
agentbond007: bets $3
belik555: folds
Uncalled bet ($3) returned to agentbond007
agentbond007 collected $17.64 from pot
agentbond007: doesn't show hand
*** SUMMARY ***
Total pot $18 | Rake $0.36
Board [9h Ad 5s]
Seat 8: agentbond007 (big blind) collected ($17.64)
Seat 9: belik555 (button) (small blind) folded on the Flop


PokerStars Hand #152962524334:  Hold'em Limit ($3/$6 USD) - 2016/05/07 1:54:07 ET
Table 'Hildburg II' 10-max Seat #8 is the button
Seat 8: agentbond007 ($101.90 in chips)
Seat 9: belik555 ($110.54 in chips)
agentbond007: posts small blind $1
belik555: posts big blind $3
*** HOLE CARDS ***
agentbond007: raises $3 to $6
belik555: raises $3 to $9
agentbond007: calls $3
*** FLOP *** [9h 5d 9d]
belik555: bets $3
agentbond007: raises $3 to $6
belik555: calls $3
*** TURN *** [9h 5d 9d] [8d]
belik555: checks
agentbond007: bets $6
belik555: folds
Uncalled bet ($6) returned to agentbond007
agentbond007 collected $29.50 from pot
agentbond007: doesn't show hand
*** SUMMARY ***
Total pot $30 | Rake $0.50
Board [9h 5d 9d 8d]
Seat 8: agentbond007 (button) (small blind) collected ($29.50)
Seat 9: belik555 (big blind) folded on the Turn


PokerStars Hand #152962532062:  Hold'em Limit ($3/$6 USD) - 2016/05/07 1:54:36 ET
Table 'Hildburg II' 10-max Seat #8 is the button
Seat 8: agentbond007 ($110.40 in chips)
Seat 9: belik555 ($101.30 in chips)
agentbond007: posts small blind $1
belik555: posts big blind $3
*** HOLE CARDS ***
agentbond007: calls $2
belik555: raises $3 to $6
agentbond007: calls $3
*** FLOP *** [4c 7c 5c]
belik555: bets $3
agentbond007: raises $3 to $6
belik555: calls $3
*** TURN *** [4c 7c 5c] [3s]
belik555: checks
agentbond007: bets $6
belik555: calls $6
*** RIVER *** [4c 7c 5c 3s] [6c]
belik555: bets $6
agentbond007: folds
Uncalled bet ($6) returned to belik555
belik555 collected $35.50 from pot
belik555: doesn't show hand
*** SUMMARY ***
Total pot $36 | Rake $0.50
Board [4c 7c 5c 3s 6c]
Seat 8: agentbond007 (button) (small blind) folded on the River
Seat 9: belik555 (big blind) collected ($35.50)


PokerStars Hand #152962546905:  Hold'em Limit ($3/$6 USD) - 2016/05/07 1:55:35 ET
Table 'Hildburg II' 10-max Seat #8 is the button
Seat 8: agentbond007 ($109.90 in chips)
Seat 9: belik555 ($100.80 in chips)
agentbond007: posts small blind $1
belik555: posts big blind $3
*** HOLE CARDS ***
agentbond007: raises $3 to $6
belik555: raises $3 to $9
agentbond007: calls $3
*** FLOP *** [4h 9d Qs]
belik555: bets $3
agentbond007: calls $3
*** TURN *** [4h 9d Qs] [9c]
belik555: bets $6
agentbond007: raises $6 to $12
belik555: calls $6
*** RIVER *** [4h 9d Qs 9c] [2h]
belik555: checks
agentbond007: bets $6
belik555: folds
Uncalled bet ($6) returned to agentbond007
agentbond007 collected $47.50 from pot
agentbond007: doesn't show hand
*** SUMMARY ***
Total pot $48 | Rake $0.50
Board [4h 9d Qs 9c 2h]
Seat 8: agentbond007 (button) (small blind) collected ($47.50)
Seat 9: belik555 (big blind) folded on the River


