PokerStars Hand #153780694939:  Hold'em Limit ($3/$6 USD) - 2016/05/24 12:52:51 ET
Table 'Hilda' 6-max Seat #4 is the button
Seat 3: 5PRUT5 ($33 in chips)
Seat 4: Airbag999 ($122.88 in chips)
Airbag999: posts small blind $1
5PRUT5: posts big blind $3
*** HOLE CARDS ***
Airbag999: raises $3 to $6
5PRUT5: folds
Uncalled bet ($3) returned to Airbag999
Airbag999 collected $6 from pot
Airbag999: doesn't show hand
*** SUMMARY ***
Total pot $6 | Rake $0
Seat 3: 5PRUT5 (big blind) folded before Flop
Seat 4: Airbag999 (button) (small blind) collected ($6)


PokerStars Hand #153780700655:  Hold'em Limit ($3/$6 USD) - 2016/05/24 12:52:58 ET
Table 'Hilda' 6-max Seat #3 is the button
Seat 3: 5PRUT5 ($30 in chips)
Seat 4: Airbag999 ($125.88 in chips)
5PRUT5: posts small blind $1
Airbag999: posts big blind $3
*** HOLE CARDS ***
5PRUT5: raises $3 to $6
longtall271 joins the table at seat #5
Airbag999: calls $3
*** FLOP *** [3c As Td]
Airbag999: checks
5PRUT5: bets $3
kolaz03 joins the table at seat #6
Airbag999: raises $3 to $6
5PRUT5: calls $3
*** TURN *** [3c As Td] [3s]
Airbag999: bets $6
5PRUT5: raises $6 to $12
Airbag999: folds
Uncalled bet ($6) returned to 5PRUT5
5PRUT5 collected $35.50 from pot
5PRUT5: doesn't show hand
*** SUMMARY ***
Total pot $36 | Rake $0.50
Board [3c As Td 3s]
Seat 3: 5PRUT5 (button) (small blind) collected ($35.50)
Seat 4: Airbag999 (big blind) folded on the Turn


PokerStars Hand #153780990799:  Hold'em Limit ($3/$6 USD) - 2016/05/24 13:00:17 ET
Table 'Hilda' 6-max Seat #4 is the button
Seat 3: 5PRUT5 ($80.66 in chips)
Seat 4: Airbag999 ($139.74 in chips)
Airbag999: posts small blind $1
kolaz03: is sitting out
tomte999: is sitting out
5PRUT5: posts big blind $3
*** HOLE CARDS ***
kolaz03 leaves the table
Airbag999: raises $3 to $6
5PRUT5: calls $3
*** FLOP *** [7c Tc Kc]
tomte999 leaves the table
5PRUT5: checks
Airbag999: bets $3
5PRUT5: calls $3
*** TURN *** [7c Tc Kc] [5s]
5PRUT5: checks
Airbag999: checks
*** RIVER *** [7c Tc Kc 5s] [Th]
5PRUT5: bets $6
Airbag999: folds
Uncalled bet ($6) returned to 5PRUT5
5PRUT5 collected $17.64 from pot
5PRUT5: doesn't show hand
*** SUMMARY ***
Total pot $18 | Rake $0.36
Board [7c Tc Kc 5s Th]
Seat 3: 5PRUT5 (big blind) collected ($17.64)
Seat 4: Airbag999 (button) (small blind) folded on the River


PokerStars Hand #153781033933:  Hold'em Limit ($3/$6 USD) - 2016/05/24 13:01:21 ET
Table 'Hilda' 6-max Seat #4 is the button
Seat 3: 5PRUT5 ($86.30 in chips)
Seat 4: Airbag999 ($133.62 in chips)
Airbag999: posts small blind $1
5PRUT5: posts big blind $3
*** HOLE CARDS ***
Airbag999: raises $3 to $6
5PRUT5: folds
Uncalled bet ($3) returned to Airbag999
Airbag999 collected $6 from pot
Airbag999: doesn't show hand
*** SUMMARY ***
Total pot $6 | Rake $0
Seat 3: 5PRUT5 (big blind) folded before Flop
Seat 4: Airbag999 (button) (small blind) collected ($6)


PokerStars Hand #153781053931:  Hold'em Limit ($3/$6 USD) - 2016/05/24 13:01:50 ET
Table 'Hilda' 6-max Seat #4 is the button
Seat 3: 5PRUT5 ($77.30 in chips)
Seat 4: Airbag999 ($142.38 in chips)
Airbag999: posts small blind $1
5PRUT5: posts big blind $3
*** HOLE CARDS ***
Airbag999: raises $3 to $6
5PRUT5: calls $3
*** FLOP *** [9h Ad 2s]
5PRUT5: checks
Airbag999: bets $3
5PRUT5: folds
Uncalled bet ($3) returned to Airbag999
Airbag999 collected $11.76 from pot
Airbag999: doesn't show hand
*** SUMMARY ***
Total pot $12 | Rake $0.24
Board [9h Ad 2s]
Seat 3: 5PRUT5 (big blind) folded on the Flop
Seat 4: Airbag999 (button) (small blind) collected ($11.76)


PokerStars Hand #153781037738:  Hold'em Limit ($3/$6 USD) - 2016/05/24 13:01:27 ET
Table 'Hilda' 6-max Seat #3 is the button
Seat 3: 5PRUT5 ($83.30 in chips)
Seat 4: Airbag999 ($136.62 in chips)
5PRUT5: posts small blind $1
Airbag999: posts big blind $3
*** HOLE CARDS ***
5PRUT5: raises $3 to $6
Airbag999: calls $3
*** FLOP *** [9c Qd 3h]
Airbag999: checks
5PRUT5: checks
*** TURN *** [9c Qd 3h] [Kc]
Airbag999: bets $6
5PRUT5: folds
Uncalled bet ($6) returned to Airbag999
Airbag999 collected $11.76 from pot
Airbag999: doesn't show hand
*** SUMMARY ***
Total pot $12 | Rake $0.24
Board [9c Qd 3h Kc]
Seat 3: 5PRUT5 (button) (small blind) folded on the Turn
Seat 4: Airbag999 (big blind) collected ($11.76)


PokerStars Hand #153781016788:  Hold'em Limit ($3/$6 USD) - 2016/05/24 13:00:57 ET
Table 'Hilda' 6-max Seat #3 is the button
Seat 3: 5PRUT5 ($89.30 in chips)
Seat 4: Airbag999 ($130.74 in chips)
5PRUT5: posts small blind $1
Airbag999: posts big blind $3
*** HOLE CARDS ***
5PRUT5: calls $2
Airbag999: checks
*** FLOP *** [2s 8h Qs]
Airbag999: checks
5PRUT5: checks
*** TURN *** [2s 8h Qs] [3s]
Airbag999: checks
5PRUT5: checks
*** RIVER *** [2s 8h Qs 3s] [8s]
Airbag999: bets $6
5PRUT5: folds
Uncalled bet ($6) returned to Airbag999
Airbag999 collected $5.88 from pot
Airbag999: doesn't show hand
*** SUMMARY ***
Total pot $6 | Rake $0.12
Board [2s 8h Qs 3s 8s]
Seat 3: 5PRUT5 (button) (small blind) folded on the River
Seat 4: Airbag999 (big blind) collected ($5.88)


PokerStars Hand #153781099531:  Hold'em Limit ($3/$6 USD) - 2016/05/24 13:02:50 ET
Table 'Hilda' 6-max Seat #3 is the button
Seat 3: 5PRUT5 ($50.30 in chips)
Seat 4: Airbag999 ($168.40 in chips)
5PRUT5: posts small blind $1
Airbag999: posts big blind $3
*** HOLE CARDS ***
5PRUT5: raises $3 to $6
Airbag999: raises $3 to $9
5PRUT5: calls $3
*** FLOP *** [Ad Jh 5h]
Airbag999: bets $3
5PRUT5: folds
Uncalled bet ($3) returned to Airbag999
Airbag999 collected $17.64 from pot
Airbag999: doesn't show hand
5PRUT5 leaves the table
*** SUMMARY ***
Total pot $18 | Rake $0.36
Board [Ad Jh 5h]
Seat 3: 5PRUT5 (button) (small blind) folded on the Flop
Seat 4: Airbag999 (big blind) collected ($17.64)


PokerStars Hand #153781081041:  Hold'em Limit ($3/$6 USD) - 2016/05/24 13:02:26 ET
Table 'Hilda' 6-max Seat #4 is the button
Seat 3: 5PRUT5 ($65.30 in chips)
Seat 4: Airbag999 ($153.90 in chips)
Airbag999: posts small blind $1
5PRUT5: posts big blind $3
*** HOLE CARDS ***
Airbag999: raises $3 to $6
5PRUT5: calls $3
*** FLOP *** [As Jh 5s]
5PRUT5: checks
Airbag999: bets $3
5PRUT5: calls $3
*** TURN *** [As Jh 5s] [8d]
5PRUT5: checks
Airbag999: checks
*** RIVER *** [As Jh 5s 8d] [8s]
5PRUT5: bets $6
Airbag999: calls $6
*** SHOW DOWN ***
5PRUT5: shows [Qd 2s] (a pair of Eights)
Airbag999: shows [Js 7h] (two pair, Jacks and Eights)
Airbag999 collected $29.50 from pot
*** SUMMARY ***
Total pot $30 | Rake $0.50
Board [As Jh 5s 8d 8s]
Seat 3: 5PRUT5 (big blind) showed [Qd 2s] and lost with a pair of Eights
Seat 4: Airbag999 (button) (small blind) showed [Js 7h] and won ($29.50) with two pair, Jacks and Eights


PokerStars Hand #153781064270:  Hold'em Limit ($3/$6 USD) - 2016/05/24 13:02:03 ET
Table 'Hilda' 6-max Seat #3 is the button
Seat 3: 5PRUT5 ($71.30 in chips)
Seat 4: Airbag999 ($148.14 in chips)
5PRUT5: posts small blind $1
Airbag999: posts big blind $3
*** HOLE CARDS ***
5PRUT5: raises $3 to $6
Airbag999: calls $3
*** FLOP *** [3h 5d 7c]
Airbag999: checks
5PRUT5: checks
*** TURN *** [3h 5d 7c] [Ts]
Airbag999: checks
5PRUT5: checks
*** RIVER *** [3h 5d 7c Ts] [Kc]
Airbag999: bets $6
5PRUT5: folds
Uncalled bet ($6) returned to Airbag999
Airbag999 collected $11.76 from pot
Airbag999: doesn't show hand
*** SUMMARY ***
Total pot $12 | Rake $0.24
Board [3h 5d 7c Ts Kc]
Seat 3: 5PRUT5 (button) (small blind) folded on the River
Seat 4: Airbag999 (big blind) collected ($11.76)


PokerStars Hand #153781290099:  Hold'em Limit ($3/$6 USD) - 2016/05/24 13:06:56 ET
Table 'Hilda' 6-max Seat #1 is the button
Seat 1: crash19867 ($142.74 in chips)
Seat 4: Airbag999 ($222.86 in chips)
fsreibnitz will be allowed to play after the button
crash19867: posts small blind $1
Airbag999: posts big blind $3
*** HOLE CARDS ***
crash19867: folds
Uncalled bet ($2) returned to Airbag999
Airbag999 collected $2 from pot
Airbag999: doesn't show hand
*** SUMMARY ***
Total pot $2 | Rake $0
Seat 1: crash19867 (button) (small blind) folded before Flop
Seat 4: Airbag999 (big blind) collected ($2)


PokerStars Hand #153781343934:  Hold'em Limit ($3/$6 USD) - 2016/05/24 13:08:04 ET
Table 'Hilda' 6-max Seat #4 is the button
Seat 4: Airbag999 ($279.10 in chips)
Seat 6: fsreibnitz ($43 in chips)
Airbag999: posts small blind $1
fsreibnitz: posts big blind $3
*** HOLE CARDS ***
Airbag999: raises $3 to $6
fsreibnitz: folds
Uncalled bet ($3) returned to Airbag999
Airbag999 collected $6 from pot
Airbag999: doesn't show hand
*** SUMMARY ***
Total pot $6 | Rake $0
Seat 4: Airbag999 (button) (small blind) collected ($6)
Seat 6: fsreibnitz (big blind) folded before Flop


PokerStars Hand #153781315336:  Hold'em Limit ($3/$6 USD) - 2016/05/24 13:07:29 ET
Table 'Hilda' 6-max Seat #6 is the button
Seat 4: Airbag999 ($243.60 in chips)
Seat 6: fsreibnitz ($79 in chips)
fsreibnitz: posts small blind $1
crash19867: is sitting out
Airbag999: posts big blind $3
*** HOLE CARDS ***
fsreibnitz: raises $3 to $6
crash19867 leaves the table
niceshot210 is disconnected
Airbag999: raises $3 to $9
fsreibnitz: calls $3
*** FLOP *** [Ts 3h 5s]
Airbag999: bets $3
fsreibnitz: calls $3
*** TURN *** [Ts 3h 5s] [Jd]
Airbag999: bets $6
fsreibnitz: raises $6 to $12
Airbag999: calls $6
*** RIVER *** [Ts 3h 5s Jd] [9d]
Airbag999: checks
fsreibnitz: bets $6
Airbag999: raises $6 to $12
fsreibnitz: calls $6
*** SHOW DOWN ***
Airbag999: shows [Kd Qd] (a straight, Nine to King)
fsreibnitz: mucks hand
Airbag999 collected $71.50 from pot
*** SUMMARY ***
Total pot $72 | Rake $0.50
Board [Ts 3h 5s Jd 9d]
Seat 4: Airbag999 (big blind) showed [Kd Qd] and won ($71.50) with a straight, Nine to King
Seat 6: fsreibnitz (button) (small blind) mucked


PokerStars Hand #153781370325:  Hold'em Limit ($3/$6 USD) - 2016/05/24 13:08:38 ET
Table 'Hilda' 6-max Seat #4 is the button
Seat 4: Airbag999 ($290.74 in chips)
Seat 6: fsreibnitz ($31 in chips)
Airbag999: posts small blind $1
fsreibnitz: posts big blind $3
*** HOLE CARDS ***
Airbag999: raises $3 to $6
fsreibnitz: raises $3 to $9
Airbag999: calls $3
*** FLOP *** [7c 8c Kd]
fsreibnitz: bets $3
Airbag999: calls $3
*** TURN *** [7c 8c Kd] [Kh]
fsreibnitz: checks
Airbag999: checks
*** RIVER *** [7c 8c Kd Kh] [3h]
fsreibnitz: bets $6
Airbag999: folds
Uncalled bet ($6) returned to fsreibnitz
fsreibnitz collected $23.52 from pot
*** SUMMARY ***
Total pot $24 | Rake $0.48
Board [7c 8c Kd Kh 3h]
Seat 4: Airbag999 (button) (small blind) folded on the River
Seat 6: fsreibnitz (big blind) collected ($23.52)


PokerStars Hand #153781350790:  Hold'em Limit ($3/$6 USD) - 2016/05/24 13:08:13 ET
Table 'Hilda' 6-max Seat #6 is the button
Seat 4: Airbag999 ($282.10 in chips)
Seat 6: fsreibnitz ($40 in chips)
fsreibnitz: posts small blind $1
Airbag999: posts big blind $3
*** HOLE CARDS ***
fsreibnitz: raises $3 to $6
Airbag999: calls $3
*** FLOP *** [As 9d 4s]
Airbag999: checks
fsreibnitz: bets $3
Airbag999: raises $3 to $6
fsreibnitz: folds
Uncalled bet ($3) returned to Airbag999
Airbag999 collected $17.64 from pot
Airbag999: doesn't show hand
*** SUMMARY ***
Total pot $18 | Rake $0.36
Board [As 9d 4s]
Seat 4: Airbag999 (big blind) collected ($17.64)
Seat 6: fsreibnitz (button) (small blind) folded on the Flop


PokerStars Hand #153781390413:  Hold'em Limit ($3/$6 USD) - 2016/05/24 13:09:04 ET
Table 'Hilda' 6-max Seat #6 is the button
Seat 4: Airbag999 ($278.74 in chips)
Seat 6: fsreibnitz ($42.52 in chips)
fsreibnitz: posts small blind $1
Airbag999: posts big blind $3
*** HOLE CARDS ***
fsreibnitz: raises $3 to $6
Airbag999: calls $3
*** FLOP *** [Th 5s Js]
Airbag999: checks
fsreibnitz: bets $3
Airbag999: raises $3 to $6
fsreibnitz: calls $3
*** TURN *** [Th 5s Js] [Ks]
Airbag999: bets $6
fsreibnitz: raises $6 to $12
Airbag999: calls $6
*** RIVER *** [Th 5s Js Ks] [8s]
Airbag999: checks
fsreibnitz: checks
*** SHOW DOWN ***
Airbag999: shows [7s Jd] (a flush, King high)
fsreibnitz: mucks hand
Airbag999 collected $47.50 from pot
*** SUMMARY ***
Total pot $48 | Rake $0.50
Board [Th 5s Js Ks 8s]
Seat 4: Airbag999 (big blind) showed [7s Jd] and won ($47.50) with a flush, King high
Seat 6: fsreibnitz (button) (small blind) mucked


PokerStars Hand #153781411874:  Hold'em Limit ($3/$6 USD) - 2016/05/24 13:09:32 ET
Table 'Hilda' 6-max Seat #4 is the button
Seat 4: Airbag999 ($302.24 in chips)
Seat 6: fsreibnitz ($18.52 in chips)
Airbag999: posts small blind $1
fsreibnitz: posts big blind $3
*** HOLE CARDS ***
Airbag999: raises $3 to $6
fsreibnitz: calls $3
*** FLOP *** [6d 5h Qc]
fsreibnitz: checks
Airbag999: bets $3
fsreibnitz: calls $3
*** TURN *** [6d 5h Qc] [Tc]
fsreibnitz: checks
Airbag999: checks
*** RIVER *** [6d 5h Qc Tc] [6c]
fsreibnitz: checks
Airbag999: checks
*** SHOW DOWN ***
fsreibnitz: shows [7s Jc] (a pair of Sixes)
Airbag999: shows [4h Ks] (a pair of Sixes - King kicker)
Airbag999 collected $17.64 from pot
*** SUMMARY ***
Total pot $18 | Rake $0.36
Board [6d 5h Qc Tc 6c]
Seat 4: Airbag999 (button) (small blind) showed [4h Ks] and won ($17.64) with a pair of Sixes
Seat 6: fsreibnitz (big blind) showed [7s Jc] and lost with a pair of Sixes


PokerStars Hand #153781435917:  Hold'em Limit ($3/$6 USD) - 2016/05/24 13:10:02 ET
Table 'Hilda' 6-max Seat #6 is the button
Seat 4: Airbag999 ($310.88 in chips)
Seat 6: fsreibnitz ($9.52 in chips)
fsreibnitz: posts small blind $1
Airbag999: posts big blind $3
*** HOLE CARDS ***
fsreibnitz: raises $3 to $6
Airbag999: calls $3
*** FLOP *** [Jd Jc Js]
Airbag999: checks
fsreibnitz: bets $3
Airbag999: calls $3
*** TURN *** [Jd Jc Js] [3c]
Airbag999: checks
fsreibnitz: bets $0.52 and is all-in
Airbag999: calls $0.52
*** RIVER *** [Jd Jc Js 3c] [Td]
*** SHOW DOWN ***
Airbag999: shows [Qc 3d] (a full house, Jacks full of Threes)
fsreibnitz: shows [Th 8h] (a full house, Jacks full of Tens)
fsreibnitz collected $18.66 from pot
*** SUMMARY ***
Total pot $19.04 | Rake $0.38
Board [Jd Jc Js 3c Td]
Seat 4: Airbag999 (big blind) showed [Qc 3d] and lost with a full house, Jacks full of Threes
Seat 6: fsreibnitz (button) (small blind) showed [Th 8h] and won ($18.66) with a full house, Jacks full of Tens


PokerStars Hand #153781478304:  Hold'em Limit ($3/$6 USD) - 2016/05/24 13:10:55 ET
Table 'Hilda' 6-max Seat #6 is the button
Seat 4: Airbag999 ($282.70 in chips)
Seat 6: fsreibnitz ($36.82 in chips)
fsreibnitz: posts small blind $1
Airbag999: posts big blind $3
*** HOLE CARDS ***
fsreibnitz: raises $3 to $6
Airbag999: calls $3
*** FLOP *** [5h Ac Kd]
Airbag999: checks
fsreibnitz: bets $3
Airbag999: folds
Uncalled bet ($3) returned to fsreibnitz
fsreibnitz collected $11.76 from pot
*** SUMMARY ***
Total pot $12 | Rake $0.24
Board [5h Ac Kd]
Seat 4: Airbag999 (big blind) folded on the Flop
Seat 6: fsreibnitz (button) (small blind) collected ($11.76)


PokerStars Hand #153781457017:  Hold'em Limit ($3/$6 USD) - 2016/05/24 13:10:28 ET
Table 'Hilda' 6-max Seat #4 is the button
Seat 4: Airbag999 ($301.36 in chips)
Seat 6: fsreibnitz ($18.66 in chips)
Airbag999: posts small blind $1
fsreibnitz: posts big blind $3
*** HOLE CARDS ***
Airbag999: raises $3 to $6
fsreibnitz: calls $3
*** FLOP *** [2d Js Kd]
fsreibnitz: checks
Airbag999: bets $3
fsreibnitz: raises $3 to $6
Airbag999: calls $3
*** TURN *** [2d Js Kd] [6d]
fsreibnitz: bets $6
Airbag999: calls $6
*** RIVER *** [2d Js Kd 6d] [Ac]
fsreibnitz: bets $0.66 and is all-in
Airbag999: calls $0.66
*** SHOW DOWN ***
fsreibnitz: shows [8d 5d] (a flush, King high)
Airbag999: shows [Tc Ah] (a pair of Aces)
fsreibnitz collected $36.82 from pot
*** SUMMARY ***
Total pot $37.32 | Rake $0.50
Board [2d Js Kd 6d Ac]
Seat 4: Airbag999 (button) (small blind) showed [Tc Ah] and lost with a pair of Aces
Seat 6: fsreibnitz (big blind) showed [8d 5d] and won ($36.82) with a flush, King high


PokerStars Hand #153781513653:  Hold'em Limit ($3/$6 USD) - 2016/05/24 13:11:40 ET
Table 'Hilda' 6-max Seat #6 is the button
Seat 4: Airbag999 ($300.20 in chips)
Seat 6: fsreibnitz ($18.58 in chips)
fsreibnitz: posts small blind $1
Airbag999: posts big blind $3
*** HOLE CARDS ***
fsreibnitz: raises $3 to $6
Airbag999: calls $3
*** FLOP *** [8d 7s 3c]
Airbag999: checks
fsreibnitz: bets $3
Airbag999: folds
Uncalled bet ($3) returned to fsreibnitz
fsreibnitz collected $11.76 from pot
*** SUMMARY ***
Total pot $12 | Rake $0.24
Board [8d 7s 3c]
Seat 4: Airbag999 (big blind) folded on the Flop
Seat 6: fsreibnitz (button) (small blind) collected ($11.76)


PokerStars Hand #153781490495:  Hold'em Limit ($3/$6 USD) - 2016/05/24 13:11:11 ET
Table 'Hilda' 6-max Seat #4 is the button
Seat 4: Airbag999 ($276.70 in chips)
Seat 6: fsreibnitz ($42.58 in chips)
Airbag999: posts small blind $1
fsreibnitz: posts big blind $3
*** HOLE CARDS ***
Airbag999: raises $3 to $6
fsreibnitz: calls $3
*** FLOP *** [Tc As 5s]
fsreibnitz: checks
Airbag999: bets $3
fsreibnitz: raises $3 to $6
Airbag999: calls $3
*** TURN *** [Tc As 5s] [Js]
fsreibnitz: bets $6
Airbag999: calls $6
*** RIVER *** [Tc As 5s Js] [8d]
fsreibnitz: bets $6
Airbag999: calls $6
*** SHOW DOWN ***
fsreibnitz: shows [4c 4d] (a pair of Fours)
Airbag999: shows [Td Kh] (a pair of Tens)
Airbag999 collected $47.50 from pot
*** SUMMARY ***
Total pot $48 | Rake $0.50
Board [Tc As 5s Js 8d]
Seat 4: Airbag999 (button) (small blind) showed [Td Kh] and won ($47.50) with a pair of Tens
Seat 6: fsreibnitz (big blind) showed [4c 4d] and lost with a pair of Fours


PokerStars Hand #153781556375:  Hold'em Limit ($3/$6 USD) - 2016/05/24 13:12:35 ET
Table 'Hilda' 6-max Seat #4 is the button
Seat 4: Airbag999 ($278.84 in chips)
Seat 6: fsreibnitz ($38.84 in chips)
Airbag999: posts small blind $1
fsreibnitz: posts big blind $3
*** HOLE CARDS ***
Airbag999: raises $3 to $6
fsreibnitz: calls $3
*** FLOP *** [As 4h 8s]
fsreibnitz: checks
Airbag999: bets $3
fsreibnitz: raises $3 to $6
Airbag999: folds
Uncalled bet ($3) returned to fsreibnitz
fsreibnitz collected $17.64 from pot
*** SUMMARY ***
Total pot $18 | Rake $0.36
Board [As 4h 8s]
Seat 4: Airbag999 (button) (small blind) folded on the Flop
Seat 6: fsreibnitz (big blind) collected ($17.64)


PokerStars Hand #153781578822:  Hold'em Limit ($3/$6 USD) - 2016/05/24 13:13:03 ET
Table 'Hilda' 6-max Seat #4 is the button
Seat 4: Airbag999 ($263.84 in chips)
Seat 6: fsreibnitz ($53.24 in chips)
Airbag999: posts small blind $1
fsreibnitz: posts big blind $3
*** HOLE CARDS ***
Airbag999: folds
Uncalled bet ($2) returned to fsreibnitz
fsreibnitz collected $2 from pot
*** SUMMARY ***
Total pot $2 | Rake $0
Seat 4: Airbag999 (button) (small blind) folded before Flop
Seat 6: fsreibnitz (big blind) collected ($2)


PokerStars Hand #153781568852:  Hold'em Limit ($3/$6 USD) - 2016/05/24 13:12:51 ET
Table 'Hilda' 6-max Seat #6 is the button
Seat 4: Airbag999 ($269.84 in chips)
Seat 6: fsreibnitz ($47.48 in chips)
fsreibnitz: posts small blind $1
Airbag999: posts big blind $3
*** HOLE CARDS ***
fsreibnitz: raises $3 to $6
Airbag999: calls $3
*** FLOP *** [Kd 3d 4d]
Airbag999: checks
fsreibnitz: bets $3
Airbag999: folds
Uncalled bet ($3) returned to fsreibnitz
fsreibnitz collected $11.76 from pot
*** SUMMARY ***
Total pot $12 | Rake $0.24
Board [Kd 3d 4d]
Seat 4: Airbag999 (big blind) folded on the Flop
Seat 6: fsreibnitz (button) (small blind) collected ($11.76)


PokerStars Hand #153781583363:  Hold'em Limit ($3/$6 USD) - 2016/05/24 13:13:09 ET
Table 'Hilda' 6-max Seat #6 is the button
Seat 4: Airbag999 ($262.84 in chips)
Seat 6: fsreibnitz ($54.24 in chips)
fsreibnitz: posts small blind $1
Airbag999: posts big blind $3
*** HOLE CARDS ***
fsreibnitz: raises $3 to $6
Airbag999: folds
Uncalled bet ($3) returned to fsreibnitz
fsreibnitz collected $6 from pot
*** SUMMARY ***
Total pot $6 | Rake $0
Seat 4: Airbag999 (big blind) folded before Flop
Seat 6: fsreibnitz (button) (small blind) collected ($6)


PokerStars Hand #153781523956:  Hold'em Limit ($3/$6 USD) - 2016/05/24 13:11:53 ET
Table 'Hilda' 6-max Seat #4 is the button
Seat 4: Airbag999 ($294.20 in chips)
Seat 6: fsreibnitz ($24.34 in chips)
Airbag999: posts small blind $1
fsreibnitz: posts big blind $3
*** HOLE CARDS ***
Airbag999: raises $3 to $6
fsreibnitz: raises $3 to $9
Airbag999: calls $3
*** FLOP *** [Js 4s Qh]
fsreibnitz: bets $3
Airbag999: calls $3
*** TURN *** [Js 4s Qh] [Tc]
fsreibnitz: bets $6
Airbag999: raises $6 to $12
fsreibnitz: calls $6
*** RIVER *** [Js 4s Qh Tc] [4c]
fsreibnitz: bets $0.34 and is all-in
Airbag999: folds
Uncalled bet ($0.34) returned to fsreibnitz
fsreibnitz collected $47.50 from pot
*** SUMMARY ***
Total pot $48 | Rake $0.50
Board [Js 4s Qh Tc 4c]
Seat 4: Airbag999 (button) (small blind) folded on the River
Seat 6: fsreibnitz (big blind) collected ($47.50)


PokerStars Hand #153781545214:  Hold'em Limit ($3/$6 USD) - 2016/05/24 13:12:21 ET
Table 'Hilda' 6-max Seat #6 is the button
Seat 4: Airbag999 ($270.20 in chips)
Seat 6: fsreibnitz ($47.84 in chips)
fsreibnitz: posts small blind $1
Airbag999: posts big blind $3
*** HOLE CARDS ***
fsreibnitz: raises $3 to $6
Airbag999: raises $3 to $9
fsreibnitz: calls $3
*** FLOP *** [3d Ac As]
Airbag999: bets $3
fsreibnitz: folds
Uncalled bet ($3) returned to Airbag999
Airbag999 collected $17.64 from pot
Airbag999: doesn't show hand
*** SUMMARY ***
Total pot $18 | Rake $0.36
Board [3d Ac As]
Seat 4: Airbag999 (big blind) collected ($17.64)
Seat 6: fsreibnitz (button) (small blind) folded on the Flop


PokerStars Hand #153781604525:  Hold'em Limit ($3/$6 USD) - 2016/05/24 13:13:37 ET
Table 'Hilda' 6-max Seat #6 is the button
Seat 4: Airbag999 ($250.84 in chips)
Seat 6: fsreibnitz ($65.88 in chips)
fsreibnitz: posts small blind $1
Airbag999: posts big blind $3
*** HOLE CARDS ***
fsreibnitz: raises $3 to $6
Airbag999: calls $3
*** FLOP *** [Qs 6h 8c]
Airbag999: checks
fsreibnitz: checks
*** TURN *** [Qs 6h 8c] [Ad]
Airbag999: checks
fsreibnitz: checks
*** RIVER *** [Qs 6h 8c Ad] [8h]
Airbag999: checks
fsreibnitz: checks
*** SHOW DOWN ***
Airbag999: shows [4c Ks] (a pair of Eights)
fsreibnitz: shows [Kd 3d] (a pair of Eights)
Airbag999 collected $5.88 from pot
fsreibnitz collected $5.88 from pot
*** SUMMARY ***
Total pot $12 | Rake $0.24
Board [Qs 6h 8c Ad 8h]
Seat 4: Airbag999 (big blind) showed [4c Ks] and won ($5.88) with a pair of Eights
Seat 6: fsreibnitz (button) (small blind) showed [Kd 3d] and won ($5.88) with a pair of Eights


PokerStars Hand #153781589429:  Hold'em Limit ($3/$6 USD) - 2016/05/24 13:13:17 ET
Table 'Hilda' 6-max Seat #4 is the button
Seat 4: Airbag999 ($259.84 in chips)
Seat 6: fsreibnitz ($57.24 in chips)
Airbag999: posts small blind $1
fsreibnitz: posts big blind $3
*** HOLE CARDS ***
Airbag999: raises $3 to $6
fsreibnitz: calls $3
*** FLOP *** [7s Ac 5d]
fsreibnitz: checks
Airbag999: bets $3
fsreibnitz: calls $3
*** TURN *** [7s Ac 5d] [5s]
fsreibnitz: checks
Airbag999: checks
*** RIVER *** [7s Ac 5d 5s] [6c]
fsreibnitz: bets $6
Airbag999: folds
Uncalled bet ($6) returned to fsreibnitz
fsreibnitz collected $17.64 from pot
*** SUMMARY ***
Total pot $18 | Rake $0.36
Board [7s Ac 5d 5s 6c]
Seat 4: Airbag999 (button) (small blind) folded on the River
Seat 6: fsreibnitz (big blind) collected ($17.64)


PokerStars Hand #153781620898:  Hold'em Limit ($3/$6 USD) - 2016/05/24 13:13:58 ET
Table 'Hilda' 6-max Seat #4 is the button
Seat 4: Airbag999 ($250.72 in chips)
Seat 6: fsreibnitz ($65.76 in chips)
Airbag999: posts small blind $1
fsreibnitz: posts big blind $3
*** HOLE CARDS ***
Airbag999: raises $3 to $6
fsreibnitz: calls $3
*** FLOP *** [4d Kc 7c]
fsreibnitz: checks
Airbag999: bets $3
fsreibnitz: folds
Uncalled bet ($3) returned to Airbag999
Airbag999 collected $11.76 from pot
Airbag999: doesn't show hand
*** SUMMARY ***
Total pot $12 | Rake $0.24
Board [4d Kc 7c]
Seat 4: Airbag999 (button) (small blind) collected ($11.76)
Seat 6: fsreibnitz (big blind) folded on the Flop


PokerStars Hand #153781651107:  Hold'em Limit ($3/$6 USD) - 2016/05/24 13:14:36 ET
Table 'Hilda' 6-max Seat #4 is the button
Seat 4: Airbag999 ($247.48 in chips)
Seat 6: fsreibnitz ($68.40 in chips)
Airbag999: posts small blind $1
fsreibnitz: posts big blind $3
*** HOLE CARDS ***
Airbag999: raises $3 to $6
fsreibnitz: calls $3
*** FLOP *** [2h 7h 3d]
fsreibnitz: checks
Airbag999: checks
*** TURN *** [2h 7h 3d] [5d]
fsreibnitz: checks
Airbag999: bets $6
fsreibnitz: calls $6
*** RIVER *** [2h 7h 3d 5d] [Qh]
fsreibnitz: checks
Airbag999: checks
*** SHOW DOWN ***
fsreibnitz: shows [Kh 4h] (a flush, King high)
Airbag999: mucks hand
fsreibnitz collected $23.52 from pot
*** SUMMARY ***
Total pot $24 | Rake $0.48
Board [2h 7h 3d 5d Qh]
Seat 4: Airbag999 (button) (small blind) mucked
Seat 6: fsreibnitz (big blind) showed [Kh 4h] and won ($23.52) with a flush, King high


PokerStars Hand #153781671405:  Hold'em Limit ($3/$6 USD) - 2016/05/24 13:15:02 ET
Table 'Hilda' 6-max Seat #4 is the button
Seat 4: Airbag999 ($232.48 in chips)
Seat 6: fsreibnitz ($82.92 in chips)
Airbag999: posts small blind $1
fsreibnitz: posts big blind $3
*** HOLE CARDS ***
Airbag999: raises $3 to $6
fsreibnitz: folds
Uncalled bet ($3) returned to Airbag999
Airbag999 collected $6 from pot
Airbag999: doesn't show hand
*** SUMMARY ***
Total pot $6 | Rake $0
Seat 4: Airbag999 (button) (small blind) collected ($6)
Seat 6: fsreibnitz (big blind) folded before Flop


PokerStars Hand #153781666046:  Hold'em Limit ($3/$6 USD) - 2016/05/24 13:14:56 ET
Table 'Hilda' 6-max Seat #6 is the button
Seat 4: Airbag999 ($235.48 in chips)
Seat 6: fsreibnitz ($79.92 in chips)
fsreibnitz: posts small blind $1
Airbag999: posts big blind $3
*** HOLE CARDS ***
fsreibnitz: raises $3 to $6
Airbag999: folds
Uncalled bet ($3) returned to fsreibnitz
fsreibnitz collected $6 from pot
*** SUMMARY ***
Total pot $6 | Rake $0
Seat 4: Airbag999 (big blind) folded before Flop
Seat 6: fsreibnitz (button) (small blind) collected ($6)


PokerStars Hand #153781632170:  Hold'em Limit ($3/$6 USD) - 2016/05/24 13:14:12 ET
Table 'Hilda' 6-max Seat #6 is the button
Seat 4: Airbag999 ($256.48 in chips)
Seat 6: fsreibnitz ($59.76 in chips)
fsreibnitz: posts small blind $1
Airbag999: posts big blind $3
*** HOLE CARDS ***
fsreibnitz: raises $3 to $6
Airbag999: calls $3
*** FLOP *** [3h Kc 5h]
Airbag999: checks
fsreibnitz: bets $3
Airbag999: calls $3
*** TURN *** [3h Kc 5h] [Ac]
Airbag999: checks
fsreibnitz: bets $6
Airbag999: folds
Uncalled bet ($6) returned to fsreibnitz
fsreibnitz collected $17.64 from pot
*** SUMMARY ***
Total pot $18 | Rake $0.36
Board [3h Kc 5h Ac]
Seat 4: Airbag999 (big blind) folded on the Turn
Seat 6: fsreibnitz (button) (small blind) collected ($17.64)


PokerStars Hand #153781702934:  Hold'em Limit ($3/$6 USD) - 2016/05/24 13:15:42 ET
Table 'Hilda' 6-max Seat #6 is the button
Seat 4: Airbag999 ($226.48 in chips)
Seat 6: fsreibnitz ($88.44 in chips)
fsreibnitz: posts small blind $1
Airbag999: posts big blind $3
*** HOLE CARDS ***
fsreibnitz: folds
Uncalled bet ($2) returned to Airbag999
Airbag999 collected $2 from pot
Airbag999: doesn't show hand
*** SUMMARY ***
Total pot $2 | Rake $0
Seat 4: Airbag999 (big blind) collected ($2)
Seat 6: fsreibnitz (button) (small blind) folded before Flop


PokerStars Hand #153781694746:  Hold'em Limit ($3/$6 USD) - 2016/05/24 13:15:32 ET
Table 'Hilda' 6-max Seat #4 is the button
Seat 4: Airbag999 ($223.48 in chips)
Seat 6: fsreibnitz ($91.44 in chips)
Airbag999: posts small blind $1
fsreibnitz: posts big blind $3
*** HOLE CARDS ***
Airbag999: raises $3 to $6
fsreibnitz: folds
Uncalled bet ($3) returned to Airbag999
Airbag999 collected $6 from pot
Airbag999: doesn't show hand
*** SUMMARY ***
Total pot $6 | Rake $0
Seat 4: Airbag999 (button) (small blind) collected ($6)
Seat 6: fsreibnitz (big blind) folded before Flop


PokerStars Hand #153781708507:  Hold'em Limit ($3/$6 USD) - 2016/05/24 13:15:49 ET
Table 'Hilda' 6-max Seat #4 is the button
Seat 4: Airbag999 ($227.48 in chips)
Seat 6: fsreibnitz ($87.44 in chips)
Airbag999: posts small blind $1
fsreibnitz: posts big blind $3
*** HOLE CARDS ***
Airbag999: raises $3 to $6
fsreibnitz: calls $3
*** FLOP *** [Ah 8h Kc]
fsreibnitz: checks
Airbag999: bets $3
fsreibnitz: folds
Uncalled bet ($3) returned to Airbag999
Airbag999 collected $11.76 from pot
Airbag999: doesn't show hand
*** SUMMARY ***
Total pot $12 | Rake $0.24
Board [Ah 8h Kc]
Seat 4: Airbag999 (button) (small blind) collected ($11.76)
Seat 6: fsreibnitz (big blind) folded on the Flop


PokerStars Hand #153781676771:  Hold'em Limit ($3/$6 USD) - 2016/05/24 13:15:09 ET
Table 'Hilda' 6-max Seat #6 is the button
Seat 4: Airbag999 ($235.48 in chips)
Seat 6: fsreibnitz ($79.92 in chips)
fsreibnitz: posts small blind $1
Airbag999: posts big blind $3
*** HOLE CARDS ***
fsreibnitz: raises $3 to $6
Airbag999: raises $3 to $9
fsreibnitz: calls $3
*** FLOP *** [5d Jd 5s]
Airbag999: bets $3
fsreibnitz: calls $3
*** TURN *** [5d Jd 5s] [9s]
Airbag999: checks
fsreibnitz: bets $6
Airbag999: folds
Uncalled bet ($6) returned to fsreibnitz
fsreibnitz collected $23.52 from pot
*** SUMMARY ***
Total pot $24 | Rake $0.48
Board [5d Jd 5s 9s]
Seat 4: Airbag999 (big blind) folded on the Turn
Seat 6: fsreibnitz (button) (small blind) collected ($23.52)


PokerStars Hand #153781750571:  Hold'em Limit ($3/$6 USD) - 2016/05/24 13:16:40 ET
Table 'Hilda' 6-max Seat #6 is the button
Seat 4: Airbag999 ($212 in chips)
Seat 6: fsreibnitz ($101.94 in chips)
fsreibnitz: posts small blind $1
Airbag999: posts big blind $3
*** HOLE CARDS ***
fsreibnitz: raises $3 to $6
Airbag999: calls $3
*** FLOP *** [Ac 5c Kc]
Airbag999: checks
fsreibnitz: bets $3
Airbag999: calls $3
*** TURN *** [Ac 5c Kc] [4d]
Airbag999: checks
fsreibnitz: checks
*** RIVER *** [Ac 5c Kc 4d] [4h]
Airbag999: checks
fsreibnitz: checks
*** SHOW DOWN ***
Airbag999: shows [5d 9d] (two pair, Fives and Fours)
fsreibnitz: shows [8c 8h] (two pair, Eights and Fours)
fsreibnitz collected $17.64 from pot
*** SUMMARY ***
Total pot $18 | Rake $0.36
Board [Ac 5c Kc 4d 4h]
Seat 4: Airbag999 (big blind) showed [5d 9d] and lost with two pair, Fives and Fours
Seat 6: fsreibnitz (button) (small blind) showed [8c 8h] and won ($17.64) with two pair, Eights and Fours


PokerStars Hand #153781720190:  Hold'em Limit ($3/$6 USD) - 2016/05/24 13:16:01 ET
Table 'Hilda' 6-max Seat #6 is the button
Seat 4: Airbag999 ($233.24 in chips)
Seat 6: fsreibnitz ($81.44 in chips)
fsreibnitz: posts small blind $1
Airbag999: posts big blind $3
*** HOLE CARDS ***
fsreibnitz: raises $3 to $6
Airbag999: raises $3 to $9
fsreibnitz: calls $3
*** FLOP *** [9s 6s Ac]
Airbag999: bets $3
fsreibnitz: raises $3 to $6
Airbag999: calls $3
*** TURN *** [9s 6s Ac] [Jd]
Airbag999: checks
fsreibnitz: bets $6
Airbag999: calls $6
*** RIVER *** [9s 6s Ac Jd] [As]
Airbag999: checks
fsreibnitz: bets $6
Airbag999: calls $6
*** SHOW DOWN ***
fsreibnitz: shows [Ks 2s] (a flush, Ace high)
Airbag999: mucks hand
fsreibnitz collected $53.50 from pot
*** SUMMARY ***
Total pot $54 | Rake $0.50
Board [9s 6s Ac Jd As]
Seat 4: Airbag999 (big blind) mucked
Seat 6: fsreibnitz (button) (small blind) showed [Ks 2s] and won ($53.50) with a flush, Ace high


PokerStars Hand #153781740447:  Hold'em Limit ($3/$6 USD) - 2016/05/24 13:16:27 ET
Table 'Hilda' 6-max Seat #4 is the button
Seat 4: Airbag999 ($206.24 in chips)
Seat 6: fsreibnitz ($107.94 in chips)
Airbag999: posts small blind $1
fsreibnitz: posts big blind $3
*** HOLE CARDS ***
Airbag999: raises $3 to $6
fsreibnitz: calls $3
*** FLOP *** [As Ah Jh]
fsreibnitz: checks
Airbag999: bets $3
fsreibnitz: folds
Uncalled bet ($3) returned to Airbag999
Airbag999 collected $11.76 from pot
Airbag999: doesn't show hand
*** SUMMARY ***
Total pot $12 | Rake $0.24
Board [As Ah Jh]
Seat 4: Airbag999 (button) (small blind) collected ($11.76)
Seat 6: fsreibnitz (big blind) folded on the Flop


PokerStars Hand #153781769182:  Hold'em Limit ($3/$6 USD) - 2016/05/24 13:17:04 ET
Table 'Hilda' 6-max Seat #4 is the button
Seat 4: Airbag999 ($203 in chips)
Seat 6: fsreibnitz ($110.58 in chips)
Airbag999: posts small blind $1
fsreibnitz: posts big blind $3
*** HOLE CARDS ***
Airbag999: raises $3 to $6
fsreibnitz: raises $3 to $9
Airbag999: calls $3
*** FLOP *** [Kh 9s 6c]
fsreibnitz: bets $3
Airbag999: calls $3
*** TURN *** [Kh 9s 6c] [2d]
fsreibnitz: bets $6
Airbag999: calls $6
*** RIVER *** [Kh 9s 6c 2d] [3s]
fsreibnitz: checks
Airbag999: checks
*** SHOW DOWN ***
fsreibnitz: shows [Td Ac] (high card Ace)
Airbag999: shows [6h Qc] (a pair of Sixes)
Airbag999 collected $35.50 from pot
*** SUMMARY ***
Total pot $36 | Rake $0.50
Board [Kh 9s 6c 2d 3s]
Seat 4: Airbag999 (button) (small blind) showed [6h Qc] and won ($35.50) with a pair of Sixes
Seat 6: fsreibnitz (big blind) showed [Td Ac] and lost with high card Ace


PokerStars Hand #153781792978:  Hold'em Limit ($3/$6 USD) - 2016/05/24 13:17:34 ET
Table 'Hilda' 6-max Seat #4 is the button
Seat 4: Airbag999 ($221.50 in chips)
Seat 6: fsreibnitz ($91.58 in chips)
niceshot210 was removed from the table for failing to post
Airbag999: posts small blind $1
fsreibnitz: posts big blind $3
*** HOLE CARDS ***
Airbag999: folds
Uncalled bet ($2) returned to fsreibnitz
fsreibnitz collected $2 from pot
*** SUMMARY ***
Total pot $2 | Rake $0
Seat 4: Airbag999 (button) (small blind) folded before Flop
Seat 6: fsreibnitz (big blind) collected ($2)


PokerStars Hand #153781788537:  Hold'em Limit ($3/$6 USD) - 2016/05/24 13:17:28 ET
Table 'Hilda' 6-max Seat #6 is the button
Seat 4: Airbag999 ($220.50 in chips)
Seat 6: fsreibnitz ($92.58 in chips)
fsreibnitz: posts small blind $1
Airbag999: posts big blind $3
*** HOLE CARDS ***
fsreibnitz: folds
Uncalled bet ($2) returned to Airbag999
Airbag999 collected $2 from pot
Airbag999: doesn't show hand
*** SUMMARY ***
Total pot $2 | Rake $0
Seat 4: Airbag999 (big blind) collected ($2)
Seat 6: fsreibnitz (button) (small blind) folded before Flop


PokerStars Hand #153781797983:  Hold'em Limit ($3/$6 USD) - 2016/05/24 13:17:40 ET
Table 'Hilda' 6-max Seat #6 is the button
Seat 4: Airbag999 ($220.50 in chips)
Seat 6: fsreibnitz ($92.58 in chips)
fsreibnitz: posts small blind $1
Airbag999: posts big blind $3
*** HOLE CARDS ***
fsreibnitz: raises $3 to $6
Airbag999: calls $3
*** FLOP *** [9c Kh 7s]
Airbag999: checks
fsreibnitz: bets $3
Airbag999: raises $3 to $6
fsreibnitz: folds
Uncalled bet ($3) returned to Airbag999
Airbag999 collected $17.64 from pot
Airbag999: doesn't show hand
*** SUMMARY ***
Total pot $18 | Rake $0.36
Board [9c Kh 7s]
Seat 4: Airbag999 (big blind) collected ($17.64)
Seat 6: fsreibnitz (button) (small blind) folded on the Flop


PokerStars Hand #153781808570:  Hold'em Limit ($3/$6 USD) - 2016/05/24 13:17:54 ET
Table 'Hilda' 6-max Seat #4 is the button
Seat 4: Airbag999 ($229.14 in chips)
Seat 6: fsreibnitz ($83.58 in chips)
Airbag999: posts small blind $1
fsreibnitz: posts big blind $3
*** HOLE CARDS ***
Airbag999: folds
Uncalled bet ($2) returned to fsreibnitz
fsreibnitz collected $2 from pot
*** SUMMARY ***
Total pot $2 | Rake $0
Seat 4: Airbag999 (button) (small blind) folded before Flop
Seat 6: fsreibnitz (big blind) collected ($2)


PokerStars Hand #153781814812:  Hold'em Limit ($3/$6 USD) - 2016/05/24 13:18:02 ET
Table 'Hilda' 6-max Seat #6 is the button
Seat 4: Airbag999 ($228.14 in chips)
Seat 6: fsreibnitz ($84.58 in chips)
fsreibnitz: posts small blind $1
Airbag999: posts big blind $3
*** HOLE CARDS ***
fsreibnitz: raises $3 to $6
Airbag999: calls $3
*** FLOP *** [Ts Ks 9s]
Airbag999: checks
fsreibnitz: checks
*** TURN *** [Ts Ks 9s] [9c]
Airbag999: bets $6
fsreibnitz: calls $6
*** RIVER *** [Ts Ks 9s 9c] [Js]
Airbag999: checks
fsreibnitz: bets $6
Airbag999: folds
Uncalled bet ($6) returned to fsreibnitz
fsreibnitz collected $23.52 from pot
*** SUMMARY ***
Total pot $24 | Rake $0.48
Board [Ts Ks 9s 9c Js]
Seat 4: Airbag999 (big blind) folded on the River
Seat 6: fsreibnitz (button) (small blind) collected ($23.52)


PokerStars Hand #153781835568:  Hold'em Limit ($3/$6 USD) - 2016/05/24 13:18:28 ET
Table 'Hilda' 6-max Seat #4 is the button
Seat 4: Airbag999 ($216.14 in chips)
Seat 6: fsreibnitz ($96.10 in chips)
Airbag999: posts small blind $1
fsreibnitz: posts big blind $3
*** HOLE CARDS ***
Airbag999: raises $3 to $6
fsreibnitz: raises $3 to $9
Airbag999: calls $3
*** FLOP *** [4d 3c As]
fsreibnitz: bets $3
Airbag999: calls $3
*** TURN *** [4d 3c As] [9d]
fsreibnitz: bets $6
Airbag999: calls $6
*** RIVER *** [4d 3c As 9d] [2d]
fsreibnitz: bets $6
Airbag999: calls $6
*** SHOW DOWN ***
fsreibnitz: shows [Qh Jd] (high card Ace)
Airbag999: shows [7s 3s] (a pair of Threes)
Airbag999 collected $47.50 from pot
*** SUMMARY ***
Total pot $48 | Rake $0.50
Board [4d 3c As 9d 2d]
Seat 4: Airbag999 (button) (small blind) showed [7s 3s] and won ($47.50) with a pair of Threes
Seat 6: fsreibnitz (big blind) showed [Qh Jd] and lost with high card Ace


PokerStars Hand #153781852749:  Hold'em Limit ($3/$6 USD) - 2016/05/24 13:18:50 ET
Table 'Hilda' 6-max Seat #6 is the button
Seat 4: Airbag999 ($239.64 in chips)
Seat 6: fsreibnitz ($72.10 in chips)
fsreibnitz: posts small blind $1
Airbag999: posts big blind $3
*** HOLE CARDS ***
fsreibnitz: raises $3 to $6
Airbag999: calls $3
*** FLOP *** [Jh Kh Kd]
Airbag999: checks
fsreibnitz: bets $3
Airbag999: calls $3
*** TURN *** [Jh Kh Kd] [6h]
Airbag999: checks
fsreibnitz: bets $6
Airbag999: raises $6 to $12
fsreibnitz: calls $6
*** RIVER *** [Jh Kh Kd 6h] [5c]
Airbag999: bets $6
fsreibnitz: calls $6
*** SHOW DOWN ***
Airbag999: shows [9c 7s] (a pair of Kings)
fsreibnitz: shows [Ks Ts] (three of a kind, Kings)
fsreibnitz collected $53.50 from pot
*** SUMMARY ***
Total pot $54 | Rake $0.50
Board [Jh Kh Kd 6h 5c]
Seat 4: Airbag999 (big blind) showed [9c 7s] and lost with a pair of Kings
Seat 6: fsreibnitz (button) (small blind) showed [Ks Ts] and won ($53.50) with three of a kind, Kings


PokerStars Hand #153781886254:  Hold'em Limit ($3/$6 USD) - 2016/05/24 13:19:34 ET
Table 'Hilda' 6-max Seat #6 is the button
Seat 4: Airbag999 ($200.64 in chips)
Seat 6: fsreibnitz ($110.12 in chips)
fsreibnitz: posts small blind $1
Airbag999: posts big blind $3
*** HOLE CARDS ***
fsreibnitz: raises $3 to $6
Airbag999: calls $3
*** FLOP *** [5d Qc Jd]
Airbag999: checks
fsreibnitz: bets $3
Airbag999: calls $3
*** TURN *** [5d Qc Jd] [Tc]
Airbag999: checks
fsreibnitz: bets $6
Airbag999: calls $6
*** RIVER *** [5d Qc Jd Tc] [2c]
Airbag999: checks
fsreibnitz: bets $6
Airbag999: calls $6
*** SHOW DOWN ***
fsreibnitz: shows [Ac Qd] (a pair of Queens)
Airbag999: mucks hand
fsreibnitz collected $41.50 from pot
*** SUMMARY ***
Total pot $42 | Rake $0.50
Board [5d Qc Jd Tc 2c]
Seat 4: Airbag999 (big blind) mucked
Seat 6: fsreibnitz (button) (small blind) showed [Ac Qd] and won ($41.50) with a pair of Queens


PokerStars Hand #153781872304:  Hold'em Limit ($3/$6 USD) - 2016/05/24 13:19:16 ET
Table 'Hilda' 6-max Seat #4 is the button
Seat 4: Airbag999 ($212.64 in chips)
Seat 6: fsreibnitz ($98.60 in chips)
Airbag999: posts small blind $1
fsreibnitz: posts big blind $3
*** HOLE CARDS ***
Airbag999: raises $3 to $6
fsreibnitz: calls $3
*** FLOP *** [6h 6c 7d]
fsreibnitz: checks
Airbag999: bets $3
fsreibnitz: raises $3 to $6
Airbag999: calls $3
*** TURN *** [6h 6c 7d] [Td]
fsreibnitz: bets $6
Airbag999: folds
Uncalled bet ($6) returned to fsreibnitz
fsreibnitz collected $23.52 from pot
*** SUMMARY ***
Total pot $24 | Rake $0.48
Board [6h 6c 7d Td]
Seat 4: Airbag999 (button) (small blind) folded on the Turn
Seat 6: fsreibnitz (big blind) collected ($23.52)


PokerStars Hand #153781902871:  Hold'em Limit ($3/$6 USD) - 2016/05/24 13:19:55 ET
Table 'Hilda' 6-max Seat #4 is the button
Seat 4: Airbag999 ($179.64 in chips)
Seat 6: fsreibnitz ($130.62 in chips)
Airbag999: posts small blind $1
fsreibnitz: posts big blind $3
*** HOLE CARDS ***
Airbag999: folds
Uncalled bet ($2) returned to fsreibnitz
fsreibnitz collected $2 from pot
*** SUMMARY ***
Total pot $2 | Rake $0
Seat 4: Airbag999 (button) (small blind) folded before Flop
Seat 6: fsreibnitz (big blind) collected ($2)


PokerStars Hand #153781927374:  Hold'em Limit ($3/$6 USD) - 2016/05/24 13:20:27 ET
Table 'Hilda' 6-max Seat #4 is the button
Seat 4: Airbag999 ($160.64 in chips)
Seat 6: fsreibnitz ($149.12 in chips)
Airbag999: posts small blind $1
fsreibnitz: posts big blind $3
*** HOLE CARDS ***
Airbag999: folds
Uncalled bet ($2) returned to fsreibnitz
fsreibnitz collected $2 from pot
*** SUMMARY ***
Total pot $2 | Rake $0
Seat 4: Airbag999 (button) (small blind) folded before Flop
Seat 6: fsreibnitz (big blind) collected ($2)


PokerStars Hand #153781908424:  Hold'em Limit ($3/$6 USD) - 2016/05/24 13:20:02 ET
Table 'Hilda' 6-max Seat #6 is the button
Seat 4: Airbag999 ($178.64 in chips)
Seat 6: fsreibnitz ($131.62 in chips)
fsreibnitz: posts small blind $1
Airbag999: posts big blind $3
*** HOLE CARDS ***
fsreibnitz: raises $3 to $6
Airbag999: raises $3 to $9
fsreibnitz: calls $3
*** FLOP *** [Td Qc Tc]
Airbag999: bets $3
Mr. X1825 joins the table at seat #3
fsreibnitz: calls $3
*** TURN *** [Td Qc Tc] [Qd]
Airbag999: bets $6
fsreibnitz: calls $6
*** RIVER *** [Td Qc Tc Qd] [8s]
Airbag999: checks
fsreibnitz: checks
*** SHOW DOWN ***
Airbag999: shows [7h Jh] (two pair, Queens and Tens)
fsreibnitz: shows [As 7c] (two pair, Queens and Tens - Ace kicker)
fsreibnitz collected $35.50 from pot
*** SUMMARY ***
Total pot $36 | Rake $0.50
Board [Td Qc Tc Qd 8s]
Seat 4: Airbag999 (big blind) showed [7h Jh] and lost with two pair, Queens and Tens
Seat 6: fsreibnitz (button) (small blind) showed [As 7c] and won ($35.50) with two pair, Queens and Tens


PokerStars Hand #153784911108:  Hold'em Limit ($3/$6 USD) - 2016/05/24 14:22:22 ET
Table 'Hilda' 6-max Seat #3 is the button
Seat 2: stasschi ($62.56 in chips)
Seat 3: LolDnkaments ($129.06 in chips)
LolDnkaments: posts small blind $1
stasschi: posts big blind $3
*** HOLE CARDS ***
LolDnkaments: folds
Uncalled bet ($2) returned to stasschi
stasschi collected $2 from pot
stasschi: doesn't show hand
*** SUMMARY ***
Total pot $2 | Rake $0
Seat 2: stasschi (big blind) collected ($2)
Seat 3: LolDnkaments (button) (small blind) folded before Flop


PokerStars Hand #153784917262:  Hold'em Limit ($3/$6 USD) - 2016/05/24 14:22:30 ET
Table 'Hilda' 6-max Seat #2 is the button
Seat 2: stasschi ($63.56 in chips)
Seat 3: LolDnkaments ($128.06 in chips)
stasschi: posts small blind $1
LolDnkaments: posts big blind $3
*** HOLE CARDS ***
stasschi: raises $3 to $6
LolDnkaments: calls $3
*** FLOP *** [2s Jh 4c]
LolDnkaments: bets $3
stasschi: calls $3
*** TURN *** [2s Jh 4c] [Qs]
LolDnkaments: checks
stasschi: checks
*** RIVER *** [2s Jh 4c Qs] [9c]
LolDnkaments: bets $6
stasschi: calls $6
*** SHOW DOWN ***
LolDnkaments: shows [9d 4d] (two pair, Nines and Fours)
stasschi: mucks hand
LolDnkaments collected $29.50 from pot
*** SUMMARY ***
Total pot $30 | Rake $0.50
Board [2s Jh 4c Qs 9c]
Seat 2: stasschi (button) (small blind) mucked
Seat 3: LolDnkaments (big blind) showed [9d 4d] and won ($29.50) with two pair, Nines and Fours


PokerStars Hand #153784963304:  Hold'em Limit ($3/$6 USD) - 2016/05/24 14:23:23 ET
Table 'Hilda' 6-max Seat #2 is the button
Seat 2: stasschi ($36.56 in chips)
Seat 3: LolDnkaments ($154.08 in chips)
stasschi: posts small blind $1
LolDnkaments: posts big blind $3
*** HOLE CARDS ***
stasschi: folds
Uncalled bet ($2) returned to LolDnkaments
LolDnkaments collected $2 from pot
LolDnkaments: doesn't show hand
*** SUMMARY ***
Total pot $2 | Rake $0
Seat 2: stasschi (button) (small blind) folded before Flop
Seat 3: LolDnkaments (big blind) collected ($2)


PokerStars Hand #153784947364:  Hold'em Limit ($3/$6 USD) - 2016/05/24 14:23:05 ET
Table 'Hilda' 6-max Seat #3 is the button
Seat 2: stasschi ($48.56 in chips)
Seat 3: LolDnkaments ($142.56 in chips)
LolDnkaments: posts small blind $1
stasschi: posts big blind $3
*** HOLE CARDS ***
LolDnkaments: raises $3 to $6
stasschi: calls $3
*** FLOP *** [8s 7h 9d]
stasschi: checks
LolDnkaments: bets $3
stasschi: raises $3 to $6
LolDnkaments: calls $3
*** TURN *** [8s 7h 9d] [Qd]
stasschi: checks
LolDnkaments: bets $6
stasschi: folds
Uncalled bet ($6) returned to LolDnkaments
LolDnkaments collected $23.52 from pot
LolDnkaments: doesn't show hand
*** SUMMARY ***
Total pot $24 | Rake $0.48
Board [8s 7h 9d Qd]
Seat 2: stasschi (big blind) folded on the Turn
Seat 3: LolDnkaments (button) (small blind) collected ($23.52)


PokerStars Hand #153784967379:  Hold'em Limit ($3/$6 USD) - 2016/05/24 14:23:28 ET
Table 'Hilda' 6-max Seat #3 is the button
Seat 2: stasschi ($35.56 in chips)
Seat 3: LolDnkaments ($155.08 in chips)
LolDnkaments: posts small blind $1
fsreibnitz was removed from the table for failing to post
stasschi: posts big blind $3
*** HOLE CARDS ***
LolDnkaments: raises $3 to $6
stasschi: folds
Uncalled bet ($3) returned to LolDnkaments
LolDnkaments collected $6 from pot
LolDnkaments: doesn't show hand
*** SUMMARY ***
Total pot $6 | Rake $0
Seat 2: stasschi (big blind) folded before Flop
Seat 3: LolDnkaments (button) (small blind) collected ($6)


PokerStars Hand #153784991527:  Hold'em Limit ($3/$6 USD) - 2016/05/24 14:23:56 ET
Table 'Hilda' 6-max Seat #3 is the button
Seat 2: stasschi ($68.91 in chips)
Seat 3: LolDnkaments ($134.08 in chips)
LolDnkaments: posts small blind $1
pompier40 was removed from the table for failing to post
stasschi: posts big blind $3
*** HOLE CARDS ***
LolDnkaments: raises $3 to $6
stasschi: folds
Uncalled bet ($3) returned to LolDnkaments
LolDnkaments collected $6 from pot
LolDnkaments: doesn't show hand
*** SUMMARY ***
Total pot $6 | Rake $0
Seat 2: stasschi (big blind) folded before Flop
Seat 3: LolDnkaments (button) (small blind) collected ($6)


PokerStars Hand #153784975384:  Hold'em Limit ($3/$6 USD) - 2016/05/24 14:23:37 ET
Table 'Hilda' 6-max Seat #2 is the button
Seat 2: stasschi ($45.41 in chips)
Seat 3: LolDnkaments ($158.08 in chips)
stasschi: posts small blind $1
LolDnkaments: posts big blind $3
*** HOLE CARDS ***
stasschi: raises $3 to $6
LolDnkaments: raises $3 to $9
stasschi: calls $3
*** FLOP *** [6c 3d Th]
LolDnkaments: bets $3
stasschi: calls $3
*** TURN *** [6c 3d Th] [Qd]
LolDnkaments: bets $6
stasschi: calls $6
*** RIVER *** [6c 3d Th Qd] [3s]
LolDnkaments: bets $6
stasschi: raises $6 to $12
LolDnkaments: folds
Uncalled bet ($6) returned to stasschi
stasschi collected $47.50 from pot
stasschi: doesn't show hand
*** SUMMARY ***
Total pot $48 | Rake $0.50
Board [6c 3d Th Qd 3s]
Seat 2: stasschi (button) (small blind) collected ($47.50)
Seat 3: LolDnkaments (big blind) folded on the River


PokerStars Hand #153785023122:  Hold'em Limit ($3/$6 USD) - 2016/05/24 14:24:33 ET
Table 'Hilda' 6-max Seat #3 is the button
Seat 2: stasschi ($38.91 in chips)
Seat 3: LolDnkaments ($163.58 in chips)
LolDnkaments: posts small blind $1
stasschi: posts big blind $3
*** HOLE CARDS ***
LolDnkaments: raises $3 to $6
stasschi: raises $3 to $9
LolDnkaments: calls $3
*** FLOP *** [3d 5d 2d]
stasschi: bets $3
LolDnkaments: calls $3
*** TURN *** [3d 5d 2d] [5h]
stasschi: checks
LolDnkaments: bets $6
stasschi: calls $6
*** RIVER *** [3d 5d 2d 5h] [6h]
stasschi: checks
LolDnkaments: bets $6
stasschi: calls $6
*** SHOW DOWN ***
LolDnkaments: shows [2s Ts] (two pair, Fives and Deuces)
stasschi: mucks hand
LolDnkaments collected $47.50 from pot
*** SUMMARY ***
Total pot $48 | Rake $0.50
Board [3d 5d 2d 5h 6h]
Seat 2: stasschi (big blind) mucked
Seat 3: LolDnkaments (button) (small blind) showed [2s Ts] and won ($47.50) with two pair, Fives and Deuces


PokerStars Hand #153785045468:  Hold'em Limit ($3/$6 USD) - 2016/05/24 14:24:59 ET
Table 'Hilda' 6-max Seat #2 is the button
Seat 2: stasschi ($14.91 in chips)
Seat 3: LolDnkaments ($187.08 in chips)
stasschi: posts small blind $1
LolDnkaments: posts big blind $3
*** HOLE CARDS ***
stasschi: raises $3 to $6
LolDnkaments: calls $3
*** FLOP *** [8h 5c 7h]
LolDnkaments: checks
stasschi: checks
*** TURN *** [8h 5c 7h] [3c]
LolDnkaments: bets $6
stasschi: folds
Uncalled bet ($6) returned to LolDnkaments
LolDnkaments collected $11.76 from pot
LolDnkaments: doesn't show hand
*** SUMMARY ***
Total pot $12 | Rake $0.24
Board [8h 5c 7h 3c]
Seat 2: stasschi (button) (small blind) folded on the Turn
Seat 3: LolDnkaments (big blind) collected ($11.76)


PokerStars Hand #153784996846:  Hold'em Limit ($3/$6 USD) - 2016/05/24 14:24:02 ET
Table 'Hilda' 6-max Seat #2 is the button
Seat 2: stasschi ($65.91 in chips)
Seat 3: LolDnkaments ($137.08 in chips)
stasschi: posts small blind $1
LolDnkaments: posts big blind $3
*** HOLE CARDS ***
stasschi: raises $3 to $6
LolDnkaments: raises $3 to $9
stasschi: calls $3
*** FLOP *** [5c 9d Qc]
LolDnkaments: bets $3
stasschi: raises $3 to $6
LolDnkaments: calls $3
*** TURN *** [5c 9d Qc] [7c]
LolDnkaments: bets $6
stasschi: calls $6
*** RIVER *** [5c 9d Qc 7c] [4h]
LolDnkaments: bets $6
stasschi: calls $6
*** SHOW DOWN ***
LolDnkaments: shows [4s 4c] (three of a kind, Fours)
stasschi: mucks hand
LolDnkaments collected $53.50 from pot
*** SUMMARY ***
Total pot $54 | Rake $0.50
Board [5c 9d Qc 7c 4h]
Seat 2: stasschi (button) (small blind) mucked
Seat 3: LolDnkaments (big blind) showed [4s 4c] and won ($53.50) with three of a kind, Fours


PokerStars Hand #153785062378:  Hold'em Limit ($3/$6 USD) - 2016/05/24 14:25:19 ET
Table 'Hilda' 6-max Seat #3 is the button
Seat 2: stasschi ($8.91 in chips)
Seat 3: LolDnkaments ($192.84 in chips)
LolDnkaments: posts small blind $1
stasschi: posts big blind $3
*** HOLE CARDS ***
LolDnkaments: raises $3 to $6
stasschi: calls $3
*** FLOP *** [Qh 3s Jc]
stasschi: bets $2.91 and is all-in
LolDnkaments: calls $2.91
*** TURN *** [Qh 3s Jc] [4h]
*** RIVER *** [Qh 3s Jc 4h] [2s]
*** SHOW DOWN ***
stasschi: shows [Ts 9d] (high card Queen)
LolDnkaments: shows [3d 3c] (three of a kind, Threes)
LolDnkaments collected $17.46 from pot
*** SUMMARY ***
Total pot $17.82 | Rake $0.36
Board [Qh 3s Jc 4h 2s]
Seat 2: stasschi (big blind) showed [Ts 9d] and lost with high card Queen
Seat 3: LolDnkaments (button) (small blind) showed [3d 3c] and won ($17.46) with three of a kind, Threes


