PokerStars Hand #165993114031:  Hold'em Limit ($3/$6 USD) - 2017/02/10 12:40:00 ET
Table 'Hilda II' 6-max Seat #4 is the button
Seat 4: LouisB ($85.80 in chips)
Seat 5: boogi ($53.11 in chips)
LouisB: posts small blind $1
boogi: posts big blind $3
*** HOLE CARDS ***
LouisB: folds
Uncalled bet ($2) returned to boogi
boogi collected $2 from pot
boogi: doesn't show hand
*** SUMMARY ***
Total pot $2 | Rake $0
Seat 4: LouisB (button) (small blind) folded before Flop
Seat 5: boogi (big blind) collected ($2)


PokerStars Hand #165993109021:  Hold'em Limit ($3/$6 USD) - 2017/02/10 12:39:54 ET
Table 'Hilda II' 6-max Seat #5 is the button
Seat 4: LouisB ($84.80 in chips)
Seat 5: boogi ($54.11 in chips)
boogi: posts small blind $1
LouisB: posts big blind $3
*** HOLE CARDS ***
boogi: folds
Uncalled bet ($2) returned to LouisB
LouisB collected $2 from pot
LouisB: doesn't show hand
*** SUMMARY ***
Total pot $2 | Rake $0
Seat 4: LouisB (big blind) collected ($2)
Seat 5: boogi (button) (small blind) folded before Flop


PokerStars Hand #165993117631:  Hold'em Limit ($3/$6 USD) - 2017/02/10 12:40:04 ET
Table 'Hilda II' 6-max Seat #5 is the button
Seat 4: LouisB ($84.80 in chips)
Seat 5: boogi ($54.11 in chips)
boogi: posts small blind $1
LouisB: posts big blind $3
*** HOLE CARDS ***
boogi: raises $3 to $6
LouisB: calls $3
*** FLOP *** [2s Jc Ts]
LouisB: checks
boogi: bets $3
LouisB: folds
Uncalled bet ($3) returned to boogi
boogi collected $11.76 from pot
boogi: doesn't show hand
*** SUMMARY ***
Total pot $12 | Rake $0.24
Board [2s Jc Ts]
Seat 4: LouisB (big blind) folded on the Flop
Seat 5: boogi (button) (small blind) collected ($11.76)


PokerStars Hand #165993097474:  Hold'em Limit ($3/$6 USD) - 2017/02/10 12:39:41 ET
Table 'Hilda II' 6-max Seat #4 is the button
Seat 4: LouisB ($79.04 in chips)
Seat 5: boogi ($60.11 in chips)
LouisB: posts small blind $1
boogi: posts big blind $3
*** HOLE CARDS ***
LouisB: raises $3 to $6
boogi: calls $3
*** FLOP *** [4s 8c Jd]
boogi: checks
LouisB: bets $3
boogi: folds
Uncalled bet ($3) returned to LouisB
LouisB collected $11.76 from pot
LouisB: doesn't show hand
*** SUMMARY ***
Total pot $12 | Rake $0.24
Board [4s 8c Jd]
Seat 4: LouisB (button) (small blind) collected ($11.76)
Seat 5: boogi (big blind) folded on the Flop


PokerStars Hand #165993077118:  Hold'em Limit ($3/$6 USD) - 2017/02/10 12:39:17 ET
Table 'Hilda II' 6-max Seat #5 is the button
Seat 4: LouisB ($67.52 in chips)
Seat 5: boogi ($72.11 in chips)
boogi: posts small blind $1
belik555: is sitting out
LouisB: posts big blind $3
*** HOLE CARDS ***
boogi: raises $3 to $6
belik555 leaves the table
LouisB: calls $3
*** FLOP *** [6s Qc 3c]
LouisB: checks
boogi: bets $3
LouisB: raises $3 to $6
boogi: calls $3
*** TURN *** [6s Qc 3c] [4c]
LouisB: bets $6
boogi: folds
Uncalled bet ($6) returned to LouisB
LouisB collected $23.52 from pot
LouisB: doesn't show hand
*** SUMMARY ***
Total pot $24 | Rake $0.48
Board [6s Qc 3c 4c]
Seat 4: LouisB (big blind) collected ($23.52)
Seat 5: boogi (button) (small blind) folded on the Turn


PokerStars Hand #165993137117:  Hold'em Limit ($3/$6 USD) - 2017/02/10 12:40:27 ET
Table 'Hilda II' 6-max Seat #5 is the button
Seat 4: LouisB ($87.44 in chips)
Seat 5: boogi ($50.87 in chips)
boogi: posts small blind $1
LouisB: posts big blind $3
*** HOLE CARDS ***
boogi: raises $3 to $6
LouisB: calls $3
*** FLOP *** [4c 3c Ac]
LouisB: checks
boogi: bets $3
LouisB: calls $3
*** TURN *** [4c 3c Ac] [Qc]
LouisB: bets $6
boogi: folds
Uncalled bet ($6) returned to LouisB
LouisB collected $17.64 from pot
LouisB: doesn't show hand
*** SUMMARY ***
Total pot $18 | Rake $0.36
Board [4c 3c Ac Qc]
Seat 4: LouisB (big blind) collected ($17.64)
Seat 5: boogi (button) (small blind) folded on the Turn


PokerStars Hand #165993126008:  Hold'em Limit ($3/$6 USD) - 2017/02/10 12:40:14 ET
Table 'Hilda II' 6-max Seat #4 is the button
Seat 4: LouisB ($78.80 in chips)
Seat 5: boogi ($59.87 in chips)
LouisB: posts small blind $1
boogi: posts big blind $3
*** HOLE CARDS ***
LouisB: raises $3 to $6
boogi: calls $3
*** FLOP *** [7s 6c Qh]
boogi: checks
LouisB: bets $3
boogi: calls $3
*** TURN *** [7s 6c Qh] [Kh]
boogi: checks
LouisB: bets $6
boogi: folds
Uncalled bet ($6) returned to LouisB
LouisB collected $17.64 from pot
LouisB: doesn't show hand
*** SUMMARY ***
Total pot $18 | Rake $0.36
Board [7s 6c Qh Kh]
Seat 4: LouisB (button) (small blind) collected ($17.64)
Seat 5: boogi (big blind) folded on the Turn


PokerStars Hand #165993192615:  Hold'em Limit ($3/$6 USD) - 2017/02/10 12:41:32 ET
Table 'Hilda II' 6-max Seat #5 is the button
Seat 4: LouisB ($101.84 in chips)
Seat 5: boogi ($35.87 in chips)
boogi: posts small blind $1
LouisB: posts big blind $3
*** HOLE CARDS ***
boogi: raises $3 to $6
LouisB: folds
Uncalled bet ($3) returned to boogi
boogi collected $6 from pot
boogi: doesn't show hand
*** SUMMARY ***
Total pot $6 | Rake $0
Seat 4: LouisB (big blind) folded before Flop
Seat 5: boogi (button) (small blind) collected ($6)


PokerStars Hand #165993188141:  Hold'em Limit ($3/$6 USD) - 2017/02/10 12:41:27 ET
Table 'Hilda II' 6-max Seat #4 is the button
Seat 4: LouisB ($102.84 in chips)
Seat 5: boogi ($34.87 in chips)
LouisB: posts small blind $1
boogi: posts big blind $3
*** HOLE CARDS ***
LouisB: folds
Uncalled bet ($2) returned to boogi
boogi collected $2 from pot
boogi: doesn't show hand
*** SUMMARY ***
Total pot $2 | Rake $0
Seat 4: LouisB (button) (small blind) folded before Flop
Seat 5: boogi (big blind) collected ($2)


PokerStars Hand #165993203314:  Hold'em Limit ($3/$6 USD) - 2017/02/10 12:41:45 ET
Table 'Hilda II' 6-max Seat #4 is the button
Seat 4: LouisB ($98.84 in chips)
Seat 5: boogi ($38.87 in chips)
LouisB: posts small blind $1
boogi: posts big blind $3
*** HOLE CARDS ***
LouisB: folds
Uncalled bet ($2) returned to boogi
boogi collected $2 from pot
boogi: doesn't show hand
LouisB leaves the table
*** SUMMARY ***
Total pot $2 | Rake $0
Seat 4: LouisB (button) (small blind) folded before Flop
Seat 5: boogi (big blind) collected ($2)


PokerStars Hand #165993183724:  Hold'em Limit ($3/$6 USD) - 2017/02/10 12:41:22 ET
Table 'Hilda II' 6-max Seat #5 is the button
Seat 4: LouisB ($101.84 in chips)
Seat 5: boogi ($35.87 in chips)
boogi: posts small blind $1
LouisB: posts big blind $3
*** HOLE CARDS ***
boogi: folds
Uncalled bet ($2) returned to LouisB
LouisB collected $2 from pot
LouisB: doesn't show hand
*** SUMMARY ***
Total pot $2 | Rake $0
Seat 4: LouisB (big blind) collected ($2)
Seat 5: boogi (button) (small blind) folded before Flop


PokerStars Hand #165993167457:  Hold'em Limit ($3/$6 USD) - 2017/02/10 12:41:03 ET
Table 'Hilda II' 6-max Seat #4 is the button
Seat 4: LouisB ($96.08 in chips)
Seat 5: boogi ($41.87 in chips)
LouisB: posts small blind $1
boogi: posts big blind $3
*** HOLE CARDS ***
LouisB: raises $3 to $6
boogi: calls $3
*** FLOP *** [Qh Ac 6s]
boogi: checks
LouisB: checks
*** TURN *** [Qh Ac 6s] [4d]
boogi: checks
LouisB: bets $6
boogi: folds
Uncalled bet ($6) returned to LouisB
LouisB collected $11.76 from pot
LouisB: doesn't show hand
*** SUMMARY ***
Total pot $12 | Rake $0.24
Board [Qh Ac 6s 4d]
Seat 4: LouisB (button) (small blind) collected ($11.76)
Seat 5: boogi (big blind) folded on the Turn


