PokerStars Hand #150983110740:  Hold'em Limit ($3/$6 USD) - 2016/03/26 19:01:37 ET
Table 'Hilda' 6-max Seat #3 is the button
Seat 3: hectornino ($38 in chips)
Seat 4: AzureCaper ($105.50 in chips)
hectornino: posts small blind $1
AzureCaper: posts big blind $3
*** HOLE CARDS ***
hectornino: raises $3 to $6
AzureCaper: folds
Uncalled bet ($3) returned to hectornino
hectornino collected $6 from pot
*** SUMMARY ***
Total pot $6 | Rake $0
Seat 3: hectornino (button) (small blind) collected ($6)
Seat 4: AzureCaper (big blind) folded before Flop


PokerStars Hand #150983096698:  Hold'em Limit ($3/$6 USD) - 2016/03/26 19:01:18 ET
Table 'Hilda' 6-max Seat #4 is the button
Seat 3: hectornino ($71 in chips)
Seat 4: AzureCaper ($73 in chips)
AzureCaper: posts small blind $1
hectornino: posts big blind $3
*** HOLE CARDS ***
AzureCaper: raises $3 to $6
hectornino: calls $3
*** FLOP *** [2h 6d Kc]
hectornino: checks
AzureCaper: bets $3
hectornino: calls $3
*** TURN *** [2h 6d Kc] [Tc]
hectornino: checks
AzureCaper: bets $6
hectornino: raises $6 to $12
AzureCaper: raises $6 to $18
hectornino: calls $6
*** RIVER *** [2h 6d Kc Tc] [Qd]
hectornino: checks
AzureCaper: bets $6
hectornino: calls $6
*** SHOW DOWN ***
AzureCaper: shows [2c Th] (two pair, Tens and Deuces)
hectornino: mucks hand
AzureCaper collected $65.50 from pot
*** SUMMARY ***
Total pot $66 | Rake $0.50
Board [2h 6d Kc Tc Qd]
Seat 3: hectornino (big blind) mucked
Seat 4: AzureCaper (button) (small blind) showed [2c Th] and won ($65.50) with two pair, Tens and Deuces


PokerStars Hand #150983158622:  Hold'em Limit ($3/$6 USD) - 2016/03/26 19:02:38 ET
Table 'Hilda' 6-max Seat #4 is the button
Seat 3: hectornino ($47.14 in chips)
Seat 4: AzureCaper ($95 in chips)
AzureCaper: posts small blind $1
hectornino: posts big blind $3
*** HOLE CARDS ***
AzureCaper: raises $3 to $6
hectornino: calls $3
*** FLOP *** [Ah 4h 9h]
hectornino: checks
AzureCaper: bets $3
hectornino: raises $3 to $6
AzureCaper: calls $3
*** TURN *** [Ah 4h 9h] [Td]
hectornino: bets $6
AzureCaper: raises $6 to $12
hectornino: calls $6
*** RIVER *** [Ah 4h 9h Td] [4d]
hectornino: checks
AzureCaper: checks
*** SHOW DOWN ***
hectornino: shows [Qs 8h] (a pair of Fours)
AzureCaper: shows [6d Th] (two pair, Tens and Fours)
AzureCaper collected $47.50 from pot
*** SUMMARY ***
Total pot $48 | Rake $0.50
Board [Ah 4h 9h Td 4d]
Seat 3: hectornino (big blind) showed [Qs 8h] and lost with a pair of Fours
Seat 4: AzureCaper (button) (small blind) showed [6d Th] and won ($47.50) with two pair, Tens and Fours


PokerStars Hand #150983154468:  Hold'em Limit ($3/$6 USD) - 2016/03/26 19:02:32 ET
Table 'Hilda' 6-max Seat #3 is the button
Seat 3: hectornino ($48.14 in chips)
Seat 4: AzureCaper ($94 in chips)
hectornino: posts small blind $1
AzureCaper: posts big blind $3
*** HOLE CARDS ***
hectornino: folds
Uncalled bet ($2) returned to AzureCaper
AzureCaper collected $2 from pot
AzureCaper: doesn't show hand
*** SUMMARY ***
Total pot $2 | Rake $0
Seat 3: hectornino (button) (small blind) folded before Flop
Seat 4: AzureCaper (big blind) collected ($2)


PokerStars Hand #150983142777:  Hold'em Limit ($3/$6 USD) - 2016/03/26 19:02:17 ET
Table 'Hilda' 6-max Seat #4 is the button
Seat 3: hectornino ($39.50 in chips)
Seat 4: AzureCaper ($103 in chips)
AzureCaper: posts small blind $1
hectornino: posts big blind $3
*** HOLE CARDS ***
AzureCaper: raises $3 to $6
hectornino: calls $3
*** FLOP *** [Td 7d 5c]
hectornino: checks
AzureCaper: bets $3
hectornino: calls $3
*** TURN *** [Td 7d 5c] [Jd]
hectornino: checks
AzureCaper: checks
*** RIVER *** [Td 7d 5c Jd] [4h]
hectornino: bets $6
AzureCaper: folds
Uncalled bet ($6) returned to hectornino
hectornino collected $17.64 from pot
*** SUMMARY ***
Total pot $18 | Rake $0.36
Board [Td 7d 5c Jd 4h]
Seat 3: hectornino (big blind) collected ($17.64)
Seat 4: AzureCaper (button) (small blind) folded on the River


PokerStars Hand #150983128838:  Hold'em Limit ($3/$6 USD) - 2016/03/26 19:01:59 ET
Table 'Hilda' 6-max Seat #3 is the button
Seat 3: hectornino ($20 in chips)
Seat 4: AzureCaper ($123 in chips)
hectornino: posts small blind $1
AzureCaper: posts big blind $3
*** HOLE CARDS ***
hectornino: calls $2
AzureCaper: raises $3 to $6
hectornino: calls $3
*** FLOP *** [7d Qd 2s]
AzureCaper: bets $3
hectornino: raises $3 to $6
AzureCaper: raises $3 to $9
hectornino: raises $3 to $12
Betting is capped
AzureCaper: calls $3
*** TURN *** [7d Qd 2s] [4s]
AzureCaper: bets $6
hectornino: calls $2 and is all-in
Uncalled bet ($4) returned to AzureCaper
*** RIVER *** [7d Qd 2s 4s] [5d]
*** SHOW DOWN ***
AzureCaper: shows [Ad Qh] (a pair of Queens)
hectornino: shows [8d 4d] (a flush, Queen high)
hectornino collected $39.50 from pot
*** SUMMARY ***
Total pot $40 | Rake $0.50
Board [7d Qd 2s 4s 5d]
Seat 3: hectornino (button) (small blind) showed [8d 4d] and won ($39.50) with a flush, Queen high
Seat 4: AzureCaper (big blind) showed [Ad Qh] and lost with a pair of Queens


PokerStars Hand #150983116479:  Hold'em Limit ($3/$6 USD) - 2016/03/26 19:01:44 ET
Table 'Hilda' 6-max Seat #4 is the button
Seat 3: hectornino ($41 in chips)
Seat 4: AzureCaper ($102.50 in chips)
AzureCaper: posts small blind $1
hectornino: posts big blind $3
*** HOLE CARDS ***
AzureCaper: raises $3 to $6
hectornino: calls $3
*** FLOP *** [9d Ah 8d]
hectornino: checks
AzureCaper: bets $3
hectornino: calls $3
*** TURN *** [9d Ah 8d] [Jc]
hectornino: checks
AzureCaper: bets $6
hectornino: calls $6
*** RIVER *** [9d Ah 8d Jc] [Qs]
hectornino: bets $6
AzureCaper: calls $6
*** SHOW DOWN ***
hectornino: shows [6h 7c] (high card Ace)
AzureCaper: shows [Js 8h] (two pair, Jacks and Eights)
AzureCaper collected $41.50 from pot
*** SUMMARY ***
Total pot $42 | Rake $0.50
Board [9d Ah 8d Jc Qs]
Seat 3: hectornino (big blind) showed [6h 7c] and lost with high card Ace
Seat 4: AzureCaper (button) (small blind) showed [Js 8h] and won ($41.50) with two pair, Jacks and Eights


PokerStars Hand #150983190601:  Hold'em Limit ($3/$6 USD) - 2016/03/26 19:03:19 ET
Table 'Hilda' 6-max Seat #4 is the button
Seat 3: hectornino ($29.78 in chips)
Seat 4: AzureCaper ($111.50 in chips)
AzureCaper: posts small blind $1
hectornino: posts big blind $3
*** HOLE CARDS ***
AzureCaper: raises $3 to $6
hectornino: raises $3 to $9
AzureCaper: calls $3
*** FLOP *** [7s Qh 4d]
hectornino: bets $3
AzureCaper: calls $3
*** TURN *** [7s Qh 4d] [2c]
hectornino: bets $6
AzureCaper: calls $6
*** RIVER *** [7s Qh 4d 2c] [9c]
hectornino: bets $6
AzureCaper: calls $6
*** SHOW DOWN ***
hectornino: shows [8c Kd] (high card King)
AzureCaper: shows [Kc As] (high card Ace)
AzureCaper collected $47.50 from pot
*** SUMMARY ***
Total pot $48 | Rake $0.50
Board [7s Qh 4d 2c 9c]
Seat 3: hectornino (big blind) showed [8c Kd] and lost with high card King
Seat 4: AzureCaper (button) (small blind) showed [Kc As] and won ($47.50) with high card Ace


PokerStars Hand #150983186782:  Hold'em Limit ($3/$6 USD) - 2016/03/26 19:03:14 ET
Table 'Hilda' 6-max Seat #3 is the button
Seat 3: hectornino ($30.78 in chips)
Seat 4: AzureCaper ($110.50 in chips)
hectornino: posts small blind $1
AzureCaper: posts big blind $3
*** HOLE CARDS ***
hectornino: folds
Uncalled bet ($2) returned to AzureCaper
AzureCaper collected $2 from pot
AzureCaper: doesn't show hand
*** SUMMARY ***
Total pot $2 | Rake $0
Seat 3: hectornino (button) (small blind) folded before Flop
Seat 4: AzureCaper (big blind) collected ($2)


PokerStars Hand #150983178465:  Hold'em Limit ($3/$6 USD) - 2016/03/26 19:03:03 ET
Table 'Hilda' 6-max Seat #4 is the button
Seat 3: hectornino ($22.14 in chips)
Seat 4: AzureCaper ($119.50 in chips)
AzureCaper: posts small blind $1
hectornino: posts big blind $3
*** HOLE CARDS ***
AzureCaper: raises $3 to $6
hectornino: raises $3 to $9
AzureCaper: calls $3
*** FLOP *** [4h 2c Jd]
hectornino: bets $3
AzureCaper: folds
Uncalled bet ($3) returned to hectornino
hectornino collected $17.64 from pot
*** SUMMARY ***
Total pot $18 | Rake $0.36
Board [4h 2c Jd]
Seat 3: hectornino (big blind) collected ($17.64)
Seat 4: AzureCaper (button) (small blind) folded on the Flop


PokerStars Hand #150983174635:  Hold'em Limit ($3/$6 USD) - 2016/03/26 19:02:58 ET
Table 'Hilda' 6-max Seat #3 is the button
Seat 3: hectornino ($23.14 in chips)
Seat 4: AzureCaper ($118.50 in chips)
hectornino: posts small blind $1
AzureCaper: posts big blind $3
*** HOLE CARDS ***
hectornino: folds
Uncalled bet ($2) returned to AzureCaper
AzureCaper collected $2 from pot
AzureCaper: doesn't show hand
*** SUMMARY ***
Total pot $2 | Rake $0
Seat 3: hectornino (button) (small blind) folded before Flop
Seat 4: AzureCaper (big blind) collected ($2)


PokerStars Hand #150983263752:  Hold'em Limit ($3/$6 USD) - 2016/03/26 19:04:51 ET
Table 'Hilda' 6-max Seat #4 is the button
Seat 3: hectornino ($21.66 in chips)
Seat 4: AzureCaper ($148.40 in chips)
AzureCaper: posts small blind $1
hectornino: posts big blind $3
*** HOLE CARDS ***
AzureCaper: folds
Uncalled bet ($2) returned to hectornino
hectornino collected $2 from pot
*** SUMMARY ***
Total pot $2 | Rake $0
Seat 3: hectornino (big blind) collected ($2)
Seat 4: AzureCaper (button) (small blind) folded before Flop


PokerStars Hand #150983255382:  Hold'em Limit ($3/$6 USD) - 2016/03/26 19:04:41 ET
Table 'Hilda' 6-max Seat #3 is the button
Seat 3: hectornino ($18.78 in chips)
Seat 4: AzureCaper ($151.40 in chips)
hectornino: posts small blind $1
AzureCaper: posts big blind $3
*** HOLE CARDS ***
hectornino: calls $2
AzureCaper: checks
*** FLOP *** [Jd 3d Kc]
AzureCaper: checks
hectornino: bets $3
AzureCaper: folds
Uncalled bet ($3) returned to hectornino
hectornino collected $5.88 from pot
*** SUMMARY ***
Total pot $6 | Rake $0.12
Board [Jd 3d Kc]
Seat 3: hectornino (button) (small blind) collected ($5.88)
Seat 4: AzureCaper (big blind) folded on the Flop


PokerStars Hand #150983251116:  Hold'em Limit ($3/$6 USD) - 2016/03/26 19:04:35 ET
Table 'Hilda' 6-max Seat #4 is the button
Seat 3: hectornino ($17.78 in chips)
Seat 4: AzureCaper ($152.40 in chips)
AzureCaper: posts small blind $1
hectornino: posts big blind $3
*** HOLE CARDS ***
AzureCaper: folds
Uncalled bet ($2) returned to hectornino
hectornino collected $2 from pot
*** SUMMARY ***
Total pot $2 | Rake $0
Seat 3: hectornino (big blind) collected ($2)
Seat 4: AzureCaper (button) (small blind) folded before Flop


PokerStars Hand #150983247070:  Hold'em Limit ($3/$6 USD) - 2016/03/26 19:04:30 ET
Table 'Hilda' 6-max Seat #3 is the button
Seat 3: hectornino ($18.78 in chips)
Seat 4: AzureCaper ($151.40 in chips)
hectornino: posts small blind $1
AzureCaper: posts big blind $3
*** HOLE CARDS ***
hectornino: folds
Uncalled bet ($2) returned to AzureCaper
AzureCaper collected $2 from pot
AzureCaper: doesn't show hand
*** SUMMARY ***
Total pot $2 | Rake $0
Seat 3: hectornino (button) (small blind) folded before Flop
Seat 4: AzureCaper (big blind) collected ($2)


PokerStars Hand #150983237786:  Hold'em Limit ($3/$6 USD) - 2016/03/26 19:04:18 ET
Table 'Hilda' 6-max Seat #4 is the button
Seat 3: hectornino ($27.78 in chips)
Seat 4: AzureCaper ($142.76 in chips)
AzureCaper: posts small blind $1
hectornino: posts big blind $3
*** HOLE CARDS ***
AzureCaper: raises $3 to $6
hectornino: calls $3
*** FLOP *** [Tc 9c Js]
hectornino: bets $3
AzureCaper: raises $3 to $6
hectornino: folds
Uncalled bet ($3) returned to AzureCaper
AzureCaper collected $17.64 from pot
*** SUMMARY ***
Total pot $18 | Rake $0.36
Board [Tc 9c Js]
Seat 3: hectornino (big blind) folded on the Flop
Seat 4: AzureCaper (button) (small blind) collected ($17.64)


PokerStars Hand #150983233606:  Hold'em Limit ($3/$6 USD) - 2016/03/26 19:04:13 ET
Table 'Hilda' 6-max Seat #3 is the button
Seat 3: hectornino ($28.78 in chips)
Seat 4: AzureCaper ($141.76 in chips)
hectornino: posts small blind $1
AzureCaper: posts big blind $3
*** HOLE CARDS ***
hectornino: folds
Uncalled bet ($2) returned to AzureCaper
AzureCaper collected $2 from pot
AzureCaper: doesn't show hand
*** SUMMARY ***
Total pot $2 | Rake $0
Seat 3: hectornino (button) (small blind) folded before Flop
Seat 4: AzureCaper (big blind) collected ($2)


PokerStars Hand #150983225106:  Hold'em Limit ($3/$6 USD) - 2016/03/26 19:04:02 ET
Table 'Hilda' 6-max Seat #4 is the button
Seat 3: hectornino ($34.78 in chips)
Seat 4: AzureCaper ($136 in chips)
AzureCaper: posts small blind $1
hectornino: posts big blind $3
*** HOLE CARDS ***
AzureCaper: raises $3 to $6
hectornino: calls $3
*** FLOP *** [Jc 3s Js]
hectornino: checks
AzureCaper: bets $3
hectornino: folds
Uncalled bet ($3) returned to AzureCaper
AzureCaper collected $11.76 from pot
AzureCaper: doesn't show hand
*** SUMMARY ***
Total pot $12 | Rake $0.24
Board [Jc 3s Js]
Seat 3: hectornino (big blind) folded on the Flop
Seat 4: AzureCaper (button) (small blind) collected ($11.76)


PokerStars Hand #150983213004:  Hold'em Limit ($3/$6 USD) - 2016/03/26 19:03:47 ET
Table 'Hilda' 6-max Seat #3 is the button
Seat 3: hectornino ($5.78 in chips)
Seat 4: AzureCaper ($135 in chips)
hectornino: posts small blind $1
AzureCaper: posts big blind $3
*** HOLE CARDS ***
hectornino: folds
Uncalled bet ($2) returned to AzureCaper
AzureCaper collected $2 from pot
AzureCaper: doesn't show hand
*** SUMMARY ***
Total pot $2 | Rake $0
Seat 3: hectornino (button) (small blind) folded before Flop
Seat 4: AzureCaper (big blind) collected ($2)


PokerStars Hand #150983303346:  Hold'em Limit ($3/$6 USD) - 2016/03/26 19:05:42 ET
Table 'Hilda' 6-max Seat #4 is the button
Seat 3: hectornino ($23.18 in chips)
Seat 4: AzureCaper ($146.04 in chips)
AzureCaper: posts small blind $1
hectornino: posts big blind $3
*** HOLE CARDS ***
AzureCaper: raises $3 to $6
hectornino: raises $3 to $9
AzureCaper: calls $3
*** FLOP *** [5h 9h 2c]
hectornino: bets $3
AzureCaper: folds
Uncalled bet ($3) returned to hectornino
hectornino collected $17.64 from pot
*** SUMMARY ***
Total pot $18 | Rake $0.36
Board [5h 9h 2c]
Seat 3: hectornino (big blind) collected ($17.64)
Seat 4: AzureCaper (button) (small blind) folded on the Flop


PokerStars Hand #150983296198:  Hold'em Limit ($3/$6 USD) - 2016/03/26 19:05:33 ET
Table 'Hilda' 6-max Seat #3 is the button
Seat 3: hectornino ($17.42 in chips)
Seat 4: AzureCaper ($152.04 in chips)
hectornino: posts small blind $1
AzureCaper: posts big blind $3
*** HOLE CARDS ***
hectornino: raises $3 to $6
AzureCaper: calls $3
*** FLOP *** [9c 2d Ac]
AzureCaper: checks
hectornino: bets $3
AzureCaper: folds
Uncalled bet ($3) returned to hectornino
hectornino collected $11.76 from pot
*** SUMMARY ***
Total pot $12 | Rake $0.24
Board [9c 2d Ac]
Seat 3: hectornino (button) (small blind) collected ($11.76)
Seat 4: AzureCaper (big blind) folded on the Flop


PokerStars Hand #150983291560:  Hold'em Limit ($3/$6 USD) - 2016/03/26 19:05:27 ET
Table 'Hilda' 6-max Seat #4 is the button
Seat 3: hectornino ($20.42 in chips)
Seat 4: AzureCaper ($149.04 in chips)
AzureCaper: posts small blind $1
hectornino: posts big blind $3
*** HOLE CARDS ***
AzureCaper: raises $3 to $6
hectornino: folds
Uncalled bet ($3) returned to AzureCaper
AzureCaper collected $6 from pot
AzureCaper: doesn't show hand
*** SUMMARY ***
Total pot $6 | Rake $0
Seat 3: hectornino (big blind) folded before Flop
Seat 4: AzureCaper (button) (small blind) collected ($6)


PokerStars Hand #150983283880:  Hold'em Limit ($3/$6 USD) - 2016/03/26 19:05:17 ET
Table 'Hilda' 6-max Seat #3 is the button
Seat 3: hectornino ($14.66 in chips)
Seat 4: AzureCaper ($155.04 in chips)
hectornino: posts small blind $1
AzureCaper: posts big blind $3
*** HOLE CARDS ***
hectornino: raises $3 to $6
AzureCaper: calls $3
*** FLOP *** [5s 5h 2c]
AzureCaper: checks
hectornino: bets $3
AzureCaper: folds
Uncalled bet ($3) returned to hectornino
hectornino collected $11.76 from pot
*** SUMMARY ***
Total pot $12 | Rake $0.24
Board [5s 5h 2c]
Seat 3: hectornino (button) (small blind) collected ($11.76)
Seat 4: AzureCaper (big blind) folded on the Flop


PokerStars Hand #150983280105:  Hold'em Limit ($3/$6 USD) - 2016/03/26 19:05:12 ET
Table 'Hilda' 6-max Seat #4 is the button
Seat 3: hectornino ($13.66 in chips)
Seat 4: AzureCaper ($156.04 in chips)
AzureCaper: posts small blind $1
hectornino: posts big blind $3
*** HOLE CARDS ***
AzureCaper: folds
Uncalled bet ($2) returned to hectornino
hectornino collected $2 from pot
*** SUMMARY ***
Total pot $2 | Rake $0
Seat 3: hectornino (big blind) collected ($2)
Seat 4: AzureCaper (button) (small blind) folded before Flop


PokerStars Hand #150983267800:  Hold'em Limit ($3/$6 USD) - 2016/03/26 19:04:56 ET
Table 'Hilda' 6-max Seat #3 is the button
Seat 3: hectornino ($22.66 in chips)
Seat 4: AzureCaper ($147.40 in chips)
hectornino: posts small blind $1
AzureCaper: posts big blind $3
*** HOLE CARDS ***
hectornino: raises $3 to $6
AzureCaper: calls $3
*** FLOP *** [Kh 5h Qd]
AzureCaper: checks
hectornino: bets $3
AzureCaper: calls $3
*** TURN *** [Kh 5h Qd] [6h]
AzureCaper: checks
hectornino: checks
*** RIVER *** [Kh 5h Qd 6h] [Ac]
AzureCaper: bets $6
hectornino: folds
Uncalled bet ($6) returned to AzureCaper
AzureCaper collected $17.64 from pot
AzureCaper: doesn't show hand
*** SUMMARY ***
Total pot $18 | Rake $0.36
Board [Kh 5h Qd 6h Ac]
Seat 3: hectornino (button) (small blind) folded on the River
Seat 4: AzureCaper (big blind) collected ($17.64)


PokerStars Hand #150983338603:  Hold'em Limit ($3/$6 USD) - 2016/03/26 19:06:27 ET
Table 'Hilda' 6-max Seat #4 is the button
Seat 3: hectornino ($51.32 in chips)
Seat 4: AzureCaper ($117.04 in chips)
AzureCaper: posts small blind $1
hectornino: posts big blind $3
*** HOLE CARDS ***
AzureCaper: raises $3 to $6
hectornino: calls $3
*** FLOP *** [3c Ts 5d]
hectornino: checks
AzureCaper: bets $3
hectornino: calls $3
*** TURN *** [3c Ts 5d] [Qh]
hectornino: checks
AzureCaper: checks
*** RIVER *** [3c Ts 5d Qh] [4h]
hectornino: bets $6
AzureCaper: calls $6
*** SHOW DOWN ***
hectornino: shows [8d Jh] (high card Queen)
AzureCaper: shows [Ah 7c] (high card Ace)
AzureCaper collected $29.50 from pot
*** SUMMARY ***
Total pot $30 | Rake $0.50
Board [3c Ts 5d Qh 4h]
Seat 3: hectornino (big blind) showed [8d Jh] and lost with high card Queen
Seat 4: AzureCaper (button) (small blind) showed [Ah 7c] and won ($29.50) with high card Ace


PokerStars Hand #150983335027:  Hold'em Limit ($3/$6 USD) - 2016/03/26 19:06:22 ET
Table 'Hilda' 6-max Seat #3 is the button
Seat 3: hectornino ($52.32 in chips)
Seat 4: AzureCaper ($116.04 in chips)
hectornino: posts small blind $1
AzureCaper: posts big blind $3
*** HOLE CARDS ***
hectornino: folds
Uncalled bet ($2) returned to AzureCaper
AzureCaper collected $2 from pot
AzureCaper: doesn't show hand
*** SUMMARY ***
Total pot $2 | Rake $0
Seat 3: hectornino (button) (small blind) folded before Flop
Seat 4: AzureCaper (big blind) collected ($2)


PokerStars Hand #150983320137:  Hold'em Limit ($3/$6 USD) - 2016/03/26 19:06:03 ET
Table 'Hilda' 6-max Seat #4 is the button
Seat 3: hectornino ($34.82 in chips)
Seat 4: AzureCaper ($134.04 in chips)
AzureCaper: posts small blind $1
hectornino: posts big blind $3
*** HOLE CARDS ***
AzureCaper: raises $3 to $6
hectornino: raises $3 to $9
AzureCaper: calls $3
*** FLOP *** [Jd Qs 8c]
hectornino: bets $3
AzureCaper: calls $3
*** TURN *** [Jd Qs 8c] [3c]
hectornino: bets $6
AzureCaper: calls $6
*** RIVER *** [Jd Qs 8c 3c] [5c]
hectornino: bets $6
AzureCaper: folds
Uncalled bet ($6) returned to hectornino
hectornino collected $35.50 from pot
*** SUMMARY ***
Total pot $36 | Rake $0.50
Board [Jd Qs 8c 3c 5c]
Seat 3: hectornino (big blind) collected ($35.50)
Seat 4: AzureCaper (button) (small blind) folded on the River


PokerStars Hand #150983314392:  Hold'em Limit ($3/$6 USD) - 2016/03/26 19:05:56 ET
Table 'Hilda' 6-max Seat #3 is the button
Seat 3: hectornino ($31.82 in chips)
Seat 4: AzureCaper ($137.04 in chips)
hectornino: posts small blind $1
AzureCaper: posts big blind $3
*** HOLE CARDS ***
hectornino: raises $3 to $6
AzureCaper: folds
Uncalled bet ($3) returned to hectornino
hectornino collected $6 from pot
*** SUMMARY ***
Total pot $6 | Rake $0
Seat 3: hectornino (button) (small blind) collected ($6)
Seat 4: AzureCaper (big blind) folded before Flop


PokerStars Hand #150983400893:  Hold'em Limit ($3/$6 USD) - 2016/03/26 19:07:45 ET
Table 'Hilda' 6-max Seat #3 is the button
Seat 3: hectornino ($62.82 in chips)
Seat 4: AzureCaper ($104.54 in chips)
hectornino: posts small blind $1
AzureCaper: posts big blind $3
*** HOLE CARDS ***
hectornino: raises $3 to $6
AzureCaper: folds
Uncalled bet ($3) returned to hectornino
hectornino collected $6 from pot
*** SUMMARY ***
Total pot $6 | Rake $0
Seat 3: hectornino (button) (small blind) collected ($6)
Seat 4: AzureCaper (big blind) folded before Flop


PokerStars Hand #150983392996:  Hold'em Limit ($3/$6 USD) - 2016/03/26 19:07:35 ET
Table 'Hilda' 6-max Seat #4 is the button
Seat 3: hectornino ($65.82 in chips)
Seat 4: AzureCaper ($101.54 in chips)
AzureCaper: posts small blind $1
hectornino: posts big blind $3
*** HOLE CARDS ***
AzureCaper: raises $3 to $6
hectornino: folds
Uncalled bet ($3) returned to AzureCaper
AzureCaper collected $6 from pot
AzureCaper: doesn't show hand
*** SUMMARY ***
Total pot $6 | Rake $0
Seat 3: hectornino (big blind) folded before Flop
Seat 4: AzureCaper (button) (small blind) collected ($6)


PokerStars Hand #150983385464:  Hold'em Limit ($3/$6 USD) - 2016/03/26 19:07:26 ET
Table 'Hilda' 6-max Seat #3 is the button
Seat 3: hectornino ($66.82 in chips)
Seat 4: AzureCaper ($100.54 in chips)
hectornino: posts small blind $1
AzureCaper: posts big blind $3
*** HOLE CARDS ***
hectornino: folds
Uncalled bet ($2) returned to AzureCaper
AzureCaper collected $2 from pot
AzureCaper: doesn't show hand
*** SUMMARY ***
Total pot $2 | Rake $0
Seat 3: hectornino (button) (small blind) folded before Flop
Seat 4: AzureCaper (big blind) collected ($2)


PokerStars Hand #150983380533:  Hold'em Limit ($3/$6 USD) - 2016/03/26 19:07:20 ET
Table 'Hilda' 6-max Seat #4 is the button
Seat 3: hectornino ($65.82 in chips)
Seat 4: AzureCaper ($101.54 in chips)
AzureCaper: posts small blind $1
hectornino: posts big blind $3
*** HOLE CARDS ***
AzureCaper: folds
Uncalled bet ($2) returned to hectornino
hectornino collected $2 from pot
*** SUMMARY ***
Total pot $2 | Rake $0
Seat 3: hectornino (big blind) collected ($2)
Seat 4: AzureCaper (button) (small blind) folded before Flop


PokerStars Hand #150983376204:  Hold'em Limit ($3/$6 USD) - 2016/03/26 19:07:14 ET
Table 'Hilda' 6-max Seat #3 is the button
Seat 3: hectornino ($66.82 in chips)
Seat 4: AzureCaper ($100.54 in chips)
hectornino: posts small blind $1
AzureCaper: posts big blind $3
*** HOLE CARDS ***
hectornino: folds
Uncalled bet ($2) returned to AzureCaper
AzureCaper collected $2 from pot
AzureCaper: doesn't show hand
*** SUMMARY ***
Total pot $2 | Rake $0
Seat 3: hectornino (button) (small blind) folded before Flop
Seat 4: AzureCaper (big blind) collected ($2)


PokerStars Hand #150983371600:  Hold'em Limit ($3/$6 USD) - 2016/03/26 19:07:08 ET
Table 'Hilda' 6-max Seat #4 is the button
Seat 3: hectornino ($65.82 in chips)
Seat 4: AzureCaper ($101.54 in chips)
AzureCaper: posts small blind $1
hectornino: posts big blind $3
*** HOLE CARDS ***
AzureCaper: folds
Uncalled bet ($2) returned to hectornino
hectornino collected $2 from pot
*** SUMMARY ***
Total pot $2 | Rake $0
Seat 3: hectornino (big blind) collected ($2)
Seat 4: AzureCaper (button) (small blind) folded before Flop


PokerStars Hand #150983354836:  Hold'em Limit ($3/$6 USD) - 2016/03/26 19:06:47 ET
Table 'Hilda' 6-max Seat #3 is the button
Seat 3: hectornino ($36.32 in chips)
Seat 4: AzureCaper ($131.54 in chips)
hectornino: posts small blind $1
AzureCaper: posts big blind $3
*** HOLE CARDS ***
hectornino: raises $3 to $6
AzureCaper: raises $3 to $9
hectornino: calls $3
*** FLOP *** [2s 8c 9d]
AzureCaper: bets $3
hectornino: calls $3
*** TURN *** [2s 8c 9d] [Ad]
AzureCaper: bets $6
hectornino: raises $6 to $12
AzureCaper: calls $6
*** RIVER *** [2s 8c 9d Ad] [9c]
AzureCaper: checks
hectornino: bets $6
AzureCaper: calls $6
*** SHOW DOWN ***
hectornino: shows [Ac 7h] (two pair, Aces and Nines)
AzureCaper: mucks hand
hectornino collected $59.50 from pot
*** SUMMARY ***
Total pot $60 | Rake $0.50
Board [2s 8c 9d Ad 9c]
Seat 3: hectornino (button) (small blind) showed [Ac 7h] and won ($59.50) with two pair, Aces and Nines
Seat 4: AzureCaper (big blind) mucked


PokerStars Hand #150983450591:  Hold'em Limit ($3/$6 USD) - 2016/03/26 19:08:48 ET
Table 'Hilda' 6-max Seat #4 is the button
Seat 3: hectornino ($65.46 in chips)
Seat 4: AzureCaper ($101.30 in chips)
AzureCaper: posts small blind $1
hectornino: posts big blind $3
*** HOLE CARDS ***
AzureCaper: folds
Uncalled bet ($2) returned to hectornino
hectornino collected $2 from pot
*** SUMMARY ***
Total pot $2 | Rake $0
Seat 3: hectornino (big blind) collected ($2)
Seat 4: AzureCaper (button) (small blind) folded before Flop


PokerStars Hand #150983442001:  Hold'em Limit ($3/$6 USD) - 2016/03/26 19:08:38 ET
Table 'Hilda' 6-max Seat #3 is the button
Seat 3: hectornino ($59.70 in chips)
Seat 4: AzureCaper ($107.30 in chips)
hectornino: posts small blind $1
AzureCaper: posts big blind $3
*** HOLE CARDS ***
hectornino: raises $3 to $6
AzureCaper: calls $3
*** FLOP *** [8c 5h Td]
AzureCaper: checks
hectornino: bets $3
AzureCaper: folds
Uncalled bet ($3) returned to hectornino
hectornino collected $11.76 from pot
*** SUMMARY ***
Total pot $12 | Rake $0.24
Board [8c 5h Td]
Seat 3: hectornino (button) (small blind) collected ($11.76)
Seat 4: AzureCaper (big blind) folded on the Flop


PokerStars Hand #150983433560:  Hold'em Limit ($3/$6 USD) - 2016/03/26 19:08:27 ET
Table 'Hilda' 6-max Seat #4 is the button
Seat 3: hectornino ($65.70 in chips)
Seat 4: AzureCaper ($101.54 in chips)
AzureCaper: posts small blind $1
hectornino: posts big blind $3
*** HOLE CARDS ***
AzureCaper: raises $3 to $6
hectornino: calls $3
*** FLOP *** [Ah Qc 8d]
hectornino: checks
AzureCaper: bets $3
hectornino: folds
Uncalled bet ($3) returned to AzureCaper
AzureCaper collected $11.76 from pot
AzureCaper: doesn't show hand
*** SUMMARY ***
Total pot $12 | Rake $0.24
Board [Ah Qc 8d]
Seat 3: hectornino (big blind) folded on the Flop
Seat 4: AzureCaper (button) (small blind) collected ($11.76)


PokerStars Hand #150983421854:  Hold'em Limit ($3/$6 USD) - 2016/03/26 19:08:12 ET
Table 'Hilda' 6-max Seat #3 is the button
Seat 3: hectornino ($62.82 in chips)
Seat 4: AzureCaper ($104.54 in chips)
hectornino: posts small blind $1
AzureCaper: posts big blind $3
*** HOLE CARDS ***
hectornino: calls $2
AzureCaper: checks
*** FLOP *** [4s 7s 8c]
AzureCaper: checks
hectornino: bets $3
AzureCaper: folds
Uncalled bet ($3) returned to hectornino
hectornino collected $5.88 from pot
*** SUMMARY ***
Total pot $6 | Rake $0.12
Board [4s 7s 8c]
Seat 3: hectornino (button) (small blind) collected ($5.88)
Seat 4: AzureCaper (big blind) folded on the Flop


PokerStars Hand #150983416474:  Hold'em Limit ($3/$6 USD) - 2016/03/26 19:08:05 ET
Table 'Hilda' 6-max Seat #4 is the button
Seat 3: hectornino ($61.82 in chips)
Seat 4: AzureCaper ($105.54 in chips)
AzureCaper: posts small blind $1
hectornino: posts big blind $3
*** HOLE CARDS ***
AzureCaper: folds
Uncalled bet ($2) returned to hectornino
hectornino collected $2 from pot
*** SUMMARY ***
Total pot $2 | Rake $0
Seat 3: hectornino (big blind) collected ($2)
Seat 4: AzureCaper (button) (small blind) folded before Flop


PokerStars Hand #150983411721:  Hold'em Limit ($3/$6 USD) - 2016/03/26 19:07:59 ET
Table 'Hilda' 6-max Seat #3 is the button
Seat 3: hectornino ($62.82 in chips)
Seat 4: AzureCaper ($104.54 in chips)
hectornino: posts small blind $1
AzureCaper: posts big blind $3
*** HOLE CARDS ***
hectornino: folds
Uncalled bet ($2) returned to AzureCaper
AzureCaper collected $2 from pot
AzureCaper: doesn't show hand
*** SUMMARY ***
Total pot $2 | Rake $0
Seat 3: hectornino (button) (small blind) folded before Flop
Seat 4: AzureCaper (big blind) collected ($2)


PokerStars Hand #150983406103:  Hold'em Limit ($3/$6 USD) - 2016/03/26 19:07:52 ET
Table 'Hilda' 6-max Seat #4 is the button
Seat 3: hectornino ($65.82 in chips)
Seat 4: AzureCaper ($101.54 in chips)
AzureCaper: posts small blind $1
hectornino: posts big blind $3
*** HOLE CARDS ***
AzureCaper: raises $3 to $6
hectornino: folds
Uncalled bet ($3) returned to AzureCaper
AzureCaper collected $6 from pot
AzureCaper: doesn't show hand
*** SUMMARY ***
Total pot $6 | Rake $0
Seat 3: hectornino (big blind) folded before Flop
Seat 4: AzureCaper (button) (small blind) collected ($6)


PokerStars Hand #150983491753:  Hold'em Limit ($3/$6 USD) - 2016/03/26 19:09:34 ET
Table 'Hilda' 6-max Seat #4 is the button
Seat 3: hectornino ($63.46 in chips)
Seat 4: AzureCaper ($103.18 in chips)
AzureCaper: posts small blind $1
hectornino: posts big blind $3
*** HOLE CARDS ***
AzureCaper: folds
Uncalled bet ($2) returned to hectornino
hectornino collected $2 from pot
*** SUMMARY ***
Total pot $2 | Rake $0
Seat 3: hectornino (big blind) collected ($2)
Seat 4: AzureCaper (button) (small blind) folded before Flop


PokerStars Hand #150983487639:  Hold'em Limit ($3/$6 USD) - 2016/03/26 19:09:29 ET
Table 'Hilda' 6-max Seat #3 is the button
Seat 3: hectornino ($64.46 in chips)
Seat 4: AzureCaper ($102.18 in chips)
hectornino: posts small blind $1
AzureCaper: posts big blind $3
*** HOLE CARDS ***
hectornino: folds
Uncalled bet ($2) returned to AzureCaper
AzureCaper collected $2 from pot
AzureCaper: doesn't show hand
*** SUMMARY ***
Total pot $2 | Rake $0
Seat 3: hectornino (button) (small blind) folded before Flop
Seat 4: AzureCaper (big blind) collected ($2)


PokerStars Hand #150983482897:  Hold'em Limit ($3/$6 USD) - 2016/03/26 19:09:23 ET
Table 'Hilda' 6-max Seat #4 is the button
Seat 3: hectornino ($63.46 in chips)
Seat 4: AzureCaper ($103.18 in chips)
AzureCaper: posts small blind $1
hectornino: posts big blind $3
*** HOLE CARDS ***
AzureCaper: folds
Uncalled bet ($2) returned to hectornino
hectornino collected $2 from pot
*** SUMMARY ***
Total pot $2 | Rake $0
Seat 3: hectornino (big blind) collected ($2)
Seat 4: AzureCaper (button) (small blind) folded before Flop


PokerStars Hand #150983456895:  Hold'em Limit ($3/$6 USD) - 2016/03/26 19:08:56 ET
Table 'Hilda' 6-max Seat #3 is the button
Seat 3: hectornino ($66.46 in chips)
Seat 4: AzureCaper ($100.30 in chips)
hectornino: posts small blind $1
AzureCaper: posts big blind $3
*** HOLE CARDS ***
hectornino: calls $2
AzureCaper: checks
*** FLOP *** [6s 6d Jd]
AzureCaper: checks
hectornino: checks
*** TURN *** [6s 6d Jd] [6c]
AzureCaper: checks
hectornino: checks
*** RIVER *** [6s 6d Jd 6c] [Kh]
AzureCaper: checks
hectornino: checks
*** SHOW DOWN ***
AzureCaper: shows [4c As] (three of a kind, Sixes)
hectornino: mucks hand
AzureCaper collected $5.88 from pot
*** SUMMARY ***
Total pot $6 | Rake $0.12
Board [6s 6d Jd 6c Kh]
Seat 3: hectornino (button) (small blind) mucked
Seat 4: AzureCaper (big blind) showed [4c As] and won ($5.88) with three of a kind, Sixes


PokerStars Hand #150983554649:  Hold'em Limit ($3/$6 USD) - 2016/03/26 19:10:51 ET
Table 'Hilda' 6-max Seat #4 is the button
Seat 3: hectornino ($72.96 in chips)
Seat 4: AzureCaper ($92.58 in chips)
AzureCaper: posts small blind $1
hectornino: posts big blind $3
*** HOLE CARDS ***
AzureCaper: folds
Uncalled bet ($2) returned to hectornino
hectornino collected $2 from pot
*** SUMMARY ***
Total pot $2 | Rake $0
Seat 3: hectornino (big blind) collected ($2)
Seat 4: AzureCaper (button) (small blind) folded before Flop


PokerStars Hand #150983534010:  Hold'em Limit ($3/$6 USD) - 2016/03/26 19:10:26 ET
Table 'Hilda' 6-max Seat #3 is the button
Seat 3: hectornino ($49.46 in chips)
Seat 4: AzureCaper ($116.58 in chips)
hectornino: posts small blind $1
AzureCaper: posts big blind $3
*** HOLE CARDS ***
hectornino: raises $3 to $6
AzureCaper: calls $3
*** FLOP *** [7c 6d 3d]
AzureCaper: checks
hectornino: bets $3
AzureCaper: raises $3 to $6
hectornino: calls $3
*** TURN *** [7c 6d 3d] [3c]
AzureCaper: bets $6
hectornino: calls $6
*** RIVER *** [7c 6d 3d 3c] [Jh]
AzureCaper: bets $6
hectornino: raises $6 to $12
AzureCaper: folds
Uncalled bet ($6) returned to hectornino
hectornino collected $47.50 from pot
*** SUMMARY ***
Total pot $48 | Rake $0.50
Board [7c 6d 3d 3c Jh]
Seat 3: hectornino (button) (small blind) collected ($47.50)
Seat 4: AzureCaper (big blind) folded on the River


PokerStars Hand #150983530217:  Hold'em Limit ($3/$6 USD) - 2016/03/26 19:10:21 ET
Table 'Hilda' 6-max Seat #4 is the button
Seat 3: hectornino ($48.46 in chips)
Seat 4: AzureCaper ($117.58 in chips)
AzureCaper: posts small blind $1
hectornino: posts big blind $3
*** HOLE CARDS ***
AzureCaper: folds
Uncalled bet ($2) returned to hectornino
hectornino collected $2 from pot
*** SUMMARY ***
Total pot $2 | Rake $0
Seat 3: hectornino (big blind) collected ($2)
Seat 4: AzureCaper (button) (small blind) folded before Flop


PokerStars Hand #150983526187:  Hold'em Limit ($3/$6 USD) - 2016/03/26 19:10:16 ET
Table 'Hilda' 6-max Seat #3 is the button
Seat 3: hectornino ($49.46 in chips)
Seat 4: AzureCaper ($116.58 in chips)
hectornino: posts small blind $1
AzureCaper: posts big blind $3
*** HOLE CARDS ***
hectornino: folds
Uncalled bet ($2) returned to AzureCaper
AzureCaper collected $2 from pot
AzureCaper: doesn't show hand
*** SUMMARY ***
Total pot $2 | Rake $0
Seat 3: hectornino (button) (small blind) folded before Flop
Seat 4: AzureCaper (big blind) collected ($2)


PokerStars Hand #150983513728:  Hold'em Limit ($3/$6 USD) - 2016/03/26 19:10:00 ET
Table 'Hilda' 6-max Seat #4 is the button
Seat 3: hectornino ($55.46 in chips)
Seat 4: AzureCaper ($110.82 in chips)
AzureCaper: posts small blind $1
hectornino: posts big blind $3
*** HOLE CARDS ***
AzureCaper: raises $3 to $6
hectornino: calls $3
*** FLOP *** [4c Ac 6h]
hectornino: checks
AzureCaper: bets $3
hectornino: folds
Uncalled bet ($3) returned to AzureCaper
AzureCaper collected $11.76 from pot
AzureCaper: doesn't show hand
*** SUMMARY ***
Total pot $12 | Rake $0.24
Board [4c Ac 6h]
Seat 3: hectornino (big blind) folded on the Flop
Seat 4: AzureCaper (button) (small blind) collected ($11.76)


PokerStars Hand #150983495782:  Hold'em Limit ($3/$6 USD) - 2016/03/26 19:09:39 ET
Table 'Hilda' 6-max Seat #3 is the button
Seat 3: hectornino ($64.46 in chips)
Seat 4: AzureCaper ($102.18 in chips)
hectornino: posts small blind $1
AzureCaper: posts big blind $3
*** HOLE CARDS ***
hectornino: raises $3 to $6
AzureCaper: raises $3 to $9
hectornino: calls $3
*** FLOP *** [5h 2c 8s]
AzureCaper: bets $3
hectornino: folds
Uncalled bet ($3) returned to AzureCaper
AzureCaper collected $17.64 from pot
AzureCaper: doesn't show hand
*** SUMMARY ***
Total pot $18 | Rake $0.36
Board [5h 2c 8s]
Seat 3: hectornino (button) (small blind) folded on the Flop
Seat 4: AzureCaper (big blind) collected ($17.64)


PokerStars Hand #150983590411:  Hold'em Limit ($3/$6 USD) - 2016/03/26 19:11:36 ET
Table 'Hilda' 6-max Seat #3 is the button
Seat 3: hectornino ($89.46 in chips)
Seat 4: AzureCaper ($75.58 in chips)
hectornino: posts small blind $1
AzureCaper: posts big blind $3
*** HOLE CARDS ***
hectornino: calls $2
AzureCaper: raises $3 to $6
hectornino: calls $3
*** FLOP *** [9s Js Jc]
AzureCaper: bets $3
hectornino: calls $3
*** TURN *** [9s Js Jc] [7s]
AzureCaper: bets $6
hectornino: raises $6 to $12
AzureCaper: calls $6
*** RIVER *** [9s Js Jc 7s] [2h]
AzureCaper: checks
hectornino: bets $6
AzureCaper: calls $6
*** SHOW DOWN ***
hectornino: shows [Qs 2s] (a flush, Queen high)
AzureCaper: mucks hand
hectornino collected $53.50 from pot
*** SUMMARY ***
Total pot $54 | Rake $0.50
Board [9s Js Jc 7s 2h]
Seat 3: hectornino (button) (small blind) showed [Qs 2s] and won ($53.50) with a flush, Queen high
Seat 4: AzureCaper (big blind) mucked


PokerStars Hand #150983585724:  Hold'em Limit ($3/$6 USD) - 2016/03/26 19:11:30 ET
Table 'Hilda' 6-max Seat #4 is the button
Seat 3: hectornino ($88.46 in chips)
Seat 4: AzureCaper ($76.58 in chips)
AzureCaper: posts small blind $1
hectornino: posts big blind $3
*** HOLE CARDS ***
AzureCaper: folds
Uncalled bet ($2) returned to hectornino
hectornino collected $2 from pot
*** SUMMARY ***
Total pot $2 | Rake $0
Seat 3: hectornino (big blind) collected ($2)
Seat 4: AzureCaper (button) (small blind) folded before Flop


PokerStars Hand #150983578053:  Hold'em Limit ($3/$6 USD) - 2016/03/26 19:11:20 ET
Table 'Hilda' 6-max Seat #3 is the button
Seat 3: hectornino ($89.46 in chips)
Seat 4: AzureCaper ($75.58 in chips)
hectornino: posts small blind $1
AzureCaper: posts big blind $3
*** HOLE CARDS ***
hectornino: folds
Uncalled bet ($2) returned to AzureCaper
AzureCaper collected $2 from pot
AzureCaper: doesn't show hand
*** SUMMARY ***
Total pot $2 | Rake $0
Seat 3: hectornino (button) (small blind) folded before Flop
Seat 4: AzureCaper (big blind) collected ($2)


PokerStars Hand #150983573995:  Hold'em Limit ($3/$6 USD) - 2016/03/26 19:11:15 ET
Table 'Hilda' 6-max Seat #4 is the button
Seat 3: hectornino ($88.46 in chips)
Seat 4: AzureCaper ($76.58 in chips)
AzureCaper: posts small blind $1
hectornino: posts big blind $3
*** HOLE CARDS ***
AzureCaper: folds
Uncalled bet ($2) returned to hectornino
hectornino collected $2 from pot
*** SUMMARY ***
Total pot $2 | Rake $0
Seat 3: hectornino (big blind) collected ($2)
Seat 4: AzureCaper (button) (small blind) folded before Flop


PokerStars Hand #150983558749:  Hold'em Limit ($3/$6 USD) - 2016/03/26 19:10:56 ET
Table 'Hilda' 6-max Seat #3 is the button
Seat 3: hectornino ($73.96 in chips)
Seat 4: AzureCaper ($91.58 in chips)
hectornino: posts small blind $1
AzureCaper: posts big blind $3
*** HOLE CARDS ***
hectornino: raises $3 to $6
AzureCaper: calls $3
*** FLOP *** [6h 6c 7d]
AzureCaper: checks
hectornino: bets $3
AzureCaper: calls $3
*** TURN *** [6h 6c 7d] [Qs]
AzureCaper: checks
hectornino: bets $6
AzureCaper: calls $6
*** RIVER *** [6h 6c 7d Qs] [Jc]
AzureCaper: checks
hectornino: checks
*** SHOW DOWN ***
AzureCaper: shows [Kd Th] (a pair of Sixes)
hectornino: shows [3h 3d] (two pair, Sixes and Threes)
hectornino collected $29.50 from pot
*** SUMMARY ***
Total pot $30 | Rake $0.50
Board [6h 6c 7d Qs Jc]
Seat 3: hectornino (button) (small blind) showed [3h 3d] and won ($29.50) with two pair, Sixes and Threes
Seat 4: AzureCaper (big blind) showed [Kd Th] and lost with a pair of Sixes


PokerStars Hand #150983631916:  Hold'em Limit ($3/$6 USD) - 2016/03/26 19:12:28 ET
Table 'Hilda' 6-max Seat #4 is the button
Seat 3: hectornino ($122.48 in chips)
Seat 4: AzureCaper ($73 in chips)
AzureCaper: posts small blind $1
hectornino: posts big blind $3
*** HOLE CARDS ***
AzureCaper: raises $3 to $6
hectornino: folds
Uncalled bet ($3) returned to AzureCaper
AzureCaper collected $6 from pot
AzureCaper: doesn't show hand
*** SUMMARY ***
Total pot $6 | Rake $0
Seat 3: hectornino (big blind) folded before Flop
Seat 4: AzureCaper (button) (small blind) collected ($6)


PokerStars Hand #150983627959:  Hold'em Limit ($3/$6 USD) - 2016/03/26 19:12:23 ET
Table 'Hilda' 6-max Seat #3 is the button
Seat 3: hectornino ($123.48 in chips)
Seat 4: AzureCaper ($72 in chips)
hectornino: posts small blind $1
AzureCaper: posts big blind $3
*** HOLE CARDS ***
hectornino: folds
Uncalled bet ($2) returned to AzureCaper
AzureCaper collected $2 from pot
AzureCaper: doesn't show hand
*** SUMMARY ***
Total pot $2 | Rake $0
Seat 3: hectornino (button) (small blind) folded before Flop
Seat 4: AzureCaper (big blind) collected ($2)


PokerStars Hand #150983616734:  Hold'em Limit ($3/$6 USD) - 2016/03/26 19:12:09 ET
Table 'Hilda' 6-max Seat #4 is the button
Seat 3: hectornino ($111.96 in chips)
Seat 4: AzureCaper ($76 in chips)
AzureCaper: posts small blind $1
hectornino: posts big blind $3
*** HOLE CARDS ***
AzureCaper: raises $3 to $6
hectornino: calls $3
*** FLOP *** [6d 3h 9d]
hectornino: checks
AzureCaper: bets $3
hectornino: raises $3 to $6
AzureCaper: calls $3
*** TURN *** [6d 3h 9d] [Qh]
hectornino: bets $6
AzureCaper: folds
Uncalled bet ($6) returned to hectornino
hectornino collected $23.52 from pot
*** SUMMARY ***
Total pot $24 | Rake $0.48
Board [6d 3h 9d Qh]
Seat 3: hectornino (big blind) collected ($23.52)
Seat 4: AzureCaper (button) (small blind) folded on the Turn


PokerStars Hand #150983612409:  Hold'em Limit ($3/$6 USD) - 2016/03/26 19:12:03 ET
Table 'Hilda' 6-max Seat #3 is the button
Seat 3: hectornino ($112.96 in chips)
Seat 4: AzureCaper ($75 in chips)
hectornino: posts small blind $1
AzureCaper: posts big blind $3
*** HOLE CARDS ***
hectornino: folds
Uncalled bet ($2) returned to AzureCaper
AzureCaper collected $2 from pot
AzureCaper: doesn't show hand
*** SUMMARY ***
Total pot $2 | Rake $0
Seat 3: hectornino (button) (small blind) folded before Flop
Seat 4: AzureCaper (big blind) collected ($2)


PokerStars Hand #150983607620:  Hold'em Limit ($3/$6 USD) - 2016/03/26 19:11:57 ET
Table 'Hilda' 6-max Seat #4 is the button
Seat 3: hectornino ($115.96 in chips)
Seat 4: AzureCaper ($72 in chips)
AzureCaper: posts small blind $1
hectornino: posts big blind $3
*** HOLE CARDS ***
AzureCaper: raises $3 to $6
hectornino: folds
Uncalled bet ($3) returned to AzureCaper
AzureCaper collected $6 from pot
AzureCaper: doesn't show hand
*** SUMMARY ***
Total pot $6 | Rake $0
Seat 3: hectornino (big blind) folded before Flop
Seat 4: AzureCaper (button) (small blind) collected ($6)


PokerStars Hand #150983678677:  Hold'em Limit ($3/$6 USD) - 2016/03/26 19:13:27 ET
Table 'Hilda' 6-max Seat #3 is the button
Seat 3: hectornino ($127.98 in chips)
Seat 4: AzureCaper ($86.50 in chips)
hectornino: posts small blind $1
AzureCaper: posts big blind $3
*** HOLE CARDS ***
hectornino: folds
Uncalled bet ($2) returned to AzureCaper
AzureCaper collected $2 from pot
AzureCaper: doesn't show hand
*** SUMMARY ***
Total pot $2 | Rake $0
Seat 3: hectornino (button) (small blind) folded before Flop
Seat 4: AzureCaper (big blind) collected ($2)


PokerStars Hand #150983666238:  Hold'em Limit ($3/$6 USD) - 2016/03/26 19:13:11 ET
Table 'Hilda' 6-max Seat #4 is the button
Seat 3: hectornino ($142.98 in chips)
Seat 4: AzureCaper ($72 in chips)
AzureCaper: posts small blind $1
hectornino: posts big blind $3
*** HOLE CARDS ***
AzureCaper: raises $3 to $6
hectornino: calls $3
*** FLOP *** [5h Ah As]
hectornino: checks
AzureCaper: bets $3
hectornino: calls $3
*** TURN *** [5h Ah As] [Jh]
hectornino: checks
AzureCaper: checks
*** RIVER *** [5h Ah As Jh] [Kh]
hectornino: checks
AzureCaper: bets $6
hectornino: calls $6
*** SHOW DOWN ***
AzureCaper: shows [9h Qd] (a flush, Ace high)
hectornino: mucks hand
AzureCaper collected $29.50 from pot
*** SUMMARY ***
Total pot $30 | Rake $0.50
Board [5h Ah As Jh Kh]
Seat 3: hectornino (big blind) mucked
Seat 4: AzureCaper (button) (small blind) showed [9h Qd] and won ($29.50) with a flush, Ace high


PokerStars Hand #150983641196:  Hold'em Limit ($3/$6 USD) - 2016/03/26 19:12:40 ET
Table 'Hilda' 6-max Seat #3 is the button
Seat 3: hectornino ($119.48 in chips)
Seat 4: AzureCaper ($76 in chips)
hectornino: posts small blind $1
AzureCaper: posts big blind $3
*** HOLE CARDS ***
hectornino: raises $3 to $6
AzureCaper: raises $3 to $9
hectornino: calls $3
*** FLOP *** [Ks 7d 9c]
AzureCaper: bets $3
hectornino: calls $3
*** TURN *** [Ks 7d 9c] [Kc]
AzureCaper: bets $6
hectornino: calls $6
*** RIVER *** [Ks 7d 9c Kc] [Ad]
AzureCaper: bets $6
hectornino: calls $6
*** SHOW DOWN ***
AzureCaper: shows [Qs Tc] (a pair of Kings)
hectornino: shows [Ac 9s] (two pair, Aces and Kings)
hectornino collected $47.50 from pot
*** SUMMARY ***
Total pot $48 | Rake $0.50
Board [Ks 7d 9c Kc Ad]
Seat 3: hectornino (button) (small blind) showed [Ac 9s] and won ($47.50) with two pair, Aces and Kings
Seat 4: AzureCaper (big blind) showed [Qs Tc] and lost with a pair of Kings


PokerStars Hand #150983745563:  Hold'em Limit ($3/$6 USD) - 2016/03/26 19:14:52 ET
Table 'Hilda' 6-max Seat #4 is the button
Seat 3: hectornino ($123.48 in chips)
Seat 4: AzureCaper ($90 in chips)
AzureCaper: posts small blind $1
hectornino: posts big blind $3
*** HOLE CARDS ***
AzureCaper: raises $3 to $6
hectornino: folds
Uncalled bet ($3) returned to AzureCaper
AzureCaper collected $6 from pot
AzureCaper: doesn't show hand
*** SUMMARY ***
Total pot $6 | Rake $0
Seat 3: hectornino (big blind) folded before Flop
Seat 4: AzureCaper (button) (small blind) collected ($6)


PokerStars Hand #150983716890:  Hold'em Limit ($3/$6 USD) - 2016/03/26 19:14:15 ET
Table 'Hilda' 6-max Seat #3 is the button
Seat 3: hectornino ($105.98 in chips)
Seat 4: AzureCaper ($108 in chips)
hectornino: posts small blind $1
AzureCaper: posts big blind $3
*** HOLE CARDS ***
hectornino: raises $3 to $6
AzureCaper: calls $3
*** FLOP *** [Qd 9h 9c]
AzureCaper: checks
hectornino: bets $3
AzureCaper: raises $3 to $6
hectornino: calls $3
*** TURN *** [Qd 9h 9c] [6d]
AzureCaper: bets $6
hectornino: raises $6 to $12
AzureCaper: folds
Uncalled bet ($6) returned to hectornino
hectornino collected $35.50 from pot
*** SUMMARY ***
Total pot $36 | Rake $0.50
Board [Qd 9h 9c 6d]
Seat 3: hectornino (button) (small blind) collected ($35.50)
Seat 4: AzureCaper (big blind) folded on the Turn


PokerStars Hand #150983692751:  Hold'em Limit ($3/$6 USD) - 2016/03/26 19:13:45 ET
Table 'Hilda' 6-max Seat #4 is the button
Seat 3: hectornino ($126.98 in chips)
Seat 4: AzureCaper ($87.50 in chips)
AzureCaper: posts small blind $1
hectornino: posts big blind $3
*** HOLE CARDS ***
AzureCaper: raises $3 to $6
hectornino: calls $3
*** FLOP *** [9c 8h 2c]
hectornino: checks
AzureCaper: bets $3
hectornino: calls $3
*** TURN *** [9c 8h 2c] [9h]
hectornino: checks
AzureCaper: bets $6
hectornino: calls $6
*** RIVER *** [9c 8h 2c 9h] [Qs]
hectornino: checks
AzureCaper: bets $6
hectornino: calls $6
*** SHOW DOWN ***
AzureCaper: shows [Ad 9s] (three of a kind, Nines)
hectornino: mucks hand
AzureCaper collected $41.50 from pot
*** SUMMARY ***
Total pot $42 | Rake $0.50
Board [9c 8h 2c 9h Qs]
Seat 3: hectornino (big blind) mucked
Seat 4: AzureCaper (button) (small blind) showed [Ad 9s] and won ($41.50) with three of a kind, Nines


PokerStars Hand #150983786786:  Hold'em Limit ($3/$6 USD) - 2016/03/26 19:15:44 ET
Table 'Hilda' 6-max Seat #3 is the button
Seat 3: hectornino ($111.98 in chips)
Seat 4: AzureCaper ($100.50 in chips)
hectornino: posts small blind $1
AzureCaper: posts big blind $3
*** HOLE CARDS ***
hectornino: folds
Uncalled bet ($2) returned to AzureCaper
AzureCaper collected $2 from pot
AzureCaper: doesn't show hand
*** SUMMARY ***
Total pot $2 | Rake $0
Seat 3: hectornino (button) (small blind) folded before Flop
Seat 4: AzureCaper (big blind) collected ($2)


PokerStars Hand #150983782195:  Hold'em Limit ($3/$6 USD) - 2016/03/26 19:15:38 ET
Table 'Hilda' 6-max Seat #4 is the button
Seat 3: hectornino ($110.98 in chips)
Seat 4: AzureCaper ($101.50 in chips)
AzureCaper: posts small blind $1
hectornino: posts big blind $3
*** HOLE CARDS ***
AzureCaper: folds
Uncalled bet ($2) returned to hectornino
hectornino collected $2 from pot
*** SUMMARY ***
Total pot $2 | Rake $0
Seat 3: hectornino (big blind) collected ($2)
Seat 4: AzureCaper (button) (small blind) folded before Flop


PokerStars Hand #150983770025:  Hold'em Limit ($3/$6 USD) - 2016/03/26 19:15:22 ET
Table 'Hilda' 6-max Seat #3 is the button
Seat 3: hectornino ($93.48 in chips)
Seat 4: AzureCaper ($119.50 in chips)
hectornino: posts small blind $1
AzureCaper: posts big blind $3
*** HOLE CARDS ***
hectornino: raises $3 to $6
AzureCaper: calls $3
*** FLOP *** [5c Ad 5d]
AzureCaper: checks
hectornino: bets $3
AzureCaper: raises $3 to $6
hectornino: calls $3
*** TURN *** [5c Ad 5d] [5h]
AzureCaper: bets $6
hectornino: raises $6 to $12
AzureCaper: folds
Uncalled bet ($6) returned to hectornino
hectornino collected $35.50 from pot
*** SUMMARY ***
Total pot $36 | Rake $0.50
Board [5c Ad 5d 5h]
Seat 3: hectornino (button) (small blind) collected ($35.50)
Seat 4: AzureCaper (big blind) folded on the Turn


PokerStars Hand #150983765160:  Hold'em Limit ($3/$6 USD) - 2016/03/26 19:15:16 ET
Table 'Hilda' 6-max Seat #4 is the button
Seat 3: hectornino ($96.48 in chips)
Seat 4: AzureCaper ($116.50 in chips)
AzureCaper: posts small blind $1
hectornino: posts big blind $3
*** HOLE CARDS ***
AzureCaper: raises $3 to $6
hectornino: folds
Uncalled bet ($3) returned to AzureCaper
AzureCaper collected $6 from pot
AzureCaper: doesn't show hand
*** SUMMARY ***
Total pot $6 | Rake $0
Seat 3: hectornino (big blind) folded before Flop
Seat 4: AzureCaper (button) (small blind) collected ($6)


PokerStars Hand #150983751220:  Hold'em Limit ($3/$6 USD) - 2016/03/26 19:14:59 ET
Table 'Hilda' 6-max Seat #3 is the button
Seat 3: hectornino ($120.48 in chips)
Seat 4: AzureCaper ($93 in chips)
hectornino: posts small blind $1
AzureCaper: posts big blind $3
*** HOLE CARDS ***
hectornino: raises $3 to $6
AzureCaper: raises $3 to $9
hectornino: calls $3
*** FLOP *** [2c Td 2d]
AzureCaper: bets $3
hectornino: calls $3
*** TURN *** [2c Td 2d] [5s]
AzureCaper: bets $6
hectornino: calls $6
*** RIVER *** [2c Td 2d 5s] [Kd]
AzureCaper: bets $6
hectornino: calls $6
*** SHOW DOWN ***
AzureCaper: shows [Jc Jd] (two pair, Jacks and Deuces)
hectornino: mucks hand
AzureCaper collected $47.50 from pot
*** SUMMARY ***
Total pot $48 | Rake $0.50
Board [2c Td 2d 5s Kd]
Seat 3: hectornino (button) (small blind) mucked
Seat 4: AzureCaper (big blind) showed [Jc Jd] and won ($47.50) with two pair, Jacks and Deuces


PokerStars Hand #150983841169:  Hold'em Limit ($3/$6 USD) - 2016/03/26 19:16:53 ET
Table 'Hilda' 6-max Seat #3 is the button
Seat 3: hectornino ($95.26 in chips)
Seat 4: AzureCaper ($116 in chips)
hectornino: posts small blind $1
AzureCaper: posts big blind $3
*** HOLE CARDS ***
hectornino: folds
Uncalled bet ($2) returned to AzureCaper
AzureCaper collected $2 from pot
AzureCaper: doesn't show hand
*** SUMMARY ***
Total pot $2 | Rake $0
Seat 3: hectornino (button) (small blind) folded before Flop
Seat 4: AzureCaper (big blind) collected ($2)


PokerStars Hand #150983825418:  Hold'em Limit ($3/$6 USD) - 2016/03/26 19:16:33 ET
Table 'Hilda' 6-max Seat #4 is the button
Seat 3: hectornino ($83.74 in chips)
Seat 4: AzureCaper ($128 in chips)
AzureCaper: posts small blind $1
hectornino: posts big blind $3
*** HOLE CARDS ***
AzureCaper: raises $3 to $6
hectornino: raises $3 to $9
AzureCaper: calls $3
*** FLOP *** [As 8d 9s]
hectornino: bets $3
AzureCaper: calls $3
*** TURN *** [As 8d 9s] [Kd]
hectornino: bets $6
AzureCaper: folds
Uncalled bet ($6) returned to hectornino
hectornino collected $23.52 from pot
*** SUMMARY ***
Total pot $24 | Rake $0.48
Board [As 8d 9s Kd]
Seat 3: hectornino (big blind) collected ($23.52)
Seat 4: AzureCaper (button) (small blind) folded on the Turn


PokerStars Hand #150983790744:  Hold'em Limit ($3/$6 USD) - 2016/03/26 19:15:49 ET
Table 'Hilda' 6-max Seat #4 is the button
Seat 3: hectornino ($110.98 in chips)
Seat 4: AzureCaper ($101.50 in chips)
AzureCaper: posts small blind $1
hectornino: posts big blind $3
*** HOLE CARDS ***
AzureCaper: raises $3 to $6
hectornino: calls $3
*** FLOP *** [Qc 6s 8h]
hectornino: checks
AzureCaper: bets $3
hectornino: calls $3
*** TURN *** [Qc 6s 8h] [3h]
hectornino: checks
AzureCaper: bets $6
hectornino: raises $6 to $12
AzureCaper: raises $6 to $18
hectornino: calls $6
*** RIVER *** [Qc 6s 8h 3h] [Ts]
hectornino: checks
AzureCaper: bets $6
hectornino: calls $6
*** SHOW DOWN ***
AzureCaper: shows [3c 3d] (three of a kind, Threes)
hectornino: mucks hand
AzureCaper collected $65.50 from pot
*** SUMMARY ***
Total pot $66 | Rake $0.50
Board [Qc 6s 8h 3h Ts]
Seat 3: hectornino (big blind) mucked
Seat 4: AzureCaper (button) (small blind) showed [3c 3d] and won ($65.50) with three of a kind, Threes


PokerStars Hand #150983814350:  Hold'em Limit ($3/$6 USD) - 2016/03/26 19:16:19 ET
Table 'Hilda' 6-max Seat #3 is the button
Seat 3: hectornino ($77.98 in chips)
Seat 4: AzureCaper ($134 in chips)
hectornino: posts small blind $1
AzureCaper: posts big blind $3
*** HOLE CARDS ***
hectornino: calls $2
AzureCaper: checks
*** FLOP *** [As 9d 3c]
AzureCaper: checks
hectornino: bets $3
AzureCaper: calls $3
*** TURN *** [As 9d 3c] [Td]
AzureCaper: checks
hectornino: bets $6
AzureCaper: folds
Uncalled bet ($6) returned to hectornino
hectornino collected $11.76 from pot
*** SUMMARY ***
Total pot $12 | Rake $0.24
Board [As 9d 3c Td]
Seat 3: hectornino (button) (small blind) collected ($11.76)
Seat 4: AzureCaper (big blind) folded on the Turn


PokerStars Hand #150983844839:  Hold'em Limit ($3/$6 USD) - 2016/03/26 19:16:58 ET
Table 'Hilda' 6-max Seat #4 is the button
Seat 3: hectornino ($94.26 in chips)
Seat 4: AzureCaper ($117 in chips)
AzureCaper: posts small blind $1
hectornino: posts big blind $3
*** HOLE CARDS ***
AzureCaper: folds
Uncalled bet ($2) returned to hectornino
hectornino collected $2 from pot
*** SUMMARY ***
Total pot $2 | Rake $0
Seat 3: hectornino (big blind) collected ($2)
Seat 4: AzureCaper (button) (small blind) folded before Flop


PokerStars Hand #150983848349:  Hold'em Limit ($3/$6 USD) - 2016/03/26 19:17:03 ET
Table 'Hilda' 6-max Seat #3 is the button
Seat 3: hectornino ($95.26 in chips)
Seat 4: AzureCaper ($116 in chips)
hectornino: posts small blind $1
AzureCaper: posts big blind $3
*** HOLE CARDS ***
hectornino: calls $2
AzureCaper: checks
*** FLOP *** [6c Qs Td]
AzureCaper: checks
hectornino: bets $3
AzureCaper: calls $3
*** TURN *** [6c Qs Td] [Kd]
AzureCaper: checks
hectornino: bets $6
AzureCaper: calls $6
*** RIVER *** [6c Qs Td Kd] [8h]
AzureCaper: checks
hectornino: checks
*** SHOW DOWN ***
AzureCaper: shows [6h Js] (a pair of Sixes)
hectornino: mucks hand
AzureCaper collected $23.52 from pot
*** SUMMARY ***
Total pot $24 | Rake $0.48
Board [6c Qs Td Kd 8h]
Seat 3: hectornino (button) (small blind) mucked
Seat 4: AzureCaper (big blind) showed [6h Js] and won ($23.52) with a pair of Sixes


PokerStars Hand #150983860536:  Hold'em Limit ($3/$6 USD) - 2016/03/26 19:17:18 ET
Table 'Hilda' 6-max Seat #4 is the button
Seat 3: hectornino ($83.26 in chips)
Seat 4: AzureCaper ($127.52 in chips)
AzureCaper: posts small blind $1
hectornino: posts big blind $3
*** HOLE CARDS ***
AzureCaper: raises $3 to $6
hectornino: folds
Uncalled bet ($3) returned to AzureCaper
AzureCaper collected $6 from pot
AzureCaper: doesn't show hand
*** SUMMARY ***
Total pot $6 | Rake $0
Seat 3: hectornino (big blind) folded before Flop
Seat 4: AzureCaper (button) (small blind) collected ($6)


PokerStars Hand #150983865057:  Hold'em Limit ($3/$6 USD) - 2016/03/26 19:17:24 ET
Table 'Hilda' 6-max Seat #3 is the button
Seat 3: hectornino ($80.26 in chips)
Seat 4: AzureCaper ($130.52 in chips)
hectornino: posts small blind $1
AzureCaper: posts big blind $3
*** HOLE CARDS ***
hectornino: raises $3 to $6
AzureCaper: calls $3
*** FLOP *** [7s 4s Ts]
AzureCaper: checks
hectornino: checks
*** TURN *** [7s 4s Ts] [4h]
AzureCaper: checks
hectornino: checks
*** RIVER *** [7s 4s Ts 4h] [Qc]
AzureCaper: checks
hectornino: checks
*** SHOW DOWN ***
AzureCaper: shows [6c 5d] (a pair of Fours)
hectornino: shows [9c Ac] (a pair of Fours - Ace kicker)
hectornino collected $11.76 from pot
*** SUMMARY ***
Total pot $12 | Rake $0.24
Board [7s 4s Ts 4h Qc]
Seat 3: hectornino (button) (small blind) showed [9c Ac] and won ($11.76) with a pair of Fours
Seat 4: AzureCaper (big blind) showed [6c 5d] and lost with a pair of Fours


PokerStars Hand #150983881139:  Hold'em Limit ($3/$6 USD) - 2016/03/26 19:17:44 ET
Table 'Hilda' 6-max Seat #3 is the button
Seat 3: hectornino ($83.02 in chips)
Seat 4: AzureCaper ($127.52 in chips)
hectornino: posts small blind $1
AzureCaper: posts big blind $3
*** HOLE CARDS ***
hectornino: folds
Uncalled bet ($2) returned to AzureCaper
AzureCaper collected $2 from pot
AzureCaper: doesn't show hand
*** SUMMARY ***
Total pot $2 | Rake $0
Seat 3: hectornino (button) (small blind) folded before Flop
Seat 4: AzureCaper (big blind) collected ($2)


PokerStars Hand #150983876529:  Hold'em Limit ($3/$6 USD) - 2016/03/26 19:17:39 ET
Table 'Hilda' 6-max Seat #4 is the button
Seat 3: hectornino ($86.02 in chips)
Seat 4: AzureCaper ($124.52 in chips)
AzureCaper: posts small blind $1
hectornino: posts big blind $3
*** HOLE CARDS ***
AzureCaper: raises $3 to $6
hectornino: folds
Uncalled bet ($3) returned to AzureCaper
AzureCaper collected $6 from pot
AzureCaper: doesn't show hand
*** SUMMARY ***
Total pot $6 | Rake $0
Seat 3: hectornino (big blind) folded before Flop
Seat 4: AzureCaper (button) (small blind) collected ($6)


PokerStars Hand #150983885237:  Hold'em Limit ($3/$6 USD) - 2016/03/26 19:17:50 ET
Table 'Hilda' 6-max Seat #4 is the button
Seat 3: hectornino ($82.02 in chips)
Seat 4: AzureCaper ($128.52 in chips)
AzureCaper: posts small blind $1
hectornino: posts big blind $3
*** HOLE CARDS ***
AzureCaper: raises $3 to $6
hectornino: folds
Uncalled bet ($3) returned to AzureCaper
AzureCaper collected $6 from pot
AzureCaper: doesn't show hand
*** SUMMARY ***
Total pot $6 | Rake $0
Seat 3: hectornino (big blind) folded before Flop
Seat 4: AzureCaper (button) (small blind) collected ($6)


PokerStars Hand #150983890838:  Hold'em Limit ($3/$6 USD) - 2016/03/26 19:17:57 ET
Table 'Hilda' 6-max Seat #3 is the button
Seat 3: hectornino ($79.02 in chips)
Seat 4: AzureCaper ($131.52 in chips)
hectornino: posts small blind $1
AzureCaper: posts big blind $3
*** HOLE CARDS ***
hectornino: raises $3 to $6
AzureCaper: calls $3
*** FLOP *** [2d Jd Js]
AzureCaper: checks
hectornino: bets $3
AzureCaper: folds
Uncalled bet ($3) returned to hectornino
hectornino collected $11.76 from pot
*** SUMMARY ***
Total pot $12 | Rake $0.24
Board [2d Jd Js]
Seat 3: hectornino (button) (small blind) collected ($11.76)
Seat 4: AzureCaper (big blind) folded on the Flop


PokerStars Hand #150983916960:  Hold'em Limit ($3/$6 USD) - 2016/03/26 19:18:31 ET
Table 'Hilda' 6-max Seat #3 is the button
Seat 3: hectornino ($105.28 in chips)
Seat 4: AzureCaper ($104.52 in chips)
hectornino: posts small blind $1
AzureCaper: posts big blind $3
*** HOLE CARDS ***
hectornino: folds
Uncalled bet ($2) returned to AzureCaper
AzureCaper collected $2 from pot
AzureCaper: doesn't show hand
*** SUMMARY ***
Total pot $2 | Rake $0
Seat 3: hectornino (button) (small blind) folded before Flop
Seat 4: AzureCaper (big blind) collected ($2)


PokerStars Hand #150983902123:  Hold'em Limit ($3/$6 USD) - 2016/03/26 19:18:11 ET
Table 'Hilda' 6-max Seat #4 is the button
Seat 3: hectornino ($84.78 in chips)
Seat 4: AzureCaper ($125.52 in chips)
AzureCaper: posts small blind $1
hectornino: posts big blind $3
*** HOLE CARDS ***
AzureCaper: raises $3 to $6
hectornino: calls $3
*** FLOP *** [Ts Qd 9c]
hectornino: checks
AzureCaper: bets $3
hectornino: calls $3
*** TURN *** [Ts Qd 9c] [6c]
hectornino: checks
AzureCaper: bets $6
hectornino: calls $6
*** RIVER *** [Ts Qd 9c 6c] [6d]
hectornino: bets $6
AzureCaper: calls $6
*** SHOW DOWN ***
hectornino: shows [6s 7c] (three of a kind, Sixes)
AzureCaper: mucks hand
hectornino collected $41.50 from pot
*** SUMMARY ***
Total pot $42 | Rake $0.50
Board [Ts Qd 9c 6c 6d]
Seat 3: hectornino (big blind) showed [6s 7c] and won ($41.50) with three of a kind, Sixes
Seat 4: AzureCaper (button) (small blind) mucked


PokerStars Hand #150983921924:  Hold'em Limit ($3/$6 USD) - 2016/03/26 19:18:37 ET
Table 'Hilda' 6-max Seat #4 is the button
Seat 3: hectornino ($104.28 in chips)
Seat 4: AzureCaper ($105.52 in chips)
AzureCaper: posts small blind $1
hectornino: posts big blind $3
*** HOLE CARDS ***
AzureCaper: raises $3 to $6
hectornino: raises $3 to $9
AzureCaper: calls $3
*** FLOP *** [3c Th Td]
hectornino: bets $3
AzureCaper: calls $3
*** TURN *** [3c Th Td] [5h]
hectornino: bets $6
AzureCaper: folds
Uncalled bet ($6) returned to hectornino
hectornino collected $23.52 from pot
*** SUMMARY ***
Total pot $24 | Rake $0.48
Board [3c Th Td 5h]
Seat 3: hectornino (big blind) collected ($23.52)
Seat 4: AzureCaper (button) (small blind) folded on the Turn


PokerStars Hand #150983940859:  Hold'em Limit ($3/$6 USD) - 2016/03/26 19:19:02 ET
Table 'Hilda' 6-max Seat #3 is the button
Seat 3: hectornino ($115.80 in chips)
Seat 4: AzureCaper ($93.52 in chips)
hectornino: posts small blind $1
AzureCaper: posts big blind $3
*** HOLE CARDS ***
hectornino: calls $2
AzureCaper: raises $3 to $6
hectornino: calls $3
*** FLOP *** [Ah Ks 4d]
AzureCaper: bets $3
hectornino: calls $3
*** TURN *** [Ah Ks 4d] [Kc]
AzureCaper: bets $6
hectornino: folds
Uncalled bet ($6) returned to AzureCaper
AzureCaper collected $17.64 from pot
AzureCaper: doesn't show hand
*** SUMMARY ***
Total pot $18 | Rake $0.36
Board [Ah Ks 4d Kc]
Seat 3: hectornino (button) (small blind) folded on the Turn
Seat 4: AzureCaper (big blind) collected ($17.64)


PokerStars Hand #150983951041:  Hold'em Limit ($3/$6 USD) - 2016/03/26 19:19:15 ET
Table 'Hilda' 6-max Seat #4 is the button
Seat 3: hectornino ($106.80 in chips)
Seat 4: AzureCaper ($102.16 in chips)
AzureCaper: posts small blind $1
hectornino: posts big blind $3
*** HOLE CARDS ***
AzureCaper: raises $3 to $6
hectornino: calls $3
*** FLOP *** [Th Qc Qs]
hectornino: checks
AzureCaper: bets $3
hectornino: folds
Uncalled bet ($3) returned to AzureCaper
AzureCaper collected $11.76 from pot
AzureCaper: doesn't show hand
*** SUMMARY ***
Total pot $12 | Rake $0.24
Board [Th Qc Qs]
Seat 3: hectornino (big blind) folded on the Flop
Seat 4: AzureCaper (button) (small blind) collected ($11.76)


PokerStars Hand #150983958725:  Hold'em Limit ($3/$6 USD) - 2016/03/26 19:19:25 ET
Table 'Hilda' 6-max Seat #3 is the button
Seat 3: hectornino ($100.80 in chips)
Seat 4: AzureCaper ($107.92 in chips)
hectornino: posts small blind $1
AzureCaper: posts big blind $3
*** HOLE CARDS ***
hectornino: raises $3 to $6
AzureCaper: calls $3
*** FLOP *** [Jd 6s 6h]
AzureCaper: checks
hectornino: bets $3
AzureCaper: calls $3
*** TURN *** [Jd 6s 6h] [Tc]
AzureCaper: checks
hectornino: checks
*** RIVER *** [Jd 6s 6h Tc] [Jc]
AzureCaper: bets $6
hectornino: folds
Uncalled bet ($6) returned to AzureCaper
AzureCaper collected $17.64 from pot
AzureCaper: doesn't show hand
*** SUMMARY ***
Total pot $18 | Rake $0.36
Board [Jd 6s 6h Tc Jc]
Seat 3: hectornino (button) (small blind) folded on the River
Seat 4: AzureCaper (big blind) collected ($17.64)


PokerStars Hand #150983987889:  Hold'em Limit ($3/$6 USD) - 2016/03/26 19:20:03 ET
Table 'Hilda' 6-max Seat #3 is the button
Seat 3: hectornino ($67.80 in chips)
Seat 4: AzureCaper ($140.06 in chips)
hectornino: posts small blind $1
AzureCaper: posts big blind $3
*** HOLE CARDS ***
hectornino: folds
Uncalled bet ($2) returned to AzureCaper
AzureCaper collected $2 from pot
AzureCaper: doesn't show hand
*** SUMMARY ***
Total pot $2 | Rake $0
Seat 3: hectornino (button) (small blind) folded before Flop
Seat 4: AzureCaper (big blind) collected ($2)


PokerStars Hand #150983973064:  Hold'em Limit ($3/$6 USD) - 2016/03/26 19:19:44 ET
Table 'Hilda' 6-max Seat #4 is the button
Seat 3: hectornino ($91.80 in chips)
Seat 4: AzureCaper ($116.56 in chips)
AzureCaper: posts small blind $1
hectornino: posts big blind $3
*** HOLE CARDS ***
AzureCaper: raises $3 to $6
hectornino: raises $3 to $9
AzureCaper: calls $3
*** FLOP *** [6s Qs Kh]
hectornino: bets $3
AzureCaper: calls $3
*** TURN *** [6s Qs Kh] [9c]
hectornino: bets $6
AzureCaper: calls $6
*** RIVER *** [6s Qs Kh 9c] [2d]
hectornino: bets $6
AzureCaper: calls $6
*** SHOW DOWN ***
hectornino: shows [Th 8h] (high card King)
AzureCaper: shows [Qd Td] (a pair of Queens)
AzureCaper collected $47.50 from pot
*** SUMMARY ***
Total pot $48 | Rake $0.50
Board [6s Qs Kh 9c 2d]
Seat 3: hectornino (big blind) showed [Th 8h] and lost with high card King
Seat 4: AzureCaper (button) (small blind) showed [Qd Td] and won ($47.50) with a pair of Queens


PokerStars Hand #150983992863:  Hold'em Limit ($3/$6 USD) - 2016/03/26 19:20:09 ET
Table 'Hilda' 6-max Seat #4 is the button
Seat 3: hectornino ($66.80 in chips)
Seat 4: AzureCaper ($141.06 in chips)
AzureCaper: posts small blind $1
hectornino: posts big blind $3
*** HOLE CARDS ***
AzureCaper: folds
Uncalled bet ($2) returned to hectornino
hectornino collected $2 from pot
*** SUMMARY ***
Total pot $2 | Rake $0
Seat 3: hectornino (big blind) collected ($2)
Seat 4: AzureCaper (button) (small blind) folded before Flop


PokerStars Hand #150983996905:  Hold'em Limit ($3/$6 USD) - 2016/03/26 19:20:15 ET
Table 'Hilda' 6-max Seat #3 is the button
Seat 3: hectornino ($67.80 in chips)
Seat 4: AzureCaper ($140.06 in chips)
hectornino: posts small blind $1
AzureCaper: posts big blind $3
*** HOLE CARDS ***
hectornino: raises $3 to $6
AzureCaper: calls $3
*** FLOP *** [Qs 9s 4c]
AzureCaper: checks
hectornino: bets $3
AzureCaper: calls $3
*** TURN *** [Qs 9s 4c] [Jc]
AzureCaper: checks
hectornino: bets $6
AzureCaper: calls $6
*** RIVER *** [Qs 9s 4c Jc] [Td]
AzureCaper: checks
hectornino: checks
*** SHOW DOWN ***
AzureCaper: shows [6s As] (high card Ace)
hectornino: shows [Jh Ad] (a pair of Jacks)
hectornino collected $29.50 from pot
*** SUMMARY ***
Total pot $30 | Rake $0.50
Board [Qs 9s 4c Jc Td]
Seat 3: hectornino (button) (small blind) showed [Jh Ad] and won ($29.50) with a pair of Jacks
Seat 4: AzureCaper (big blind) showed [6s As] and lost with high card Ace


PokerStars Hand #150984008725:  Hold'em Limit ($3/$6 USD) - 2016/03/26 19:20:30 ET
Table 'Hilda' 6-max Seat #4 is the button
Seat 3: hectornino ($82.30 in chips)
Seat 4: AzureCaper ($125.06 in chips)
AzureCaper: posts small blind $1
hectornino: posts big blind $3
*** HOLE CARDS ***
AzureCaper: raises $3 to $6
hectornino: folds
Uncalled bet ($3) returned to AzureCaper
AzureCaper collected $6 from pot
AzureCaper: doesn't show hand
*** SUMMARY ***
Total pot $6 | Rake $0
Seat 3: hectornino (big blind) folded before Flop
Seat 4: AzureCaper (button) (small blind) collected ($6)


PokerStars Hand #150984016767:  Hold'em Limit ($3/$6 USD) - 2016/03/26 19:20:40 ET
Table 'Hilda' 6-max Seat #4 is the button
Seat 3: hectornino ($78.30 in chips)
Seat 4: AzureCaper ($129.06 in chips)
AzureCaper: posts small blind $1
hectornino: posts big blind $3
*** HOLE CARDS ***
AzureCaper: raises $3 to $6
hectornino: folds
Uncalled bet ($3) returned to AzureCaper
AzureCaper collected $6 from pot
AzureCaper: doesn't show hand
*** SUMMARY ***
Total pot $6 | Rake $0
Seat 3: hectornino (big blind) folded before Flop
Seat 4: AzureCaper (button) (small blind) collected ($6)


PokerStars Hand #150984012933:  Hold'em Limit ($3/$6 USD) - 2016/03/26 19:20:36 ET
Table 'Hilda' 6-max Seat #3 is the button
Seat 3: hectornino ($79.30 in chips)
Seat 4: AzureCaper ($128.06 in chips)
hectornino: posts small blind $1
AzureCaper: posts big blind $3
*** HOLE CARDS ***
hectornino: folds
Uncalled bet ($2) returned to AzureCaper
AzureCaper collected $2 from pot
AzureCaper: doesn't show hand
*** SUMMARY ***
Total pot $2 | Rake $0
Seat 3: hectornino (button) (small blind) folded before Flop
Seat 4: AzureCaper (big blind) collected ($2)


PokerStars Hand #150984021970:  Hold'em Limit ($3/$6 USD) - 2016/03/26 19:20:47 ET
Table 'Hilda' 6-max Seat #3 is the button
Seat 3: hectornino ($75.30 in chips)
Seat 4: AzureCaper ($132.06 in chips)
hectornino: posts small blind $1
AzureCaper: posts big blind $3
*** HOLE CARDS ***
hectornino: raises $3 to $6
AzureCaper: calls $3
*** FLOP *** [8h 4d 7c]
AzureCaper: checks
hectornino: bets $3
AzureCaper: calls $3
*** TURN *** [8h 4d 7c] [7d]
AzureCaper: checks
hectornino: checks
*** RIVER *** [8h 4d 7c 7d] [Qh]
AzureCaper: bets $6
hectornino: folds
Uncalled bet ($6) returned to AzureCaper
AzureCaper collected $17.64 from pot
AzureCaper: doesn't show hand
*** SUMMARY ***
Total pot $18 | Rake $0.36
Board [8h 4d 7c 7d Qh]
Seat 3: hectornino (button) (small blind) folded on the River
Seat 4: AzureCaper (big blind) collected ($17.64)


PokerStars Hand #150984039291:  Hold'em Limit ($3/$6 USD) - 2016/03/26 19:21:10 ET
Table 'Hilda' 6-max Seat #3 is the button
Seat 3: hectornino ($63.30 in chips)
Seat 4: AzureCaper ($143.70 in chips)
hectornino: posts small blind $1
AzureCaper: posts big blind $3
*** HOLE CARDS ***
hectornino: raises $3 to $6
AzureCaper: folds
Uncalled bet ($3) returned to hectornino
hectornino collected $6 from pot
*** SUMMARY ***
Total pot $6 | Rake $0
Seat 3: hectornino (button) (small blind) collected ($6)
Seat 4: AzureCaper (big blind) folded before Flop


PokerStars Hand #150984034445:  Hold'em Limit ($3/$6 USD) - 2016/03/26 19:21:04 ET
Table 'Hilda' 6-max Seat #4 is the button
Seat 3: hectornino ($66.30 in chips)
Seat 4: AzureCaper ($140.70 in chips)
AzureCaper: posts small blind $1
hectornino: posts big blind $3
*** HOLE CARDS ***
AzureCaper: raises $3 to $6
hectornino: folds
Uncalled bet ($3) returned to AzureCaper
AzureCaper collected $6 from pot
*** SUMMARY ***
Total pot $6 | Rake $0
Seat 3: hectornino (big blind) folded before Flop
Seat 4: AzureCaper (button) (small blind) collected ($6)


PokerStars Hand #150984044195:  Hold'em Limit ($3/$6 USD) - 2016/03/26 19:21:16 ET
Table 'Hilda' 6-max Seat #4 is the button
Seat 3: hectornino ($66.30 in chips)
Seat 4: AzureCaper ($140.70 in chips)
AzureCaper: posts small blind $1
hectornino: posts big blind $3
*** HOLE CARDS ***
AzureCaper: raises $3 to $6
hectornino: raises $3 to $9
AzureCaper: calls $3
*** FLOP *** [2s Kc 3s]
hectornino: bets $3
AzureCaper: calls $3
*** TURN *** [2s Kc 3s] [8s]
hectornino: bets $6
AzureCaper: folds
Uncalled bet ($6) returned to hectornino
hectornino collected $23.52 from pot
*** SUMMARY ***
Total pot $24 | Rake $0.48
Board [2s Kc 3s 8s]
Seat 3: hectornino (big blind) collected ($23.52)
Seat 4: AzureCaper (button) (small blind) folded on the Turn


PokerStars Hand #150984054935:  Hold'em Limit ($3/$6 USD) - 2016/03/26 19:21:31 ET
Table 'Hilda' 6-max Seat #3 is the button
Seat 3: hectornino ($77.82 in chips)
Seat 4: AzureCaper ($128.70 in chips)
hectornino: posts small blind $1
AzureCaper: posts big blind $3
*** HOLE CARDS ***
hectornino: raises $3 to $6
AzureCaper: calls $3
*** FLOP *** [Kd 4s 4d]
AzureCaper: checks
hectornino: bets $3
AzureCaper: calls $3
*** TURN *** [Kd 4s 4d] [9d]
AzureCaper: checks
hectornino: bets $6
AzureCaper: calls $6
*** RIVER *** [Kd 4s 4d 9d] [7c]
AzureCaper: checks
hectornino: bets $6
AzureCaper: folds
Uncalled bet ($6) returned to hectornino
hectornino collected $29.50 from pot
*** SUMMARY ***
Total pot $30 | Rake $0.50
Board [Kd 4s 4d 9d 7c]
Seat 3: hectornino (button) (small blind) collected ($29.50)
Seat 4: AzureCaper (big blind) folded on the River


PokerStars Hand #150984065910:  Hold'em Limit ($3/$6 USD) - 2016/03/26 19:21:45 ET
Table 'Hilda' 6-max Seat #4 is the button
Seat 3: hectornino ($92.32 in chips)
Seat 4: AzureCaper ($113.70 in chips)
AzureCaper: posts small blind $1
hectornino: posts big blind $3
*** HOLE CARDS ***
AzureCaper: raises $3 to $6
hectornino: calls $3
*** FLOP *** [6d 4d Jd]
hectornino: checks
AzureCaper: bets $3
hectornino: folds
Uncalled bet ($3) returned to AzureCaper
AzureCaper collected $11.76 from pot
AzureCaper: doesn't show hand
*** SUMMARY ***
Total pot $12 | Rake $0.24
Board [6d 4d Jd]
Seat 3: hectornino (big blind) folded on the Flop
Seat 4: AzureCaper (button) (small blind) collected ($11.76)


PokerStars Hand #150984113717:  Hold'em Limit ($3/$6 USD) - 2016/03/26 19:22:48 ET
Table 'Hilda' 6-max Seat #3 is the button
Seat 3: hectornino ($79.82 in chips)
Seat 4: AzureCaper ($124.96 in chips)
hectornino: posts small blind $1
AzureCaper: posts big blind $3
*** HOLE CARDS ***
hectornino: folds
Uncalled bet ($2) returned to AzureCaper
AzureCaper collected $2 from pot
AzureCaper: doesn't show hand
*** SUMMARY ***
Total pot $2 | Rake $0
Seat 3: hectornino (button) (small blind) folded before Flop
Seat 4: AzureCaper (big blind) collected ($2)


PokerStars Hand #150984082870:  Hold'em Limit ($3/$6 USD) - 2016/03/26 19:22:08 ET
Table 'Hilda' 6-max Seat #4 is the button
Seat 3: hectornino ($89.32 in chips)
Seat 4: AzureCaper ($116.46 in chips)
AzureCaper: posts small blind $1
hectornino: posts big blind $3
*** HOLE CARDS ***
AzureCaper: raises $3 to $6
hectornino: folds
Uncalled bet ($3) returned to AzureCaper
AzureCaper collected $6 from pot
AzureCaper: doesn't show hand
*** SUMMARY ***
Total pot $6 | Rake $0
Seat 3: hectornino (big blind) folded before Flop
Seat 4: AzureCaper (button) (small blind) collected ($6)


PokerStars Hand #150984076792:  Hold'em Limit ($3/$6 USD) - 2016/03/26 19:22:00 ET
Table 'Hilda' 6-max Seat #3 is the button
Seat 3: hectornino ($86.32 in chips)
Seat 4: AzureCaper ($119.46 in chips)
hectornino: posts small blind $1
AzureCaper: posts big blind $3
*** HOLE CARDS ***
hectornino: raises $3 to $6
AzureCaper: folds
Uncalled bet ($3) returned to hectornino
hectornino collected $6 from pot
*** SUMMARY ***
Total pot $6 | Rake $0
Seat 3: hectornino (button) (small blind) collected ($6)
Seat 4: AzureCaper (big blind) folded before Flop


PokerStars Hand #150984087455:  Hold'em Limit ($3/$6 USD) - 2016/03/26 19:22:14 ET
Table 'Hilda' 6-max Seat #3 is the button
Seat 3: hectornino ($86.32 in chips)
Seat 4: AzureCaper ($119.46 in chips)
hectornino: posts small blind $1
AzureCaper: posts big blind $3
*** HOLE CARDS ***
hectornino: raises $3 to $6
AzureCaper: calls $3
*** FLOP *** [7c 7h 3d]
AzureCaper: checks
hectornino: bets $3
AzureCaper: calls $3
*** TURN *** [7c 7h 3d] [4c]
AzureCaper: checks
hectornino: bets $6
AzureCaper: raises $6 to $12
hectornino: calls $6
*** RIVER *** [7c 7h 3d 4c] [9d]
AzureCaper: bets $6
hectornino: calls $6
*** SHOW DOWN ***
AzureCaper: shows [6d 4s] (two pair, Sevens and Fours)
hectornino: mucks hand
AzureCaper collected $53.50 from pot
*** SUMMARY ***
Total pot $54 | Rake $0.50
Board [7c 7h 3d 4c 9d]
Seat 3: hectornino (button) (small blind) mucked
Seat 4: AzureCaper (big blind) showed [6d 4s] and won ($53.50) with two pair, Sevens and Fours


PokerStars Hand #150984101670:  Hold'em Limit ($3/$6 USD) - 2016/03/26 19:22:33 ET
Table 'Hilda' 6-max Seat #4 is the button
Seat 3: hectornino ($59.32 in chips)
Seat 4: AzureCaper ($145.96 in chips)
AzureCaper: posts small blind $1
hectornino: posts big blind $3
*** HOLE CARDS ***
AzureCaper: raises $3 to $6
hectornino: calls $3
*** FLOP *** [3d 6s Jc]
hectornino: checks
AzureCaper: bets $3
hectornino: calls $3
*** TURN *** [3d 6s Jc] [9h]
hectornino: checks
AzureCaper: bets $6
hectornino: calls $6
*** RIVER *** [3d 6s Jc 9h] [2h]
hectornino: checks
AzureCaper: bets $6
hectornino: calls $6
*** SHOW DOWN ***
AzureCaper: shows [7s 8d] (high card Jack)
hectornino: shows [4s 2s] (a pair of Deuces)
hectornino collected $41.50 from pot
*** SUMMARY ***
Total pot $42 | Rake $0.50
Board [3d 6s Jc 9h 2h]
Seat 3: hectornino (big blind) showed [4s 2s] and won ($41.50) with a pair of Deuces
Seat 4: AzureCaper (button) (small blind) showed [7s 8d] and lost with high card Jack


PokerStars Hand #150984117462:  Hold'em Limit ($3/$6 USD) - 2016/03/26 19:22:53 ET
Table 'Hilda' 6-max Seat #4 is the button
Seat 3: hectornino ($78.82 in chips)
Seat 4: AzureCaper ($125.96 in chips)
AzureCaper: posts small blind $1
hectornino: posts big blind $3
*** HOLE CARDS ***
AzureCaper: raises $3 to $6
hectornino: raises $3 to $9
AzureCaper: calls $3
*** FLOP *** [9c 8d 9s]
hectornino: checks
AzureCaper: bets $3
hectornino: calls $3
*** TURN *** [9c 8d 9s] [7s]
hectornino: checks
AzureCaper: bets $6
hectornino: raises $6 to $12
AzureCaper: folds
Uncalled bet ($6) returned to hectornino
hectornino collected $35.50 from pot
*** SUMMARY ***
Total pot $36 | Rake $0.50
Board [9c 8d 9s 7s]
Seat 3: hectornino (big blind) collected ($35.50)
Seat 4: AzureCaper (button) (small blind) folded on the Turn


PokerStars Hand #150984133586:  Hold'em Limit ($3/$6 USD) - 2016/03/26 19:23:10 ET
Table 'Hilda' 6-max Seat #3 is the button
Seat 3: hectornino ($96.32 in chips)
Seat 4: AzureCaper ($107.96 in chips)
hectornino: posts small blind $1
AzureCaper: posts big blind $3
*** HOLE CARDS ***
hectornino: folds
Uncalled bet ($2) returned to AzureCaper
AzureCaper collected $2 from pot
AzureCaper: doesn't show hand
*** SUMMARY ***
Total pot $2 | Rake $0
Seat 3: hectornino (button) (small blind) folded before Flop
Seat 4: AzureCaper (big blind) collected ($2)


PokerStars Hand #150984142089:  Hold'em Limit ($3/$6 USD) - 2016/03/26 19:23:22 ET
Table 'Hilda' 6-max Seat #3 is the button
Seat 3: hectornino ($92.32 in chips)
Seat 4: AzureCaper ($111.96 in chips)
hectornino: posts small blind $1
AzureCaper: posts big blind $3
*** HOLE CARDS ***
hectornino: folds
Uncalled bet ($2) returned to AzureCaper
AzureCaper collected $2 from pot
AzureCaper: doesn't show hand
*** SUMMARY ***
Total pot $2 | Rake $0
Seat 3: hectornino (button) (small blind) folded before Flop
Seat 4: AzureCaper (big blind) collected ($2)


PokerStars Hand #150984137528:  Hold'em Limit ($3/$6 USD) - 2016/03/26 19:23:16 ET
Table 'Hilda' 6-max Seat #4 is the button
Seat 3: hectornino ($95.32 in chips)
Seat 4: AzureCaper ($108.96 in chips)
AzureCaper: posts small blind $1
hectornino: posts big blind $3
*** HOLE CARDS ***
AzureCaper: raises $3 to $6
hectornino: folds
Uncalled bet ($3) returned to AzureCaper
AzureCaper collected $6 from pot
AzureCaper: doesn't show hand
*** SUMMARY ***
Total pot $6 | Rake $0
Seat 3: hectornino (big blind) folded before Flop
Seat 4: AzureCaper (button) (small blind) collected ($6)


PokerStars Hand #150984157487:  Hold'em Limit ($3/$6 USD) - 2016/03/26 19:23:42 ET
Table 'Hilda' 6-max Seat #3 is the button
Seat 3: hectornino ($88.32 in chips)
Seat 4: AzureCaper ($115.96 in chips)
hectornino: posts small blind $1
AzureCaper: posts big blind $3
*** HOLE CARDS ***
hectornino: raises $3 to $6
AzureCaper: folds
Uncalled bet ($3) returned to hectornino
hectornino collected $6 from pot
*** SUMMARY ***
Total pot $6 | Rake $0
Seat 3: hectornino (button) (small blind) collected ($6)
Seat 4: AzureCaper (big blind) folded before Flop


PokerStars Hand #150984147222:  Hold'em Limit ($3/$6 USD) - 2016/03/26 19:23:29 ET
Table 'Hilda' 6-max Seat #4 is the button
Seat 3: hectornino ($91.32 in chips)
Seat 4: AzureCaper ($112.96 in chips)
AzureCaper: posts small blind $1
hectornino: posts big blind $3
*** HOLE CARDS ***
AzureCaper: raises $3 to $6
hectornino: folds
Uncalled bet ($3) returned to AzureCaper
AzureCaper collected $6 from pot
AzureCaper: doesn't show hand
*** SUMMARY ***
Total pot $6 | Rake $0
Seat 3: hectornino (big blind) folded before Flop
Seat 4: AzureCaper (button) (small blind) collected ($6)


PokerStars Hand #150984161618:  Hold'em Limit ($3/$6 USD) - 2016/03/26 19:23:48 ET
Table 'Hilda' 6-max Seat #4 is the button
Seat 3: hectornino ($91.32 in chips)
Seat 4: AzureCaper ($112.96 in chips)
AzureCaper: posts small blind $1
hectornino: posts big blind $3
*** HOLE CARDS ***
AzureCaper: raises $3 to $6
hectornino: calls $3
*** FLOP *** [8h Kd 8c]
hectornino: bets $3
AzureCaper: calls $3
*** TURN *** [8h Kd 8c] [4c]
hectornino: bets $6
AzureCaper: calls $6
*** RIVER *** [8h Kd 8c 4c] [8s]
hectornino: bets $6
AzureCaper: calls $6
*** SHOW DOWN ***
hectornino: shows [Kh 6h] (a full house, Eights full of Kings)
AzureCaper: mucks hand
hectornino collected $41.50 from pot
*** SUMMARY ***
Total pot $42 | Rake $0.50
Board [8h Kd 8c 4c 8s]
Seat 3: hectornino (big blind) showed [Kh 6h] and won ($41.50) with a full house, Eights full of Kings
Seat 4: AzureCaper (button) (small blind) mucked


PokerStars Hand #150984180383:  Hold'em Limit ($3/$6 USD) - 2016/03/26 19:24:13 ET
Table 'Hilda' 6-max Seat #4 is the button
Seat 3: hectornino ($110.82 in chips)
Seat 4: AzureCaper ($92.96 in chips)
AzureCaper: posts small blind $1
hectornino: posts big blind $3
*** HOLE CARDS ***
AzureCaper: raises $3 to $6
hectornino: folds
Uncalled bet ($3) returned to AzureCaper
AzureCaper collected $6 from pot
AzureCaper: doesn't show hand
*** SUMMARY ***
Total pot $6 | Rake $0
Seat 3: hectornino (big blind) folded before Flop
Seat 4: AzureCaper (button) (small blind) collected ($6)


PokerStars Hand #150984176386:  Hold'em Limit ($3/$6 USD) - 2016/03/26 19:24:07 ET
Table 'Hilda' 6-max Seat #3 is the button
Seat 3: hectornino ($111.82 in chips)
Seat 4: AzureCaper ($91.96 in chips)
hectornino: posts small blind $1
AzureCaper: posts big blind $3
*** HOLE CARDS ***
hectornino: folds
Uncalled bet ($2) returned to AzureCaper
AzureCaper collected $2 from pot
AzureCaper: doesn't show hand
*** SUMMARY ***
Total pot $2 | Rake $0
Seat 3: hectornino (button) (small blind) folded before Flop
Seat 4: AzureCaper (big blind) collected ($2)


PokerStars Hand #150984184696:  Hold'em Limit ($3/$6 USD) - 2016/03/26 19:24:18 ET
Table 'Hilda' 6-max Seat #3 is the button
Seat 3: hectornino ($107.82 in chips)
Seat 4: AzureCaper ($95.96 in chips)
hectornino: posts small blind $1
AzureCaper: posts big blind $3
*** HOLE CARDS ***
hectornino: folds
Uncalled bet ($2) returned to AzureCaper
AzureCaper collected $2 from pot
AzureCaper: doesn't show hand
*** SUMMARY ***
Total pot $2 | Rake $0
Seat 3: hectornino (button) (small blind) folded before Flop
Seat 4: AzureCaper (big blind) collected ($2)


PokerStars Hand #150984202425:  Hold'em Limit ($3/$6 USD) - 2016/03/26 19:24:42 ET
Table 'Hilda' 6-max Seat #3 is the button
Seat 3: hectornino ($103.82 in chips)
Seat 4: AzureCaper ($99.96 in chips)
hectornino: posts small blind $1
AzureCaper: posts big blind $3
*** HOLE CARDS ***
hectornino: folds
Uncalled bet ($2) returned to AzureCaper
AzureCaper collected $2 from pot
AzureCaper: doesn't show hand
*** SUMMARY ***
Total pot $2 | Rake $0
Seat 3: hectornino (button) (small blind) folded before Flop
Seat 4: AzureCaper (big blind) collected ($2)


PokerStars Hand #150984188884:  Hold'em Limit ($3/$6 USD) - 2016/03/26 19:24:24 ET
Table 'Hilda' 6-max Seat #4 is the button
Seat 3: hectornino ($106.82 in chips)
Seat 4: AzureCaper ($96.96 in chips)
AzureCaper: posts small blind $1
hectornino: posts big blind $3
*** HOLE CARDS ***
AzureCaper: raises $3 to $6
hectornino: folds
Uncalled bet ($3) returned to AzureCaper
AzureCaper collected $6 from pot
AzureCaper: doesn't show hand
*** SUMMARY ***
Total pot $6 | Rake $0
Seat 3: hectornino (big blind) folded before Flop
Seat 4: AzureCaper (button) (small blind) collected ($6)


PokerStars Hand #150984206521:  Hold'em Limit ($3/$6 USD) - 2016/03/26 19:24:47 ET
Table 'Hilda' 6-max Seat #4 is the button
Seat 3: hectornino ($102.82 in chips)
Seat 4: AzureCaper ($100.96 in chips)
AzureCaper: posts small blind $1
hectornino: posts big blind $3
*** HOLE CARDS ***
AzureCaper: raises $3 to $6
hectornino: folds
Uncalled bet ($3) returned to AzureCaper
AzureCaper collected $6 from pot
AzureCaper: doesn't show hand
*** SUMMARY ***
Total pot $6 | Rake $0
Seat 3: hectornino (big blind) folded before Flop
Seat 4: AzureCaper (button) (small blind) collected ($6)


PokerStars Hand #150984212357:  Hold'em Limit ($3/$6 USD) - 2016/03/26 19:24:55 ET
Table 'Hilda' 6-max Seat #3 is the button
Seat 3: hectornino ($99.82 in chips)
Seat 4: AzureCaper ($103.96 in chips)
hectornino: posts small blind $1
AzureCaper: posts big blind $3
*** HOLE CARDS ***
hectornino: folds
Uncalled bet ($2) returned to AzureCaper
AzureCaper collected $2 from pot
AzureCaper: doesn't show hand
*** SUMMARY ***
Total pot $2 | Rake $0
Seat 3: hectornino (button) (small blind) folded before Flop
Seat 4: AzureCaper (big blind) collected ($2)


PokerStars Hand #150984221922:  Hold'em Limit ($3/$6 USD) - 2016/03/26 19:25:08 ET
Table 'Hilda' 6-max Seat #4 is the button
Seat 3: hectornino ($98.82 in chips)
Seat 4: AzureCaper ($104.96 in chips)
AzureCaper: posts small blind $1
hectornino: posts big blind $3
*** HOLE CARDS ***
AzureCaper: raises $3 to $6
hectornino: calls $3
*** FLOP *** [3d Jd 5s]
hectornino: checks
AzureCaper: bets $3
hectornino: calls $3
*** TURN *** [3d Jd 5s] [2h]
hectornino: checks
AzureCaper: bets $6
hectornino: calls $6
*** RIVER *** [3d Jd 5s 2h] [Qc]
hectornino: checks
AzureCaper: bets $6
hectornino: calls $6
*** SHOW DOWN ***
AzureCaper: shows [Jc Ts] (a pair of Jacks)
hectornino: mucks hand
AzureCaper collected $41.50 from pot
*** SUMMARY ***
Total pot $42 | Rake $0.50
Board [3d Jd 5s 2h Qc]
Seat 3: hectornino (big blind) mucked
Seat 4: AzureCaper (button) (small blind) showed [Jc Ts] and won ($41.50) with a pair of Jacks


PokerStars Hand #150984240985:  Hold'em Limit ($3/$6 USD) - 2016/03/26 19:25:33 ET
Table 'Hilda' 6-max Seat #4 is the button
Seat 3: hectornino ($76.82 in chips)
Seat 4: AzureCaper ($126.46 in chips)
AzureCaper: posts small blind $1
hectornino: posts big blind $3
*** HOLE CARDS ***
AzureCaper: folds
Uncalled bet ($2) returned to hectornino
hectornino collected $2 from pot
*** SUMMARY ***
Total pot $2 | Rake $0
Seat 3: hectornino (big blind) collected ($2)
Seat 4: AzureCaper (button) (small blind) folded before Flop


PokerStars Hand #150984237128:  Hold'em Limit ($3/$6 USD) - 2016/03/26 19:25:28 ET
Table 'Hilda' 6-max Seat #3 is the button
Seat 3: hectornino ($77.82 in chips)
Seat 4: AzureCaper ($125.46 in chips)
hectornino: posts small blind $1
AzureCaper: posts big blind $3
*** HOLE CARDS ***
hectornino: folds
Uncalled bet ($2) returned to AzureCaper
AzureCaper collected $2 from pot
AzureCaper: doesn't show hand
*** SUMMARY ***
Total pot $2 | Rake $0
Seat 3: hectornino (button) (small blind) folded before Flop
Seat 4: AzureCaper (big blind) collected ($2)


PokerStars Hand #150984245803:  Hold'em Limit ($3/$6 USD) - 2016/03/26 19:25:40 ET
Table 'Hilda' 6-max Seat #3 is the button
Seat 3: hectornino ($77.82 in chips)
Seat 4: AzureCaper ($125.46 in chips)
hectornino: posts small blind $1
AzureCaper: posts big blind $3
*** HOLE CARDS ***
hectornino: raises $3 to $6
AzureCaper: raises $3 to $9
hectornino: calls $3
*** FLOP *** [Qc Td 2s]
AzureCaper: bets $3
hectornino: calls $3
*** TURN *** [Qc Td 2s] [6d]
AzureCaper: checks
hectornino: checks
*** RIVER *** [Qc Td 2s 6d] [6s]
AzureCaper: checks
hectornino: bets $6
AzureCaper: calls $6
*** SHOW DOWN ***
hectornino: shows [4s 4c] (two pair, Sixes and Fours)
AzureCaper: mucks hand
hectornino collected $35.50 from pot
*** SUMMARY ***
Total pot $36 | Rake $0.50
Board [Qc Td 2s 6d 6s]
Seat 3: hectornino (button) (small blind) showed [4s 4c] and won ($35.50) with two pair, Sixes and Fours
Seat 4: AzureCaper (big blind) mucked


PokerStars Hand #150984264513:  Hold'em Limit ($3/$6 USD) - 2016/03/26 19:26:05 ET
Table 'Hilda' 6-max Seat #3 is the button
Seat 3: hectornino ($92.32 in chips)
Seat 4: AzureCaper ($110.46 in chips)
hectornino: posts small blind $1
AzureCaper: posts big blind $3
*** HOLE CARDS ***
hectornino: folds
Uncalled bet ($2) returned to AzureCaper
AzureCaper collected $2 from pot
AzureCaper: doesn't show hand
*** SUMMARY ***
Total pot $2 | Rake $0
Seat 3: hectornino (button) (small blind) folded before Flop
Seat 4: AzureCaper (big blind) collected ($2)


PokerStars Hand #150984259633:  Hold'em Limit ($3/$6 USD) - 2016/03/26 19:25:58 ET
Table 'Hilda' 6-max Seat #4 is the button
Seat 3: hectornino ($95.32 in chips)
Seat 4: AzureCaper ($107.46 in chips)
AzureCaper: posts small blind $1
hectornino: posts big blind $3
*** HOLE CARDS ***
AzureCaper: raises $3 to $6
hectornino: folds
Uncalled bet ($3) returned to AzureCaper
AzureCaper collected $6 from pot
AzureCaper: doesn't show hand
*** SUMMARY ***
Total pot $6 | Rake $0
Seat 3: hectornino (big blind) folded before Flop
Seat 4: AzureCaper (button) (small blind) collected ($6)


PokerStars Hand #150984272097:  Hold'em Limit ($3/$6 USD) - 2016/03/26 19:26:15 ET
Table 'Hilda' 6-max Seat #3 is the button
Seat 3: hectornino ($88.32 in chips)
Seat 4: AzureCaper ($114.46 in chips)
hectornino: posts small blind $1
AzureCaper: posts big blind $3
*** HOLE CARDS ***
hectornino: folds
Uncalled bet ($2) returned to AzureCaper
AzureCaper collected $2 from pot
AzureCaper: doesn't show hand
*** SUMMARY ***
Total pot $2 | Rake $0
Seat 3: hectornino (button) (small blind) folded before Flop
Seat 4: AzureCaper (big blind) collected ($2)


PokerStars Hand #150984267929:  Hold'em Limit ($3/$6 USD) - 2016/03/26 19:26:09 ET
Table 'Hilda' 6-max Seat #4 is the button
Seat 3: hectornino ($91.32 in chips)
Seat 4: AzureCaper ($111.46 in chips)
AzureCaper: posts small blind $1
hectornino: posts big blind $3
*** HOLE CARDS ***
AzureCaper: raises $3 to $6
hectornino: folds
Uncalled bet ($3) returned to AzureCaper
AzureCaper collected $6 from pot
AzureCaper: doesn't show hand
*** SUMMARY ***
Total pot $6 | Rake $0
Seat 3: hectornino (big blind) folded before Flop
Seat 4: AzureCaper (button) (small blind) collected ($6)


PokerStars Hand #150984275906:  Hold'em Limit ($3/$6 USD) - 2016/03/26 19:26:20 ET
Table 'Hilda' 6-max Seat #4 is the button
Seat 3: hectornino ($87.32 in chips)
Seat 4: AzureCaper ($115.46 in chips)
AzureCaper: posts small blind $1
hectornino: posts big blind $3
*** HOLE CARDS ***
AzureCaper: raises $3 to $6
hectornino: folds
Uncalled bet ($3) returned to AzureCaper
AzureCaper collected $6 from pot
AzureCaper: doesn't show hand
*** SUMMARY ***
Total pot $6 | Rake $0
Seat 3: hectornino (big blind) folded before Flop
Seat 4: AzureCaper (button) (small blind) collected ($6)


PokerStars Hand #150984286836:  Hold'em Limit ($3/$6 USD) - 2016/03/26 19:26:35 ET
Table 'Hilda' 6-max Seat #4 is the button
Seat 3: hectornino ($87.32 in chips)
Seat 4: AzureCaper ($115.46 in chips)
AzureCaper: posts small blind $1
hectornino: posts big blind $3
*** HOLE CARDS ***
AzureCaper: folds
Uncalled bet ($2) returned to hectornino
hectornino collected $2 from pot
*** SUMMARY ***
Total pot $2 | Rake $0
Seat 3: hectornino (big blind) collected ($2)
Seat 4: AzureCaper (button) (small blind) folded before Flop


PokerStars Hand #150984280545:  Hold'em Limit ($3/$6 USD) - 2016/03/26 19:26:26 ET
Table 'Hilda' 6-max Seat #3 is the button
Seat 3: hectornino ($84.32 in chips)
Seat 4: AzureCaper ($118.46 in chips)
hectornino: posts small blind $1
AzureCaper: posts big blind $3
*** HOLE CARDS ***
hectornino: raises $3 to $6
AzureCaper: folds
Uncalled bet ($3) returned to hectornino
hectornino collected $6 from pot
*** SUMMARY ***
Total pot $6 | Rake $0
Seat 3: hectornino (button) (small blind) collected ($6)
Seat 4: AzureCaper (big blind) folded before Flop


PokerStars Hand #150984301023:  Hold'em Limit ($3/$6 USD) - 2016/03/26 19:26:54 ET
Table 'Hilda' 6-max Seat #4 is the button
Seat 3: hectornino ($87.32 in chips)
Seat 4: AzureCaper ($115.46 in chips)
AzureCaper: posts small blind $1
hectornino: posts big blind $3
*** HOLE CARDS ***
AzureCaper: raises $3 to $6
hectornino: folds
Uncalled bet ($3) returned to AzureCaper
AzureCaper collected $6 from pot
AzureCaper: doesn't show hand
*** SUMMARY ***
Total pot $6 | Rake $0
Seat 3: hectornino (big blind) folded before Flop
Seat 4: AzureCaper (button) (small blind) collected ($6)


PokerStars Hand #150984290742:  Hold'em Limit ($3/$6 USD) - 2016/03/26 19:26:40 ET
Table 'Hilda' 6-max Seat #3 is the button
Seat 3: hectornino ($88.32 in chips)
Seat 4: AzureCaper ($114.46 in chips)
hectornino: posts small blind $1
AzureCaper: posts big blind $3
*** HOLE CARDS ***
hectornino: folds
Uncalled bet ($2) returned to AzureCaper
AzureCaper collected $2 from pot
AzureCaper: doesn't show hand
*** SUMMARY ***
Total pot $2 | Rake $0
Seat 3: hectornino (button) (small blind) folded before Flop
Seat 4: AzureCaper (big blind) collected ($2)


PokerStars Hand #150984305315:  Hold'em Limit ($3/$6 USD) - 2016/03/26 19:27:00 ET
Table 'Hilda' 6-max Seat #3 is the button
Seat 3: hectornino ($84.32 in chips)
Seat 4: AzureCaper ($118.46 in chips)
hectornino: posts small blind $1
AzureCaper: posts big blind $3
*** HOLE CARDS ***
hectornino: calls $2
AzureCaper: checks
*** FLOP *** [Jc 9d 5h]
AzureCaper: checks
hectornino: checks
*** TURN *** [Jc 9d 5h] [9s]
AzureCaper: checks
hectornino: bets $6
AzureCaper: folds
Uncalled bet ($6) returned to hectornino
hectornino collected $5.88 from pot
*** SUMMARY ***
Total pot $6 | Rake $0.12
Board [Jc 9d 5h 9s]
Seat 3: hectornino (button) (small blind) collected ($5.88)
Seat 4: AzureCaper (big blind) folded on the Turn


PokerStars Hand #150984321861:  Hold'em Limit ($3/$6 USD) - 2016/03/26 19:27:22 ET
Table 'Hilda' 6-max Seat #4 is the button
Seat 3: hectornino ($87.20 in chips)
Seat 4: AzureCaper ($115.46 in chips)
AzureCaper: posts small blind $1
hectornino: posts big blind $3
*** HOLE CARDS ***
AzureCaper: raises $3 to $6
hectornino: raises $3 to $9
AzureCaper: calls $3
*** FLOP *** [As 5c 9c]
hectornino: bets $3
AzureCaper: folds
Uncalled bet ($3) returned to hectornino
hectornino collected $17.64 from pot
*** SUMMARY ***
Total pot $18 | Rake $0.36
Board [As 5c 9c]
Seat 3: hectornino (big blind) collected ($17.64)
Seat 4: AzureCaper (button) (small blind) folded on the Flop


PokerStars Hand #150984338475:  Hold'em Limit ($3/$6 USD) - 2016/03/26 19:27:45 ET
Table 'Hilda' 6-max Seat #3 is the button
Seat 3: hectornino ($95.84 in chips)
Seat 4: AzureCaper ($106.46 in chips)
hectornino: posts small blind $1
AzureCaper: posts big blind $3
*** HOLE CARDS ***
hectornino: folds
Uncalled bet ($2) returned to AzureCaper
AzureCaper collected $2 from pot
AzureCaper: doesn't show hand
*** SUMMARY ***
Total pot $2 | Rake $0
Seat 3: hectornino (button) (small blind) folded before Flop
Seat 4: AzureCaper (big blind) collected ($2)


PokerStars Hand #150984334846:  Hold'em Limit ($3/$6 USD) - 2016/03/26 19:27:40 ET
Table 'Hilda' 6-max Seat #4 is the button
Seat 3: hectornino ($94.84 in chips)
Seat 4: AzureCaper ($107.46 in chips)
AzureCaper: posts small blind $1
hectornino: posts big blind $3
*** HOLE CARDS ***
AzureCaper: folds
Uncalled bet ($2) returned to hectornino
hectornino collected $2 from pot
*** SUMMARY ***
Total pot $2 | Rake $0
Seat 3: hectornino (big blind) collected ($2)
Seat 4: AzureCaper (button) (small blind) folded before Flop


PokerStars Hand #150984328910:  Hold'em Limit ($3/$6 USD) - 2016/03/26 19:27:32 ET
Table 'Hilda' 6-max Seat #3 is the button
Seat 3: hectornino ($95.84 in chips)
Seat 4: AzureCaper ($106.46 in chips)
hectornino: posts small blind $1
AzureCaper: posts big blind $3
*** HOLE CARDS ***
hectornino: folds
Uncalled bet ($2) returned to AzureCaper
AzureCaper collected $2 from pot
AzureCaper: doesn't show hand
*** SUMMARY ***
Total pot $2 | Rake $0
Seat 3: hectornino (button) (small blind) folded before Flop
Seat 4: AzureCaper (big blind) collected ($2)


PokerStars Hand #150984349511:  Hold'em Limit ($3/$6 USD) - 2016/03/26 19:28:00 ET
Table 'Hilda' 6-max Seat #3 is the button
Seat 3: hectornino ($91.84 in chips)
Seat 4: AzureCaper ($110.46 in chips)
hectornino: posts small blind $1
AzureCaper: posts big blind $3
*** HOLE CARDS ***
hectornino: folds
Uncalled bet ($2) returned to AzureCaper
AzureCaper collected $2 from pot
AzureCaper: doesn't show hand
*** SUMMARY ***
Total pot $2 | Rake $0
Seat 3: hectornino (button) (small blind) folded before Flop
Seat 4: AzureCaper (big blind) collected ($2)


PokerStars Hand #150984342554:  Hold'em Limit ($3/$6 USD) - 2016/03/26 19:27:50 ET
Table 'Hilda' 6-max Seat #4 is the button
Seat 3: hectornino ($94.84 in chips)
Seat 4: AzureCaper ($107.46 in chips)
AzureCaper: posts small blind $1
hectornino: posts big blind $3
*** HOLE CARDS ***
AzureCaper: raises $3 to $6
hectornino: folds
Uncalled bet ($3) returned to AzureCaper
AzureCaper collected $6 from pot
AzureCaper: doesn't show hand
*** SUMMARY ***
Total pot $6 | Rake $0
Seat 3: hectornino (big blind) folded before Flop
Seat 4: AzureCaper (button) (small blind) collected ($6)


PokerStars Hand #150984356234:  Hold'em Limit ($3/$6 USD) - 2016/03/26 19:28:09 ET
Table 'Hilda' 6-max Seat #4 is the button
Seat 3: hectornino ($90.84 in chips)
Seat 4: AzureCaper ($111.46 in chips)
AzureCaper: posts small blind $1
hectornino: posts big blind $3
*** HOLE CARDS ***
AzureCaper: folds
Uncalled bet ($2) returned to hectornino
hectornino collected $2 from pot
*** SUMMARY ***
Total pot $2 | Rake $0
Seat 3: hectornino (big blind) collected ($2)
Seat 4: AzureCaper (button) (small blind) folded before Flop


PokerStars Hand #150984360109:  Hold'em Limit ($3/$6 USD) - 2016/03/26 19:28:14 ET
Table 'Hilda' 6-max Seat #3 is the button
Seat 3: hectornino ($91.84 in chips)
Seat 4: AzureCaper ($110.46 in chips)
hectornino: posts small blind $1
AzureCaper: posts big blind $3
*** HOLE CARDS ***
hectornino: raises $3 to $6
AzureCaper: raises $3 to $9
hectornino: calls $3
*** FLOP *** [Qh 7c 8h]
AzureCaper: bets $3
hectornino: calls $3
*** TURN *** [Qh 7c 8h] [5c]
AzureCaper: checks
hectornino: checks
*** RIVER *** [Qh 7c 8h 5c] [Kc]
AzureCaper: checks
hectornino: bets $6
AzureCaper: folds
Uncalled bet ($6) returned to hectornino
hectornino collected $23.52 from pot
*** SUMMARY ***
Total pot $24 | Rake $0.48
Board [Qh 7c 8h 5c Kc]
Seat 3: hectornino (button) (small blind) collected ($23.52)
Seat 4: AzureCaper (big blind) folded on the River


PokerStars Hand #150984378080:  Hold'em Limit ($3/$6 USD) - 2016/03/26 19:28:38 ET
Table 'Hilda' 6-max Seat #4 is the button
Seat 3: hectornino ($103.36 in chips)
Seat 4: AzureCaper ($98.46 in chips)
AzureCaper: posts small blind $1
hectornino: posts big blind $3
*** HOLE CARDS ***
AzureCaper: raises $3 to $6
hectornino: folds
Uncalled bet ($3) returned to AzureCaper
AzureCaper collected $6 from pot
AzureCaper: doesn't show hand
*** SUMMARY ***
Total pot $6 | Rake $0
Seat 3: hectornino (big blind) folded before Flop
Seat 4: AzureCaper (button) (small blind) collected ($6)


PokerStars Hand #150984398313:  Hold'em Limit ($3/$6 USD) - 2016/03/26 19:29:06 ET
Table 'Hilda' 6-max Seat #4 is the button
Seat 3: hectornino ($117.86 in chips)
Seat 4: AzureCaper ($83.46 in chips)
AzureCaper: posts small blind $1
hectornino: posts big blind $3
*** HOLE CARDS ***
AzureCaper: folds
Uncalled bet ($2) returned to hectornino
hectornino collected $2 from pot
*** SUMMARY ***
Total pot $2 | Rake $0
Seat 3: hectornino (big blind) collected ($2)
Seat 4: AzureCaper (button) (small blind) folded before Flop


PokerStars Hand #150984382444:  Hold'em Limit ($3/$6 USD) - 2016/03/26 19:28:44 ET
Table 'Hilda' 6-max Seat #3 is the button
Seat 3: hectornino ($100.36 in chips)
Seat 4: AzureCaper ($101.46 in chips)
hectornino: posts small blind $1
AzureCaper: posts big blind $3
*** HOLE CARDS ***
hectornino: raises $3 to $6
AzureCaper: calls $3
*** FLOP *** [Jd Ac Ad]
AzureCaper: checks
hectornino: bets $3
AzureCaper: raises $3 to $6
hectornino: calls $3
*** TURN *** [Jd Ac Ad] [5h]
AzureCaper: bets $6
hectornino: calls $6
*** RIVER *** [Jd Ac Ad 5h] [6s]
AzureCaper: checks
hectornino: checks
*** SHOW DOWN ***
AzureCaper: shows [3c 5c] (two pair, Aces and Fives)
hectornino: shows [8d 8h] (two pair, Aces and Eights)
hectornino collected $35.50 from pot
*** SUMMARY ***
Total pot $36 | Rake $0.50
Board [Jd Ac Ad 5h 6s]
Seat 3: hectornino (button) (small blind) showed [8d 8h] and won ($35.50) with two pair, Aces and Eights
Seat 4: AzureCaper (big blind) showed [3c 5c] and lost with two pair, Aces and Fives


PokerStars Hand #150984401683:  Hold'em Limit ($3/$6 USD) - 2016/03/26 19:29:11 ET
Table 'Hilda' 6-max Seat #3 is the button
Seat 3: hectornino ($118.86 in chips)
Seat 4: AzureCaper ($82.46 in chips)
hectornino: posts small blind $1
AzureCaper: posts big blind $3
*** HOLE CARDS ***
hectornino: folds
Uncalled bet ($2) returned to AzureCaper
AzureCaper collected $2 from pot
AzureCaper: doesn't show hand
*** SUMMARY ***
Total pot $2 | Rake $0
Seat 3: hectornino (button) (small blind) folded before Flop
Seat 4: AzureCaper (big blind) collected ($2)


PokerStars Hand #150984405071:  Hold'em Limit ($3/$6 USD) - 2016/03/26 19:29:15 ET
Table 'Hilda' 6-max Seat #4 is the button
Seat 3: hectornino ($117.86 in chips)
Seat 4: AzureCaper ($83.46 in chips)
AzureCaper: posts small blind $1
hectornino: posts big blind $3
*** HOLE CARDS ***
AzureCaper: raises $3 to $6
hectornino: folds
Uncalled bet ($3) returned to AzureCaper
AzureCaper collected $6 from pot
AzureCaper: doesn't show hand
*** SUMMARY ***
Total pot $6 | Rake $0
Seat 3: hectornino (big blind) folded before Flop
Seat 4: AzureCaper (button) (small blind) collected ($6)


PokerStars Hand #150984410138:  Hold'em Limit ($3/$6 USD) - 2016/03/26 19:29:22 ET
Table 'Hilda' 6-max Seat #3 is the button
Seat 3: hectornino ($114.86 in chips)
Seat 4: AzureCaper ($86.46 in chips)
hectornino: posts small blind $1
AzureCaper: posts big blind $3
*** HOLE CARDS ***
hectornino: raises $3 to $6
AzureCaper: calls $3
*** FLOP *** [Ts 7h 5d]
AzureCaper: checks
hectornino: bets $3
AzureCaper: raises $3 to $6
hectornino: calls $3
*** TURN *** [Ts 7h 5d] [3s]
AzureCaper: bets $6
hectornino: calls $6
*** RIVER *** [Ts 7h 5d 3s] [2d]
AzureCaper: checks
hectornino: checks
*** SHOW DOWN ***
AzureCaper: shows [5s 8c] (a pair of Fives)
hectornino: shows [4d 4c] (a pair of Fours)
AzureCaper collected $35.50 from pot
*** SUMMARY ***
Total pot $36 | Rake $0.50
Board [Ts 7h 5d 3s 2d]
Seat 3: hectornino (button) (small blind) showed [4d 4c] and lost with a pair of Fours
Seat 4: AzureCaper (big blind) showed [5s 8c] and won ($35.50) with a pair of Fives


PokerStars Hand #150984425100:  Hold'em Limit ($3/$6 USD) - 2016/03/26 19:29:43 ET
Table 'Hilda' 6-max Seat #4 is the button
Seat 3: hectornino ($96.86 in chips)
Seat 4: AzureCaper ($103.96 in chips)
AzureCaper: posts small blind $1
hectornino: posts big blind $3
*** HOLE CARDS ***
AzureCaper: raises $3 to $6
hectornino: calls $3
*** FLOP *** [Ad 3d Kd]
hectornino: checks
AzureCaper: bets $3
hectornino: folds
Uncalled bet ($3) returned to AzureCaper
AzureCaper collected $11.76 from pot
AzureCaper: doesn't show hand
*** SUMMARY ***
Total pot $12 | Rake $0.24
Board [Ad 3d Kd]
Seat 3: hectornino (big blind) folded on the Flop
Seat 4: AzureCaper (button) (small blind) collected ($11.76)


PokerStars Hand #150984438363:  Hold'em Limit ($3/$6 USD) - 2016/03/26 19:30:01 ET
Table 'Hilda' 6-max Seat #3 is the button
Seat 3: hectornino ($90.86 in chips)
Seat 4: AzureCaper ($109.72 in chips)
hectornino: posts small blind $1
AzureCaper: posts big blind $3
*** HOLE CARDS ***
hectornino: raises $3 to $6
AzureCaper: calls $3
*** FLOP *** [6s 5d 7h]
AzureCaper: checks
hectornino: bets $3
AzureCaper: raises $3 to $6
hectornino: calls $3
*** TURN *** [6s 5d 7h] [5c]
AzureCaper: bets $6
hectornino: raises $6 to $12
AzureCaper: calls $6
*** RIVER *** [6s 5d 7h 5c] [9c]
AzureCaper: bets $6
hectornino: raises $6 to $12
AzureCaper: calls $6
*** SHOW DOWN ***
hectornino: shows [Qd 7s] (two pair, Sevens and Fives)
AzureCaper: shows [Ks 8c] (a straight, Five to Nine)
AzureCaper collected $71.50 from pot
*** SUMMARY ***
Total pot $72 | Rake $0.50
Board [6s 5d 7h 5c 9c]
Seat 3: hectornino (button) (small blind) showed [Qd 7s] and lost with two pair, Sevens and Fives
Seat 4: AzureCaper (big blind) showed [Ks 8c] and won ($71.50) with a straight, Five to Nine


PokerStars Hand #150984459081:  Hold'em Limit ($3/$6 USD) - 2016/03/26 19:30:29 ET
Table 'Hilda' 6-max Seat #4 is the button
Seat 3: hectornino ($54.86 in chips)
Seat 4: AzureCaper ($145.22 in chips)
AzureCaper: posts small blind $1
hectornino: posts big blind $3
*** HOLE CARDS ***
AzureCaper said, "(n)"
AzureCaper: raises $3 to $6
hectornino: folds
Uncalled bet ($3) returned to AzureCaper
AzureCaper collected $6 from pot
AzureCaper: doesn't show hand
*** SUMMARY ***
Total pot $6 | Rake $0
Seat 3: hectornino (big blind) folded before Flop
Seat 4: AzureCaper (button) (small blind) collected ($6)


PokerStars Hand #150984466187:  Hold'em Limit ($3/$6 USD) - 2016/03/26 19:30:39 ET
Table 'Hilda' 6-max Seat #3 is the button
Seat 3: hectornino ($51.86 in chips)
Seat 4: AzureCaper ($148.22 in chips)
hectornino: posts small blind $1
AzureCaper: posts big blind $3
*** HOLE CARDS ***
hectornino: raises $3 to $6
AzureCaper: folds
Uncalled bet ($3) returned to hectornino
hectornino collected $6 from pot
*** SUMMARY ***
Total pot $6 | Rake $0
Seat 3: hectornino (button) (small blind) collected ($6)
Seat 4: AzureCaper (big blind) folded before Flop


PokerStars Hand #150984474340:  Hold'em Limit ($3/$6 USD) - 2016/03/26 19:30:50 ET
Table 'Hilda' 6-max Seat #4 is the button
Seat 3: hectornino ($54.86 in chips)
Seat 4: AzureCaper ($145.22 in chips)
AzureCaper: posts small blind $1
hectornino: posts big blind $3
*** HOLE CARDS ***
AzureCaper: raises $3 to $6
hectornino: calls $3
*** FLOP *** [2s 5h Qd]
hectornino: checks
AzureCaper: bets $3
hectornino: calls $3
*** TURN *** [2s 5h Qd] [2d]
hectornino: checks
AzureCaper: bets $6
hectornino: folds
Uncalled bet ($6) returned to AzureCaper
AzureCaper collected $17.64 from pot
AzureCaper: doesn't show hand
*** SUMMARY ***
Total pot $18 | Rake $0.36
Board [2s 5h Qd 2d]
Seat 3: hectornino (big blind) folded on the Turn
Seat 4: AzureCaper (button) (small blind) collected ($17.64)


PokerStars Hand #150984487811:  Hold'em Limit ($3/$6 USD) - 2016/03/26 19:31:08 ET
Table 'Hilda' 6-max Seat #3 is the button
Seat 3: hectornino ($45.86 in chips)
Seat 4: AzureCaper ($153.86 in chips)
hectornino: posts small blind $1
AzureCaper: posts big blind $3
*** HOLE CARDS ***
hectornino: raises $3 to $6
AzureCaper: calls $3
*** FLOP *** [Td 3c Jc]
AzureCaper: checks
hectornino: bets $3
AzureCaper: folds
Uncalled bet ($3) returned to hectornino
hectornino collected $11.76 from pot
*** SUMMARY ***
Total pot $12 | Rake $0.24
Board [Td 3c Jc]
Seat 3: hectornino (button) (small blind) collected ($11.76)
Seat 4: AzureCaper (big blind) folded on the Flop


PokerStars Hand #150984503578:  Hold'em Limit ($3/$6 USD) - 2016/03/26 19:31:30 ET
Table 'Hilda' 6-max Seat #4 is the button
Seat 3: hectornino ($47.62 in chips)
Seat 4: AzureCaper ($151.86 in chips)
AzureCaper: posts small blind $1
hectornino: posts big blind $3
*** HOLE CARDS ***
AzureCaper: raises $3 to $6
hectornino: raises $3 to $9
AzureCaper: calls $3
*** FLOP *** [Qd Js 3s]
hectornino: bets $3
AzureCaper: folds
Uncalled bet ($3) returned to hectornino
hectornino collected $17.64 from pot
*** SUMMARY ***
Total pot $18 | Rake $0.36
Board [Qd Js 3s]
Seat 3: hectornino (big blind) collected ($17.64)
Seat 4: AzureCaper (button) (small blind) folded on the Flop


PokerStars Hand #150984500019:  Hold'em Limit ($3/$6 USD) - 2016/03/26 19:31:25 ET
Table 'Hilda' 6-max Seat #3 is the button
Seat 3: hectornino ($48.62 in chips)
Seat 4: AzureCaper ($150.86 in chips)
hectornino: posts small blind $1
AzureCaper: posts big blind $3
*** HOLE CARDS ***
hectornino: folds
Uncalled bet ($2) returned to AzureCaper
AzureCaper collected $2 from pot
AzureCaper: doesn't show hand
*** SUMMARY ***
Total pot $2 | Rake $0
Seat 3: hectornino (button) (small blind) folded before Flop
Seat 4: AzureCaper (big blind) collected ($2)


PokerStars Hand #150984495578:  Hold'em Limit ($3/$6 USD) - 2016/03/26 19:31:19 ET
Table 'Hilda' 6-max Seat #4 is the button
Seat 3: hectornino ($51.62 in chips)
Seat 4: AzureCaper ($147.86 in chips)
AzureCaper: posts small blind $1
hectornino: posts big blind $3
*** HOLE CARDS ***
AzureCaper: raises $3 to $6
hectornino: folds
Uncalled bet ($3) returned to AzureCaper
AzureCaper collected $6 from pot
AzureCaper: doesn't show hand
*** SUMMARY ***
Total pot $6 | Rake $0
Seat 3: hectornino (big blind) folded before Flop
Seat 4: AzureCaper (button) (small blind) collected ($6)


PokerStars Hand #150984545108:  Hold'em Limit ($3/$6 USD) - 2016/03/26 19:32:26 ET
Table 'Hilda' 6-max Seat #3 is the button
Seat 3: hectornino ($52.02 in chips)
Seat 4: AzureCaper ($146.38 in chips)
hectornino: posts small blind $1
AzureCaper: posts big blind $3
*** HOLE CARDS ***
hectornino: raises $3 to $6
AzureCaper: calls $3
*** FLOP *** [2h Ah Kh]
AzureCaper: checks
hectornino: bets $3
AzureCaper: raises $3 to $6
hectornino: calls $3
*** TURN *** [2h Ah Kh] [9c]
AzureCaper: bets $6
hectornino: calls $6
*** RIVER *** [2h Ah Kh 9c] [4c]
AzureCaper: checks
hectornino: checks
*** SHOW DOWN ***
AzureCaper: shows [Jh Qc] (high card Ace)
hectornino: shows [8c 8h] (a pair of Eights)
hectornino collected $35.50 from pot
*** SUMMARY ***
Total pot $36 | Rake $0.50
Board [2h Ah Kh 9c 4c]
Seat 3: hectornino (button) (small blind) showed [8c 8h] and won ($35.50) with a pair of Eights
Seat 4: AzureCaper (big blind) showed [Jh Qc] and lost with high card Ace


PokerStars Hand #150984541287:  Hold'em Limit ($3/$6 USD) - 2016/03/26 19:32:21 ET
Table 'Hilda' 6-max Seat #4 is the button
Seat 3: hectornino ($51.02 in chips)
Seat 4: AzureCaper ($147.38 in chips)
AzureCaper: posts small blind $1
hectornino: posts big blind $3
*** HOLE CARDS ***
AzureCaper: folds
Uncalled bet ($2) returned to hectornino
gazzzzzza joins the table at seat #2
hectornino collected $2 from pot
*** SUMMARY ***
Total pot $2 | Rake $0
Seat 3: hectornino (big blind) collected ($2)
Seat 4: AzureCaper (button) (small blind) folded before Flop


PokerStars Hand #150984532411:  Hold'em Limit ($3/$6 USD) - 2016/03/26 19:32:09 ET
Table 'Hilda' 6-max Seat #3 is the button
Seat 3: hectornino ($45.26 in chips)
Seat 4: AzureCaper ($153.38 in chips)
hectornino: posts small blind $1
AzureCaper: posts big blind $3
*** HOLE CARDS ***
hectornino: raises $3 to $6
AzureCaper: calls $3
*** FLOP *** [8s 3h Ks]
AzureCaper: checks
hectornino: bets $3
AzureCaper: folds
Uncalled bet ($3) returned to hectornino
hectornino collected $11.76 from pot
*** SUMMARY ***
Total pot $12 | Rake $0.24
Board [8s 3h Ks]
Seat 3: hectornino (button) (small blind) collected ($11.76)
Seat 4: AzureCaper (big blind) folded on the Flop


PokerStars Hand #150984528836:  Hold'em Limit ($3/$6 USD) - 2016/03/26 19:32:04 ET
Table 'Hilda' 6-max Seat #4 is the button
Seat 3: hectornino ($44.26 in chips)
Seat 4: AzureCaper ($154.38 in chips)
AzureCaper: posts small blind $1
hectornino: posts big blind $3
*** HOLE CARDS ***
AzureCaper: folds
Uncalled bet ($2) returned to hectornino
hectornino collected $2 from pot
*** SUMMARY ***
Total pot $2 | Rake $0
Seat 3: hectornino (big blind) collected ($2)
Seat 4: AzureCaper (button) (small blind) folded before Flop


PokerStars Hand #150984513550:  Hold'em Limit ($3/$6 USD) - 2016/03/26 19:31:43 ET
Table 'Hilda' 6-max Seat #3 is the button
Seat 3: hectornino ($56.26 in chips)
Seat 4: AzureCaper ($142.86 in chips)
hectornino: posts small blind $1
AzureCaper: posts big blind $3
*** HOLE CARDS ***
hectornino: raises $3 to $6
AzureCaper: calls $3
*** FLOP *** [9c 3s 7h]
AzureCaper: checks
hectornino: bets $3
AzureCaper: raises $3 to $6
hectornino: calls $3
*** TURN *** [9c 3s 7h] [6h]
AzureCaper: bets $6
hectornino: folds
Uncalled bet ($6) returned to AzureCaper
AzureCaper collected $23.52 from pot
AzureCaper: doesn't show hand
*** SUMMARY ***
Total pot $24 | Rake $0.48
Board [9c 3s 7h 6h]
Seat 3: hectornino (button) (small blind) folded on the Turn
Seat 4: AzureCaper (big blind) collected ($23.52)


PokerStars Hand #150984635024:  Hold'em Limit ($3/$6 USD) - 2016/03/26 19:34:23 ET
Table 'Hilda' 6-max Seat #3 is the button
Seat 2: gazzzzzza ($37.68 in chips)
Seat 3: hectornino ($62.52 in chips)
hectornino: posts small blind $1
gazzzzzza: posts big blind $3
*** HOLE CARDS ***
hectornino: raises $3 to $6
gazzzzzza: calls $3
*** FLOP *** [9s 6h 9c]
gazzzzzza: checks
hectornino: bets $3
gazzzzzza: raises $3 to $6
hectornino: calls $3
*** TURN *** [9s 6h 9c] [8c]
gazzzzzza: bets $6
hectornino: calls $6
*** RIVER *** [9s 6h 9c 8c] [6s]
gazzzzzza: bets $6
hectornino: calls $6
*** SHOW DOWN ***
gazzzzzza: shows [6d 7s] (a full house, Sixes full of Nines)
hectornino: mucks hand
gazzzzzza collected $47.50 from pot
*** SUMMARY ***
Total pot $48 | Rake $0.50
Board [9s 6h 9c 8c 6s]
Seat 2: gazzzzzza (big blind) showed [6d 7s] and won ($47.50) with a full house, Sixes full of Nines
Seat 3: hectornino (button) (small blind) mucked


PokerStars Hand #150984686065:  Hold'em Limit ($3/$6 USD) - 2016/03/26 19:35:34 ET
Table 'Hilda' 6-max Seat #2 is the button
Seat 2: gazzzzzza ($69.68 in chips)
Seat 3: hectornino ($29.02 in chips)
gazzzzzza: posts small blind $1
hectornino: posts big blind $3
*** HOLE CARDS ***
gazzzzzza: raises $3 to $6
hectornino: raises $3 to $9
gazzzzzza: raises $3 to $12
Betting is capped
hectornino: calls $3
*** FLOP *** [4d Ad 7s]
hectornino: bets $3
gazzzzzza: calls $3
*** TURN *** [4d Ad 7s] [Td]
hectornino: bets $6
gazzzzzza: raises $6 to $12
hectornino: raises $2.02 to $14.02 and is all-in
gazzzzzza: calls $2.02
*** RIVER *** [4d Ad 7s Td] [5s]
*** SHOW DOWN ***
hectornino: shows [8c Jc] (high card Ace)
gazzzzzza: shows [Ac 3s] (a pair of Aces)
gazzzzzza collected $57.54 from pot
*** SUMMARY ***
Total pot $58.04 | Rake $0.50
Board [4d Ad 7s Td 5s]
Seat 2: gazzzzzza (button) (small blind) showed [Ac 3s] and won ($57.54) with a pair of Aces
Seat 3: hectornino (big blind) showed [8c Jc] and lost with high card Ace


PokerStars Hand #150984665397:  Hold'em Limit ($3/$6 USD) - 2016/03/26 19:35:05 ET
Table 'Hilda' 6-max Seat #3 is the button
Seat 2: gazzzzzza ($40.18 in chips)
Seat 3: hectornino ($59.02 in chips)
hectornino: posts small blind $1
gazzzzzza: posts big blind $3
*** HOLE CARDS ***
hectornino: raises $3 to $6
gazzzzzza: raises $3 to $9
hectornino: calls $3
*** FLOP *** [8c 4s Tc]
gazzzzzza: bets $3
hectornino: calls $3
*** TURN *** [8c 4s Tc] [6h]
gazzzzzza: bets $6
hectornino: raises $6 to $12
gazzzzzza: calls $6
*** RIVER *** [8c 4s Tc 6h] [Ks]
gazzzzzza: checks
hectornino: bets $6
gazzzzzza: calls $6
*** SHOW DOWN ***
hectornino: shows [Qs Jd] (high card King)
gazzzzzza: shows [As 7s] (high card Ace)
gazzzzzza collected $59.50 from pot
*** SUMMARY ***
Total pot $60 | Rake $0.50
Board [8c 4s Tc 6h Ks]
Seat 2: gazzzzzza (big blind) showed [As 7s] and won ($59.50) with high card Ace
Seat 3: hectornino (button) (small blind) showed [Qs Jd] and lost with high card King


PokerStars Hand #150984648954:  Hold'em Limit ($3/$6 USD) - 2016/03/26 19:34:43 ET
Table 'Hilda' 6-max Seat #2 is the button
Seat 2: gazzzzzza ($61.18 in chips)
Seat 3: hectornino ($38.52 in chips)
gazzzzzza: posts small blind $1
hectornino: posts big blind $3
*** HOLE CARDS ***
gazzzzzza: raises $3 to $6
hectornino: raises $3 to $9
gazzzzzza: raises $3 to $12
Betting is capped
hectornino: calls $3
*** FLOP *** [8s As Qc]
hectornino: checks
gazzzzzza: bets $3
hectornino: calls $3
*** TURN *** [8s As Qc] [7s]
hectornino: checks
gazzzzzza: bets $6
hectornino: calls $6
*** RIVER *** [8s As Qc 7s] [4s]
hectornino: bets $6
gazzzzzza: folds
Uncalled bet ($6) returned to hectornino
hectornino collected $41.50 from pot
*** SUMMARY ***
Total pot $42 | Rake $0.50
Board [8s As Qc 7s 4s]
Seat 2: gazzzzzza (button) (small blind) folded on the River
Seat 3: hectornino (big blind) collected ($41.50)


