PokerStars Hand #150786337254:  Hold'em Limit ($3/$6 USD) - 2016/03/22 20:55:35 ET
Table 'Himalia' 6-max Seat #5 is the button
Seat 4: AzureCaper ($72 in chips)
Seat 5: Zubasa07 ($494 in chips)
Zubasa07: posts small blind $1
AzureCaper: posts big blind $3
*** HOLE CARDS ***
thewienberg said, "seriously?"
Zubasa07: raises $3 to $6
thewienberg said, "stalling"
AzureCaper: calls $3
*** FLOP *** [9d Qc 7h]
AzureCaper: checks
Zubasa07: bets $3
AzureCaper: calls $3
*** TURN *** [9d Qc 7h] [4d]
AzureCaper: checks
Zubasa07: checks
*** RIVER *** [9d Qc 7h 4d] [Qh]
AzureCaper: checks
thewienberg leaves the table
Zubasa07: bets $6
AzureCaper: folds
Uncalled bet ($6) returned to Zubasa07
Zubasa07 collected $17.64 from pot
Zubasa07: doesn't show hand
*** SUMMARY ***
Total pot $18 | Rake $0.36
Board [9d Qc 7h 4d Qh]
Seat 4: AzureCaper (big blind) folded on the River
Seat 5: Zubasa07 (button) (small blind) collected ($17.64)


PokerStars Hand #150786705581:  Hold'em Limit ($3/$6 USD) - 2016/03/22 21:07:55 ET
Table 'Himalia' 6-max Seat #4 is the button
Seat 3: MHE P0XER! ($30 in chips)
Seat 4: AzureCaper ($72 in chips)
AzureCaper: posts small blind $1
MHE P0XER!: posts big blind $3
*** HOLE CARDS ***
AzureCaper: raises $3 to $6
MHE P0XER!: calls $3
*** FLOP *** [Qh 5h 4c]
MHE P0XER!: checks
AzureCaper: bets $3
MHE P0XER!: calls $3
*** TURN *** [Qh 5h 4c] [7d]
MHE P0XER!: checks
AzureCaper: checks
*** RIVER *** [Qh 5h 4c 7d] [3h]
MHE P0XER!: bets $6
AzureCaper: folds
Uncalled bet ($6) returned to MHE P0XER!
MHE P0XER! collected $17.64 from pot
MHE P0XER!: doesn't show hand
*** SUMMARY ***
Total pot $18 | Rake $0.36
Board [Qh 5h 4c 7d 3h]
Seat 3: MHE P0XER! (big blind) collected ($17.64)
Seat 4: AzureCaper (button) (small blind) folded on the River


PokerStars Hand #150786763082:  Hold'em Limit ($3/$6 USD) - 2016/03/22 21:09:43 ET
Table 'Himalia' 6-max Seat #3 is the button
Seat 3: fire852181 ($65 in chips)
Seat 4: AzureCaper ($72 in chips)
fire852181: posts small blind $1
AzureCaper: posts big blind $3
*** HOLE CARDS ***
fire852181: raises $3 to $6
AzureCaper: folds
Uncalled bet ($3) returned to fire852181
fire852181 collected $6 from pot
fire852181: doesn't show hand
*** SUMMARY ***
Total pot $6 | Rake $0
Seat 3: fire852181 (button) (small blind) collected ($6)
Seat 4: AzureCaper (big blind) folded before Flop


PokerStars Hand #150786783758:  Hold'em Limit ($3/$6 USD) - 2016/03/22 21:10:23 ET
Table 'Himalia' 6-max Seat #4 is the button
Seat 3: fire852181 ($68 in chips)
Seat 4: AzureCaper ($73 in chips)
AzureCaper: posts small blind $1
fire852181: posts big blind $3
*** HOLE CARDS ***
AzureCaper: raises $3 to $6
fire852181: raises $3 to $9
AzureCaper: calls $3
*** FLOP *** [8h 9s 7c]
fire852181: bets $3
AzureCaper: calls $3
*** TURN *** [8h 9s 7c] [Jh]
fire852181: bets $6
AzureCaper: folds
Uncalled bet ($6) returned to fire852181
fire852181 collected $23.52 from pot
fire852181: doesn't show hand
*** SUMMARY ***
Total pot $24 | Rake $0.48
Board [8h 9s 7c Jh]
Seat 3: fire852181 (big blind) collected ($23.52)
Seat 4: AzureCaper (button) (small blind) folded on the Turn


PokerStars Hand #150786778110:  Hold'em Limit ($3/$6 USD) - 2016/03/22 21:10:12 ET
Table 'Himalia' 6-max Seat #3 is the button
Seat 3: fire852181 ($65 in chips)
Seat 4: AzureCaper ($76 in chips)
fire852181: posts small blind $1
AzureCaper: posts big blind $3
*** HOLE CARDS ***
fire852181: raises $3 to $6
AzureCaper: folds
Uncalled bet ($3) returned to fire852181
fire852181 collected $6 from pot
fire852181: doesn't show hand
*** SUMMARY ***
Total pot $6 | Rake $0
Seat 3: fire852181 (button) (small blind) collected ($6)
Seat 4: AzureCaper (big blind) folded before Flop


PokerStars Hand #150786774201:  Hold'em Limit ($3/$6 USD) - 2016/03/22 21:10:04 ET
Table 'Himalia' 6-max Seat #4 is the button
Seat 3: fire852181 ($68 in chips)
Seat 4: AzureCaper ($73 in chips)
AzureCaper: posts small blind $1
fire852181: posts big blind $3
*** HOLE CARDS ***
AzureCaper: raises $3 to $6
fire852181: folds
Uncalled bet ($3) returned to AzureCaper
AzureCaper collected $6 from pot
AzureCaper: doesn't show hand
*** SUMMARY ***
Total pot $6 | Rake $0
Seat 3: fire852181 (big blind) folded before Flop
Seat 4: AzureCaper (button) (small blind) collected ($6)


PokerStars Hand #150786771464:  Hold'em Limit ($3/$6 USD) - 2016/03/22 21:09:59 ET
Table 'Himalia' 6-max Seat #3 is the button
Seat 3: fire852181 ($69 in chips)
Seat 4: AzureCaper ($72 in chips)
fire852181: posts small blind $1
AzureCaper: posts big blind $3
*** HOLE CARDS ***
fire852181: folds
Uncalled bet ($2) returned to AzureCaper
AzureCaper collected $2 from pot
AzureCaper: doesn't show hand
*** SUMMARY ***
Total pot $2 | Rake $0
Seat 3: fire852181 (button) (small blind) folded before Flop
Seat 4: AzureCaper (big blind) collected ($2)


PokerStars Hand #150786769017:  Hold'em Limit ($3/$6 USD) - 2016/03/22 21:09:55 ET
Table 'Himalia' 6-max Seat #4 is the button
Seat 3: fire852181 ($68 in chips)
Seat 4: AzureCaper ($72 in chips)
AzureCaper: posts small blind $1
fire852181: posts big blind $3
*** HOLE CARDS ***
AzureCaper: folds
Uncalled bet ($2) returned to fire852181
fire852181 collected $2 from pot
fire852181: doesn't show hand
*** SUMMARY ***
Total pot $2 | Rake $0
Seat 3: fire852181 (big blind) collected ($2)
Seat 4: AzureCaper (button) (small blind) folded before Flop


PokerStars Hand #150788181890:  Hold'em Limit ($3/$6 USD) - 2016/03/22 21:57:59 ET
Table 'Himalia' 6-max Seat #4 is the button
Seat 3: fire852181 ($80.50 in chips)
Seat 4: AzureCaper ($100.17 in chips)
AzureCaper: posts small blind $1
fire852181: posts big blind $3
*** HOLE CARDS ***
AzureCaper: folds
Uncalled bet ($2) returned to fire852181
fire852181 collected $2 from pot
fire852181: doesn't show hand
*** SUMMARY ***
Total pot $2 | Rake $0
Seat 3: fire852181 (big blind) collected ($2)
Seat 4: AzureCaper (button) (small blind) folded before Flop


PokerStars Hand #150788174457:  Hold'em Limit ($3/$6 USD) - 2016/03/22 21:57:39 ET
Table 'Himalia' 6-max Seat #3 is the button
Seat 3: fire852181 ($66 in chips)
Seat 4: AzureCaper ($115.17 in chips)
fire852181: posts small blind $1
AzureCaper: posts big blind $3
*** HOLE CARDS ***
fire852181: raises $3 to $6
AzureCaper: raises $3 to $9
fire852181: calls $3
*** FLOP *** [Js 5c Ks]
AzureCaper: bets $3
fire852181: raises $3 to $6
AzureCaper: calls $3
*** TURN *** [Js 5c Ks] [6s]
AzureCaper: checks
fire852181: bets $6
AzureCaper: folds
Uncalled bet ($6) returned to fire852181
fire852181 collected $29.50 from pot
fire852181: doesn't show hand
*** SUMMARY ***
Total pot $30 | Rake $0.50
Board [Js 5c Ks 6s]
Seat 3: fire852181 (button) (small blind) collected ($29.50)
Seat 4: AzureCaper (big blind) folded on the Turn


PokerStars Hand #150788164027:  Hold'em Limit ($3/$6 USD) - 2016/03/22 21:57:11 ET
Table 'Himalia' 6-max Seat #6 is the button
Seat 4: AzureCaper ($115.17 in chips)
Seat 6: Chessnok ($206.27 in chips)
Chessnok: posts small blind $1
AzureCaper: posts big blind $3
*** HOLE CARDS ***
Chessnok: folds
Uncalled bet ($2) returned to AzureCaper
AzureCaper collected $2 from pot
AzureCaper: doesn't show hand
*** SUMMARY ***
Total pot $2 | Rake $0
Seat 4: AzureCaper (big blind) collected ($2)
Seat 6: Chessnok (button) (small blind) folded before Flop


PokerStars Hand #150788171998:  Hold'em Limit ($3/$6 USD) - 2016/03/22 21:57:32 ET
Table 'Himalia' 6-max Seat #4 is the button
Seat 3: fire852181 ($65 in chips)
Seat 4: AzureCaper ($116.17 in chips)
AzureCaper: posts small blind $1
fire852181: posts big blind $3
*** HOLE CARDS ***
AzureCaper: folds
Uncalled bet ($2) returned to fire852181
fire852181 collected $2 from pot
fire852181: doesn't show hand
*** SUMMARY ***
Total pot $2 | Rake $0
Seat 3: fire852181 (big blind) collected ($2)
Seat 4: AzureCaper (button) (small blind) folded before Flop


PokerStars Hand #150788238203:  Hold'em Limit ($3/$6 USD) - 2016/03/22 22:00:18 ET
Table 'Himalia' 6-max Seat #3 is the button
Seat 3: fire852181 ($76.64 in chips)
Seat 4: AzureCaper ($102.17 in chips)
fire852181: posts small blind $1
AzureCaper: posts big blind $3
*** HOLE CARDS ***
fire852181: raises $3 to $6
AzureCaper: folds
Uncalled bet ($3) returned to fire852181
fire852181 collected $6 from pot
fire852181: doesn't show hand
*** SUMMARY ***
Total pot $6 | Rake $0
Seat 3: fire852181 (button) (small blind) collected ($6)
Seat 4: AzureCaper (big blind) folded before Flop


PokerStars Hand #150788235902:  Hold'em Limit ($3/$6 USD) - 2016/03/22 22:00:12 ET
Table 'Himalia' 6-max Seat #4 is the button
Seat 3: fire852181 ($75.64 in chips)
Seat 4: AzureCaper ($103.17 in chips)
AzureCaper: posts small blind $1
fire852181: posts big blind $3
*** HOLE CARDS ***
AzureCaper: folds
Uncalled bet ($2) returned to fire852181
fire852181 collected $2 from pot
fire852181: doesn't show hand
*** SUMMARY ***
Total pot $2 | Rake $0
Seat 3: fire852181 (big blind) collected ($2)
Seat 4: AzureCaper (button) (small blind) folded before Flop


PokerStars Hand #150788230152:  Hold'em Limit ($3/$6 USD) - 2016/03/22 21:59:57 ET
Table 'Himalia' 6-max Seat #3 is the button
Seat 3: fire852181 ($72.64 in chips)
Seat 4: AzureCaper ($106.17 in chips)
fire852181: posts small blind $1
AzureCaper: posts big blind $3
*** HOLE CARDS ***
fire852181: raises $3 to $6
AzureCaper: folds
Uncalled bet ($3) returned to fire852181
fire852181 collected $6 from pot
fire852181: doesn't show hand
*** SUMMARY ***
Total pot $6 | Rake $0
Seat 3: fire852181 (button) (small blind) collected ($6)
Seat 4: AzureCaper (big blind) folded before Flop


PokerStars Hand #150788225632:  Hold'em Limit ($3/$6 USD) - 2016/03/22 21:59:45 ET
Table 'Himalia' 6-max Seat #4 is the button
Seat 3: fire852181 ($71.64 in chips)
Seat 4: AzureCaper ($107.17 in chips)
AzureCaper: posts small blind $1
fire852181: posts big blind $3
*** HOLE CARDS ***
AzureCaper: folds
Uncalled bet ($2) returned to fire852181
fire852181 collected $2 from pot
fire852181: doesn't show hand
*** SUMMARY ***
Total pot $2 | Rake $0
Seat 3: fire852181 (big blind) collected ($2)
Seat 4: AzureCaper (button) (small blind) folded before Flop


PokerStars Hand #150788222726:  Hold'em Limit ($3/$6 USD) - 2016/03/22 21:59:37 ET
Table 'Himalia' 6-max Seat #3 is the button
Seat 3: fire852181 ($72.64 in chips)
Seat 4: AzureCaper ($106.17 in chips)
fire852181: posts small blind $1
AzureCaper: posts big blind $3
*** HOLE CARDS ***
fire852181: folds
Uncalled bet ($2) returned to AzureCaper
AzureCaper collected $2 from pot
AzureCaper: doesn't show hand
*** SUMMARY ***
Total pot $2 | Rake $0
Seat 3: fire852181 (button) (small blind) folded before Flop
Seat 4: AzureCaper (big blind) collected ($2)


PokerStars Hand #150788211263:  Hold'em Limit ($3/$6 USD) - 2016/03/22 21:59:17 ET
Table 'Himalia' 6-max Seat #4 is the button
Seat 3: fire852181 ($49.14 in chips)
Seat 4: AzureCaper ($130.17 in chips)
AzureCaper: posts small blind $1
fire852181: posts big blind $3
*** HOLE CARDS ***
AzureCaper: raises $3 to $6
fire852181: raises $3 to $9
AzureCaper: calls $3
*** FLOP *** [Jh 4d 9d]
fire852181: bets $3
AzureCaper: calls $3
*** TURN *** [Jh 4d 9d] [9s]
fire852181: bets $6
AzureCaper: calls $6
*** RIVER *** [Jh 4d 9d 9s] [Qc]
fire852181: bets $6
AzureCaper: calls $6
*** SHOW DOWN ***
fire852181: shows [9c 6c] (three of a kind, Nines)
AzureCaper: mucks hand
fire852181 collected $47.50 from pot
*** SUMMARY ***
Total pot $48 | Rake $0.50
Board [Jh 4d 9d 9s Qc]
Seat 3: fire852181 (big blind) showed [9c 6c] and won ($47.50) with three of a kind, Nines
Seat 4: AzureCaper (button) (small blind) mucked


PokerStars Hand #150788262139:  Hold'em Limit ($3/$6 USD) - 2016/03/22 22:01:17 ET
Table 'Himalia' 6-max Seat #3 is the button
Seat 3: fire852181 ($64.64 in chips)
Seat 4: AzureCaper ($113.67 in chips)
fire852181: posts small blind $1
AzureCaper: posts big blind $3
*** HOLE CARDS ***
fire852181: raises $3 to $6
AzureCaper: calls $3
*** FLOP *** [Js 3d 3c]
AzureCaper: checks
fire852181: bets $3
AzureCaper: folds
Uncalled bet ($3) returned to fire852181
fire852181 collected $11.76 from pot
fire852181: doesn't show hand
*** SUMMARY ***
Total pot $12 | Rake $0.24
Board [Js 3d 3c]
Seat 3: fire852181 (button) (small blind) collected ($11.76)
Seat 4: AzureCaper (big blind) folded on the Flop


PokerStars Hand #150788258470:  Hold'em Limit ($3/$6 USD) - 2016/03/22 22:01:08 ET
Table 'Himalia' 6-max Seat #4 is the button
Seat 3: fire852181 ($67.64 in chips)
Seat 4: AzureCaper ($110.67 in chips)
AzureCaper: posts small blind $1
fire852181: posts big blind $3
*** HOLE CARDS ***
AzureCaper: raises $3 to $6
fire852181: folds
Uncalled bet ($3) returned to AzureCaper
AzureCaper collected $6 from pot
AzureCaper: doesn't show hand
*** SUMMARY ***
Total pot $6 | Rake $0
Seat 3: fire852181 (big blind) folded before Flop
Seat 4: AzureCaper (button) (small blind) collected ($6)


PokerStars Hand #150788254853:  Hold'em Limit ($3/$6 USD) - 2016/03/22 22:01:00 ET
Table 'Himalia' 6-max Seat #3 is the button
Seat 3: fire852181 ($64.64 in chips)
Seat 4: AzureCaper ($113.67 in chips)
fire852181: posts small blind $1
AzureCaper: posts big blind $3
*** HOLE CARDS ***
fire852181: raises $3 to $6
AzureCaper: folds
Uncalled bet ($3) returned to fire852181
fire852181 collected $6 from pot
fire852181: doesn't show hand
*** SUMMARY ***
Total pot $6 | Rake $0
Seat 3: fire852181 (button) (small blind) collected ($6)
Seat 4: AzureCaper (big blind) folded before Flop


PokerStars Hand #150788252894:  Hold'em Limit ($3/$6 USD) - 2016/03/22 22:00:55 ET
Table 'Himalia' 6-max Seat #4 is the button
Seat 3: fire852181 ($63.64 in chips)
Seat 4: AzureCaper ($114.67 in chips)
AzureCaper: posts small blind $1
fire852181: posts big blind $3
*** HOLE CARDS ***
AzureCaper: folds
Uncalled bet ($2) returned to fire852181
fire852181 collected $2 from pot
fire852181: doesn't show hand
*** SUMMARY ***
Total pot $2 | Rake $0
Seat 3: fire852181 (big blind) collected ($2)
Seat 4: AzureCaper (button) (small blind) folded before Flop


PokerStars Hand #150788250538:  Hold'em Limit ($3/$6 USD) - 2016/03/22 22:00:49 ET
Table 'Himalia' 6-max Seat #3 is the button
Seat 3: fire852181 ($64.64 in chips)
Seat 4: AzureCaper ($113.67 in chips)
fire852181: posts small blind $1
AzureCaper: posts big blind $3
*** HOLE CARDS ***
fire852181: folds
Uncalled bet ($2) returned to AzureCaper
AzureCaper collected $2 from pot
AzureCaper: doesn't show hand
*** SUMMARY ***
Total pot $2 | Rake $0
Seat 3: fire852181 (button) (small blind) folded before Flop
Seat 4: AzureCaper (big blind) collected ($2)


PokerStars Hand #150788241805:  Hold'em Limit ($3/$6 USD) - 2016/03/22 22:00:27 ET
Table 'Himalia' 6-max Seat #4 is the button
Seat 3: fire852181 ($79.64 in chips)
Seat 4: AzureCaper ($99.17 in chips)
AzureCaper: posts small blind $1
fire852181: posts big blind $3
*** HOLE CARDS ***
AzureCaper: raises $3 to $6
fire852181: calls $3
*** FLOP *** [4c 7s 6c]
fire852181: checks
AzureCaper: bets $3
fire852181: calls $3
*** TURN *** [4c 7s 6c] [Kd]
fire852181: checks
AzureCaper: bets $6
fire852181: calls $6
*** RIVER *** [4c 7s 6c Kd] [Js]
fire852181: checks
AzureCaper: bets $6
fire852181: folds
Uncalled bet ($6) returned to AzureCaper
AzureCaper collected $29.50 from pot
AzureCaper: doesn't show hand
*** SUMMARY ***
Total pot $30 | Rake $0.50
Board [4c 7s 6c Kd Js]
Seat 3: fire852181 (big blind) folded on the River
Seat 4: AzureCaper (button) (small blind) collected ($29.50)


PokerStars Hand #150788276496:  Hold'em Limit ($3/$6 USD) - 2016/03/22 22:01:51 ET
Table 'Himalia' 6-max Seat #4 is the button
Seat 3: fire852181 ($74.40 in chips)
Seat 4: AzureCaper ($103.67 in chips)
AzureCaper: posts small blind $1
fire852181: posts big blind $3
*** HOLE CARDS ***
AzureCaper: raises $3 to $6
fire852181: calls $3
*** FLOP *** [7h Jd Ac]
Chessnok leaves the table
fire852181: checks
AzureCaper: checks
*** TURN *** [7h Jd Ac] [5s]
fire852181: bets $6
Chessnok joins the table at seat #5
AzureCaper: folds
Uncalled bet ($6) returned to fire852181
fire852181 collected $11.76 from pot
fire852181: doesn't show hand
*** SUMMARY ***
Total pot $12 | Rake $0.24
Board [7h Jd Ac 5s]
Seat 3: fire852181 (big blind) collected ($11.76)
Seat 4: AzureCaper (button) (small blind) folded on the Turn


PokerStars Hand #150788271688:  Hold'em Limit ($3/$6 USD) - 2016/03/22 22:01:40 ET
Table 'Himalia' 6-max Seat #3 is the button
Seat 3: fire852181 ($71.40 in chips)
Seat 4: AzureCaper ($106.67 in chips)
fire852181: posts small blind $1
AzureCaper: posts big blind $3
*** HOLE CARDS ***
fire852181: raises $3 to $6
AzureCaper: folds
Uncalled bet ($3) returned to fire852181
fire852181 collected $6 from pot
fire852181: doesn't show hand
*** SUMMARY ***
Total pot $6 | Rake $0
Seat 3: fire852181 (button) (small blind) collected ($6)
Seat 4: AzureCaper (big blind) folded before Flop


PokerStars Hand #150788268914:  Hold'em Limit ($3/$6 USD) - 2016/03/22 22:01:33 ET
Table 'Himalia' 6-max Seat #4 is the button
Seat 3: fire852181 ($70.40 in chips)
Seat 4: AzureCaper ($107.67 in chips)
AzureCaper: posts small blind $1
fire852181: posts big blind $3
*** HOLE CARDS ***
AzureCaper: folds
Uncalled bet ($2) returned to fire852181
fire852181 collected $2 from pot
fire852181: doesn't show hand
*** SUMMARY ***
Total pot $2 | Rake $0
Seat 3: fire852181 (big blind) collected ($2)
Seat 4: AzureCaper (button) (small blind) folded before Flop


PokerStars Hand #150788288986:  Hold'em Limit ($3/$6 USD) - 2016/03/22 22:02:19 ET
Table 'Himalia' 6-max Seat #3 is the button
Seat 3: fire852181 ($80.16 in chips)
Seat 4: AzureCaper ($97.67 in chips)
fire852181: posts small blind $1
AzureCaper: posts big blind $3
*** HOLE CARDS ***
fire852181: folds
Uncalled bet ($2) returned to AzureCaper
AzureCaper collected $2 from pot
AzureCaper: doesn't show hand
*** SUMMARY ***
Total pot $2 | Rake $0
Seat 3: fire852181 (button) (small blind) folded before Flop
Seat 4: AzureCaper (big blind) collected ($2)


PokerStars Hand #150788386805:  Hold'em Limit ($3/$6 USD) - 2016/03/22 22:06:04 ET
Table 'Himalia' 6-max Seat #4 is the button
Seat 4: AzureCaper ($109.72 in chips)
Seat 5: Chessnok ($60 in chips)
AzureCaper: posts small blind $1
Chessnok: posts big blind $3
*** HOLE CARDS ***
AzureCaper: raises $3 to $6
Chessnok: calls $3
*** FLOP *** [9h Ts 3s]
Chessnok: checks
AzureCaper: bets $3
Chessnok: raises $3 to $6
AzureCaper: calls $3
*** TURN *** [9h Ts 3s] [5c]
Chessnok: bets $6
AzureCaper: calls $6
*** RIVER *** [9h Ts 3s 5c] [7c]
Chessnok: bets $6
AzureCaper: calls $6
*** SHOW DOWN ***
Chessnok: shows [Tc 4d] (a pair of Tens)
AzureCaper: mucks hand
Chessnok collected $47.50 from pot
*** SUMMARY ***
Total pot $48 | Rake $0.50
Board [9h Ts 3s 5c 7c]
Seat 4: AzureCaper (button) (small blind) mucked
Seat 5: Chessnok (big blind) showed [Tc 4d] and won ($47.50) with a pair of Tens


PokerStars Hand #150788381461:  Hold'em Limit ($3/$6 USD) - 2016/03/22 22:05:51 ET
Table 'Himalia' 6-max Seat #5 is the button
Seat 4: AzureCaper ($103.96 in chips)
Seat 5: Chessnok ($61 in chips)
Chessnok: posts small blind $1
AzureCaper: posts big blind $3
*** HOLE CARDS ***
Chessnok: raises $3 to $6
AzureCaper: calls $3
*** FLOP *** [Kd 5c 6c]
AzureCaper: bets $3
Chessnok: folds
Uncalled bet ($3) returned to AzureCaper
AzureCaper collected $11.76 from pot
AzureCaper: doesn't show hand
*** SUMMARY ***
Total pot $12 | Rake $0.24
Board [Kd 5c 6c]
Seat 4: AzureCaper (big blind) collected ($11.76)
Seat 5: Chessnok (button) (small blind) folded on the Flop


PokerStars Hand #150788494066:  Hold'em Limit ($3/$6 USD) - 2016/03/22 22:10:08 ET
Table 'Himalia' 6-max Seat #4 is the button
Seat 2: MHE P0XER! ($19 in chips)
Seat 4: AzureCaper ($74.88 in chips)
AzureCaper: posts small blind $1
MHE P0XER!: posts big blind $3
*** HOLE CARDS ***
AzureCaper: folds
Uncalled bet ($2) returned to MHE P0XER!
MHE P0XER! collected $2 from pot
MHE P0XER!: doesn't show hand
*** SUMMARY ***
Total pot $2 | Rake $0
Seat 2: MHE P0XER! (big blind) collected ($2)
Seat 4: AzureCaper (button) (small blind) folded before Flop


PokerStars Hand #150788485864:  Hold'em Limit ($3/$6 USD) - 2016/03/22 22:09:49 ET
Table 'Himalia' 6-max Seat #2 is the button
Seat 2: MHE P0XER! ($22 in chips)
Seat 4: AzureCaper ($72 in chips)
MHE P0XER!: posts small blind $1
AzureCaper: posts big blind $3
*** HOLE CARDS ***
MHE P0XER!: calls $2
AzureCaper: checks
*** FLOP *** [As Jc 6c]
AzureCaper: checks
MHE P0XER!: checks
*** TURN *** [As Jc 6c] [2h]
AzureCaper: bets $6
MHE P0XER!: folds
Uncalled bet ($6) returned to AzureCaper
AzureCaper collected $5.88 from pot
AzureCaper: doesn't show hand
*** SUMMARY ***
Total pot $6 | Rake $0.12
Board [As Jc 6c 2h]
Seat 2: MHE P0XER! (button) (small blind) folded on the Turn
Seat 4: AzureCaper (big blind) collected ($5.88)


PokerStars Hand #150788480738:  Hold'em Limit ($3/$6 USD) - 2016/03/22 22:09:37 ET
Table 'Himalia' 6-max Seat #4 is the button
Seat 2: MHE P0XER! ($21 in chips)
Seat 4: AzureCaper ($72 in chips)
AzureCaper: posts small blind $1
Chessnok: is sitting out
MHE P0XER!: posts big blind $3
*** HOLE CARDS ***
AzureCaper: folds
Uncalled bet ($2) returned to MHE P0XER!
MHE P0XER! collected $2 from pot
MHE P0XER!: doesn't show hand
*** SUMMARY ***
Total pot $2 | Rake $0
Seat 2: MHE P0XER! (big blind) collected ($2)
Seat 4: AzureCaper (button) (small blind) folded before Flop


PokerStars Hand #150788788527:  Hold'em Limit ($3/$6 USD) - 2016/03/22 22:21:48 ET
Table 'Himalia' 6-max Seat #4 is the button
Seat 4: AzureCaper ($73 in chips)
Seat 5: hairy1961 ($59 in chips)
AzureCaper: posts small blind $1
hairy1961: posts big blind $3
*** HOLE CARDS ***
AzureCaper: folds
Uncalled bet ($2) returned to hairy1961
hairy1961 collected $2 from pot
MissEKAmouse joins the table at seat #6
hairy1961: doesn't show hand
*** SUMMARY ***
Total pot $2 | Rake $0
Seat 4: AzureCaper (button) (small blind) folded before Flop
Seat 5: hairy1961 (big blind) collected ($2)


PokerStars Hand #150788784604:  Hold'em Limit ($3/$6 USD) - 2016/03/22 22:21:38 ET
Table 'Himalia' 6-max Seat #5 is the button
Seat 4: AzureCaper ($72 in chips)
Seat 5: hairy1961 ($60 in chips)
hairy1961: posts small blind $1
AzureCaper: posts big blind $3
*** HOLE CARDS ***
hairy1961: folds
Uncalled bet ($2) returned to AzureCaper
AzureCaper collected $2 from pot
AzureCaper: doesn't show hand
*** SUMMARY ***
Total pot $2 | Rake $0
Seat 4: AzureCaper (big blind) collected ($2)
Seat 5: hairy1961 (button) (small blind) folded before Flop


PokerStars Hand #150788846223:  Hold'em Limit ($3/$6 USD) - 2016/03/22 22:24:11 ET
Table 'Himalia' 6-max Seat #4 is the button
Seat 3: fire852181 ($47 in chips)
Seat 4: AzureCaper ($115.18 in chips)
AzureCaper: posts small blind $1
fire852181: posts big blind $3
*** HOLE CARDS ***
AzureCaper: raises $3 to $6
fire852181: calls $3
*** FLOP *** [Th Tc 4h]
fire852181: checks
AzureCaper: bets $3
fire852181: calls $3
*** TURN *** [Th Tc 4h] [3s]
fire852181: checks
AzureCaper: bets $6
fire852181: folds
Uncalled bet ($6) returned to AzureCaper
AzureCaper collected $17.64 from pot
AzureCaper: doesn't show hand
*** SUMMARY ***
Total pot $18 | Rake $0.36
Board [Th Tc 4h 3s]
Seat 3: fire852181 (big blind) folded on the Turn
Seat 4: AzureCaper (button) (small blind) collected ($17.64)


PokerStars Hand #150788861229:  Hold'em Limit ($3/$6 USD) - 2016/03/22 22:24:43 ET
Table 'Himalia' 6-max Seat #3 is the button
Seat 3: fire852181 ($38 in chips)
Seat 4: AzureCaper ($123.82 in chips)
fire852181: posts small blind $1
AzureCaper: posts big blind $3
*** HOLE CARDS ***
fire852181: folds
Uncalled bet ($2) returned to AzureCaper
AzureCaper collected $2 from pot
AzureCaper: doesn't show hand
*** SUMMARY ***
Total pot $2 | Rake $0
Seat 3: fire852181 (button) (small blind) folded before Flop
Seat 4: AzureCaper (big blind) collected ($2)


