PokerStars Hand #160544624560:  Hold'em Limit ($3/$6 USD) - 2016/10/28 9:03:10 ET
Table 'Hind II' 6-max Seat #4 is the button
Seat 3: HAOYUN88888 ($154.50 in chips)
Seat 4: kolaz03 ($73 in chips)
kolaz03: posts small blind $1
HAOYUN88888: posts big blind $3
*** HOLE CARDS ***
kolaz03: raises $3 to $6
HAOYUN88888: folds
Uncalled bet ($3) returned to kolaz03
kolaz03 collected $6 from pot
kolaz03: doesn't show hand
*** SUMMARY ***
Total pot $6 | Rake $0
Seat 3: HAOYUN88888 (big blind) folded before Flop
Seat 4: kolaz03 (button) (small blind) collected ($6)


PokerStars Hand #160544618970:  Hold'em Limit ($3/$6 USD) - 2016/10/28 9:03:00 ET
Table 'Hind II' 6-max Seat #3 is the button
Seat 3: HAOYUN88888 ($155.50 in chips)
Seat 4: kolaz03 ($72 in chips)
HAOYUN88888: posts small blind $1
kolaz03: posts big blind $3
*** HOLE CARDS ***
HAOYUN88888: folds
Uncalled bet ($2) returned to kolaz03
kolaz03 collected $2 from pot
kolaz03: doesn't show hand
*** SUMMARY ***
Total pot $2 | Rake $0
Seat 3: HAOYUN88888 (button) (small blind) folded before Flop
Seat 4: kolaz03 (big blind) collected ($2)


PokerStars Hand #160544628035:  Hold'em Limit ($3/$6 USD) - 2016/10/28 9:03:16 ET
Table 'Hind II' 6-max Seat #3 is the button
Seat 3: HAOYUN88888 ($151.50 in chips)
Seat 4: kolaz03 ($76 in chips)
HAOYUN88888: posts small blind $1
kolaz03: posts big blind $3
*** HOLE CARDS ***
HAOYUN88888: raises $3 to $6
kolaz03: calls $3
*** FLOP *** [Qs 5h Kh]
kolaz03: checks
HAOYUN88888: bets $3
kolaz03: raises $3 to $6
HAOYUN88888: calls $3
*** TURN *** [Qs 5h Kh] [6d]
kolaz03: bets $6
HAOYUN88888: calls $6
*** RIVER *** [Qs 5h Kh 6d] [9h]
kolaz03: bets $6
HAOYUN88888: calls $6
*** SHOW DOWN ***
kolaz03: shows [Qd 6h] (two pair, Queens and Sixes)
HAOYUN88888: mucks hand
kolaz03 collected $47.50 from pot
*** SUMMARY ***
Total pot $48 | Rake $0.50
Board [Qs 5h Kh 6d 9h]
Seat 3: HAOYUN88888 (button) (small blind) mucked
Seat 4: kolaz03 (big blind) showed [Qd 6h] and won ($47.50) with two pair, Queens and Sixes


PokerStars Hand #160544659999:  Hold'em Limit ($3/$6 USD) - 2016/10/28 9:04:14 ET
Table 'Hind II' 6-max Seat #4 is the button
Seat 3: HAOYUN88888 ($154 in chips)
Seat 4: kolaz03 ($72.50 in chips)
kolaz03: posts small blind $1
HAOYUN88888: posts big blind $3
*** HOLE CARDS ***
kolaz03: folds
Uncalled bet ($2) returned to HAOYUN88888
HAOYUN88888 collected $2 from pot
HAOYUN88888: doesn't show hand
*** SUMMARY ***
Total pot $2 | Rake $0
Seat 3: HAOYUN88888 (big blind) collected ($2)
Seat 4: kolaz03 (button) (small blind) folded before Flop


PokerStars Hand #160544644483:  Hold'em Limit ($3/$6 USD) - 2016/10/28 9:03:46 ET
Table 'Hind II' 6-max Seat #4 is the button
Seat 3: HAOYUN88888 ($127.50 in chips)
Seat 4: kolaz03 ($99.50 in chips)
kolaz03: posts small blind $1
HAOYUN88888: posts big blind $3
*** HOLE CARDS ***
kolaz03: raises $3 to $6
HAOYUN88888: calls $3
*** FLOP *** [8h 9h Ts]
HAOYUN88888: checks
kolaz03: bets $3
HAOYUN88888: raises $3 to $6
kolaz03: calls $3
*** TURN *** [8h 9h Ts] [Kh]
HAOYUN88888: bets $6
kolaz03: calls $6
*** RIVER *** [8h 9h Ts Kh] [7h]
HAOYUN88888: bets $6
kolaz03: calls $6
*** SHOW DOWN ***
HAOYUN88888: shows [6d 5h] (a flush, King high)
kolaz03: mucks hand
HAOYUN88888 collected $47.50 from pot
*** SUMMARY ***
Total pot $48 | Rake $0.50
Board [8h 9h Ts Kh 7h]
Seat 3: HAOYUN88888 (big blind) showed [6d 5h] and won ($47.50) with a flush, King high
Seat 4: kolaz03 (button) (small blind) mucked


PokerStars Hand #160544671912:  Hold'em Limit ($3/$6 USD) - 2016/10/28 9:04:36 ET
Table 'Hind II' 6-max Seat #4 is the button
Seat 3: HAOYUN88888 ($154.75 in chips)
Seat 4: kolaz03 ($72 in chips)
kolaz03: posts small blind $1
HAOYUN88888: posts big blind $3
*** HOLE CARDS ***
kolaz03: raises $3 to $6
HAOYUN88888: folds
Uncalled bet ($3) returned to kolaz03
kolaz03 collected $6 from pot
kolaz03: doesn't show hand
*** SUMMARY ***
Total pot $6 | Rake $0
Seat 3: HAOYUN88888 (big blind) folded before Flop
Seat 4: kolaz03 (button) (small blind) collected ($6)


PokerStars Hand #160544662479:  Hold'em Limit ($3/$6 USD) - 2016/10/28 9:04:19 ET
Table 'Hind II' 6-max Seat #3 is the button
Seat 3: HAOYUN88888 ($155 in chips)
Seat 4: kolaz03 ($72 in chips)
HAOYUN88888: posts small blind $1
kolaz03: posts big blind $3
*** HOLE CARDS ***
HAOYUN88888: raises $3 to $6
kolaz03: calls $3
*** FLOP *** [Ac 2c 5h]
kolaz03: checks
HAOYUN88888: bets $3
kolaz03: calls $3
*** TURN *** [Ac 2c 5h] [Jd]
kolaz03: checks
HAOYUN88888: bets $6
kolaz03: calls $6
*** RIVER *** [Ac 2c 5h Jd] [9c]
kolaz03: checks
HAOYUN88888: checks
*** SHOW DOWN ***
kolaz03: shows [Qs 3s] (high card Ace)
HAOYUN88888: shows [Qd 4d] (high card Ace)
kolaz03 collected $14.75 from pot
HAOYUN88888 collected $14.75 from pot
*** SUMMARY ***
Total pot $30 | Rake $0.50
Board [Ac 2c 5h Jd 9c]
Seat 3: HAOYUN88888 (button) (small blind) showed [Qd 4d] and won ($14.75) with high card Ace
Seat 4: kolaz03 (big blind) showed [Qs 3s] and won ($14.75) with high card Ace


PokerStars Hand #160544701568:  Hold'em Limit ($3/$6 USD) - 2016/10/28 9:05:27 ET
Table 'Hind II' 6-max Seat #3 is the button
Seat 3: HAOYUN88888 ($163.39 in chips)
Seat 4: kolaz03 ($72 in chips)
HAOYUN88888: posts small blind $1
kolaz03: posts big blind $3
*** HOLE CARDS ***
HAOYUN88888: raises $3 to $6
kolaz03: raises $3 to $9
HAOYUN88888: calls $3
*** FLOP *** [9h 4s Td]
kolaz03: bets $3
HAOYUN88888: raises $3 to $6
kolaz03: raises $3 to $9
HAOYUN88888: calls $3
*** TURN *** [9h 4s Td] [3d]
kolaz03: bets $6
HAOYUN88888: calls $6
*** RIVER *** [9h 4s Td 3d] [3h]
kolaz03: bets $6
HAOYUN88888: calls $6
*** SHOW DOWN ***
kolaz03: shows [As Ac] (two pair, Aces and Threes)
HAOYUN88888: mucks hand
kolaz03 collected $59.50 from pot
*** SUMMARY ***
Total pot $60 | Rake $0.50
Board [9h 4s Td 3d 3h]
Seat 3: HAOYUN88888 (button) (small blind) mucked
Seat 4: kolaz03 (big blind) showed [As Ac] and won ($59.50) with two pair, Aces and Threes


PokerStars Hand #160544681739:  Hold'em Limit ($3/$6 USD) - 2016/10/28 9:04:53 ET
Table 'Hind II' 6-max Seat #4 is the button
Seat 3: HAOYUN88888 ($154.75 in chips)
Seat 4: kolaz03 ($72 in chips)
kolaz03: posts small blind $1
HAOYUN88888: posts big blind $3
*** HOLE CARDS ***
kolaz03: raises $3 to $6
HAOYUN88888: raises $3 to $9
Chrisgalo33 joins the table at seat #2
kolaz03: calls $3
*** FLOP *** [Kc 5s 5c]
HAOYUN88888: bets $3
kolaz03: folds
Uncalled bet ($3) returned to HAOYUN88888
HAOYUN88888 collected $17.64 from pot
HAOYUN88888: doesn't show hand
*** SUMMARY ***
Total pot $18 | Rake $0.36
Board [Kc 5s 5c]
Seat 3: HAOYUN88888 (big blind) collected ($17.64)
Seat 4: kolaz03 (button) (small blind) folded on the Flop


PokerStars Hand #160545448113:  Hold'em Limit ($3/$6 USD) - 2016/10/28 9:27:00 ET
Table 'Hind II' 6-max Seat #3 is the button
Seat 2: Psynto ($190.36 in chips)
Seat 3: Kasperla ($57.32 in chips)
Kasperla: posts small blind $1
Psynto: posts big blind $3
*** HOLE CARDS ***
Kasperla: raises $3 to $6
Psynto: raises $3 to $9
4outs2full leaves the table
Kasperla: calls $3
*** FLOP *** [2s Kc Qd]
Psynto: checks
Kasperla: checks
*** TURN *** [2s Kc Qd] [7h]
Psynto: bets $6
Kasperla: folds
Uncalled bet ($6) returned to Psynto
Psynto collected $17.64 from pot
Psynto: doesn't show hand
*** SUMMARY ***
Total pot $18 | Rake $0.36
Board [2s Kc Qd 7h]
Seat 2: Psynto (big blind) collected ($17.64)
Seat 3: Kasperla (button) (small blind) folded on the Turn


