PokerStars Hand #166893762949:  Hold'em Limit ($3/$6 USD) - 2017/02/28 6:34:37 ET
Table 'Hind' 6-max Seat #2 is the button
Seat 1: frazerchi ($15 in chips)
Seat 2: GRAILKO ($214.50 in chips)
GRAILKO: posts small blind $1
frazerchi: posts big blind $3
*** HOLE CARDS ***
GRAILKO: raises $3 to $6
frazerchi: calls $3
*** FLOP *** [Jc 3c 4d]
frazerchi: checks
GRAILKO: bets $3
frazerchi: folds
Uncalled bet ($3) returned to GRAILKO
GRAILKO collected $11.76 from pot
GRAILKO: doesn't show hand
*** SUMMARY ***
Total pot $12 | Rake $0.24
Board [Jc 3c 4d]
Seat 1: frazerchi (big blind) folded on the Flop
Seat 2: GRAILKO (button) (small blind) collected ($11.76)


PokerStars Hand #166893749193:  Hold'em Limit ($3/$6 USD) - 2017/02/28 6:34:08 ET
Table 'Hind' 6-max Seat #1 is the button
Seat 1: frazerchi ($30 in chips)
Seat 2: GRAILKO ($200 in chips)
frazerchi: posts small blind $1
GRAILKO: posts big blind $3
*** HOLE CARDS ***
frazerchi: calls $2
GRAILKO: raises $3 to $6
frazerchi: calls $3
*** FLOP *** [Ah 7c 2c]
GRAILKO: bets $3
frazerchi: calls $3
*** TURN *** [Ah 7c 2c] [3s]
GRAILKO: bets $6
frazerchi: calls $6
*** RIVER *** [Ah 7c 2c 3s] [8d]
GRAILKO: bets $6
frazerchi: folds
Uncalled bet ($6) returned to GRAILKO
GRAILKO collected $29.50 from pot
GRAILKO: doesn't show hand
*** SUMMARY ***
Total pot $30 | Rake $0.50
Board [Ah 7c 2c 3s 8d]
Seat 1: frazerchi (button) (small blind) folded on the River
Seat 2: GRAILKO (big blind) collected ($29.50)


PokerStars Hand #166893771149:  Hold'em Limit ($3/$6 USD) - 2017/02/28 6:34:54 ET
Table 'Hind' 6-max Seat #1 is the button
Seat 1: frazerchi ($9 in chips)
Seat 2: GRAILKO ($220.26 in chips)
frazerchi: posts small blind $1
GRAILKO: posts big blind $3
*** HOLE CARDS ***
frazerchi: raises $3 to $6
GRAILKO: calls $3
*** FLOP *** [3d Kd 6h]
GRAILKO: checks
frazerchi: bets $3 and is all-in
GRAILKO: calls $3
*** TURN *** [3d Kd 6h] [Jc]
*** RIVER *** [3d Kd 6h Jc] [Tc]
*** SHOW DOWN ***
GRAILKO: shows [8d 6s] (a pair of Sixes)
frazerchi: shows [Qh 4s] (high card King)
GRAILKO collected $17.64 from pot
*** SUMMARY ***
Total pot $18 | Rake $0.36
Board [3d Kd 6h Jc Tc]
Seat 1: frazerchi (button) (small blind) showed [Qh 4s] and lost with high card King
Seat 2: GRAILKO (big blind) showed [8d 6s] and won ($17.64) with a pair of Sixes


