PokerStars Hand #146669524432:  Hold'em Limit ($3/$6 USD) - 2016/01/08 5:34:54 ET
Table 'Hippokoon III' 2-max Seat #2 is the button
Seat 1: nedo1414 ($78 in chips)
Seat 2: NIGHTyxa ($89.28 in chips)
NIGHTyxa: posts small blind $1
nedo1414: posts big blind $3
*** HOLE CARDS ***
NIGHTyxa: raises $3 to $6
nedo1414: calls $3
*** FLOP *** [8d 4h 3s]
nedo1414: checks
NIGHTyxa: bets $3
nedo1414: folds
Uncalled bet ($3) returned to NIGHTyxa
NIGHTyxa collected $11.76 from pot
NIGHTyxa: doesn't show hand
*** SUMMARY ***
Total pot $12 | Rake $0.24
Board [8d 4h 3s]
Seat 1: nedo1414 (big blind) folded on the Flop
Seat 2: NIGHTyxa (button) (small blind) collected ($11.76)


PokerStars Hand #146669517109:  Hold'em Limit ($3/$6 USD) - 2016/01/08 5:34:39 ET
Table 'Hippokoon III' 2-max Seat #1 is the button
Seat 1: nedo1414 ($87 in chips)
Seat 2: NIGHTyxa ($80.64 in chips)
nedo1414: posts small blind $1
NIGHTyxa: posts big blind $3
*** HOLE CARDS ***
nedo1414: raises $3 to $6
NIGHTyxa: calls $3
*** FLOP *** [8h 4s As]
NIGHTyxa: checks
nedo1414: bets $3
NIGHTyxa: raises $3 to $6
nedo1414: folds
Uncalled bet ($3) returned to NIGHTyxa
NIGHTyxa collected $17.64 from pot
NIGHTyxa: doesn't show hand
*** SUMMARY ***
Total pot $18 | Rake $0.36
Board [8h 4s As]
Seat 1: nedo1414 (button) (small blind) folded on the Flop
Seat 2: NIGHTyxa (big blind) collected ($17.64)


PokerStars Hand #146669528884:  Hold'em Limit ($3/$6 USD) - 2016/01/08 5:35:02 ET
Table 'Hippokoon III' 2-max Seat #1 is the button
Seat 1: nedo1414 ($72 in chips)
Seat 2: NIGHTyxa ($95.04 in chips)
nedo1414: posts small blind $1
NIGHTyxa: posts big blind $3
*** HOLE CARDS ***
nedo1414: folds
Uncalled bet ($2) returned to NIGHTyxa
NIGHTyxa collected $2 from pot
NIGHTyxa: doesn't show hand
*** SUMMARY ***
Total pot $2 | Rake $0
Seat 1: nedo1414 (button) (small blind) folded before Flop
Seat 2: NIGHTyxa (big blind) collected ($2)


PokerStars Hand #146669532480:  Hold'em Limit ($3/$6 USD) - 2016/01/08 5:35:10 ET
Table 'Hippokoon III' 2-max Seat #2 is the button
Seat 1: nedo1414 ($71 in chips)
Seat 2: NIGHTyxa ($96.04 in chips)
NIGHTyxa: posts small blind $1
nedo1414: posts big blind $3
*** HOLE CARDS ***
NIGHTyxa: raises $3 to $6
nedo1414: raises $3 to $9
NIGHTyxa: calls $3
*** FLOP *** [Kh Tc 7h]
nedo1414: bets $3
NIGHTyxa: calls $3
*** TURN *** [Kh Tc 7h] [Td]
nedo1414: bets $6
NIGHTyxa: calls $6
*** RIVER *** [Kh Tc 7h Td] [Js]
nedo1414: bets $6
NIGHTyxa: calls $6
*** SHOW DOWN ***
nedo1414: shows [8c 5c] (a pair of Tens)
NIGHTyxa: shows [8d 7c] (two pair, Tens and Sevens)
NIGHTyxa collected $47.50 from pot
*** SUMMARY ***
Total pot $48 | Rake $0.50
Board [Kh Tc 7h Td Js]
Seat 1: nedo1414 (big blind) showed [8c 5c] and lost with a pair of Tens
Seat 2: NIGHTyxa (button) (small blind) showed [8d 7c] and won ($47.50) with two pair, Tens and Sevens


PokerStars Hand #146669500354:  Hold'em Limit ($3/$6 USD) - 2016/01/08 5:34:06 ET
Table 'Hippokoon III' 2-max Seat #2 is the button
Seat 1: nedo1414 ($96 in chips)
Seat 2: NIGHTyxa ($72 in chips)
NIGHTyxa: posts small blind $1
nedo1414: posts big blind $3
*** HOLE CARDS ***
NIGHTyxa: raises $3 to $6
nedo1414: calls $3
*** FLOP *** [Qc Ah Js]
nedo1414: checks
NIGHTyxa: bets $3
nedo1414: calls $3
*** TURN *** [Qc Ah Js] [7c]
nedo1414: checks
NIGHTyxa: checks
*** RIVER *** [Qc Ah Js 7c] [Th]
nedo1414: checks
NIGHTyxa: bets $6
nedo1414: folds
Uncalled bet ($6) returned to NIGHTyxa
NIGHTyxa collected $17.64 from pot
NIGHTyxa: doesn't show hand
*** SUMMARY ***
Total pot $18 | Rake $0.36
Board [Qc Ah Js 7c Th]
Seat 1: nedo1414 (big blind) folded on the River
Seat 2: NIGHTyxa (button) (small blind) collected ($17.64)


