PokerStars Hand #174923643000:  Hold'em Limit ($3/$6 USD) - 2017/08/28 21:13:09 ET
Table 'Hippokoon' 6-max Seat #3 is the button
Seat 1: AMA2347 ($52.83 in chips)
Seat 3: Bonkman05 ($67.26 in chips)
Bonkman05: posts small blind $1
AMA2347: posts big blind $3
*** HOLE CARDS ***
Bonkman05: raises $3 to $6
AMA2347: folds
Uncalled bet ($3) returned to Bonkman05
Bonkman05 collected $6 from pot
Bonkman05: doesn't show hand
*** SUMMARY ***
Total pot $6 | Rake $0
Seat 1: AMA2347 (big blind) folded before Flop
Seat 3: Bonkman05 (button) (small blind) collected ($6)


PokerStars Hand #174923647356:  Hold'em Limit ($3/$6 USD) - 2017/08/28 21:13:19 ET
Table 'Hippokoon' 6-max Seat #1 is the button
Seat 1: AMA2347 ($49.83 in chips)
Seat 3: Bonkman05 ($70.26 in chips)
AMA2347: posts small blind $1
Bonkman05: posts big blind $3
*** HOLE CARDS ***
AMA2347: folds
Uncalled bet ($2) returned to Bonkman05
Bonkman05 collected $2 from pot
Bonkman05: doesn't show hand
*** SUMMARY ***
Total pot $2 | Rake $0
Seat 1: AMA2347 (button) (small blind) folded before Flop
Seat 3: Bonkman05 (big blind) collected ($2)


