PokerStars Hand #154093175712:  Hold'em Limit ($3/$6 USD) - 2016/05/31 10:05:36 ET
Table 'Hippasos' 6-max Seat #5 is the button
Seat 4: ABATAPP ($179.84 in chips)
Seat 5: B_loJkl ($178.86 in chips)
B_loJkl: posts small blind $1
tomte999: is sitting out
ABATAPP: posts big blind $3
*** HOLE CARDS ***
B_loJkl: raises $3 to $6
ABATAPP: folds
Uncalled bet ($3) returned to B_loJkl
ABATAPP leaves the table
B_loJkl collected $6 from pot
B_loJkl: doesn't show hand
*** SUMMARY ***
Total pot $6 | Rake $0
Seat 4: ABATAPP (big blind) folded before Flop
Seat 5: B_loJkl (button) (small blind) collected ($6)


PokerStars Hand #154095950815:  Hold'em Limit ($3/$6 USD) - 2016/05/31 11:23:28 ET
Table 'Hippasos' 6-max Seat #6 is the button
Seat 4: Krazy90 ($136.07 in chips)
Seat 6: harepaw ($146.09 in chips)
harepaw: posts small blind $1
Krazy90: posts big blind $3
*** HOLE CARDS ***
harepaw: folds
Uncalled bet ($2) returned to Krazy90
Krazy90 collected $2 from pot
Krazy90: doesn't show hand
*** SUMMARY ***
Total pot $2 | Rake $0
Seat 4: Krazy90 (big blind) collected ($2)
Seat 6: harepaw (button) (small blind) folded before Flop


PokerStars Hand #154095946428:  Hold'em Limit ($3/$6 USD) - 2016/05/31 11:23:21 ET
Table 'Hippasos' 6-max Seat #4 is the button
Seat 4: Krazy90 ($133.07 in chips)
Seat 6: harepaw ($149.09 in chips)
Krazy90: posts small blind $1
harepaw: posts big blind $3
*** HOLE CARDS ***
Krazy90: raises $3 to $6
harepaw: folds
Uncalled bet ($3) returned to Krazy90
Krazy90 collected $6 from pot
Krazy90: doesn't show hand
*** SUMMARY ***
Total pot $6 | Rake $0
Seat 4: Krazy90 (button) (small blind) collected ($6)
Seat 6: harepaw (big blind) folded before Flop


PokerStars Hand #154095940217:  Hold'em Limit ($3/$6 USD) - 2016/05/31 11:23:11 ET
Table 'Hippasos' 6-max Seat #6 is the button
Seat 4: Krazy90 ($132.07 in chips)
Seat 6: harepaw ($150.09 in chips)
harepaw: posts small blind $1
tomte999: is sitting out
Krazy90: posts big blind $3
*** HOLE CARDS ***
tomte999 leaves the table
harepaw: folds
Uncalled bet ($2) returned to Krazy90
Krazy90 collected $2 from pot
Krazy90: doesn't show hand
*** SUMMARY ***
Total pot $2 | Rake $0
Seat 4: Krazy90 (big blind) collected ($2)
Seat 6: harepaw (button) (small blind) folded before Flop


