PokerStars Hand #149040018026:  Hold'em Limit ($3/$6 USD) - 2016/02/18 19:46:16 ET
Table 'Hippasos' 6-max Seat #4 is the button
Seat 4: JohnnyJakson ($87.43 in chips)
Seat 5: GoliafUa ($158.02 in chips)
JohnnyJakson: posts small blind $1
GoliafUa: posts big blind $3
*** HOLE CARDS ***
JohnnyJakson: raises $3 to $6
GoliafUa: calls $3
*** FLOP *** [Kd Tc 8d]
GoliafUa: checks
JohnnyJakson: bets $3
GoliafUa: calls $3
*** TURN *** [Kd Tc 8d] [9h]
GoliafUa: checks
JohnnyJakson: checks
*** RIVER *** [Kd Tc 8d 9h] [4c]
GoliafUa: checks
JohnnyJakson: checks
*** SHOW DOWN ***
GoliafUa: shows [Qd 7c] (high card King)
JohnnyJakson: shows [5s Ts] (a pair of Tens)
JohnnyJakson collected $17.64 from pot
*** SUMMARY ***
Total pot $18 | Rake $0.36
Board [Kd Tc 8d 9h 4c]
Seat 4: JohnnyJakson (button) (small blind) showed [5s Ts] and won ($17.64) with a pair of Tens
Seat 5: GoliafUa (big blind) showed [Qd 7c] and lost with high card King


PokerStars Hand #149040032119:  Hold'em Limit ($3/$6 USD) - 2016/02/18 19:46:39 ET
Table 'Hippasos' 6-max Seat #5 is the button
Seat 4: JohnnyJakson ($96.07 in chips)
Seat 5: GoliafUa ($149.02 in chips)
GoliafUa: posts small blind $1
JohnnyJakson: posts big blind $3
*** HOLE CARDS ***
GoliafUa: raises $3 to $6
JohnnyJakson: raises $3 to $9
GoliafUa: calls $3
*** FLOP *** [8s 5h 2h]
JohnnyJakson: checks
GoliafUa: bets $3
JohnnyJakson: calls $3
*** TURN *** [8s 5h 2h] [Ac]
JohnnyJakson: bets $6
GoliafUa: raises $6 to $12
JohnnyJakson: calls $6
*** RIVER *** [8s 5h 2h Ac] [Th]
JohnnyJakson: checks
GoliafUa: bets $6
JohnnyJakson: calls $6
*** SHOW DOWN ***
GoliafUa: shows [8h 2c] (two pair, Eights and Deuces)
JohnnyJakson: mucks hand
GoliafUa collected $59.50 from pot
*** SUMMARY ***
Total pot $60 | Rake $0.50
Board [8s 5h 2h Ac Th]
Seat 4: JohnnyJakson (big blind) mucked
Seat 5: GoliafUa (button) (small blind) showed [8h 2c] and won ($59.50) with two pair, Eights and Deuces


PokerStars Hand #149040093424:  Hold'em Limit ($3/$6 USD) - 2016/02/18 19:48:22 ET
Table 'Hippasos' 6-max Seat #5 is the button
Seat 4: JohnnyJakson ($68.32 in chips)
Seat 5: GoliafUa ($174.77 in chips)
GoliafUa: posts small blind $1
JohnnyJakson: posts big blind $3
*** HOLE CARDS ***
GoliafUa: raises $3 to $6
JohnnyJakson: calls $3
*** FLOP *** [Js 4c Jc]
JohnnyJakson: checks
GoliafUa: bets $3
JohnnyJakson: folds
Uncalled bet ($3) returned to GoliafUa
GoliafUa collected $11.76 from pot
*** SUMMARY ***
Total pot $12 | Rake $0.24
Board [Js 4c Jc]
Seat 4: JohnnyJakson (big blind) folded on the Flop
Seat 5: GoliafUa (button) (small blind) collected ($11.76)


PokerStars Hand #149040051512:  Hold'em Limit ($3/$6 USD) - 2016/02/18 19:47:12 ET
Table 'Hippasos' 6-max Seat #4 is the button
Seat 4: JohnnyJakson ($66.07 in chips)
Seat 5: GoliafUa ($178.52 in chips)
JohnnyJakson: posts small blind $1
GoliafUa: posts big blind $3
*** HOLE CARDS ***
JohnnyJakson: calls $2
GoliafUa: raises $3 to $6
JohnnyJakson: calls $3
*** FLOP *** [6h 3s Jh]
GoliafUa: bets $3
JohnnyJakson: calls $3
*** TURN *** [6h 3s Jh] [4d]
GoliafUa: bets $6
JohnnyJakson: calls $6
*** RIVER *** [6h 3s Jh 4d] [Js]
GoliafUa: checks
JohnnyJakson: checks
*** SHOW DOWN ***
GoliafUa: shows [Ad 5s] (a pair of Jacks)
JohnnyJakson: shows [Ah 5d] (a pair of Jacks)
GoliafUa collected $14.75 from pot
JohnnyJakson collected $14.75 from pot
*** SUMMARY ***
Total pot $30 | Rake $0.50
Board [6h 3s Jh 4d Js]
Seat 4: JohnnyJakson (button) (small blind) showed [Ah 5d] and won ($14.75) with a pair of Jacks
Seat 5: GoliafUa (big blind) showed [Ad 5s] and won ($14.75) with a pair of Jacks


PokerStars Hand #149040071033:  Hold'em Limit ($3/$6 USD) - 2016/02/18 19:47:44 ET
Table 'Hippasos' 6-max Seat #5 is the button
Seat 4: JohnnyJakson ($65.82 in chips)
Seat 5: GoliafUa ($178.27 in chips)
GoliafUa: posts small blind $1
JohnnyJakson: posts big blind $3
*** HOLE CARDS ***
GoliafUa: raises $3 to $6
JohnnyJakson: calls $3
*** FLOP *** [3c Qd 4h]
JohnnyJakson: checks
GoliafUa: bets $3
JohnnyJakson: calls $3
*** TURN *** [3c Qd 4h] [6c]
JohnnyJakson: bets $6
GoliafUa: calls $6
*** RIVER *** [3c Qd 4h 6c] [6d]
JohnnyJakson: bets $6
GoliafUa: calls $6
*** SHOW DOWN ***
JohnnyJakson: shows [8s 6s] (three of a kind, Sixes)
GoliafUa: mucks hand
JohnnyJakson collected $41.50 from pot
*** SUMMARY ***
Total pot $42 | Rake $0.50
Board [3c Qd 4h 6c 6d]
Seat 4: JohnnyJakson (big blind) showed [8s 6s] and won ($41.50) with three of a kind, Sixes
Seat 5: GoliafUa (button) (small blind) mucked


PokerStars Hand #149040081674:  Hold'em Limit ($3/$6 USD) - 2016/02/18 19:48:02 ET
Table 'Hippasos' 6-max Seat #4 is the button
Seat 4: JohnnyJakson ($86.32 in chips)
Seat 5: GoliafUa ($157.27 in chips)
JohnnyJakson: posts small blind $1
GoliafUa: posts big blind $3
*** HOLE CARDS ***
JohnnyJakson: calls $2
GoliafUa: checks
*** FLOP *** [2d 4s Qs]
GoliafUa: bets $3
JohnnyJakson: calls $3
*** TURN *** [2d 4s Qs] [8c]
GoliafUa: bets $6
JohnnyJakson: calls $6
*** RIVER *** [2d 4s Qs 8c] [2s]
GoliafUa: checks
JohnnyJakson: bets $6
GoliafUa: calls $6
*** SHOW DOWN ***
JohnnyJakson: shows [3c 5c] (a pair of Deuces)
GoliafUa: shows [4d 9h] (two pair, Fours and Deuces)
GoliafUa collected $35.50 from pot
*** SUMMARY ***
Total pot $36 | Rake $0.50
Board [2d 4s Qs 8c 2s]
Seat 4: JohnnyJakson (button) (small blind) showed [3c 5c] and lost with a pair of Deuces
Seat 5: GoliafUa (big blind) showed [4d 9h] and won ($35.50) with two pair, Fours and Deuces


PokerStars Hand #149040132433:  Hold'em Limit ($3/$6 USD) - 2016/02/18 19:49:27 ET
Table 'Hippasos' 6-max Seat #4 is the button
Seat 4: JohnnyJakson ($87.34 in chips)
Seat 5: GoliafUa ($154.29 in chips)
JohnnyJakson: posts small blind $1
GoliafUa: posts big blind $3
*** HOLE CARDS ***
JohnnyJakson: calls $2
GoliafUa: checks
*** FLOP *** [Jh 6s 4h]
GoliafUa: bets $3
JohnnyJakson: calls $3
*** TURN *** [Jh 6s 4h] [Qs]
GoliafUa: bets $6
JohnnyJakson: folds
Uncalled bet ($6) returned to GoliafUa
GoliafUa collected $11.76 from pot
*** SUMMARY ***
Total pot $12 | Rake $0.24
Board [Jh 6s 4h Qs]
Seat 4: JohnnyJakson (button) (small blind) folded on the Turn
Seat 5: GoliafUa (big blind) collected ($11.76)


PokerStars Hand #149040100128:  Hold'em Limit ($3/$6 USD) - 2016/02/18 19:48:33 ET
Table 'Hippasos' 6-max Seat #4 is the button
Seat 4: JohnnyJakson ($62.32 in chips)
Seat 5: GoliafUa ($180.53 in chips)
JohnnyJakson: posts small blind $1
GoliafUa: posts big blind $3
*** HOLE CARDS ***
JohnnyJakson: raises $3 to $6
GoliafUa: calls $3
*** FLOP *** [7c 3h 9c]
GoliafUa: checks
JohnnyJakson: checks
*** TURN *** [7c 3h 9c] [As]
GoliafUa: bets $6
JohnnyJakson: calls $6
*** RIVER *** [7c 3h 9c As] [Tc]
GoliafUa: checks
JohnnyJakson: checks
*** SHOW DOWN ***
GoliafUa: shows [4h 2s] (high card Ace)
JohnnyJakson: shows [Js 3s] (a pair of Threes)
JohnnyJakson collected $23.52 from pot
*** SUMMARY ***
Total pot $24 | Rake $0.48
Board [7c 3h 9c As Tc]
Seat 4: JohnnyJakson (button) (small blind) showed [Js 3s] and won ($23.52) with a pair of Threes
Seat 5: GoliafUa (big blind) showed [4h 2s] and lost with high card Ace


PokerStars Hand #149040110301:  Hold'em Limit ($3/$6 USD) - 2016/02/18 19:48:50 ET
Table 'Hippasos' 6-max Seat #5 is the button
Seat 4: JohnnyJakson ($73.84 in chips)
Seat 5: GoliafUa ($168.53 in chips)
GoliafUa: posts small blind $1
JohnnyJakson: posts big blind $3
*** HOLE CARDS ***
GoliafUa: raises $3 to $6
JohnnyJakson: calls $3
*** FLOP *** [6h Ad 8c]
JohnnyJakson: checks
GoliafUa: bets $3
JohnnyJakson: folds
Uncalled bet ($3) returned to GoliafUa
GoliafUa collected $11.76 from pot
*** SUMMARY ***
Total pot $12 | Rake $0.24
Board [6h Ad 8c]
Seat 4: JohnnyJakson (big blind) folded on the Flop
Seat 5: GoliafUa (button) (small blind) collected ($11.76)


PokerStars Hand #149040115651:  Hold'em Limit ($3/$6 USD) - 2016/02/18 19:48:59 ET
Table 'Hippasos' 6-max Seat #4 is the button
Seat 4: JohnnyJakson ($67.84 in chips)
Seat 5: GoliafUa ($174.29 in chips)
JohnnyJakson: posts small blind $1
GoliafUa: posts big blind $3
*** HOLE CARDS ***
JohnnyJakson: folds
Uncalled bet ($2) returned to GoliafUa
GoliafUa collected $2 from pot
*** SUMMARY ***
Total pot $2 | Rake $0
Seat 4: JohnnyJakson (button) (small blind) folded before Flop
Seat 5: GoliafUa (big blind) collected ($2)


PokerStars Hand #149040118390:  Hold'em Limit ($3/$6 USD) - 2016/02/18 19:49:04 ET
Table 'Hippasos' 6-max Seat #5 is the button
Seat 4: JohnnyJakson ($66.84 in chips)
Seat 5: GoliafUa ($175.29 in chips)
GoliafUa: posts small blind $1
JohnnyJakson: posts big blind $3
*** HOLE CARDS ***
GoliafUa: raises $3 to $6
JohnnyJakson: calls $3
*** FLOP *** [4s 9h Ks]
JohnnyJakson: checks
GoliafUa: bets $3
JohnnyJakson: calls $3
*** TURN *** [4s 9h Ks] [Ts]
JohnnyJakson: checks
GoliafUa: bets $6
JohnnyJakson: raises $6 to $12
GoliafUa: calls $6
*** RIVER *** [4s 9h Ks Ts] [7c]
JohnnyJakson: bets $6
GoliafUa: folds
Uncalled bet ($6) returned to JohnnyJakson
JohnnyJakson collected $41.50 from pot
*** SUMMARY ***
Total pot $42 | Rake $0.50
Board [4s 9h Ks Ts 7c]
Seat 4: JohnnyJakson (big blind) collected ($41.50)
Seat 5: GoliafUa (button) (small blind) folded on the River


PokerStars Hand #149040139229:  Hold'em Limit ($3/$6 USD) - 2016/02/18 19:49:39 ET
Table 'Hippasos' 6-max Seat #5 is the button
Seat 4: JohnnyJakson ($81.34 in chips)
Seat 5: GoliafUa ($160.05 in chips)
GoliafUa: posts small blind $1
JohnnyJakson: posts big blind $3
*** HOLE CARDS ***
GoliafUa: raises $3 to $6
JohnnyJakson: calls $3
*** FLOP *** [Qs Ac 9d]
JohnnyJakson: checks
GoliafUa: bets $3
JohnnyJakson: folds
Uncalled bet ($3) returned to GoliafUa
GoliafUa collected $11.76 from pot
*** SUMMARY ***
Total pot $12 | Rake $0.24
Board [Qs Ac 9d]
Seat 4: JohnnyJakson (big blind) folded on the Flop
Seat 5: GoliafUa (button) (small blind) collected ($11.76)


PokerStars Hand #149040146815:  Hold'em Limit ($3/$6 USD) - 2016/02/18 19:49:52 ET
Table 'Hippasos' 6-max Seat #4 is the button
Seat 4: JohnnyJakson ($75.34 in chips)
Seat 5: GoliafUa ($165.81 in chips)
JohnnyJakson: posts small blind $1
GoliafUa: posts big blind $3
*** HOLE CARDS ***
JohnnyJakson: folds
Uncalled bet ($2) returned to GoliafUa
GoliafUa collected $2 from pot
*** SUMMARY ***
Total pot $2 | Rake $0
Seat 4: JohnnyJakson (button) (small blind) folded before Flop
Seat 5: GoliafUa (big blind) collected ($2)


PokerStars Hand #149040151514:  Hold'em Limit ($3/$6 USD) - 2016/02/18 19:50:00 ET
Table 'Hippasos' 6-max Seat #5 is the button
Seat 4: JohnnyJakson ($74.34 in chips)
Seat 5: GoliafUa ($166.81 in chips)
GoliafUa: posts small blind $1
JohnnyJakson: posts big blind $3
*** HOLE CARDS ***
GoliafUa: raises $3 to $6
JohnnyJakson: calls $3
*** FLOP *** [Jc Tc Ks]
JohnnyJakson: checks
GoliafUa: bets $3
JohnnyJakson: folds
Uncalled bet ($3) returned to GoliafUa
GoliafUa collected $11.76 from pot
*** SUMMARY ***
Total pot $12 | Rake $0.24
Board [Jc Tc Ks]
Seat 4: JohnnyJakson (big blind) folded on the Flop
Seat 5: GoliafUa (button) (small blind) collected ($11.76)


PokerStars Hand #149040157896:  Hold'em Limit ($3/$6 USD) - 2016/02/18 19:50:11 ET
Table 'Hippasos' 6-max Seat #4 is the button
Seat 4: JohnnyJakson ($68.34 in chips)
Seat 5: GoliafUa ($172.57 in chips)
JohnnyJakson: posts small blind $1
GoliafUa: posts big blind $3
*** HOLE CARDS ***
JohnnyJakson: calls $2
GoliafUa: raises $3 to $6
JohnnyJakson: calls $3
*** FLOP *** [4c 5h 3h]
GoliafUa: bets $3
JohnnyJakson: calls $3
*** TURN *** [4c 5h 3h] [Qd]
GoliafUa: bets $6
JohnnyJakson: calls $6
*** RIVER *** [4c 5h 3h Qd] [6c]
GoliafUa: checks
JohnnyJakson: checks
*** SHOW DOWN ***
GoliafUa: shows [Jh Ah] (high card Ace)
JohnnyJakson: shows [8d 4h] (a pair of Fours)
JohnnyJakson collected $29.50 from pot
*** SUMMARY ***
Total pot $30 | Rake $0.50
Board [4c 5h 3h Qd 6c]
Seat 4: JohnnyJakson (button) (small blind) showed [8d 4h] and won ($29.50) with a pair of Fours
Seat 5: GoliafUa (big blind) showed [Jh Ah] and lost with high card Ace


PokerStars Hand #149040165316:  Hold'em Limit ($3/$6 USD) - 2016/02/18 19:50:23 ET
Table 'Hippasos' 6-max Seat #5 is the button
Seat 4: JohnnyJakson ($82.84 in chips)
Seat 5: GoliafUa ($157.57 in chips)
GoliafUa: posts small blind $1
JohnnyJakson: posts big blind $3
*** HOLE CARDS ***
GoliafUa: raises $3 to $6
JohnnyJakson: calls $3
*** FLOP *** [7s 7h 7c]
JohnnyJakson: checks
GoliafUa: bets $3
JohnnyJakson: calls $3
*** TURN *** [7s 7h 7c] [Qh]
JohnnyJakson: checks
GoliafUa: checks
*** RIVER *** [7s 7h 7c Qh] [5d]
JohnnyJakson: checks
GoliafUa: checks
*** SHOW DOWN ***
JohnnyJakson: shows [8c 3s] (three of a kind, Sevens)
GoliafUa: shows [4d Jc] (three of a kind, Sevens - Queen+Jack kicker)
GoliafUa collected $17.64 from pot
*** SUMMARY ***
Total pot $18 | Rake $0.36
Board [7s 7h 7c Qh 5d]
Seat 4: JohnnyJakson (big blind) showed [8c 3s] and lost with three of a kind, Sevens
Seat 5: GoliafUa (button) (small blind) showed [4d Jc] and won ($17.64) with three of a kind, Sevens


PokerStars Hand #149040173347:  Hold'em Limit ($3/$6 USD) - 2016/02/18 19:50:37 ET
Table 'Hippasos' 6-max Seat #4 is the button
Seat 4: JohnnyJakson ($73.84 in chips)
Seat 5: GoliafUa ($166.21 in chips)
JohnnyJakson: posts small blind $1
GoliafUa: posts big blind $3
*** HOLE CARDS ***
JohnnyJakson: calls $2
GoliafUa: checks
*** FLOP *** [Ts Ks 7d]
GoliafUa: bets $3
JohnnyJakson: calls $3
*** TURN *** [Ts Ks 7d] [Ah]
GoliafUa: checks
JohnnyJakson: checks
*** RIVER *** [Ts Ks 7d Ah] [6s]
GoliafUa: checks
JohnnyJakson: bets $6
GoliafUa: folds
Uncalled bet ($6) returned to JohnnyJakson
JohnnyJakson collected $11.76 from pot
*** SUMMARY ***
Total pot $12 | Rake $0.24
Board [Ts Ks 7d Ah 6s]
Seat 4: JohnnyJakson (button) (small blind) collected ($11.76)
Seat 5: GoliafUa (big blind) folded on the River


PokerStars Hand #149040181799:  Hold'em Limit ($3/$6 USD) - 2016/02/18 19:50:51 ET
Table 'Hippasos' 6-max Seat #5 is the button
Seat 4: JohnnyJakson ($79.60 in chips)
Seat 5: GoliafUa ($160.21 in chips)
GoliafUa: posts small blind $1
JohnnyJakson: posts big blind $3
*** HOLE CARDS ***
GoliafUa: raises $3 to $6
JohnnyJakson: calls $3
*** FLOP *** [Ac 2s Qd]
JohnnyJakson: checks
GoliafUa: bets $3
JohnnyJakson: calls $3
*** TURN *** [Ac 2s Qd] [8s]
JohnnyJakson: checks
GoliafUa: checks
*** RIVER *** [Ac 2s Qd 8s] [3c]
JohnnyJakson: bets $6
GoliafUa: folds
Uncalled bet ($6) returned to JohnnyJakson
JohnnyJakson collected $17.64 from pot
*** SUMMARY ***
Total pot $18 | Rake $0.36
Board [Ac 2s Qd 8s 3c]
Seat 4: JohnnyJakson (big blind) collected ($17.64)
Seat 5: GoliafUa (button) (small blind) folded on the River


PokerStars Hand #149040189507:  Hold'em Limit ($3/$6 USD) - 2016/02/18 19:51:05 ET
Table 'Hippasos' 6-max Seat #4 is the button
Seat 4: JohnnyJakson ($88.24 in chips)
Seat 5: GoliafUa ($151.21 in chips)
JohnnyJakson: posts small blind $1
GoliafUa: posts big blind $3
*** HOLE CARDS ***
JohnnyJakson: calls $2
GoliafUa: checks
*** FLOP *** [Js 5s Ah]
GoliafUa: bets $3
JohnnyJakson: calls $3
*** TURN *** [Js 5s Ah] [7h]
GoliafUa: bets $6
JohnnyJakson: calls $6
*** RIVER *** [Js 5s Ah 7h] [8s]
GoliafUa: checks
JohnnyJakson: checks
*** SHOW DOWN ***
GoliafUa: shows [9s 4s] (a flush, Jack high)
JohnnyJakson: mucks hand
GoliafUa collected $23.52 from pot
*** SUMMARY ***
Total pot $24 | Rake $0.48
Board [Js 5s Ah 7h 8s]
Seat 4: JohnnyJakson (button) (small blind) mucked
Seat 5: GoliafUa (big blind) showed [9s 4s] and won ($23.52) with a flush, Jack high


PokerStars Hand #149040198186:  Hold'em Limit ($3/$6 USD) - 2016/02/18 19:51:19 ET
Table 'Hippasos' 6-max Seat #5 is the button
Seat 4: JohnnyJakson ($76.24 in chips)
Seat 5: GoliafUa ($162.73 in chips)
GoliafUa: posts small blind $1
JohnnyJakson: posts big blind $3
*** HOLE CARDS ***
GoliafUa: raises $3 to $6
JohnnyJakson: calls $3
*** FLOP *** [Tc 5s Ah]
JohnnyJakson: checks
GoliafUa: bets $3
JohnnyJakson: calls $3
*** TURN *** [Tc 5s Ah] [4s]
JohnnyJakson: checks
GoliafUa: bets $6
JohnnyJakson: folds
Uncalled bet ($6) returned to GoliafUa
GoliafUa collected $17.64 from pot
*** SUMMARY ***
Total pot $18 | Rake $0.36
Board [Tc 5s Ah 4s]
Seat 4: JohnnyJakson (big blind) folded on the Turn
Seat 5: GoliafUa (button) (small blind) collected ($17.64)


PokerStars Hand #149040206623:  Hold'em Limit ($3/$6 USD) - 2016/02/18 19:51:34 ET
Table 'Hippasos' 6-max Seat #4 is the button
Seat 4: JohnnyJakson ($67.24 in chips)
Seat 5: GoliafUa ($171.37 in chips)
JohnnyJakson: posts small blind $1
GoliafUa: posts big blind $3
*** HOLE CARDS ***
JohnnyJakson: raises $3 to $6
GoliafUa: raises $3 to $9
JohnnyJakson: raises $3 to $12
Betting is capped
GoliafUa: calls $3
*** FLOP *** [9c 5d 5h]
GoliafUa: checks
JohnnyJakson: checks
*** TURN *** [9c 5d 5h] [7c]
GoliafUa: bets $6
JohnnyJakson: raises $6 to $12
GoliafUa: folds
Uncalled bet ($6) returned to JohnnyJakson
JohnnyJakson collected $35.50 from pot
*** SUMMARY ***
Total pot $36 | Rake $0.50
Board [9c 5d 5h 7c]
Seat 4: JohnnyJakson (button) (small blind) collected ($35.50)
Seat 5: GoliafUa (big blind) folded on the Turn


PokerStars Hand #149040215449:  Hold'em Limit ($3/$6 USD) - 2016/02/18 19:51:49 ET
Table 'Hippasos' 6-max Seat #5 is the button
Seat 4: JohnnyJakson ($84.74 in chips)
Seat 5: GoliafUa ($153.37 in chips)
GoliafUa: posts small blind $1
JohnnyJakson: posts big blind $3
*** HOLE CARDS ***
GoliafUa: raises $3 to $6
JohnnyJakson: calls $3
*** FLOP *** [Ah 8h 9c]
JohnnyJakson: checks
GoliafUa: bets $3
JohnnyJakson: calls $3
*** TURN *** [Ah 8h 9c] [8s]
JohnnyJakson: checks
GoliafUa: checks
*** RIVER *** [Ah 8h 9c 8s] [6d]
JohnnyJakson: checks
GoliafUa: checks
*** SHOW DOWN ***
JohnnyJakson: shows [9s Js] (two pair, Nines and Eights)
GoliafUa: mucks hand
JohnnyJakson collected $17.64 from pot
*** SUMMARY ***
Total pot $18 | Rake $0.36
Board [Ah 8h 9c 8s 6d]
Seat 4: JohnnyJakson (big blind) showed [9s Js] and won ($17.64) with two pair, Nines and Eights
Seat 5: GoliafUa (button) (small blind) mucked


PokerStars Hand #149040223799:  Hold'em Limit ($3/$6 USD) - 2016/02/18 19:52:03 ET
Table 'Hippasos' 6-max Seat #4 is the button
Seat 4: JohnnyJakson ($93.38 in chips)
Seat 5: GoliafUa ($144.37 in chips)
JohnnyJakson: posts small blind $1
GoliafUa: posts big blind $3
*** HOLE CARDS ***
JohnnyJakson: calls $2
GoliafUa: checks
*** FLOP *** [Kd 4d Ah]
GoliafUa: bets $3
JohnnyJakson: calls $3
*** TURN *** [Kd 4d Ah] [2c]
GoliafUa: bets $6
JohnnyJakson: calls $6
*** RIVER *** [Kd 4d Ah 2c] [Th]
GoliafUa: checks
JohnnyJakson: checks
*** SHOW DOWN ***
GoliafUa: shows [6c 4s] (a pair of Fours)
JohnnyJakson: shows [3c Kc] (a pair of Kings)
JohnnyJakson collected $23.52 from pot
*** SUMMARY ***
Total pot $24 | Rake $0.48
Board [Kd 4d Ah 2c Th]
Seat 4: JohnnyJakson (button) (small blind) showed [3c Kc] and won ($23.52) with a pair of Kings
Seat 5: GoliafUa (big blind) showed [6c 4s] and lost with a pair of Fours


PokerStars Hand #149040231843:  Hold'em Limit ($3/$6 USD) - 2016/02/18 19:52:17 ET
Table 'Hippasos' 6-max Seat #5 is the button
Seat 4: JohnnyJakson ($104.90 in chips)
Seat 5: GoliafUa ($132.37 in chips)
GoliafUa: posts small blind $1
JohnnyJakson: posts big blind $3
*** HOLE CARDS ***
GoliafUa: raises $3 to $6
JohnnyJakson: calls $3
*** FLOP *** [Kh 8d Jc]
JohnnyJakson: checks
GoliafUa: bets $3
JohnnyJakson: folds
Uncalled bet ($3) returned to GoliafUa
GoliafUa collected $11.76 from pot
*** SUMMARY ***
Total pot $12 | Rake $0.24
Board [Kh 8d Jc]
Seat 4: JohnnyJakson (big blind) folded on the Flop
Seat 5: GoliafUa (button) (small blind) collected ($11.76)


PokerStars Hand #149040236941:  Hold'em Limit ($3/$6 USD) - 2016/02/18 19:52:26 ET
Table 'Hippasos' 6-max Seat #4 is the button
Seat 4: JohnnyJakson ($98.90 in chips)
Seat 5: GoliafUa ($138.13 in chips)
JohnnyJakson: posts small blind $1
GoliafUa: posts big blind $3
*** HOLE CARDS ***
JohnnyJakson: raises $3 to $6
GoliafUa: calls $3
*** FLOP *** [Kh 8h Ah]
GoliafUa: checks
JohnnyJakson: checks
*** TURN *** [Kh 8h Ah] [As]
GoliafUa: checks
JohnnyJakson: bets $6
GoliafUa: folds
Uncalled bet ($6) returned to JohnnyJakson
JohnnyJakson collected $11.76 from pot
*** SUMMARY ***
Total pot $12 | Rake $0.24
Board [Kh 8h Ah As]
Seat 4: JohnnyJakson (button) (small blind) collected ($11.76)
Seat 5: GoliafUa (big blind) folded on the Turn


PokerStars Hand #149040245447:  Hold'em Limit ($3/$6 USD) - 2016/02/18 19:52:40 ET
Table 'Hippasos' 6-max Seat #5 is the button
Seat 4: JohnnyJakson ($104.66 in chips)
Seat 5: GoliafUa ($132.13 in chips)
GoliafUa: posts small blind $1
JohnnyJakson: posts big blind $3
*** HOLE CARDS ***
GoliafUa: raises $3 to $6
JohnnyJakson: calls $3
*** FLOP *** [Qh 3d Qd]
JohnnyJakson: checks
GoliafUa: bets $3
JohnnyJakson: folds
Uncalled bet ($3) returned to GoliafUa
GoliafUa collected $11.76 from pot
*** SUMMARY ***
Total pot $12 | Rake $0.24
Board [Qh 3d Qd]
Seat 4: JohnnyJakson (big blind) folded on the Flop
Seat 5: GoliafUa (button) (small blind) collected ($11.76)


PokerStars Hand #149040253957:  Hold'em Limit ($3/$6 USD) - 2016/02/18 19:52:54 ET
Table 'Hippasos' 6-max Seat #4 is the button
Seat 4: JohnnyJakson ($98.66 in chips)
Seat 5: GoliafUa ($137.89 in chips)
JohnnyJakson: posts small blind $1
GoliafUa: posts big blind $3
*** HOLE CARDS ***
JohnnyJakson: raises $3 to $6
GoliafUa: calls $3
*** FLOP *** [8s 9h 9c]
GoliafUa: checks
JohnnyJakson: checks
*** TURN *** [8s 9h 9c] [4d]
GoliafUa: bets $6
JohnnyJakson: calls $6
*** RIVER *** [8s 9h 9c 4d] [Js]
GoliafUa: bets $6
JohnnyJakson: calls $6
*** SHOW DOWN ***
GoliafUa: shows [8d 7s] (two pair, Nines and Eights)
JohnnyJakson: mucks hand
GoliafUa collected $35.50 from pot
*** SUMMARY ***
Total pot $36 | Rake $0.50
Board [8s 9h 9c 4d Js]
Seat 4: JohnnyJakson (button) (small blind) mucked
Seat 5: GoliafUa (big blind) showed [8d 7s] and won ($35.50) with two pair, Nines and Eights


PokerStars Hand #149040262712:  Hold'em Limit ($3/$6 USD) - 2016/02/18 19:53:09 ET
Table 'Hippasos' 6-max Seat #5 is the button
Seat 4: JohnnyJakson ($80.66 in chips)
Seat 5: GoliafUa ($155.39 in chips)
GoliafUa: posts small blind $1
JohnnyJakson: posts big blind $3
*** HOLE CARDS ***
GoliafUa: raises $3 to $6
JohnnyJakson: raises $3 to $9
GoliafUa: calls $3
*** FLOP *** [Jc 4s Ks]
JohnnyJakson: bets $3
GoliafUa: calls $3
*** TURN *** [Jc 4s Ks] [8c]
JohnnyJakson: bets $6
GoliafUa: calls $6
*** RIVER *** [Jc 4s Ks 8c] [4c]
JohnnyJakson: bets $6
GoliafUa: calls $6
*** SHOW DOWN ***
JohnnyJakson: shows [Js Ac] (two pair, Jacks and Fours)
GoliafUa: mucks hand
JohnnyJakson collected $47.50 from pot
*** SUMMARY ***
Total pot $48 | Rake $0.50
Board [Jc 4s Ks 8c 4c]
Seat 4: JohnnyJakson (big blind) showed [Js Ac] and won ($47.50) with two pair, Jacks and Fours
Seat 5: GoliafUa (button) (small blind) mucked


PokerStars Hand #149040272794:  Hold'em Limit ($3/$6 USD) - 2016/02/18 19:53:27 ET
Table 'Hippasos' 6-max Seat #4 is the button
Seat 4: JohnnyJakson ($104.16 in chips)
Seat 5: GoliafUa ($131.39 in chips)
JohnnyJakson: posts small blind $1
GoliafUa: posts big blind $3
*** HOLE CARDS ***
JohnnyJakson: calls $2
GoliafUa: checks
*** FLOP *** [7s Ad Ac]
GoliafUa: checks
JohnnyJakson: checks
*** TURN *** [7s Ad Ac] [4h]
GoliafUa: checks
JohnnyJakson: checks
*** RIVER *** [7s Ad Ac 4h] [Ts]
GoliafUa: checks
JohnnyJakson: checks
*** SHOW DOWN ***
GoliafUa: shows [3h Td] (two pair, Aces and Tens)
JohnnyJakson: mucks hand
GoliafUa collected $5.88 from pot
*** SUMMARY ***
Total pot $6 | Rake $0.12
Board [7s Ad Ac 4h Ts]
Seat 4: JohnnyJakson (button) (small blind) mucked
Seat 5: GoliafUa (big blind) showed [3h Td] and won ($5.88) with two pair, Aces and Tens


PokerStars Hand #149040282294:  Hold'em Limit ($3/$6 USD) - 2016/02/18 19:53:43 ET
Table 'Hippasos' 6-max Seat #5 is the button
Seat 4: JohnnyJakson ($101.16 in chips)
Seat 5: GoliafUa ($134.27 in chips)
GoliafUa: posts small blind $1
JohnnyJakson: posts big blind $3
*** HOLE CARDS ***
GoliafUa: raises $3 to $6
JohnnyJakson: folds
Uncalled bet ($3) returned to GoliafUa
GoliafUa collected $6 from pot
*** SUMMARY ***
Total pot $6 | Rake $0
Seat 4: JohnnyJakson (big blind) folded before Flop
Seat 5: GoliafUa (button) (small blind) collected ($6)


PokerStars Hand #149040285462:  Hold'em Limit ($3/$6 USD) - 2016/02/18 19:53:48 ET
Table 'Hippasos' 6-max Seat #4 is the button
Seat 4: JohnnyJakson ($98.16 in chips)
Seat 5: GoliafUa ($137.27 in chips)
JohnnyJakson: posts small blind $1
GoliafUa: posts big blind $3
*** HOLE CARDS ***
JohnnyJakson: raises $3 to $6
GoliafUa: raises $3 to $9
JohnnyJakson: calls $3
*** FLOP *** [Qd 9s 2s]
GoliafUa: bets $3
JohnnyJakson: folds
Uncalled bet ($3) returned to GoliafUa
GoliafUa collected $17.64 from pot
*** SUMMARY ***
Total pot $18 | Rake $0.36
Board [Qd 9s 2s]
Seat 4: JohnnyJakson (button) (small blind) folded on the Flop
Seat 5: GoliafUa (big blind) collected ($17.64)


PokerStars Hand #149040291052:  Hold'em Limit ($3/$6 USD) - 2016/02/18 19:53:58 ET
Table 'Hippasos' 6-max Seat #5 is the button
Seat 4: JohnnyJakson ($89.16 in chips)
Seat 5: GoliafUa ($145.91 in chips)
GoliafUa: posts small blind $1
JohnnyJakson: posts big blind $3
*** HOLE CARDS ***
GoliafUa: raises $3 to $6
JohnnyJakson: calls $3
*** FLOP *** [Jh 7c 7s]
JohnnyJakson: checks
GoliafUa: bets $3
JohnnyJakson: folds
Uncalled bet ($3) returned to GoliafUa
SmellyToes4u joins the table at seat #6
GoliafUa collected $11.76 from pot
*** SUMMARY ***
Total pot $12 | Rake $0.24
Board [Jh 7c 7s]
Seat 4: JohnnyJakson (big blind) folded on the Flop
Seat 5: GoliafUa (button) (small blind) collected ($11.76)


PokerStars Hand #149040296080:  Hold'em Limit ($3/$6 USD) - 2016/02/18 19:54:06 ET
Table 'Hippasos' 6-max Seat #4 is the button
Seat 4: JohnnyJakson ($83.16 in chips)
Seat 5: GoliafUa ($151.67 in chips)
JohnnyJakson: posts small blind $1
GoliafUa: posts big blind $3
*** HOLE CARDS ***
JohnnyJakson: raises $3 to $6
GoliafUa: raises $3 to $9
JohnnyJakson: raises $3 to $12
Betting is capped
GoliafUa: calls $3
*** FLOP *** [Ac Jd Ah]
GoliafUa: checks
JohnnyJakson: checks
*** TURN *** [Ac Jd Ah] [Ts]
GoliafUa: checks
JohnnyJakson: bets $6
GoliafUa: calls $6
*** RIVER *** [Ac Jd Ah Ts] [Qc]
GoliafUa: checks
JohnnyJakson: checks
*** SHOW DOWN ***
GoliafUa: shows [Qs Jh] (two pair, Aces and Queens)
JohnnyJakson: mucks hand
GoliafUa collected $35.50 from pot
*** SUMMARY ***
Total pot $36 | Rake $0.50
Board [Ac Jd Ah Ts Qc]
Seat 4: JohnnyJakson (button) (small blind) mucked
Seat 5: GoliafUa (big blind) showed [Qs Jh] and won ($35.50) with two pair, Aces and Queens


PokerStars Hand #149040311412:  Hold'em Limit ($3/$6 USD) - 2016/02/18 19:54:33 ET
Table 'Hippasos' 6-max Seat #6 is the button
Seat 4: JohnnyJakson ($65.16 in chips)
Seat 6: SmellyToes4u ($56 in chips)
SmellyToes4u: posts small blind $1
JohnnyJakson: posts big blind $3
*** HOLE CARDS ***
SmellyToes4u: raises $3 to $6
JohnnyJakson: calls $3
*** FLOP *** [5c Kh Th]
JohnnyJakson: checks
SmellyToes4u: bets $3
JohnnyJakson: folds
Uncalled bet ($3) returned to SmellyToes4u
SmellyToes4u collected $11.76 from pot
SmellyToes4u: doesn't show hand
GoliafUa leaves the table
*** SUMMARY ***
Total pot $12 | Rake $0.24
Board [5c Kh Th]
Seat 4: JohnnyJakson (big blind) folded on the Flop
Seat 6: SmellyToes4u (button) (small blind) collected ($11.76)


PokerStars Hand #149040317853:  Hold'em Limit ($3/$6 USD) - 2016/02/18 19:54:44 ET
Table 'Hippasos' 6-max Seat #4 is the button
Seat 4: JohnnyJakson ($59.16 in chips)
Seat 6: SmellyToes4u ($61.76 in chips)
JohnnyJakson: posts small blind $1
SmellyToes4u: posts big blind $3
*** HOLE CARDS ***
JohnnyJakson: raises $3 to $6
SmellyToes4u: calls $3
*** FLOP *** [6h 3s 2h]
SmellyToes4u: checks
JohnnyJakson: bets $3
SmellyToes4u: calls $3
*** TURN *** [6h 3s 2h] [9s]
SmellyToes4u: checks
JohnnyJakson: checks
*** RIVER *** [6h 3s 2h 9s] [5s]
SmellyToes4u: checks
JohnnyJakson: bets $6
SmellyToes4u: calls $6
*** SHOW DOWN ***
JohnnyJakson: shows [4d 3d] (a straight, Deuce to Six)
SmellyToes4u: mucks hand
JohnnyJakson collected $29.50 from pot
*** SUMMARY ***
Total pot $30 | Rake $0.50
Board [6h 3s 2h 9s 5s]
Seat 4: JohnnyJakson (button) (small blind) showed [4d 3d] and won ($29.50) with a straight, Deuce to Six
Seat 6: SmellyToes4u (big blind) mucked


PokerStars Hand #149040330950:  Hold'em Limit ($3/$6 USD) - 2016/02/18 19:55:07 ET
Table 'Hippasos' 6-max Seat #4 is the button
Seat 4: JohnnyJakson ($67.66 in chips)
Seat 6: SmellyToes4u ($61.76 in chips)
JohnnyJakson: posts small blind $1
SmellyToes4u: posts big blind $3
*** HOLE CARDS ***
JohnnyJakson: folds
Uncalled bet ($2) returned to SmellyToes4u
SmellyToes4u collected $2 from pot
SmellyToes4u: doesn't show hand
*** SUMMARY ***
Total pot $2 | Rake $0
Seat 4: JohnnyJakson (button) (small blind) folded before Flop
Seat 6: SmellyToes4u (big blind) collected ($2)


PokerStars Hand #149040326227:  Hold'em Limit ($3/$6 USD) - 2016/02/18 19:54:59 ET
Table 'Hippasos' 6-max Seat #6 is the button
Seat 4: JohnnyJakson ($73.66 in chips)
Seat 6: SmellyToes4u ($56 in chips)
SmellyToes4u: posts small blind $1
JohnnyJakson: posts big blind $3
*** HOLE CARDS ***
SmellyToes4u: raises $3 to $6
JohnnyJakson: calls $3
*** FLOP *** [Kc 6c Jc]
JohnnyJakson: checks
SmellyToes4u: bets $3
JohnnyJakson: folds
Uncalled bet ($3) returned to SmellyToes4u
SmellyToes4u collected $11.76 from pot
SmellyToes4u: doesn't show hand
*** SUMMARY ***
Total pot $12 | Rake $0.24
Board [Kc 6c Jc]
Seat 4: JohnnyJakson (big blind) folded on the Flop
Seat 6: SmellyToes4u (button) (small blind) collected ($11.76)


PokerStars Hand #149040334127:  Hold'em Limit ($3/$6 USD) - 2016/02/18 19:55:13 ET
Table 'Hippasos' 6-max Seat #6 is the button
Seat 4: JohnnyJakson ($66.66 in chips)
Seat 6: SmellyToes4u ($62.76 in chips)
SmellyToes4u: posts small blind $1
JohnnyJakson: posts big blind $3
*** HOLE CARDS ***
SmellyToes4u: folds
Uncalled bet ($2) returned to JohnnyJakson
JohnnyJakson collected $2 from pot
*** SUMMARY ***
Total pot $2 | Rake $0
Seat 4: JohnnyJakson (big blind) collected ($2)
Seat 6: SmellyToes4u (button) (small blind) folded before Flop


PokerStars Hand #149040336553:  Hold'em Limit ($3/$6 USD) - 2016/02/18 19:55:17 ET
Table 'Hippasos' 6-max Seat #4 is the button
Seat 4: JohnnyJakson ($67.66 in chips)
Seat 6: SmellyToes4u ($61.76 in chips)
JohnnyJakson: posts small blind $1
SmellyToes4u: posts big blind $3
*** HOLE CARDS ***
JohnnyJakson: calls $2
SmellyToes4u: raises $3 to $6
JohnnyJakson: calls $3
*** FLOP *** [6s 4h 8d]
SmellyToes4u: checks
JohnnyJakson: checks
*** TURN *** [6s 4h 8d] [Kc]
SmellyToes4u: bets $6
JohnnyJakson: calls $6
*** RIVER *** [6s 4h 8d Kc] [8c]
SmellyToes4u: bets $6
JohnnyJakson: calls $6
*** SHOW DOWN ***
SmellyToes4u: shows [Ad Ks] (two pair, Kings and Eights)
JohnnyJakson: mucks hand
SmellyToes4u collected $35.50 from pot
*** SUMMARY ***
Total pot $36 | Rake $0.50
Board [6s 4h 8d Kc 8c]
Seat 4: JohnnyJakson (button) (small blind) mucked
Seat 6: SmellyToes4u (big blind) showed [Ad Ks] and won ($35.50) with two pair, Kings and Eights


PokerStars Hand #149040345003:  Hold'em Limit ($3/$6 USD) - 2016/02/18 19:55:35 ET
Table 'Hippasos' 6-max Seat #6 is the button
Seat 4: JohnnyJakson ($49.66 in chips)
Seat 6: SmellyToes4u ($79.26 in chips)
SmellyToes4u: posts small blind $1
JohnnyJakson: posts big blind $3
*** HOLE CARDS ***
SmellyToes4u: raises $3 to $6
JohnnyJakson: raises $3 to $9
SmellyToes4u: calls $3
*** FLOP *** [Ks As 5c]
JohnnyJakson: bets $3
SmellyToes4u: folds
Uncalled bet ($3) returned to JohnnyJakson
JohnnyJakson collected $17.64 from pot
*** SUMMARY ***
Total pot $18 | Rake $0.36
Board [Ks As 5c]
Seat 4: JohnnyJakson (big blind) collected ($17.64)
Seat 6: SmellyToes4u (button) (small blind) folded on the Flop


PokerStars Hand #149040352924:  Hold'em Limit ($3/$6 USD) - 2016/02/18 19:55:52 ET
Table 'Hippasos' 6-max Seat #6 is the button
Seat 4: JohnnyJakson ($61.30 in chips)
Seat 6: SmellyToes4u ($67.26 in chips)
SmellyToes4u: posts small blind $1
JohnnyJakson: posts big blind $3
*** HOLE CARDS ***
SmellyToes4u: folds
Uncalled bet ($2) returned to JohnnyJakson
JohnnyJakson collected $2 from pot
*** SUMMARY ***
Total pot $2 | Rake $0
Seat 4: JohnnyJakson (big blind) collected ($2)
Seat 6: SmellyToes4u (button) (small blind) folded before Flop


PokerStars Hand #149040350354:  Hold'em Limit ($3/$6 USD) - 2016/02/18 19:55:46 ET
Table 'Hippasos' 6-max Seat #4 is the button
Seat 4: JohnnyJakson ($58.30 in chips)
Seat 6: SmellyToes4u ($70.26 in chips)
JohnnyJakson: posts small blind $1
SmellyToes4u: posts big blind $3
*** HOLE CARDS ***
JohnnyJakson: raises $3 to $6
SmellyToes4u: folds
Uncalled bet ($3) returned to JohnnyJakson
JohnnyJakson collected $6 from pot
*** SUMMARY ***
Total pot $6 | Rake $0
Seat 4: JohnnyJakson (button) (small blind) collected ($6)
Seat 6: SmellyToes4u (big blind) folded before Flop


PokerStars Hand #149040355027:  Hold'em Limit ($3/$6 USD) - 2016/02/18 19:55:56 ET
Table 'Hippasos' 6-max Seat #4 is the button
Seat 4: JohnnyJakson ($62.30 in chips)
Seat 6: SmellyToes4u ($66.26 in chips)
JohnnyJakson: posts small blind $1
SmellyToes4u: posts big blind $3
*** HOLE CARDS ***
JohnnyJakson: raises $3 to $6
SmellyToes4u: folds
Uncalled bet ($3) returned to JohnnyJakson
JohnnyJakson collected $6 from pot
*** SUMMARY ***
Total pot $6 | Rake $0
Seat 4: JohnnyJakson (button) (small blind) collected ($6)
Seat 6: SmellyToes4u (big blind) folded before Flop


PokerStars Hand #149040357839:  Hold'em Limit ($3/$6 USD) - 2016/02/18 19:56:02 ET
Table 'Hippasos' 6-max Seat #6 is the button
Seat 4: JohnnyJakson ($65.30 in chips)
Seat 6: SmellyToes4u ($63.26 in chips)
SmellyToes4u: posts small blind $1
JohnnyJakson: posts big blind $3
*** HOLE CARDS ***
SmellyToes4u: raises $3 to $6
JohnnyJakson: raises $3 to $9
SmellyToes4u: calls $3
*** FLOP *** [3d Kh Qh]
JohnnyJakson: bets $3
SmellyToes4u: folds
Uncalled bet ($3) returned to JohnnyJakson
JohnnyJakson collected $17.64 from pot
*** SUMMARY ***
Total pot $18 | Rake $0.36
Board [3d Kh Qh]
Seat 4: JohnnyJakson (big blind) collected ($17.64)
Seat 6: SmellyToes4u (button) (small blind) folded on the Flop


PokerStars Hand #149040361977:  Hold'em Limit ($3/$6 USD) - 2016/02/18 19:56:10 ET
Table 'Hippasos' 6-max Seat #4 is the button
Seat 4: JohnnyJakson ($73.94 in chips)
Seat 6: SmellyToes4u ($56 in chips)
JohnnyJakson: posts small blind $1
SmellyToes4u: posts big blind $3
*** HOLE CARDS ***
JohnnyJakson: calls $2
SmellyToes4u: raises $3 to $6
JohnnyJakson: calls $3
*** FLOP *** [7d Ah 7s]
SmellyToes4u: bets $3
JohnnyJakson: folds
Uncalled bet ($3) returned to SmellyToes4u
SmellyToes4u collected $11.76 from pot
SmellyToes4u: doesn't show hand
*** SUMMARY ***
Total pot $12 | Rake $0.24
Board [7d Ah 7s]
Seat 4: JohnnyJakson (button) (small blind) folded on the Flop
Seat 6: SmellyToes4u (big blind) collected ($11.76)


PokerStars Hand #149040366077:  Hold'em Limit ($3/$6 USD) - 2016/02/18 19:56:18 ET
Table 'Hippasos' 6-max Seat #6 is the button
Seat 4: JohnnyJakson ($67.94 in chips)
Seat 6: SmellyToes4u ($61.76 in chips)
SmellyToes4u: posts small blind $1
JohnnyJakson: posts big blind $3
*** HOLE CARDS ***
SmellyToes4u: raises $3 to $6
JohnnyJakson: calls $3
*** FLOP *** [8d Js Tc]
JohnnyJakson: checks
SmellyToes4u: bets $3
JohnnyJakson: calls $3
*** TURN *** [8d Js Tc] [4s]
JohnnyJakson: checks
SmellyToes4u: bets $6
JohnnyJakson: calls $6
*** RIVER *** [8d Js Tc 4s] [Th]
JohnnyJakson: checks
SmellyToes4u: bets $6
JohnnyJakson: calls $6
*** SHOW DOWN ***
SmellyToes4u: shows [Qc 9s] (a straight, Eight to Queen)
JohnnyJakson: mucks hand
SmellyToes4u collected $41.50 from pot
*** SUMMARY ***
Total pot $42 | Rake $0.50
Board [8d Js Tc 4s Th]
Seat 4: JohnnyJakson (big blind) mucked
Seat 6: SmellyToes4u (button) (small blind) showed [Qc 9s] and won ($41.50) with a straight, Eight to Queen


PokerStars Hand #149040382954:  Hold'em Limit ($3/$6 USD) - 2016/02/18 19:56:53 ET
Table 'Hippasos' 6-max Seat #6 is the button
Seat 4: JohnnyJakson ($52.70 in chips)
Seat 6: SmellyToes4u ($76.26 in chips)
SmellyToes4u: posts small blind $1
JohnnyJakson: posts big blind $3
*** HOLE CARDS ***
SmellyToes4u: folds
Uncalled bet ($2) returned to JohnnyJakson
JohnnyJakson collected $2 from pot
*** SUMMARY ***
Total pot $2 | Rake $0
Seat 4: JohnnyJakson (big blind) collected ($2)
Seat 6: SmellyToes4u (button) (small blind) folded before Flop


PokerStars Hand #149040392399:  Hold'em Limit ($3/$6 USD) - 2016/02/18 19:57:12 ET
Table 'Hippasos' 6-max Seat #6 is the button
Seat 4: JohnnyJakson ($59.46 in chips)
Seat 6: SmellyToes4u ($69.26 in chips)
SmellyToes4u: posts small blind $1
JohnnyJakson: posts big blind $3
*** HOLE CARDS ***
SmellyToes4u: raises $3 to $6
JohnnyJakson: folds
Uncalled bet ($3) returned to SmellyToes4u
SmellyToes4u collected $6 from pot
SmellyToes4u: doesn't show hand
*** SUMMARY ***
Total pot $6 | Rake $0
Seat 4: JohnnyJakson (big blind) folded before Flop
Seat 6: SmellyToes4u (button) (small blind) collected ($6)


PokerStars Hand #149040385351:  Hold'em Limit ($3/$6 USD) - 2016/02/18 19:56:58 ET
Table 'Hippasos' 6-max Seat #4 is the button
Seat 4: JohnnyJakson ($53.70 in chips)
Seat 6: SmellyToes4u ($75.26 in chips)
JohnnyJakson: posts small blind $1
SmellyToes4u: posts big blind $3
*** HOLE CARDS ***
JohnnyJakson: raises $3 to $6
SmellyToes4u: calls $3
*** FLOP *** [8c 8h Ad]
SmellyToes4u: checks
JohnnyJakson: checks
*** TURN *** [8c 8h Ad] [2h]
SmellyToes4u: checks
JohnnyJakson: checks
*** RIVER *** [8c 8h Ad 2h] [4c]
SmellyToes4u: checks
JohnnyJakson: bets $6
SmellyToes4u: folds
Uncalled bet ($6) returned to JohnnyJakson
JohnnyJakson collected $11.76 from pot
*** SUMMARY ***
Total pot $12 | Rake $0.24
Board [8c 8h Ad 2h 4c]
Seat 4: JohnnyJakson (button) (small blind) collected ($11.76)
Seat 6: SmellyToes4u (big blind) folded on the River


PokerStars Hand #149040394853:  Hold'em Limit ($3/$6 USD) - 2016/02/18 19:57:17 ET
Table 'Hippasos' 6-max Seat #4 is the button
Seat 4: JohnnyJakson ($56.46 in chips)
Seat 6: SmellyToes4u ($72.26 in chips)
JohnnyJakson: posts small blind $1
SmellyToes4u: posts big blind $3
*** HOLE CARDS ***
JohnnyJakson: calls $2
SmellyToes4u: checks
*** FLOP *** [Kh 7h 5d]
SmellyToes4u: checks
JohnnyJakson: checks
*** TURN *** [Kh 7h 5d] [4c]
SmellyToes4u: bets $6
JohnnyJakson: calls $6
*** RIVER *** [Kh 7h 5d 4c] [Ts]
SmellyToes4u: checks
JohnnyJakson: checks
*** SHOW DOWN ***
SmellyToes4u: shows [2s 4d] (a pair of Fours)
JohnnyJakson: shows [Ah 5c] (a pair of Fives)
JohnnyJakson collected $17.64 from pot
*** SUMMARY ***
Total pot $18 | Rake $0.36
Board [Kh 7h 5d 4c Ts]
Seat 4: JohnnyJakson (button) (small blind) showed [Ah 5c] and won ($17.64) with a pair of Fives
Seat 6: SmellyToes4u (big blind) showed [2s 4d] and lost with a pair of Fours


PokerStars Hand #149040377252:  Hold'em Limit ($3/$6 USD) - 2016/02/18 19:56:41 ET
Table 'Hippasos' 6-max Seat #4 is the button
Seat 4: JohnnyJakson ($46.94 in chips)
Seat 6: SmellyToes4u ($82.26 in chips)
JohnnyJakson: posts small blind $1
SmellyToes4u: posts big blind $3
*** HOLE CARDS ***
JohnnyJakson: raises $3 to $6
SmellyToes4u: calls $3
*** FLOP *** [Jc Ac 3h]
SmellyToes4u: checks
JohnnyJakson: checks
*** TURN *** [Jc Ac 3h] [Th]
SmellyToes4u: checks
JohnnyJakson: bets $6
SmellyToes4u: folds
Uncalled bet ($6) returned to JohnnyJakson
JohnnyJakson collected $11.76 from pot
*** SUMMARY ***
Total pot $12 | Rake $0.24
Board [Jc Ac 3h Th]
Seat 4: JohnnyJakson (button) (small blind) collected ($11.76)
Seat 6: SmellyToes4u (big blind) folded on the Turn


PokerStars Hand #149040456797:  Hold'em Limit ($3/$6 USD) - 2016/02/18 19:59:09 ET
Table 'Hippasos' 6-max Seat #6 is the button
Seat 4: JohnnyJakson ($28.74 in chips)
Seat 6: SmellyToes4u ($99.30 in chips)
SmellyToes4u: posts small blind $1
JohnnyJakson: posts big blind $3
*** HOLE CARDS ***
SmellyToes4u: raises $3 to $6
JohnnyJakson: calls $3
*** FLOP *** [Ks 3h 5s]
JohnnyJakson: bets $3
SmellyToes4u: calls $3
*** TURN *** [Ks 3h 5s] [Ad]
JohnnyJakson: checks
SmellyToes4u: bets $6
JohnnyJakson: calls $6
*** RIVER *** [Ks 3h 5s Ad] [5c]
JohnnyJakson: bets $6
SmellyToes4u: calls $6
*** SHOW DOWN ***
JohnnyJakson: shows [5d 4h] (three of a kind, Fives)
SmellyToes4u: mucks hand
JohnnyJakson collected $41.50 from pot
*** SUMMARY ***
Total pot $42 | Rake $0.50
Board [Ks 3h 5s Ad 5c]
Seat 4: JohnnyJakson (big blind) showed [5d 4h] and won ($41.50) with three of a kind, Fives
Seat 6: SmellyToes4u (button) (small blind) mucked


PokerStars Hand #149040471189:  Hold'em Limit ($3/$6 USD) - 2016/02/18 19:59:39 ET
Table 'Hippasos' 6-max Seat #4 is the button
Seat 4: JohnnyJakson ($47.24 in chips)
Seat 6: SmellyToes4u ($80.18 in chips)
JohnnyJakson: posts small blind $1
SmellyToes4u: posts big blind $3
*** HOLE CARDS ***
JohnnyJakson: calls $2
SmellyToes4u: raises $3 to $6
JohnnyJakson: calls $3
*** FLOP *** [Ad Td 2d]
SmellyToes4u: bets $3
JohnnyJakson: folds
Uncalled bet ($3) returned to SmellyToes4u
SmellyToes4u collected $11.76 from pot
SmellyToes4u: doesn't show hand
*** SUMMARY ***
Total pot $12 | Rake $0.24
Board [Ad Td 2d]
Seat 4: JohnnyJakson (button) (small blind) folded on the Flop
Seat 6: SmellyToes4u (big blind) collected ($11.76)


PokerStars Hand #149040468787:  Hold'em Limit ($3/$6 USD) - 2016/02/18 19:59:34 ET
Table 'Hippasos' 6-max Seat #6 is the button
Seat 4: JohnnyJakson ($46.24 in chips)
Seat 6: SmellyToes4u ($81.18 in chips)
SmellyToes4u: posts small blind $1
JohnnyJakson: posts big blind $3
*** HOLE CARDS ***
SmellyToes4u: folds
Uncalled bet ($2) returned to JohnnyJakson
JohnnyJakson collected $2 from pot
*** SUMMARY ***
Total pot $2 | Rake $0
Seat 4: JohnnyJakson (big blind) collected ($2)
Seat 6: SmellyToes4u (button) (small blind) folded before Flop


PokerStars Hand #149040464528:  Hold'em Limit ($3/$6 USD) - 2016/02/18 19:59:25 ET
Table 'Hippasos' 6-max Seat #4 is the button
Seat 4: JohnnyJakson ($49.24 in chips)
Seat 6: SmellyToes4u ($78.30 in chips)
JohnnyJakson: posts small blind $1
SmellyToes4u: posts big blind $3
*** HOLE CARDS ***
JohnnyJakson: calls $2
SmellyToes4u: checks
*** FLOP *** [Th Jd 4c]
SmellyToes4u: bets $3
JohnnyJakson: folds
Uncalled bet ($3) returned to SmellyToes4u
SmellyToes4u collected $5.88 from pot
SmellyToes4u: doesn't show hand
*** SUMMARY ***
Total pot $6 | Rake $0.12
Board [Th Jd 4c]
Seat 4: JohnnyJakson (button) (small blind) folded on the Flop
Seat 6: SmellyToes4u (big blind) collected ($5.88)


PokerStars Hand #149040403061:  Hold'em Limit ($3/$6 USD) - 2016/02/18 19:57:34 ET
Table 'Hippasos' 6-max Seat #6 is the button
Seat 4: JohnnyJakson ($65.10 in chips)
Seat 6: SmellyToes4u ($63.26 in chips)
SmellyToes4u: posts small blind $1
JohnnyJakson: posts big blind $3
*** HOLE CARDS ***
SmellyToes4u: raises $3 to $6
JohnnyJakson: calls $3
*** FLOP *** [7d Qs 3d]
JohnnyJakson: checks
SmellyToes4u: bets $3
JohnnyJakson: calls $3
*** TURN *** [7d Qs 3d] [2d]
JohnnyJakson: checks
SmellyToes4u: checks
*** RIVER *** [7d Qs 3d 2d] [Ah]
JohnnyJakson: checks
SmellyToes4u: checks
*** SHOW DOWN ***
JohnnyJakson: shows [Kh 7s] (a pair of Sevens)
SmellyToes4u: mucks hand
JohnnyJakson collected $17.64 from pot
*** SUMMARY ***
Total pot $18 | Rake $0.36
Board [7d Qs 3d 2d Ah]
Seat 4: JohnnyJakson (big blind) showed [Kh 7s] and won ($17.64) with a pair of Sevens
Seat 6: SmellyToes4u (button) (small blind) mucked


PokerStars Hand #149040410462:  Hold'em Limit ($3/$6 USD) - 2016/02/18 19:57:49 ET
Table 'Hippasos' 6-max Seat #4 is the button
Seat 4: JohnnyJakson ($73.74 in chips)
Seat 6: SmellyToes4u ($56 in chips)
JohnnyJakson: posts small blind $1
SmellyToes4u: posts big blind $3
*** HOLE CARDS ***
JohnnyJakson: calls $2
SmellyToes4u: raises $3 to $6
JohnnyJakson: calls $3
*** FLOP *** [6s 8s 8h]
SmellyToes4u: bets $3
JohnnyJakson: calls $3
*** TURN *** [6s 8s 8h] [As]
SmellyToes4u: checks
JohnnyJakson: checks
*** RIVER *** [6s 8s 8h As] [4d]
SmellyToes4u: bets $6
JohnnyJakson: calls $6
*** SHOW DOWN ***
SmellyToes4u: shows [Ac 9c] (two pair, Aces and Eights)
JohnnyJakson: mucks hand
SmellyToes4u collected $29.50 from pot
*** SUMMARY ***
Total pot $30 | Rake $0.50
Board [6s 8s 8h As 4d]
Seat 4: JohnnyJakson (button) (small blind) mucked
Seat 6: SmellyToes4u (big blind) showed [Ac 9c] and won ($29.50) with two pair, Aces and Eights


PokerStars Hand #149040425002:  Hold'em Limit ($3/$6 USD) - 2016/02/18 19:58:12 ET
Table 'Hippasos' 6-max Seat #6 is the button
Seat 4: JohnnyJakson ($58.74 in chips)
Seat 6: SmellyToes4u ($70.50 in chips)
SmellyToes4u: posts small blind $1
JohnnyJakson: posts big blind $3
*** HOLE CARDS ***
SmellyToes4u: raises $3 to $6
JohnnyJakson: calls $3
*** FLOP *** [Js 4h 2s]
JohnnyJakson: checks
SmellyToes4u: bets $3
JohnnyJakson: calls $3
*** TURN *** [Js 4h 2s] [9d]
JohnnyJakson: checks
SmellyToes4u: bets $6
JohnnyJakson: folds
Uncalled bet ($6) returned to SmellyToes4u
SmellyToes4u collected $17.64 from pot
SmellyToes4u: doesn't show hand
*** SUMMARY ***
Total pot $18 | Rake $0.36
Board [Js 4h 2s 9d]
Seat 4: JohnnyJakson (big blind) folded on the Turn
Seat 6: SmellyToes4u (button) (small blind) collected ($17.64)


PokerStars Hand #149040434319:  Hold'em Limit ($3/$6 USD) - 2016/02/18 19:58:25 ET
Table 'Hippasos' 6-max Seat #4 is the button
Seat 4: JohnnyJakson ($49.74 in chips)
Seat 6: SmellyToes4u ($79.14 in chips)
JohnnyJakson: posts small blind $1
SmellyToes4u: posts big blind $3
*** HOLE CARDS ***
JohnnyJakson: calls $2
SmellyToes4u: checks
*** FLOP *** [4s 8s Ah]
SmellyToes4u: checks
JohnnyJakson: bets $3
SmellyToes4u: raises $3 to $6
JohnnyJakson: folds
Uncalled bet ($3) returned to SmellyToes4u
SmellyToes4u collected $11.76 from pot
SmellyToes4u: doesn't show hand
*** SUMMARY ***
Total pot $12 | Rake $0.24
Board [4s 8s Ah]
Seat 4: JohnnyJakson (button) (small blind) folded on the Flop
Seat 6: SmellyToes4u (big blind) collected ($11.76)


PokerStars Hand #149040440870:  Hold'em Limit ($3/$6 USD) - 2016/02/18 19:58:38 ET
Table 'Hippasos' 6-max Seat #6 is the button
Seat 4: JohnnyJakson ($43.74 in chips)
Seat 6: SmellyToes4u ($84.90 in chips)
SmellyToes4u: posts small blind $1
JohnnyJakson: posts big blind $3
*** HOLE CARDS ***
SmellyToes4u: raises $3 to $6
JohnnyJakson: calls $3
*** FLOP *** [Kd 5c Qd]
JohnnyJakson: checks
SmellyToes4u: checks
*** TURN *** [Kd 5c Qd] [2c]
JohnnyJakson: checks
SmellyToes4u: checks
*** RIVER *** [Kd 5c Qd 2c] [7c]
JohnnyJakson: bets $6
SmellyToes4u: calls $6
*** SHOW DOWN ***
JohnnyJakson: shows [8d 7h] (a pair of Sevens)
SmellyToes4u: shows [Js Jc] (a pair of Jacks)
SmellyToes4u collected $23.52 from pot
*** SUMMARY ***
Total pot $24 | Rake $0.48
Board [Kd 5c Qd 2c 7c]
Seat 4: JohnnyJakson (big blind) showed [8d 7h] and lost with a pair of Sevens
Seat 6: SmellyToes4u (button) (small blind) showed [Js Jc] and won ($23.52) with a pair of Jacks


PokerStars Hand #149040622631:  Hold'em Limit ($3/$6 USD) - 2016/02/18 20:04:16 ET
Table 'Hippasos' 6-max Seat #6 is the button
Seat 4: JohnnyJakson ($41.24 in chips)
Seat 6: SmellyToes4u ($56 in chips)
SmellyToes4u: posts small blind $1
JohnnyJakson: posts big blind $3
*** HOLE CARDS ***
SmellyToes4u: raises $3 to $6
JohnnyJakson: raises $3 to $9
SmellyToes4u: calls $3
*** FLOP *** [Jh 4c 8h]
JohnnyJakson: checks
SmellyToes4u: bets $3
JohnnyJakson: calls $3
*** TURN *** [Jh 4c 8h] [9c]
JohnnyJakson: checks
SmellyToes4u: bets $6
JohnnyJakson: calls $6
*** RIVER *** [Jh 4c 8h 9c] [3d]
JohnnyJakson: checks
SmellyToes4u: bets $6
JohnnyJakson: calls $6
*** SHOW DOWN ***
SmellyToes4u: shows [Qc Th] (a straight, Eight to Queen)
JohnnyJakson: mucks hand
SmellyToes4u collected $47.50 from pot
*** SUMMARY ***
Total pot $48 | Rake $0.50
Board [Jh 4c 8h 9c 3d]
Seat 4: JohnnyJakson (big blind) mucked
Seat 6: SmellyToes4u (button) (small blind) showed [Qc Th] and won ($47.50) with a straight, Eight to Queen


PokerStars Hand #149040693927:  Hold'em Limit ($3/$6 USD) - 2016/02/18 20:06:22 ET
Table 'Hippasos' 6-max Seat #6 is the button
Seat 4: JohnnyJakson ($26.23 in chips)
Seat 6: SmellyToes4u ($77.25 in chips)
SmellyToes4u: posts small blind $1
JohnnyJakson: posts big blind $3
*** HOLE CARDS ***
SmellyToes4u: folds
Uncalled bet ($2) returned to JohnnyJakson
JohnnyJakson collected $2 from pot
*** SUMMARY ***
Total pot $2 | Rake $0
Seat 4: JohnnyJakson (big blind) collected ($2)
Seat 6: SmellyToes4u (button) (small blind) folded before Flop


PokerStars Hand #149040690420:  Hold'em Limit ($3/$6 USD) - 2016/02/18 20:06:15 ET
Table 'Hippasos' 6-max Seat #4 is the button
Seat 4: JohnnyJakson ($27.23 in chips)
Seat 6: SmellyToes4u ($76.25 in chips)
JohnnyJakson: posts small blind $1
SmellyToes4u: posts big blind $3
*** HOLE CARDS ***
JohnnyJakson: folds
Uncalled bet ($2) returned to SmellyToes4u
SmellyToes4u collected $2 from pot
SmellyToes4u: doesn't show hand
*** SUMMARY ***
Total pot $2 | Rake $0
Seat 4: JohnnyJakson (button) (small blind) folded before Flop
Seat 6: SmellyToes4u (big blind) collected ($2)


PokerStars Hand #149040676799:  Hold'em Limit ($3/$6 USD) - 2016/02/18 20:05:52 ET
Table 'Hippasos' 6-max Seat #6 is the button
Seat 4: JohnnyJakson ($27.48 in chips)
Seat 6: SmellyToes4u ($76.50 in chips)
SmellyToes4u: posts small blind $1
JohnnyJakson: posts big blind $3
*** HOLE CARDS ***
SmellyToes4u: raises $3 to $6
JohnnyJakson: calls $3
*** FLOP *** [7h 6s 4d]
JohnnyJakson: checks
SmellyToes4u: bets $3
JohnnyJakson: calls $3
*** TURN *** [7h 6s 4d] [7s]
JohnnyJakson: checks
SmellyToes4u: bets $6
JohnnyJakson: calls $6
*** RIVER *** [7h 6s 4d 7s] [As]
JohnnyJakson: bets $6
SmellyToes4u: calls $6
*** SHOW DOWN ***
JohnnyJakson: shows [Ad 6h] (two pair, Aces and Sevens)
SmellyToes4u: shows [4c Ah] (two pair, Aces and Sevens)
JohnnyJakson collected $20.75 from pot
SmellyToes4u collected $20.75 from pot
*** SUMMARY ***
Total pot $42 | Rake $0.50
Board [7h 6s 4d 7s As]
Seat 4: JohnnyJakson (big blind) showed [Ad 6h] and won ($20.75) with two pair, Aces and Sevens
Seat 6: SmellyToes4u (button) (small blind) showed [4c Ah] and won ($20.75) with two pair, Aces and Sevens


PokerStars Hand #149040665858:  Hold'em Limit ($3/$6 USD) - 2016/02/18 20:05:32 ET
Table 'Hippasos' 6-max Seat #4 is the button
Seat 4: JohnnyJakson ($48.48 in chips)
Seat 6: SmellyToes4u ($56 in chips)
JohnnyJakson: posts small blind $1
SmellyToes4u: posts big blind $3
*** HOLE CARDS ***
JohnnyJakson: calls $2
SmellyToes4u: raises $3 to $6
JohnnyJakson: calls $3
*** FLOP *** [6d 5d 9d]
SmellyToes4u: bets $3
JohnnyJakson: calls $3
*** TURN *** [6d 5d 9d] [Qs]
SmellyToes4u: bets $6
JohnnyJakson: calls $6
*** RIVER *** [6d 5d 9d Qs] [7c]
SmellyToes4u: bets $6
JohnnyJakson: calls $6
*** SHOW DOWN ***
SmellyToes4u: shows [9c Jd] (a pair of Nines)
JohnnyJakson: mucks hand
SmellyToes4u collected $41.50 from pot
*** SUMMARY ***
Total pot $42 | Rake $0.50
Board [6d 5d 9d Qs 7c]
Seat 4: JohnnyJakson (button) (small blind) mucked
Seat 6: SmellyToes4u (big blind) showed [9c Jd] and won ($41.50) with a pair of Nines


PokerStars Hand #149040656446:  Hold'em Limit ($3/$6 USD) - 2016/02/18 20:05:16 ET
Table 'Hippasos' 6-max Seat #6 is the button
Seat 4: JohnnyJakson ($33.98 in chips)
Seat 6: SmellyToes4u ($62.26 in chips)
SmellyToes4u: posts small blind $1
JohnnyJakson: posts big blind $3
*** HOLE CARDS ***
SmellyToes4u: raises $3 to $6
JohnnyJakson: calls $3
*** FLOP *** [7s 7h 2d]
JohnnyJakson: checks
SmellyToes4u: bets $3
JohnnyJakson: calls $3
*** TURN *** [7s 7h 2d] [Kh]
JohnnyJakson: checks
SmellyToes4u: bets $6
JohnnyJakson: calls $6
*** RIVER *** [7s 7h 2d Kh] [3s]
JohnnyJakson: checks
SmellyToes4u: checks
*** SHOW DOWN ***
JohnnyJakson: shows [Kd Ad] (two pair, Kings and Sevens)
SmellyToes4u: mucks hand
JohnnyJakson collected $29.50 from pot
*** SUMMARY ***
Total pot $30 | Rake $0.50
Board [7s 7h 2d Kh 3s]
Seat 4: JohnnyJakson (big blind) showed [Kd Ad] and won ($29.50) with two pair, Kings and Sevens
Seat 6: SmellyToes4u (button) (small blind) mucked


PokerStars Hand #149040712864:  Hold'em Limit ($3/$6 USD) - 2016/02/18 20:06:55 ET
Table 'Hippasos' 6-max Seat #4 is the button
Seat 4: JohnnyJakson ($21.23 in chips)
Seat 6: SmellyToes4u ($82.13 in chips)
JohnnyJakson: posts small blind $1
SmellyToes4u: posts big blind $3
*** HOLE CARDS ***
JohnnyJakson: calls $2
SmellyToes4u: checks
*** FLOP *** [Td Qc Kc]
SmellyToes4u: checks
JohnnyJakson: bets $3
SmellyToes4u: calls $3
*** TURN *** [Td Qc Kc] [7d]
SmellyToes4u: checks
JohnnyJakson: checks
*** RIVER *** [Td Qc Kc 7d] [8h]
SmellyToes4u: bets $6
JohnnyJakson: calls $6
*** SHOW DOWN ***
SmellyToes4u: shows [Qh 3c] (a pair of Queens)
JohnnyJakson: mucks hand
SmellyToes4u collected $23.52 from pot
*** SUMMARY ***
Total pot $24 | Rake $0.48
Board [Td Qc Kc 7d 8h]
Seat 4: JohnnyJakson (button) (small blind) mucked
Seat 6: SmellyToes4u (big blind) showed [Qh 3c] and won ($23.52) with a pair of Queens


PokerStars Hand #149040706608:  Hold'em Limit ($3/$6 USD) - 2016/02/18 20:06:44 ET
Table 'Hippasos' 6-max Seat #6 is the button
Seat 4: JohnnyJakson ($24.23 in chips)
Seat 6: SmellyToes4u ($79.13 in chips)
SmellyToes4u: posts small blind $1
JohnnyJakson: posts big blind $3
*** HOLE CARDS ***
SmellyToes4u: raises $3 to $6
JohnnyJakson: folds
Uncalled bet ($3) returned to SmellyToes4u
SmellyToes4u collected $6 from pot
SmellyToes4u: doesn't show hand
*** SUMMARY ***
Total pot $6 | Rake $0
Seat 4: JohnnyJakson (big blind) folded before Flop
Seat 6: SmellyToes4u (button) (small blind) collected ($6)


PokerStars Hand #149040697096:  Hold'em Limit ($3/$6 USD) - 2016/02/18 20:06:27 ET
Table 'Hippasos' 6-max Seat #4 is the button
Seat 4: JohnnyJakson ($27.23 in chips)
Seat 6: SmellyToes4u ($76.25 in chips)
JohnnyJakson: posts small blind $1
SmellyToes4u: posts big blind $3
*** HOLE CARDS ***
JohnnyJakson: calls $2
SmellyToes4u: checks
*** FLOP *** [2d 3d 8h]
SmellyToes4u: checks
JohnnyJakson: checks
*** TURN *** [2d 3d 8h] [3s]
SmellyToes4u: bets $6
JohnnyJakson: folds
Uncalled bet ($6) returned to SmellyToes4u
SmellyToes4u collected $5.88 from pot
SmellyToes4u: doesn't show hand
*** SUMMARY ***
Total pot $6 | Rake $0.12
Board [2d 3d 8h 3s]
Seat 4: JohnnyJakson (button) (small blind) folded on the Turn
Seat 6: SmellyToes4u (big blind) collected ($5.88)


PokerStars Hand #149040745551:  Hold'em Limit ($3/$6 USD) - 2016/02/18 20:07:53 ET
Table 'Hippasos' 6-max Seat #4 is the button
Seat 4: JohnnyJakson ($6.23 in chips)
Seat 6: SmellyToes4u ($96.53 in chips)
JohnnyJakson: posts small blind $1
SmellyToes4u: posts big blind $3
*** HOLE CARDS ***
JohnnyJakson: raises $3 to $6
SmellyToes4u: raises $3 to $9
JohnnyJakson: calls $0.23 and is all-in
Uncalled bet ($2.77) returned to SmellyToes4u
*** FLOP *** [5s 7h 4s]
*** TURN *** [5s 7h 4s] [Kc]
*** RIVER *** [5s 7h 4s Kc] [4h]
*** SHOW DOWN ***
SmellyToes4u: shows [4c Kd] (a full house, Fours full of Kings)
JohnnyJakson: shows [Tc 8h] (a pair of Fours)
SmellyToes4u collected $12.21 from pot
*** SUMMARY ***
Total pot $12.46 | Rake $0.25
Board [5s 7h 4s Kc 4h]
Seat 4: JohnnyJakson (button) (small blind) showed [Tc 8h] and lost with a pair of Fours
Seat 6: SmellyToes4u (big blind) showed [4c Kd] and won ($12.21) with a full house, Fours full of Kings


PokerStars Hand #149040732525:  Hold'em Limit ($3/$6 USD) - 2016/02/18 20:07:30 ET
Table 'Hippasos' 6-max Seat #6 is the button
Seat 4: JohnnyJakson ($9.23 in chips)
Seat 6: SmellyToes4u ($93.65 in chips)
SmellyToes4u: posts small blind $1
JohnnyJakson: posts big blind $3
*** HOLE CARDS ***
SmellyToes4u: calls $2
JohnnyJakson: checks
*** FLOP *** [8c 2d 3c]
JohnnyJakson: checks
SmellyToes4u: checks
*** TURN *** [8c 2d 3c] [3h]
JohnnyJakson: checks
SmellyToes4u: bets $6
JohnnyJakson: folds
Uncalled bet ($6) returned to SmellyToes4u
SmellyToes4u collected $5.88 from pot
SmellyToes4u: doesn't show hand
*** SUMMARY ***
Total pot $6 | Rake $0.12
Board [8c 2d 3c 3h]
Seat 4: JohnnyJakson (big blind) folded on the Turn
Seat 6: SmellyToes4u (button) (small blind) collected ($5.88)


PokerStars Hand #149041153801:  Hold'em Limit ($3/$6 USD) - 2016/02/18 20:20:17 ET
Table 'Hippasos' 6-max Seat #1 is the button
Seat 1: SmellyToes4u ($42 in chips)
Seat 3: UNABELIEVE ($43.82 in chips)
SmellyToes4u: posts small blind $1
UNABELIEVE: posts big blind $3
*** HOLE CARDS ***
SmellyToes4u: raises $3 to $6
UNABELIEVE: calls $3
*** FLOP *** [5d 4d 7d]
UNABELIEVE: checks
SmellyToes4u: bets $3
UNABELIEVE: folds
Uncalled bet ($3) returned to SmellyToes4u
SmellyToes4u collected $11.76 from pot
SmellyToes4u: doesn't show hand
*** SUMMARY ***
Total pot $12 | Rake $0.24
Board [5d 4d 7d]
Seat 1: SmellyToes4u (button) (small blind) collected ($11.76)
Seat 3: UNABELIEVE (big blind) folded on the Flop


PokerStars Hand #149041160023:  Hold'em Limit ($3/$6 USD) - 2016/02/18 20:20:29 ET
Table 'Hippasos' 6-max Seat #3 is the button
Seat 1: SmellyToes4u ($47.76 in chips)
Seat 3: UNABELIEVE ($37.82 in chips)
UNABELIEVE: posts small blind $1
SmellyToes4u: posts big blind $3
*** HOLE CARDS ***
UNABELIEVE: raises $3 to $6
SmellyToes4u: raises $3 to $9
UNABELIEVE: raises $3 to $12
Betting is capped
SmellyToes4u: calls $3
*** FLOP *** [3c 2s As]
SmellyToes4u: checks
UNABELIEVE: bets $3
SmellyToes4u: calls $3
*** TURN *** [3c 2s As] [Th]
SmellyToes4u: checks
UNABELIEVE: checks
*** RIVER *** [3c 2s As Th] [5c]
SmellyToes4u: bets $6
UNABELIEVE: calls $6
*** SHOW DOWN ***
SmellyToes4u: shows [Jc Qs] (high card Ace)
UNABELIEVE: shows [6c 6s] (a pair of Sixes)
Zubasa07 leaves the table
UNABELIEVE collected $41.50 from pot
*** SUMMARY ***
Total pot $42 | Rake $0.50
Board [3c 2s As Th 5c]
Seat 1: SmellyToes4u (big blind) showed [Jc Qs] and lost with high card Ace
Seat 3: UNABELIEVE (button) (small blind) showed [6c 6s] and won ($41.50) with a pair of Sixes


PokerStars Hand #149041169341:  Hold'em Limit ($3/$6 USD) - 2016/02/18 20:20:46 ET
Table 'Hippasos' 6-max Seat #1 is the button
Seat 1: SmellyToes4u ($42 in chips)
Seat 3: UNABELIEVE ($58.32 in chips)
SmellyToes4u: posts small blind $1
UNABELIEVE: posts big blind $3
*** HOLE CARDS ***
SmellyToes4u: raises $3 to $6
UNABELIEVE: calls $3
*** FLOP *** [7s 4h 4d]
UNABELIEVE: checks
SmellyToes4u: bets $3
UNABELIEVE: folds
Uncalled bet ($3) returned to SmellyToes4u
SmellyToes4u collected $11.76 from pot
SmellyToes4u: doesn't show hand
*** SUMMARY ***
Total pot $12 | Rake $0.24
Board [7s 4h 4d]
Seat 1: SmellyToes4u (button) (small blind) collected ($11.76)
Seat 3: UNABELIEVE (big blind) folded on the Flop


PokerStars Hand #149041174162:  Hold'em Limit ($3/$6 USD) - 2016/02/18 20:20:55 ET
Table 'Hippasos' 6-max Seat #3 is the button
Seat 1: SmellyToes4u ($47.76 in chips)
Seat 3: UNABELIEVE ($52.32 in chips)
UNABELIEVE: posts small blind $1
SmellyToes4u: posts big blind $3
*** HOLE CARDS ***
UNABELIEVE: raises $3 to $6
SmellyToes4u: calls $3
*** FLOP *** [9d 8h Jc]
SmellyToes4u: checks
UNABELIEVE: checks
*** TURN *** [9d 8h Jc] [7d]
SmellyToes4u: bets $6
UNABELIEVE: folds
Uncalled bet ($6) returned to SmellyToes4u
SmellyToes4u collected $11.76 from pot
SmellyToes4u: doesn't show hand
*** SUMMARY ***
Total pot $12 | Rake $0.24
Board [9d 8h Jc 7d]
Seat 1: SmellyToes4u (big blind) collected ($11.76)
Seat 3: UNABELIEVE (button) (small blind) folded on the Turn


PokerStars Hand #149041189235:  Hold'em Limit ($3/$6 USD) - 2016/02/18 20:21:24 ET
Table 'Hippasos' 6-max Seat #3 is the button
Seat 1: SmellyToes4u ($44.52 in chips)
Seat 3: UNABELIEVE ($54.96 in chips)
UNABELIEVE: posts small blind $1
SmellyToes4u: posts big blind $3
*** HOLE CARDS ***
UNABELIEVE: raises $3 to $6
SmellyToes4u: folds
Uncalled bet ($3) returned to UNABELIEVE
UNABELIEVE collected $6 from pot
*** SUMMARY ***
Total pot $6 | Rake $0
Seat 1: SmellyToes4u (big blind) folded before Flop
Seat 3: UNABELIEVE (button) (small blind) collected ($6)


PokerStars Hand #149041180042:  Hold'em Limit ($3/$6 USD) - 2016/02/18 20:21:07 ET
Table 'Hippasos' 6-max Seat #1 is the button
Seat 1: SmellyToes4u ($53.52 in chips)
Seat 3: UNABELIEVE ($46.32 in chips)
SmellyToes4u: posts small blind $1
UNABELIEVE: posts big blind $3
*** HOLE CARDS ***
SmellyToes4u: raises $3 to $6
UNABELIEVE: calls $3
*** FLOP *** [As 5d 8h]
UNABELIEVE: checks
SmellyToes4u: bets $3
UNABELIEVE: calls $3
*** TURN *** [As 5d 8h] [7h]
UNABELIEVE: checks
SmellyToes4u: checks
*** RIVER *** [As 5d 8h 7h] [Qc]
UNABELIEVE: checks
SmellyToes4u: checks
*** SHOW DOWN ***
UNABELIEVE: shows [7d 4c] (a pair of Sevens)
SmellyToes4u: mucks hand
UNABELIEVE collected $17.64 from pot
*** SUMMARY ***
Total pot $18 | Rake $0.36
Board [As 5d 8h 7h Qc]
Seat 1: SmellyToes4u (button) (small blind) mucked
Seat 3: UNABELIEVE (big blind) showed [7d 4c] and won ($17.64) with a pair of Sevens


PokerStars Hand #149041195037:  Hold'em Limit ($3/$6 USD) - 2016/02/18 20:21:35 ET
Table 'Hippasos' 6-max Seat #3 is the button
Seat 1: SmellyToes4u ($45 in chips)
Seat 3: UNABELIEVE ($54.96 in chips)
UNABELIEVE: posts small blind $1
SmellyToes4u: posts big blind $3
*** HOLE CARDS ***
UNABELIEVE: raises $3 to $6
SmellyToes4u: folds
Uncalled bet ($3) returned to UNABELIEVE
UNABELIEVE collected $6 from pot
*** SUMMARY ***
Total pot $6 | Rake $0
Seat 1: SmellyToes4u (big blind) folded before Flop
Seat 3: UNABELIEVE (button) (small blind) collected ($6)


PokerStars Hand #149041191940:  Hold'em Limit ($3/$6 USD) - 2016/02/18 20:21:29 ET
Table 'Hippasos' 6-max Seat #1 is the button
Seat 1: SmellyToes4u ($42 in chips)
Seat 3: UNABELIEVE ($57.96 in chips)
SmellyToes4u: posts small blind $1
UNABELIEVE: posts big blind $3
*** HOLE CARDS ***
SmellyToes4u: raises $3 to $6
UNABELIEVE: folds
Uncalled bet ($3) returned to SmellyToes4u
SmellyToes4u collected $6 from pot
SmellyToes4u: doesn't show hand
*** SUMMARY ***
Total pot $6 | Rake $0
Seat 1: SmellyToes4u (button) (small blind) collected ($6)
Seat 3: UNABELIEVE (big blind) folded before Flop


PokerStars Hand #149041205055:  Hold'em Limit ($3/$6 USD) - 2016/02/18 20:21:54 ET
Table 'Hippasos' 6-max Seat #3 is the button
Seat 1: SmellyToes4u ($42 in chips)
Seat 3: UNABELIEVE ($66.60 in chips)
UNABELIEVE: posts small blind $1
SmellyToes4u: posts big blind $3
*** HOLE CARDS ***
UNABELIEVE: raises $3 to $6
SmellyToes4u: folds
Uncalled bet ($3) returned to UNABELIEVE
UNABELIEVE collected $6 from pot
*** SUMMARY ***
Total pot $6 | Rake $0
Seat 1: SmellyToes4u (big blind) folded before Flop
Seat 3: UNABELIEVE (button) (small blind) collected ($6)


PokerStars Hand #149041198412:  Hold'em Limit ($3/$6 USD) - 2016/02/18 20:21:42 ET
Table 'Hippasos' 6-max Seat #1 is the button
Seat 1: SmellyToes4u ($42 in chips)
Seat 3: UNABELIEVE ($57.96 in chips)
SmellyToes4u: posts small blind $1
UNABELIEVE: posts big blind $3
*** HOLE CARDS ***
SmellyToes4u: raises $3 to $6
UNABELIEVE: calls $3
*** FLOP *** [5h 3h 9s]
UNABELIEVE: bets $3
SmellyToes4u: calls $3
*** TURN *** [5h 3h 9s] [9d]
UNABELIEVE: bets $6
SmellyToes4u: folds
Uncalled bet ($6) returned to UNABELIEVE
UNABELIEVE collected $17.64 from pot
*** SUMMARY ***
Total pot $18 | Rake $0.36
Board [5h 3h 9s 9d]
Seat 1: SmellyToes4u (button) (small blind) folded on the Turn
Seat 3: UNABELIEVE (big blind) collected ($17.64)


PokerStars Hand #149041207705:  Hold'em Limit ($3/$6 USD) - 2016/02/18 20:22:00 ET
Table 'Hippasos' 6-max Seat #1 is the button
Seat 1: SmellyToes4u ($42 in chips)
Seat 3: UNABELIEVE ($69.60 in chips)
SmellyToes4u: posts small blind $1
UNABELIEVE: posts big blind $3
*** HOLE CARDS ***
SmellyToes4u: raises $3 to $6
UNABELIEVE: calls $3
*** FLOP *** [Qs 5s 7d]
UNABELIEVE: checks
SmellyToes4u: bets $3
UNABELIEVE: folds
Uncalled bet ($3) returned to SmellyToes4u
SmellyToes4u collected $11.76 from pot
SmellyToes4u: doesn't show hand
*** SUMMARY ***
Total pot $12 | Rake $0.24
Board [Qs 5s 7d]
Seat 1: SmellyToes4u (button) (small blind) collected ($11.76)
Seat 3: UNABELIEVE (big blind) folded on the Flop


PokerStars Hand #149041213566:  Hold'em Limit ($3/$6 USD) - 2016/02/18 20:22:11 ET
Table 'Hippasos' 6-max Seat #3 is the button
Seat 1: SmellyToes4u ($47.76 in chips)
Seat 3: UNABELIEVE ($63.60 in chips)
UNABELIEVE: posts small blind $1
SmellyToes4u: posts big blind $3
*** HOLE CARDS ***
UNABELIEVE: raises $3 to $6
SmellyToes4u: calls $3
*** FLOP *** [Kd 2s 4s]
SmellyToes4u: checks
UNABELIEVE: bets $3
SmellyToes4u: raises $3 to $6
UNABELIEVE: folds
Uncalled bet ($3) returned to SmellyToes4u
SmellyToes4u collected $17.64 from pot
SmellyToes4u: doesn't show hand
*** SUMMARY ***
Total pot $18 | Rake $0.36
Board [Kd 2s 4s]
Seat 1: SmellyToes4u (big blind) collected ($17.64)
Seat 3: UNABELIEVE (button) (small blind) folded on the Flop


PokerStars Hand #149041219257:  Hold'em Limit ($3/$6 USD) - 2016/02/18 20:22:22 ET
Table 'Hippasos' 6-max Seat #1 is the button
Seat 1: SmellyToes4u ($56.40 in chips)
Seat 3: UNABELIEVE ($54.60 in chips)
SmellyToes4u: posts small blind $1
UNABELIEVE: posts big blind $3
*** HOLE CARDS ***
SmellyToes4u: raises $3 to $6
UNABELIEVE: calls $3
*** FLOP *** [5c Td 6s]
UNABELIEVE: checks
SmellyToes4u: bets $3
UNABELIEVE: folds
Uncalled bet ($3) returned to SmellyToes4u
SmellyToes4u collected $11.76 from pot
SmellyToes4u: doesn't show hand
*** SUMMARY ***
Total pot $12 | Rake $0.24
Board [5c Td 6s]
Seat 1: SmellyToes4u (button) (small blind) collected ($11.76)
Seat 3: UNABELIEVE (big blind) folded on the Flop


PokerStars Hand #149041236337:  Hold'em Limit ($3/$6 USD) - 2016/02/18 20:22:54 ET
Table 'Hippasos' 6-max Seat #1 is the button
Seat 1: SmellyToes4u ($44.16 in chips)
Seat 3: UNABELIEVE ($66.10 in chips)
SmellyToes4u: posts small blind $1
UNABELIEVE: posts big blind $3
*** HOLE CARDS ***
SmellyToes4u: folds
Uncalled bet ($2) returned to UNABELIEVE
UNABELIEVE collected $2 from pot
*** SUMMARY ***
Total pot $2 | Rake $0
Seat 1: SmellyToes4u (button) (small blind) folded before Flop
Seat 3: UNABELIEVE (big blind) collected ($2)


PokerStars Hand #149041224263:  Hold'em Limit ($3/$6 USD) - 2016/02/18 20:22:31 ET
Table 'Hippasos' 6-max Seat #3 is the button
Seat 1: SmellyToes4u ($62.16 in chips)
Seat 3: UNABELIEVE ($48.60 in chips)
UNABELIEVE: posts small blind $1
SmellyToes4u: posts big blind $3
*** HOLE CARDS ***
UNABELIEVE: raises $3 to $6
SmellyToes4u: calls $3
*** FLOP *** [8d 2d As]
SmellyToes4u: checks
UNABELIEVE: bets $3
SmellyToes4u: raises $3 to $6
UNABELIEVE: calls $3
*** TURN *** [8d 2d As] [7h]
SmellyToes4u: checks
UNABELIEVE: bets $6
SmellyToes4u: calls $6
*** RIVER *** [8d 2d As 7h] [7d]
SmellyToes4u: checks
UNABELIEVE: checks
*** SHOW DOWN ***
SmellyToes4u: shows [Qh 2s] (two pair, Sevens and Deuces)
UNABELIEVE: shows [3h 8h] (two pair, Eights and Sevens)
UNABELIEVE collected $35.50 from pot
*** SUMMARY ***
Total pot $36 | Rake $0.50
Board [8d 2d As 7h 7d]
Seat 1: SmellyToes4u (big blind) showed [Qh 2s] and lost with two pair, Sevens and Deuces
Seat 3: UNABELIEVE (button) (small blind) showed [3h 8h] and won ($35.50) with two pair, Eights and Sevens


PokerStars Hand #149041238586:  Hold'em Limit ($3/$6 USD) - 2016/02/18 20:22:59 ET
Table 'Hippasos' 6-max Seat #3 is the button
Seat 1: SmellyToes4u ($43.16 in chips)
Seat 3: UNABELIEVE ($67.10 in chips)
UNABELIEVE: posts small blind $1
SmellyToes4u: posts big blind $3
*** HOLE CARDS ***
bugsbubble joins the table at seat #5
UNABELIEVE: raises $3 to $6
SmellyToes4u: folds
Uncalled bet ($3) returned to UNABELIEVE
UNABELIEVE collected $6 from pot
*** SUMMARY ***
Total pot $6 | Rake $0
Seat 1: SmellyToes4u (big blind) folded before Flop
Seat 3: UNABELIEVE (button) (small blind) collected ($6)


PokerStars Hand #149041241267:  Hold'em Limit ($3/$6 USD) - 2016/02/18 20:23:04 ET
Table 'Hippasos' 6-max Seat #1 is the button
Seat 1: SmellyToes4u ($41.95 in chips)
Seat 3: UNABELIEVE ($70.10 in chips)
SmellyToes4u: posts small blind $1
UNABELIEVE: posts big blind $3
*** HOLE CARDS ***
SmellyToes4u: raises $3 to $6
UNABELIEVE: calls $3
*** FLOP *** [5d 5c 9d]
UNABELIEVE: bets $3
SmellyToes4u: calls $3
*** TURN *** [5d 5c 9d] [3c]
UNABELIEVE: checks
SmellyToes4u: bets $6
UNABELIEVE: folds
Uncalled bet ($6) returned to SmellyToes4u
SmellyToes4u collected $17.64 from pot
SmellyToes4u: doesn't show hand
*** SUMMARY ***
Total pot $18 | Rake $0.36
Board [5d 5c 9d 3c]
Seat 1: SmellyToes4u (button) (small blind) collected ($17.64)
Seat 3: UNABELIEVE (big blind) folded on the Turn


PokerStars Hand #149041862708:  Hold'em Limit ($3/$6 USD) - 2016/02/18 20:43:17 ET
Table 'Hippasos' 6-max Seat #1 is the button
Seat 1: SmellyToes4u ($64.78 in chips)
Seat 2: finechef ($83.13 in chips)
SmellyToes4u: posts small blind $1
finechef: posts big blind $3
*** HOLE CARDS ***
SmellyToes4u: folds
Uncalled bet ($2) returned to finechef
finechef collected $2 from pot
finechef: doesn't show hand
*** SUMMARY ***
Total pot $2 | Rake $0
Seat 1: SmellyToes4u (button) (small blind) folded before Flop
Seat 2: finechef (big blind) collected ($2)


PokerStars Hand #149041858449:  Hold'em Limit ($3/$6 USD) - 2016/02/18 20:43:08 ET
Table 'Hippasos' 6-max Seat #2 is the button
Seat 1: SmellyToes4u ($70.78 in chips)
Seat 2: finechef ($77.37 in chips)
finechef: posts small blind $1
SmellyToes4u: posts big blind $3
*** HOLE CARDS ***
finechef: raises $3 to $6
SmellyToes4u: calls $3
*** FLOP *** [7c 9h 4c]
SmellyToes4u: checks
finechef: bets $3
SmellyToes4u: folds
Uncalled bet ($3) returned to finechef
finechef collected $11.76 from pot
finechef: doesn't show hand
*** SUMMARY ***
Total pot $12 | Rake $0.24
Board [7c 9h 4c]
Seat 1: SmellyToes4u (big blind) folded on the Flop
Seat 2: finechef (button) (small blind) collected ($11.76)


PokerStars Hand #149041854088:  Hold'em Limit ($3/$6 USD) - 2016/02/18 20:43:00 ET
Table 'Hippasos' 6-max Seat #1 is the button
Seat 1: SmellyToes4u ($65.02 in chips)
Seat 2: finechef ($83.37 in chips)
SmellyToes4u: posts small blind $1
finechef: posts big blind $3
*** HOLE CARDS ***
SmellyToes4u: raises $3 to $6
finechef: calls $3
*** FLOP *** [3d Kc 9c]
finechef: checks
SmellyToes4u: bets $3
finechef: folds
Uncalled bet ($3) returned to SmellyToes4u
SmellyToes4u collected $11.76 from pot
SmellyToes4u: doesn't show hand
*** SUMMARY ***
Total pot $12 | Rake $0.24
Board [3d Kc 9c]
Seat 1: SmellyToes4u (button) (small blind) collected ($11.76)
Seat 2: finechef (big blind) folded on the Flop


PokerStars Hand #149041850033:  Hold'em Limit ($3/$6 USD) - 2016/02/18 20:42:51 ET
Table 'Hippasos' 6-max Seat #2 is the button
Seat 1: SmellyToes4u ($68.02 in chips)
Seat 2: finechef ($80.37 in chips)
finechef: posts small blind $1
SmellyToes4u: posts big blind $3
*** HOLE CARDS ***
finechef: raises $3 to $6
SmellyToes4u: folds
Uncalled bet ($3) returned to finechef
finechef collected $6 from pot
finechef: doesn't show hand
*** SUMMARY ***
Total pot $6 | Rake $0
Seat 1: SmellyToes4u (big blind) folded before Flop
Seat 2: finechef (button) (small blind) collected ($6)


PokerStars Hand #149041838900:  Hold'em Limit ($3/$6 USD) - 2016/02/18 20:42:29 ET
Table 'Hippasos' 6-max Seat #1 is the button
Seat 1: SmellyToes4u ($53.52 in chips)
Seat 2: finechef ($95.37 in chips)
SmellyToes4u: posts small blind $1
finechef: posts big blind $3
*** HOLE CARDS ***
SmellyToes4u: raises $3 to $6
finechef: calls $3
*** FLOP *** [Kh 4d 4s]
finechef: checks
SmellyToes4u: bets $3
finechef: calls $3
*** TURN *** [Kh 4d 4s] [5h]
finechef: checks
SmellyToes4u: checks
*** RIVER *** [Kh 4d 4s 5h] [3c]
finechef: checks
SmellyToes4u: bets $6
finechef: calls $6
*** SHOW DOWN ***
SmellyToes4u: shows [Ad Qs] (a pair of Fours)
finechef: mucks hand
SmellyToes4u collected $29.50 from pot
*** SUMMARY ***
Total pot $30 | Rake $0.50
Board [Kh 4d 4s 5h 3c]
Seat 1: SmellyToes4u (button) (small blind) showed [Ad Qs] and won ($29.50) with a pair of Fours
Seat 2: finechef (big blind) mucked


PokerStars Hand #149041828279:  Hold'em Limit ($3/$6 USD) - 2016/02/18 20:42:08 ET
Table 'Hippasos' 6-max Seat #2 is the button
Seat 1: SmellyToes4u ($42 in chips)
Seat 2: finechef ($107.37 in chips)
finechef: posts small blind $1
SmellyToes4u: posts big blind $3
*** HOLE CARDS ***
finechef: raises $3 to $6
SmellyToes4u: calls $3
*** FLOP *** [6s Th 8h]
SmellyToes4u: checks
finechef: checks
*** TURN *** [6s Th 8h] [3h]
SmellyToes4u: bets $6
finechef: calls $6
*** RIVER *** [6s Th 8h 3h] [5c]
SmellyToes4u: bets $6
finechef: folds
Uncalled bet ($6) returned to SmellyToes4u
SmellyToes4u collected $23.52 from pot
SmellyToes4u: doesn't show hand
*** SUMMARY ***
Total pot $24 | Rake $0.48
Board [6s Th 8h 3h 5c]
Seat 1: SmellyToes4u (big blind) collected ($23.52)
Seat 2: finechef (button) (small blind) folded on the River


PokerStars Hand #149041887758:  Hold'em Limit ($3/$6 USD) - 2016/02/18 20:44:07 ET
Table 'Hippasos' 6-max Seat #1 is the button
Seat 1: SmellyToes4u ($48.30 in chips)
Seat 2: finechef ($98.63 in chips)
SmellyToes4u: posts small blind $1
finechef: posts big blind $3
*** HOLE CARDS ***
SmellyToes4u: raises $3 to $6
finechef: calls $3
*** FLOP *** [6d Jh 2s]
finechef: checks
SmellyToes4u: bets $3
finechef: calls $3
*** TURN *** [6d Jh 2s] [As]
finechef: checks
SmellyToes4u: bets $6
finechef: calls $6
*** RIVER *** [6d Jh 2s As] [5h]
finechef: checks
SmellyToes4u: checks
*** SHOW DOWN ***
finechef: shows [Kh Jd] (a pair of Jacks)
SmellyToes4u: mucks hand
finechef collected $29.50 from pot
*** SUMMARY ***
Total pot $30 | Rake $0.50
Board [6d Jh 2s As 5h]
Seat 1: SmellyToes4u (button) (small blind) mucked
Seat 2: finechef (big blind) showed [Kh Jd] and won ($29.50) with a pair of Jacks


PokerStars Hand #149041885385:  Hold'em Limit ($3/$6 USD) - 2016/02/18 20:44:02 ET
Table 'Hippasos' 6-max Seat #2 is the button
Seat 1: SmellyToes4u ($47.30 in chips)
Seat 2: finechef ($99.63 in chips)
finechef: posts small blind $1
SmellyToes4u: posts big blind $3
*** HOLE CARDS ***
finechef: folds
Uncalled bet ($2) returned to SmellyToes4u
SmellyToes4u collected $2 from pot
SmellyToes4u: doesn't show hand
*** SUMMARY ***
Total pot $2 | Rake $0
Seat 1: SmellyToes4u (big blind) collected ($2)
Seat 2: finechef (button) (small blind) folded before Flop


PokerStars Hand #149041878239:  Hold'em Limit ($3/$6 USD) - 2016/02/18 20:43:48 ET
Table 'Hippasos' 6-max Seat #1 is the button
Seat 1: SmellyToes4u ($71.30 in chips)
Seat 2: finechef ($76.13 in chips)
SmellyToes4u: posts small blind $1
finechef: posts big blind $3
*** HOLE CARDS ***
SmellyToes4u: raises $3 to $6
finechef: raises $3 to $9
SmellyToes4u: calls $3
*** FLOP *** [Qd 4c 2h]
finechef: bets $3
SmellyToes4u: calls $3
*** TURN *** [Qd 4c 2h] [Th]
finechef: bets $6
SmellyToes4u: calls $6
*** RIVER *** [Qd 4c 2h Th] [Ah]
finechef: bets $6
SmellyToes4u: calls $6
*** SHOW DOWN ***
finechef: shows [7h Kh] (a flush, Ace high)
SmellyToes4u: mucks hand
finechef collected $47.50 from pot
*** SUMMARY ***
Total pot $48 | Rake $0.50
Board [Qd 4c 2h Th Ah]
Seat 1: SmellyToes4u (button) (small blind) mucked
Seat 2: finechef (big blind) showed [7h Kh] and won ($47.50) with a flush, Ace high


PokerStars Hand #149041875103:  Hold'em Limit ($3/$6 USD) - 2016/02/18 20:43:42 ET
Table 'Hippasos' 6-max Seat #2 is the button
Seat 1: SmellyToes4u ($74.30 in chips)
Seat 2: finechef ($73.13 in chips)
finechef: posts small blind $1
SmellyToes4u: posts big blind $3
*** HOLE CARDS ***
finechef: raises $3 to $6
SmellyToes4u: folds
Uncalled bet ($3) returned to finechef
finechef collected $6 from pot
finechef: doesn't show hand
*** SUMMARY ***
Total pot $6 | Rake $0
Seat 1: SmellyToes4u (big blind) folded before Flop
Seat 2: finechef (button) (small blind) collected ($6)


PokerStars Hand #149041872401:  Hold'em Limit ($3/$6 USD) - 2016/02/18 20:43:36 ET
Table 'Hippasos' 6-max Seat #1 is the button
Seat 1: SmellyToes4u ($75.30 in chips)
Seat 2: finechef ($72.13 in chips)
SmellyToes4u: posts small blind $1
finechef: posts big blind $3
*** HOLE CARDS ***
SmellyToes4u: folds
Uncalled bet ($2) returned to finechef
finechef collected $2 from pot
finechef: doesn't show hand
*** SUMMARY ***
Total pot $2 | Rake $0
Seat 1: SmellyToes4u (button) (small blind) folded before Flop
Seat 2: finechef (big blind) collected ($2)


PokerStars Hand #149041865015:  Hold'em Limit ($3/$6 USD) - 2016/02/18 20:43:21 ET
Table 'Hippasos' 6-max Seat #2 is the button
Seat 1: SmellyToes4u ($63.78 in chips)
Seat 2: finechef ($84.13 in chips)
finechef: posts small blind $1
SmellyToes4u: posts big blind $3
*** HOLE CARDS ***
finechef: raises $3 to $6
SmellyToes4u: calls $3
*** FLOP *** [5d 3d Jd]
SmellyToes4u: checks
finechef: checks
*** TURN *** [5d 3d Jd] [5s]
SmellyToes4u: bets $6
finechef: calls $6
*** RIVER *** [5d 3d Jd 5s] [6h]
SmellyToes4u: checks
finechef: checks
*** SHOW DOWN ***
SmellyToes4u: shows [8s Ad] (a pair of Fives)
finechef: mucks hand
SmellyToes4u collected $23.52 from pot
*** SUMMARY ***
Total pot $24 | Rake $0.48
Board [5d 3d Jd 5s 6h]
Seat 1: SmellyToes4u (big blind) showed [8s Ad] and won ($23.52) with a pair of Fives
Seat 2: finechef (button) (small blind) mucked


PokerStars Hand #149041914014:  Hold'em Limit ($3/$6 USD) - 2016/02/18 20:45:00 ET
Table 'Hippasos' 6-max Seat #1 is the button
Seat 1: SmellyToes4u ($62.42 in chips)
Seat 2: finechef ($89.13 in chips)
SmellyToes4u: posts small blind $1
finechef: posts big blind $3
*** HOLE CARDS ***
SmellyToes4u: raises $3 to $6
finechef: calls $3
*** FLOP *** [Ts 4s Jd]
finechef: checks
SmellyToes4u: bets $3
finechef: raises $3 to $6
SmellyToes4u: calls $3
*** TURN *** [Ts 4s Jd] [2h]
finechef: bets $6
SmellyToes4u: raises $6 to $12
finechef: calls $6
*** RIVER *** [Ts 4s Jd 2h] [8d]
finechef: checks
SmellyToes4u: bets $6
finechef: folds
Uncalled bet ($6) returned to SmellyToes4u
SmellyToes4u collected $47.50 from pot
SmellyToes4u: doesn't show hand
*** SUMMARY ***
Total pot $48 | Rake $0.50
Board [Ts 4s Jd 2h 8d]
Seat 1: SmellyToes4u (button) (small blind) collected ($47.50)
Seat 2: finechef (big blind) folded on the River


PokerStars Hand #149041911561:  Hold'em Limit ($3/$6 USD) - 2016/02/18 20:44:55 ET
Table 'Hippasos' 6-max Seat #2 is the button
Seat 1: SmellyToes4u ($61.42 in chips)
Seat 2: finechef ($90.13 in chips)
finechef: posts small blind $1
SmellyToes4u: posts big blind $3
*** HOLE CARDS ***
finechef: folds
Uncalled bet ($2) returned to SmellyToes4u
SmellyToes4u collected $2 from pot
SmellyToes4u: doesn't show hand
*** SUMMARY ***
Total pot $2 | Rake $0
Seat 1: SmellyToes4u (big blind) collected ($2)
Seat 2: finechef (button) (small blind) folded before Flop


PokerStars Hand #149041909211:  Hold'em Limit ($3/$6 USD) - 2016/02/18 20:44:51 ET
Table 'Hippasos' 6-max Seat #1 is the button
Seat 1: SmellyToes4u ($62.42 in chips)
Seat 2: finechef ($89.13 in chips)
SmellyToes4u: posts small blind $1
finechef: posts big blind $3
*** HOLE CARDS ***
SmellyToes4u: folds
Uncalled bet ($2) returned to finechef
finechef collected $2 from pot
finechef: doesn't show hand
*** SUMMARY ***
Total pot $2 | Rake $0
Seat 1: SmellyToes4u (button) (small blind) folded before Flop
Seat 2: finechef (big blind) collected ($2)


PokerStars Hand #149041906845:  Hold'em Limit ($3/$6 USD) - 2016/02/18 20:44:46 ET
Table 'Hippasos' 6-max Seat #2 is the button
Seat 1: SmellyToes4u ($61.42 in chips)
Seat 2: finechef ($90.13 in chips)
finechef: posts small blind $1
SmellyToes4u: posts big blind $3
*** HOLE CARDS ***
finechef: folds
Uncalled bet ($2) returned to SmellyToes4u
SmellyToes4u collected $2 from pot
SmellyToes4u: doesn't show hand
*** SUMMARY ***
Total pot $2 | Rake $0
Seat 1: SmellyToes4u (big blind) collected ($2)
Seat 2: finechef (button) (small blind) folded before Flop


PokerStars Hand #149041904568:  Hold'em Limit ($3/$6 USD) - 2016/02/18 20:44:41 ET
Table 'Hippasos' 6-max Seat #1 is the button
Seat 1: SmellyToes4u ($62.42 in chips)
Seat 2: finechef ($89.13 in chips)
SmellyToes4u: posts small blind $1
finechef: posts big blind $3
*** HOLE CARDS ***
SmellyToes4u: folds
Uncalled bet ($2) returned to finechef
finechef collected $2 from pot
finechef: doesn't show hand
*** SUMMARY ***
Total pot $2 | Rake $0
Seat 1: SmellyToes4u (button) (small blind) folded before Flop
Seat 2: finechef (big blind) collected ($2)


PokerStars Hand #149041894128:  Hold'em Limit ($3/$6 USD) - 2016/02/18 20:44:20 ET
Table 'Hippasos' 6-max Seat #2 is the button
Seat 1: SmellyToes4u ($38.92 in chips)
Seat 2: finechef ($113.13 in chips)
finechef: posts small blind $1
SmellyToes4u: posts big blind $3
*** HOLE CARDS ***
finechef: raises $3 to $6
SmellyToes4u: calls $3
*** FLOP *** [3c 6s 3s]
SmellyToes4u: checks
finechef: bets $3
SmellyToes4u: raises $3 to $6
finechef: calls $3
*** TURN *** [3c 6s 3s] [7h]
SmellyToes4u: bets $6
finechef: calls $6
*** RIVER *** [3c 6s 3s 7h] [2c]
SmellyToes4u: bets $6
finechef: calls $6
*** SHOW DOWN ***
SmellyToes4u: shows [Ad 7d] (two pair, Sevens and Threes)
finechef: mucks hand
SmellyToes4u collected $47.50 from pot
*** SUMMARY ***
Total pot $48 | Rake $0.50
Board [3c 6s 3s 7h 2c]
Seat 1: SmellyToes4u (big blind) showed [Ad 7d] and won ($47.50) with two pair, Sevens and Threes
Seat 2: finechef (button) (small blind) mucked


PokerStars Hand #149041949084:  Hold'em Limit ($3/$6 USD) - 2016/02/18 20:46:11 ET
Table 'Hippasos' 6-max Seat #2 is the button
Seat 1: SmellyToes4u ($81.42 in chips)
Seat 2: finechef ($68.15 in chips)
finechef: posts small blind $1
SmellyToes4u: posts big blind $3
*** HOLE CARDS ***
finechef: raises $3 to $6
SmellyToes4u: calls $3
*** FLOP *** [7s 4h 8s]
SmellyToes4u: checks
finechef: checks
*** TURN *** [7s 4h 8s] [Ks]
SmellyToes4u: bets $6
finechef: folds
Uncalled bet ($6) returned to SmellyToes4u
SmellyToes4u collected $11.76 from pot
SmellyToes4u: doesn't show hand
*** SUMMARY ***
Total pot $12 | Rake $0.24
Board [7s 4h 8s Ks]
Seat 1: SmellyToes4u (big blind) collected ($11.76)
Seat 2: finechef (button) (small blind) folded on the Turn


PokerStars Hand #149041945049:  Hold'em Limit ($3/$6 USD) - 2016/02/18 20:46:02 ET
Table 'Hippasos' 6-max Seat #1 is the button
Seat 1: SmellyToes4u ($82.42 in chips)
Seat 2: finechef ($67.15 in chips)
SmellyToes4u: posts small blind $1
finechef: posts big blind $3
*** HOLE CARDS ***
SmellyToes4u: folds
Uncalled bet ($2) returned to finechef
finechef collected $2 from pot
finechef: doesn't show hand
*** SUMMARY ***
Total pot $2 | Rake $0
Seat 1: SmellyToes4u (button) (small blind) folded before Flop
Seat 2: finechef (big blind) collected ($2)


PokerStars Hand #149041937274:  Hold'em Limit ($3/$6 USD) - 2016/02/18 20:45:47 ET
Table 'Hippasos' 6-max Seat #2 is the button
Seat 1: SmellyToes4u ($58.92 in chips)
Seat 2: finechef ($91.15 in chips)
finechef: posts small blind $1
SmellyToes4u: posts big blind $3
*** HOLE CARDS ***
finechef: raises $3 to $6
SmellyToes4u: raises $3 to $9
finechef: calls $3
*** FLOP *** [9h Qh 3h]
SmellyToes4u: bets $3
finechef: calls $3
*** TURN *** [9h Qh 3h] [Th]
SmellyToes4u: bets $6
finechef: raises $6 to $12
SmellyToes4u: calls $6
*** RIVER *** [9h Qh 3h Th] [8h]
SmellyToes4u: checks
finechef: checks
*** SHOW DOWN ***
SmellyToes4u: shows [7h 8c] (a flush, Queen high)
finechef: mucks hand
SmellyToes4u collected $47.50 from pot
*** SUMMARY ***
Total pot $48 | Rake $0.50
Board [9h Qh 3h Th 8h]
Seat 1: SmellyToes4u (big blind) showed [7h 8c] and won ($47.50) with a flush, Queen high
Seat 2: finechef (button) (small blind) mucked


PokerStars Hand #149041929891:  Hold'em Limit ($3/$6 USD) - 2016/02/18 20:45:32 ET
Table 'Hippasos' 6-max Seat #1 is the button
Seat 1: SmellyToes4u ($73.92 in chips)
Seat 2: finechef ($76.65 in chips)
SmellyToes4u: posts small blind $1
finechef: posts big blind $3
*** HOLE CARDS ***
SmellyToes4u: raises $3 to $6
finechef: calls $3
*** FLOP *** [8d 7s 7h]
finechef: checks
SmellyToes4u: bets $3
finechef: calls $3
*** TURN *** [8d 7s 7h] [4c]
finechef: checks
SmellyToes4u: checks
*** RIVER *** [8d 7s 7h 4c] [3d]
finechef: bets $6
SmellyToes4u: calls $6
*** SHOW DOWN ***
finechef: shows [5s 6s] (a straight, Four to Eight)
SmellyToes4u: mucks hand
finechef collected $29.50 from pot
*** SUMMARY ***
Total pot $30 | Rake $0.50
Board [8d 7s 7h 4c 3d]
Seat 1: SmellyToes4u (button) (small blind) mucked
Seat 2: finechef (big blind) showed [5s 6s] and won ($29.50) with a straight, Four to Eight


PokerStars Hand #149041923165:  Hold'em Limit ($3/$6 USD) - 2016/02/18 20:45:18 ET
Table 'Hippasos' 6-max Seat #2 is the button
Seat 1: SmellyToes4u ($85.92 in chips)
Seat 2: finechef ($65.13 in chips)
finechef: posts small blind $1
SmellyToes4u: posts big blind $3
*** HOLE CARDS ***
finechef: raises $3 to $6
SmellyToes4u: calls $3
*** FLOP *** [5h 2c 9s]
SmellyToes4u: checks
finechef: checks
*** TURN *** [5h 2c 9s] [8h]
SmellyToes4u: bets $6
finechef: calls $6
*** RIVER *** [5h 2c 9s 8h] [Th]
SmellyToes4u: checks
finechef: bets $6
SmellyToes4u: folds
Uncalled bet ($6) returned to finechef
finechef collected $23.52 from pot
finechef: doesn't show hand
*** SUMMARY ***
Total pot $24 | Rake $0.48
Board [5h 2c 9s 8h Th]
Seat 1: SmellyToes4u (big blind) folded on the River
Seat 2: finechef (button) (small blind) collected ($23.52)


PokerStars Hand #149041974286:  Hold'em Limit ($3/$6 USD) - 2016/02/18 20:47:02 ET
Table 'Hippasos' 6-max Seat #1 is the button
Seat 1: SmellyToes4u ($69.06 in chips)
Seat 2: finechef ($79.41 in chips)
SmellyToes4u: posts small blind $1
finechef: posts big blind $3
*** HOLE CARDS ***
SmellyToes4u: raises $3 to $6
finechef: calls $3
*** FLOP *** [3d 9c 9h]
finechef: checks
SmellyToes4u: bets $3
finechef: calls $3
*** TURN *** [3d 9c 9h] [4s]
finechef: checks
SmellyToes4u: bets $6
finechef: folds
Uncalled bet ($6) returned to SmellyToes4u
SmellyToes4u collected $17.64 from pot
SmellyToes4u: doesn't show hand
*** SUMMARY ***
Total pot $18 | Rake $0.36
Board [3d 9c 9h 4s]
Seat 1: SmellyToes4u (button) (small blind) collected ($17.64)
Seat 2: finechef (big blind) folded on the Turn


PokerStars Hand #149041968756:  Hold'em Limit ($3/$6 USD) - 2016/02/18 20:46:50 ET
Table 'Hippasos' 6-max Seat #2 is the button
Seat 1: SmellyToes4u ($75.06 in chips)
Seat 2: finechef ($73.65 in chips)
finechef: posts small blind $1
SmellyToes4u: posts big blind $3
*** HOLE CARDS ***
finechef: raises $3 to $6
SmellyToes4u: calls $3
*** FLOP *** [Th As 9s]
SmellyToes4u: checks
finechef: checks
*** TURN *** [Th As 9s] [3d]
SmellyToes4u: checks
finechef: bets $6
SmellyToes4u: folds
Uncalled bet ($6) returned to finechef
finechef collected $11.76 from pot
finechef: doesn't show hand
*** SUMMARY ***
Total pot $12 | Rake $0.24
Board [Th As 9s 3d]
Seat 1: SmellyToes4u (big blind) folded on the Turn
Seat 2: finechef (button) (small blind) collected ($11.76)


PokerStars Hand #149041961328:  Hold'em Limit ($3/$6 USD) - 2016/02/18 20:46:35 ET
Table 'Hippasos' 6-max Seat #1 is the button
Seat 1: SmellyToes4u ($93.06 in chips)
Seat 2: finechef ($56.15 in chips)
SmellyToes4u: posts small blind $1
finechef: posts big blind $3
*** HOLE CARDS ***
SmellyToes4u: raises $3 to $6
finechef: raises $3 to $9
SmellyToes4u: calls $3
*** FLOP *** [8h 8c 3c]
finechef: bets $3
SmellyToes4u: calls $3
*** TURN *** [8h 8c 3c] [4h]
finechef: bets $6
SmellyToes4u: calls $6
*** RIVER *** [8h 8c 3c 4h] [Jc]
finechef: checks
SmellyToes4u: checks
*** SHOW DOWN ***
finechef: shows [4d Th] (two pair, Eights and Fours)
SmellyToes4u: mucks hand
finechef collected $35.50 from pot
*** SUMMARY ***
Total pot $36 | Rake $0.50
Board [8h 8c 3c 4h Jc]
Seat 1: SmellyToes4u (button) (small blind) mucked
Seat 2: finechef (big blind) showed [4d Th] and won ($35.50) with two pair, Eights and Fours


PokerStars Hand #149041956774:  Hold'em Limit ($3/$6 USD) - 2016/02/18 20:46:26 ET
Table 'Hippasos' 6-max Seat #2 is the button
Seat 1: SmellyToes4u ($90.18 in chips)
Seat 2: finechef ($59.15 in chips)
finechef: posts small blind $1
SmellyToes4u: posts big blind $3
*** HOLE CARDS ***
finechef: calls $2
SmellyToes4u: checks
*** FLOP *** [Th 6h 4h]
SmellyToes4u: bets $3
finechef: folds
Uncalled bet ($3) returned to SmellyToes4u
SmellyToes4u collected $5.88 from pot
SmellyToes4u: doesn't show hand
*** SUMMARY ***
Total pot $6 | Rake $0.12
Board [Th 6h 4h]
Seat 1: SmellyToes4u (big blind) collected ($5.88)
Seat 2: finechef (button) (small blind) folded on the Flop


PokerStars Hand #149041954319:  Hold'em Limit ($3/$6 USD) - 2016/02/18 20:46:21 ET
Table 'Hippasos' 6-max Seat #1 is the button
Seat 1: SmellyToes4u ($87.18 in chips)
Seat 2: finechef ($62.15 in chips)
SmellyToes4u: posts small blind $1
finechef: posts big blind $3
*** HOLE CARDS ***
SmellyToes4u: raises $3 to $6
finechef: folds
Uncalled bet ($3) returned to SmellyToes4u
SmellyToes4u collected $6 from pot
SmellyToes4u: doesn't show hand
*** SUMMARY ***
Total pot $6 | Rake $0
Seat 1: SmellyToes4u (button) (small blind) collected ($6)
Seat 2: finechef (big blind) folded before Flop


PokerStars Hand #149042004580:  Hold'em Limit ($3/$6 USD) - 2016/02/18 20:48:04 ET
Table 'Hippasos' 6-max Seat #2 is the button
Seat 1: SmellyToes4u ($64.34 in chips)
Seat 2: finechef ($82.67 in chips)
finechef: posts small blind $1
SmellyToes4u: posts big blind $3
*** HOLE CARDS ***
finechef: raises $3 to $6
SmellyToes4u: calls $3
*** FLOP *** [7c Ts 6d]
SmellyToes4u: checks
finechef: checks
*** TURN *** [7c Ts 6d] [5d]
SmellyToes4u: checks
finechef: checks
*** RIVER *** [7c Ts 6d 5d] [Qc]
SmellyToes4u: checks
finechef: checks
*** SHOW DOWN ***
SmellyToes4u: shows [8d Ac] (high card Ace)
finechef: shows [Js As] (high card Ace - Queen+Jack kicker)
finechef collected $11.76 from pot
*** SUMMARY ***
Total pot $12 | Rake $0.24
Board [7c Ts 6d 5d Qc]
Seat 1: SmellyToes4u (big blind) showed [8d Ac] and lost with high card Ace
Seat 2: finechef (button) (small blind) showed [Js As] and won ($11.76) with high card Ace


PokerStars Hand #149041996734:  Hold'em Limit ($3/$6 USD) - 2016/02/18 20:47:47 ET
Table 'Hippasos' 6-max Seat #1 is the button
Seat 1: SmellyToes4u ($55.70 in chips)
Seat 2: finechef ($91.67 in chips)
SmellyToes4u: posts small blind $1
finechef: posts big blind $3
*** HOLE CARDS ***
SmellyToes4u: raises $3 to $6
finechef: calls $3
*** FLOP *** [6d 6c Jc]
finechef: checks
SmellyToes4u: bets $3
finechef: calls $3
*** TURN *** [6d 6c Jc] [2s]
finechef: checks
SmellyToes4u: checks
*** RIVER *** [6d 6c Jc 2s] [4d]
finechef: checks
SmellyToes4u: checks
*** SHOW DOWN ***
finechef: shows [7d Kc] (a pair of Sixes)
SmellyToes4u: shows [Qd Ks] (a pair of Sixes - King+Queen kicker)
SmellyToes4u collected $17.64 from pot
*** SUMMARY ***
Total pot $18 | Rake $0.36
Board [6d 6c Jc 2s 4d]
Seat 1: SmellyToes4u (button) (small blind) showed [Qd Ks] and won ($17.64) with a pair of Sixes
Seat 2: finechef (big blind) showed [7d Kc] and lost with a pair of Sixes


PokerStars Hand #149041992059:  Hold'em Limit ($3/$6 USD) - 2016/02/18 20:47:38 ET
Table 'Hippasos' 6-max Seat #2 is the button
Seat 1: SmellyToes4u ($61.70 in chips)
Seat 2: finechef ($85.91 in chips)
finechef: posts small blind $1
SmellyToes4u: posts big blind $3
*** HOLE CARDS ***
finechef: raises $3 to $6
SmellyToes4u: calls $3
*** FLOP *** [4s 2h As]
SmellyToes4u: checks
finechef: bets $3
SmellyToes4u: folds
Uncalled bet ($3) returned to finechef
finechef collected $11.76 from pot
finechef: doesn't show hand
*** SUMMARY ***
Total pot $12 | Rake $0.24
Board [4s 2h As]
Seat 1: SmellyToes4u (big blind) folded on the Flop
Seat 2: finechef (button) (small blind) collected ($11.76)


PokerStars Hand #149041989896:  Hold'em Limit ($3/$6 USD) - 2016/02/18 20:47:33 ET
Table 'Hippasos' 6-max Seat #1 is the button
Seat 1: SmellyToes4u ($62.70 in chips)
Seat 2: finechef ($84.91 in chips)
SmellyToes4u: posts small blind $1
finechef: posts big blind $3
*** HOLE CARDS ***
SmellyToes4u: folds
Uncalled bet ($2) returned to finechef
finechef collected $2 from pot
finechef: doesn't show hand
*** SUMMARY ***
Total pot $2 | Rake $0
Seat 1: SmellyToes4u (button) (small blind) folded before Flop
Seat 2: finechef (big blind) collected ($2)


PokerStars Hand #149041981065:  Hold'em Limit ($3/$6 USD) - 2016/02/18 20:47:15 ET
Table 'Hippasos' 6-max Seat #2 is the button
Seat 1: SmellyToes4u ($77.70 in chips)
Seat 2: finechef ($70.41 in chips)
finechef: posts small blind $1
SmellyToes4u: posts big blind $3
*** HOLE CARDS ***
finechef: raises $3 to $6
SmellyToes4u: calls $3
*** FLOP *** [Js Ks Qh]
SmellyToes4u: checks
finechef: bets $3
SmellyToes4u: calls $3
*** TURN *** [Js Ks Qh] [9h]
SmellyToes4u: checks
finechef: bets $6
SmellyToes4u: calls $6
*** RIVER *** [Js Ks Qh 9h] [5d]
SmellyToes4u: checks
finechef: bets $6
SmellyToes4u: folds
Uncalled bet ($6) returned to finechef
finechef collected $29.50 from pot
finechef: doesn't show hand
*** SUMMARY ***
Total pot $30 | Rake $0.50
Board [Js Ks Qh 9h 5d]
Seat 1: SmellyToes4u (big blind) folded on the River
Seat 2: finechef (button) (small blind) collected ($29.50)


PokerStars Hand #149042037124:  Hold'em Limit ($3/$6 USD) - 2016/02/18 20:49:10 ET
Table 'Hippasos' 6-max Seat #1 is the button
Seat 1: SmellyToes4u ($82.38 in chips)
Seat 2: finechef ($63.43 in chips)
SmellyToes4u: posts small blind $1
finechef: posts big blind $3
*** HOLE CARDS ***
SmellyToes4u: folds
Uncalled bet ($2) returned to finechef
finechef collected $2 from pot
finechef: doesn't show hand
*** SUMMARY ***
Total pot $2 | Rake $0
Seat 1: SmellyToes4u (button) (small blind) folded before Flop
Seat 2: finechef (big blind) collected ($2)


PokerStars Hand #149042029415:  Hold'em Limit ($3/$6 USD) - 2016/02/18 20:48:54 ET
Table 'Hippasos' 6-max Seat #2 is the button
Seat 1: SmellyToes4u ($76.62 in chips)
Seat 2: finechef ($69.43 in chips)
finechef: posts small blind $1
SmellyToes4u: posts big blind $3
*** HOLE CARDS ***
finechef: raises $3 to $6
SmellyToes4u: calls $3
*** FLOP *** [2s 9h 6d]
SmellyToes4u: checks
finechef: checks
*** TURN *** [2s 9h 6d] [Kd]
SmellyToes4u: checks
finechef: checks
*** RIVER *** [2s 9h 6d Kd] [Kh]
SmellyToes4u: bets $6
finechef: folds
Uncalled bet ($6) returned to SmellyToes4u
SmellyToes4u collected $11.76 from pot
SmellyToes4u: doesn't show hand
*** SUMMARY ***
Total pot $12 | Rake $0.24
Board [2s 9h 6d Kd Kh]
Seat 1: SmellyToes4u (big blind) collected ($11.76)
Seat 2: finechef (button) (small blind) folded on the River


PokerStars Hand #149042019609:  Hold'em Limit ($3/$6 USD) - 2016/02/18 20:48:34 ET
Table 'Hippasos' 6-max Seat #1 is the button
Seat 1: SmellyToes4u ($65.10 in chips)
Seat 2: finechef ($81.43 in chips)
SmellyToes4u: posts small blind $1
finechef: posts big blind $3
*** HOLE CARDS ***
SmellyToes4u: raises $3 to $6
finechef: raises $3 to $9
SmellyToes4u: calls $3
*** FLOP *** [Ks Qs Ad]
finechef: bets $3
SmellyToes4u: calls $3
*** TURN *** [Ks Qs Ad] [Kc]
finechef: checks
SmellyToes4u: bets $6
finechef: folds
Uncalled bet ($6) returned to SmellyToes4u
SmellyToes4u collected $23.52 from pot
SmellyToes4u: doesn't show hand
*** SUMMARY ***
Total pot $24 | Rake $0.48
Board [Ks Qs Ad Kc]
Seat 1: SmellyToes4u (button) (small blind) collected ($23.52)
Seat 2: finechef (big blind) folded on the Turn


PokerStars Hand #149042017349:  Hold'em Limit ($3/$6 USD) - 2016/02/18 20:48:30 ET
Table 'Hippasos' 6-max Seat #2 is the button
Seat 1: SmellyToes4u ($64.10 in chips)
Seat 2: finechef ($82.43 in chips)
finechef: posts small blind $1
SmellyToes4u: posts big blind $3
*** HOLE CARDS ***
finechef: folds
Uncalled bet ($2) returned to SmellyToes4u
SmellyToes4u collected $2 from pot
SmellyToes4u: doesn't show hand
*** SUMMARY ***
Total pot $2 | Rake $0
Seat 1: SmellyToes4u (big blind) collected ($2)
Seat 2: finechef (button) (small blind) folded before Flop


PokerStars Hand #149042012115:  Hold'em Limit ($3/$6 USD) - 2016/02/18 20:48:19 ET
Table 'Hippasos' 6-max Seat #1 is the button
Seat 1: SmellyToes4u ($58.34 in chips)
Seat 2: finechef ($88.43 in chips)
SmellyToes4u: posts small blind $1
finechef: posts big blind $3
*** HOLE CARDS ***
SmellyToes4u: raises $3 to $6
finechef: calls $3
*** FLOP *** [5d Kc 8c]
finechef: checks
SmellyToes4u: bets $3
finechef: folds
Uncalled bet ($3) returned to SmellyToes4u
SmellyToes4u collected $11.76 from pot
SmellyToes4u: doesn't show hand
*** SUMMARY ***
Total pot $12 | Rake $0.24
Board [5d Kc 8c]
Seat 1: SmellyToes4u (button) (small blind) collected ($11.76)
Seat 2: finechef (big blind) folded on the Flop


PokerStars Hand #149042060047:  Hold'em Limit ($3/$6 USD) - 2016/02/18 20:49:57 ET
Table 'Hippasos' 6-max Seat #1 is the button
Seat 1: SmellyToes4u ($64.38 in chips)
Seat 2: finechef ($80.71 in chips)
SmellyToes4u: posts small blind $1
finechef: posts big blind $3
*** HOLE CARDS ***
SmellyToes4u: raises $3 to $6
finechef: raises $3 to $9
SmellyToes4u: calls $3
*** FLOP *** [Jh 4h Ad]
finechef: bets $3
SmellyToes4u: calls $3
*** TURN *** [Jh 4h Ad] [9d]
finechef: bets $6
SmellyToes4u: raises $6 to $12
finechef: calls $6
*** RIVER *** [Jh 4h Ad 9d] [6s]
finechef: checks
SmellyToes4u: bets $6
finechef: calls $6
*** SHOW DOWN ***
SmellyToes4u: shows [Js Ah] (two pair, Aces and Jacks)
finechef: mucks hand
SmellyToes4u collected $59.50 from pot
*** SUMMARY ***
Total pot $60 | Rake $0.50
Board [Jh 4h Ad 9d 6s]
Seat 1: SmellyToes4u (button) (small blind) showed [Js Ah] and won ($59.50) with two pair, Aces and Jacks
Seat 2: finechef (big blind) mucked


PokerStars Hand #149042057677:  Hold'em Limit ($3/$6 USD) - 2016/02/18 20:49:52 ET
Table 'Hippasos' 6-max Seat #2 is the button
Seat 1: SmellyToes4u ($67.38 in chips)
Seat 2: finechef ($77.71 in chips)
finechef: posts small blind $1
SmellyToes4u: posts big blind $3
*** HOLE CARDS ***
finechef: raises $3 to $6
SmellyToes4u: folds
Uncalled bet ($3) returned to finechef
finechef collected $6 from pot
finechef: doesn't show hand
*** SUMMARY ***
Total pot $6 | Rake $0
Seat 1: SmellyToes4u (big blind) folded before Flop
Seat 2: finechef (button) (small blind) collected ($6)


PokerStars Hand #149042050772:  Hold'em Limit ($3/$6 USD) - 2016/02/18 20:49:38 ET
Table 'Hippasos' 6-max Seat #1 is the button
Seat 1: SmellyToes4u ($79.38 in chips)
Seat 2: finechef ($66.19 in chips)
SmellyToes4u: posts small blind $1
finechef: posts big blind $3
*** HOLE CARDS ***
SmellyToes4u: raises $3 to $6
finechef: raises $3 to $9
SmellyToes4u: calls $3
*** FLOP *** [Tc 2h Qd]
finechef: bets $3
SmellyToes4u: calls $3
*** TURN *** [Tc 2h Qd] [4d]
finechef: bets $6
SmellyToes4u: folds
Uncalled bet ($6) returned to finechef
finechef collected $23.52 from pot
finechef: doesn't show hand
*** SUMMARY ***
Total pot $24 | Rake $0.48
Board [Tc 2h Qd 4d]
Seat 1: SmellyToes4u (button) (small blind) folded on the Turn
Seat 2: finechef (big blind) collected ($23.52)


PokerStars Hand #149042048123:  Hold'em Limit ($3/$6 USD) - 2016/02/18 20:49:33 ET
Table 'Hippasos' 6-max Seat #2 is the button
Seat 1: SmellyToes4u ($78.38 in chips)
Seat 2: finechef ($67.19 in chips)
finechef: posts small blind $1
SmellyToes4u: posts big blind $3
*** HOLE CARDS ***
finechef: folds
Uncalled bet ($2) returned to SmellyToes4u
SmellyToes4u collected $2 from pot
SmellyToes4u: doesn't show hand
*** SUMMARY ***
Total pot $2 | Rake $0
Seat 1: SmellyToes4u (big blind) collected ($2)
Seat 2: finechef (button) (small blind) folded before Flop


PokerStars Hand #149042044499:  Hold'em Limit ($3/$6 USD) - 2016/02/18 20:49:25 ET
Table 'Hippasos' 6-max Seat #1 is the button
Seat 1: SmellyToes4u ($75.38 in chips)
Seat 2: finechef ($70.19 in chips)
SmellyToes4u: posts small blind $1
finechef: posts big blind $3
*** HOLE CARDS ***
SmellyToes4u: raises $3 to $6
finechef: folds
Uncalled bet ($3) returned to SmellyToes4u
SmellyToes4u collected $6 from pot
SmellyToes4u: doesn't show hand
*** SUMMARY ***
Total pot $6 | Rake $0
Seat 1: SmellyToes4u (button) (small blind) collected ($6)
Seat 2: finechef (big blind) folded before Flop


PokerStars Hand #149042040345:  Hold'em Limit ($3/$6 USD) - 2016/02/18 20:49:17 ET
Table 'Hippasos' 6-max Seat #2 is the button
Seat 1: SmellyToes4u ($81.38 in chips)
Seat 2: finechef ($64.43 in chips)
finechef: posts small blind $1
SmellyToes4u: posts big blind $3
*** HOLE CARDS ***
finechef: raises $3 to $6
SmellyToes4u: calls $3
*** FLOP *** [3d 5d Ks]
SmellyToes4u: checks
finechef: bets $3
SmellyToes4u: folds
Uncalled bet ($3) returned to finechef
finechef collected $11.76 from pot
finechef: doesn't show hand
*** SUMMARY ***
Total pot $12 | Rake $0.24
Board [3d 5d Ks]
Seat 1: SmellyToes4u (big blind) folded on the Flop
Seat 2: finechef (button) (small blind) collected ($11.76)


PokerStars Hand #149042092997:  Hold'em Limit ($3/$6 USD) - 2016/02/18 20:51:05 ET
Table 'Hippasos' 6-max Seat #2 is the button
Seat 1: SmellyToes4u ($91.38 in chips)
Seat 2: finechef ($51.87 in chips)
finechef: posts small blind $1
SmellyToes4u: posts big blind $3
*** HOLE CARDS ***
finechef: raises $3 to $6
SmellyToes4u: calls $3
*** FLOP *** [3s 5c Ac]
SmellyToes4u: checks
finechef: bets $3
SmellyToes4u: calls $3
*** TURN *** [3s 5c Ac] [2c]
SmellyToes4u: checks
finechef: checks
*** RIVER *** [3s 5c Ac 2c] [7h]
SmellyToes4u: checks
finechef: bets $6
SmellyToes4u: folds
Uncalled bet ($6) returned to finechef
finechef collected $17.64 from pot
finechef: doesn't show hand
*** SUMMARY ***
Total pot $18 | Rake $0.36
Board [3s 5c Ac 2c 7h]
Seat 1: SmellyToes4u (big blind) folded on the River
Seat 2: finechef (button) (small blind) collected ($17.64)


PokerStars Hand #149042087127:  Hold'em Limit ($3/$6 USD) - 2016/02/18 20:50:53 ET
Table 'Hippasos' 6-max Seat #1 is the button
Seat 1: SmellyToes4u ($103.38 in chips)
Seat 2: finechef ($40.35 in chips)
SmellyToes4u: posts small blind $1
finechef: posts big blind $3
*** HOLE CARDS ***
SmellyToes4u: raises $3 to $6
finechef: calls $3
*** FLOP *** [2h Kh Td]
finechef: checks
SmellyToes4u: bets $3
finechef: raises $3 to $6
SmellyToes4u: calls $3
*** TURN *** [2h Kh Td] [8s]
finechef: bets $6
SmellyToes4u: folds
Uncalled bet ($6) returned to finechef
finechef collected $23.52 from pot
finechef: doesn't show hand
*** SUMMARY ***
Total pot $24 | Rake $0.48
Board [2h Kh Td 8s]
Seat 1: SmellyToes4u (button) (small blind) folded on the Turn
Seat 2: finechef (big blind) collected ($23.52)


PokerStars Hand #149042084760:  Hold'em Limit ($3/$6 USD) - 2016/02/18 20:50:48 ET
Table 'Hippasos' 6-max Seat #2 is the button
Seat 1: SmellyToes4u ($102.38 in chips)
Seat 2: finechef ($41.35 in chips)
finechef: posts small blind $1
SmellyToes4u: posts big blind $3
*** HOLE CARDS ***
finechef: folds
Uncalled bet ($2) returned to SmellyToes4u
SmellyToes4u collected $2 from pot
SmellyToes4u: doesn't show hand
*** SUMMARY ***
Total pot $2 | Rake $0
Seat 1: SmellyToes4u (big blind) collected ($2)
Seat 2: finechef (button) (small blind) folded before Flop


PokerStars Hand #149042075610:  Hold'em Limit ($3/$6 USD) - 2016/02/18 20:50:29 ET
Table 'Hippasos' 6-max Seat #1 is the button
Seat 1: SmellyToes4u ($84.88 in chips)
Seat 2: finechef ($59.35 in chips)
SmellyToes4u: posts small blind $1
finechef: posts big blind $3
*** HOLE CARDS ***
SmellyToes4u: raises $3 to $6
finechef: calls $3
*** FLOP *** [Qh Td 7c]
finechef: checks
SmellyToes4u: checks
*** TURN *** [Qh Td 7c] [3h]
finechef: checks
SmellyToes4u: bets $6
finechef: calls $6
*** RIVER *** [Qh Td 7c 3h] [As]
finechef: checks
SmellyToes4u: bets $6
finechef: calls $6
*** SHOW DOWN ***
SmellyToes4u: shows [7s Jh] (a pair of Sevens)
finechef: mucks hand
SmellyToes4u collected $35.50 from pot
*** SUMMARY ***
Total pot $36 | Rake $0.50
Board [Qh Td 7c 3h As]
Seat 1: SmellyToes4u (button) (small blind) showed [7s Jh] and won ($35.50) with a pair of Sevens
Seat 2: finechef (big blind) mucked


PokerStars Hand #149042069302:  Hold'em Limit ($3/$6 USD) - 2016/02/18 20:50:16 ET
Table 'Hippasos' 6-max Seat #2 is the button
Seat 1: SmellyToes4u ($93.88 in chips)
Seat 2: finechef ($50.71 in chips)
finechef: posts small blind $1
SmellyToes4u: posts big blind $3
*** HOLE CARDS ***
finechef: raises $3 to $6
SmellyToes4u: calls $3
*** FLOP *** [Ah Qd Jh]
SmellyToes4u: checks
finechef: bets $3
SmellyToes4u: calls $3
*** TURN *** [Ah Qd Jh] [2c]
SmellyToes4u: checks
finechef: bets $6
SmellyToes4u: folds
Uncalled bet ($6) returned to finechef
finechef collected $17.64 from pot
finechef: doesn't show hand
*** SUMMARY ***
Total pot $18 | Rake $0.36
Board [Ah Qd Jh 2c]
Seat 1: SmellyToes4u (big blind) folded on the Turn
Seat 2: finechef (button) (small blind) collected ($17.64)


PokerStars Hand #149042116350:  Hold'em Limit ($3/$6 USD) - 2016/02/18 20:51:53 ET
Table 'Hippasos' 6-max Seat #1 is the button
Seat 1: SmellyToes4u ($101.88 in chips)
Seat 2: finechef ($40.51 in chips)
SmellyToes4u: posts small blind $1
finechef: posts big blind $3
*** HOLE CARDS ***
SmellyToes4u: raises $3 to $6
finechef: raises $3 to $9
SmellyToes4u: calls $3
*** FLOP *** [5d 2d 3s]
finechef: bets $3
SmellyToes4u: calls $3
*** TURN *** [5d 2d 3s] [5s]
finechef: bets $6
SmellyToes4u: folds
Uncalled bet ($6) returned to finechef
finechef collected $23.52 from pot
finechef: doesn't show hand
*** SUMMARY ***
Total pot $24 | Rake $0.48
Board [5d 2d 3s 5s]
Seat 1: SmellyToes4u (button) (small blind) folded on the Turn
Seat 2: finechef (big blind) collected ($23.52)


PokerStars Hand #149042102952:  Hold'em Limit ($3/$6 USD) - 2016/02/18 20:51:25 ET
Table 'Hippasos' 6-max Seat #2 is the button
Seat 1: SmellyToes4u ($81.38 in chips)
Seat 2: finechef ($61.51 in chips)
finechef: posts small blind $1
SmellyToes4u: posts big blind $3
*** HOLE CARDS ***
finechef: raises $3 to $6
SmellyToes4u: calls $3
*** FLOP *** [Ks Td 6h]
SmellyToes4u: checks
finechef: bets $3
SmellyToes4u: calls $3
*** TURN *** [Ks Td 6h] [5s]
SmellyToes4u: checks
finechef: bets $6
SmellyToes4u: raises $6 to $12
finechef: calls $6
*** RIVER *** [Ks Td 6h 5s] [As]
SmellyToes4u: bets $6
finechef: folds
Uncalled bet ($6) returned to SmellyToes4u
SmellyToes4u collected $41.50 from pot
SmellyToes4u: doesn't show hand
*** SUMMARY ***
Total pot $42 | Rake $0.50
Board [Ks Td 6h 5s As]
Seat 1: SmellyToes4u (big blind) collected ($41.50)
Seat 2: finechef (button) (small blind) folded on the River


PokerStars Hand #149042100509:  Hold'em Limit ($3/$6 USD) - 2016/02/18 20:51:20 ET
Table 'Hippasos' 6-max Seat #1 is the button
Seat 1: SmellyToes4u ($82.38 in chips)
Seat 2: finechef ($60.51 in chips)
SmellyToes4u: posts small blind $1
finechef: posts big blind $3
*** HOLE CARDS ***
SmellyToes4u: folds
Uncalled bet ($2) returned to finechef
finechef collected $2 from pot
finechef: doesn't show hand
*** SUMMARY ***
Total pot $2 | Rake $0
Seat 1: SmellyToes4u (button) (small blind) folded before Flop
Seat 2: finechef (big blind) collected ($2)


PokerStars Hand #149042148092:  Hold'em Limit ($3/$6 USD) - 2016/02/18 20:53:00 ET
Table 'Hippasos' 6-max Seat #2 is the button
Seat 1: SmellyToes4u ($83.64 in chips)
Seat 2: finechef ($57.55 in chips)
finechef: posts small blind $1
SmellyToes4u: posts big blind $3
*** HOLE CARDS ***
finechef: raises $3 to $6
SmellyToes4u: raises $3 to $9
finechef: calls $3
*** FLOP *** [9h 2h Qh]
SmellyToes4u: bets $3
finechef: calls $3
*** TURN *** [9h 2h Qh] [5s]
SmellyToes4u: bets $6
finechef: calls $6
*** RIVER *** [9h 2h Qh 5s] [Kc]
SmellyToes4u: bets $6
finechef: calls $6
*** SHOW DOWN ***
SmellyToes4u: shows [9c 8d] (a pair of Nines)
finechef: shows [Qs 7s] (a pair of Queens)
finechef collected $47.50 from pot
*** SUMMARY ***
Total pot $48 | Rake $0.50
Board [9h 2h Qh 5s Kc]
Seat 1: SmellyToes4u (big blind) showed [9c 8d] and lost with a pair of Nines
Seat 2: finechef (button) (small blind) showed [Qs 7s] and won ($47.50) with a pair of Queens


PokerStars Hand #149042145573:  Hold'em Limit ($3/$6 USD) - 2016/02/18 20:52:55 ET
Table 'Hippasos' 6-max Seat #1 is the button
Seat 1: SmellyToes4u ($80.64 in chips)
Seat 2: finechef ($60.55 in chips)
SmellyToes4u: posts small blind $1
finechef: posts big blind $3
*** HOLE CARDS ***
SmellyToes4u: raises $3 to $6
finechef: folds
Uncalled bet ($3) returned to SmellyToes4u
SmellyToes4u collected $6 from pot
SmellyToes4u: doesn't show hand
*** SUMMARY ***
Total pot $6 | Rake $0
Seat 1: SmellyToes4u (button) (small blind) collected ($6)
Seat 2: finechef (big blind) folded before Flop


PokerStars Hand #149042142161:  Hold'em Limit ($3/$6 USD) - 2016/02/18 20:52:48 ET
Table 'Hippasos' 6-max Seat #2 is the button
Seat 1: SmellyToes4u ($83.64 in chips)
Seat 2: finechef ($57.55 in chips)
finechef: posts small blind $1
SmellyToes4u: posts big blind $3
*** HOLE CARDS ***
finechef: raises $3 to $6
SmellyToes4u: folds
Uncalled bet ($3) returned to finechef
finechef collected $6 from pot
finechef: doesn't show hand
*** SUMMARY ***
Total pot $6 | Rake $0
Seat 1: SmellyToes4u (big blind) folded before Flop
Seat 2: finechef (button) (small blind) collected ($6)


PokerStars Hand #149042136521:  Hold'em Limit ($3/$6 USD) - 2016/02/18 20:52:36 ET
Table 'Hippasos' 6-max Seat #1 is the button
Seat 1: SmellyToes4u ($95.64 in chips)
Seat 2: finechef ($46.03 in chips)
SmellyToes4u: posts small blind $1
finechef: posts big blind $3
*** HOLE CARDS ***
SmellyToes4u: raises $3 to $6
finechef: calls $3
*** FLOP *** [6s Ts 2c]
finechef: checks
SmellyToes4u: bets $3
finechef: raises $3 to $6
SmellyToes4u: calls $3
*** TURN *** [6s Ts 2c] [8h]
finechef: bets $6
SmellyToes4u: folds
Uncalled bet ($6) returned to finechef
finechef collected $23.52 from pot
finechef: doesn't show hand
*** SUMMARY ***
Total pot $24 | Rake $0.48
Board [6s Ts 2c 8h]
Seat 1: SmellyToes4u (button) (small blind) folded on the Turn
Seat 2: finechef (big blind) collected ($23.52)


PokerStars Hand #149042127429:  Hold'em Limit ($3/$6 USD) - 2016/02/18 20:52:17 ET
Table 'Hippasos' 6-max Seat #2 is the button
Seat 1: SmellyToes4u ($89.88 in chips)
Seat 2: finechef ($52.03 in chips)
finechef: posts small blind $1
SmellyToes4u: posts big blind $3
*** HOLE CARDS ***
finechef: raises $3 to $6
SmellyToes4u: calls $3
*** FLOP *** [5d Ah 7s]
SmellyToes4u: checks
finechef: checks
*** TURN *** [5d Ah 7s] [9s]
SmellyToes4u: checks
finechef: checks
*** RIVER *** [5d Ah 7s 9s] [2c]
SmellyToes4u: bets $6
finechef: folds
Uncalled bet ($6) returned to SmellyToes4u
SmellyToes4u collected $11.76 from pot
SmellyToes4u: doesn't show hand
*** SUMMARY ***
Total pot $12 | Rake $0.24
Board [5d Ah 7s 9s 2c]
Seat 1: SmellyToes4u (big blind) collected ($11.76)
Seat 2: finechef (button) (small blind) folded on the River


PokerStars Hand #149042184921:  Hold'em Limit ($3/$6 USD) - 2016/02/18 20:54:17 ET
Table 'Hippasos' 6-max Seat #2 is the button
Seat 1: SmellyToes4u ($81.90 in chips)
Seat 2: finechef ($58.05 in chips)
finechef: posts small blind $1
SmellyToes4u: posts big blind $3
*** HOLE CARDS ***
finechef: folds
Uncalled bet ($2) returned to SmellyToes4u
SmellyToes4u collected $2 from pot
SmellyToes4u: doesn't show hand
*** SUMMARY ***
Total pot $2 | Rake $0
Seat 1: SmellyToes4u (big blind) collected ($2)
Seat 2: finechef (button) (small blind) folded before Flop


PokerStars Hand #149042180811:  Hold'em Limit ($3/$6 USD) - 2016/02/18 20:54:09 ET
Table 'Hippasos' 6-max Seat #1 is the button
Seat 1: SmellyToes4u ($76.14 in chips)
Seat 2: finechef ($64.05 in chips)
SmellyToes4u: posts small blind $1
finechef: posts big blind $3
*** HOLE CARDS ***
SmellyToes4u: raises $3 to $6
finechef: calls $3
*** FLOP *** [Qc Ac 9h]
finechef: checks
SmellyToes4u: bets $3
finechef: folds
Uncalled bet ($3) returned to SmellyToes4u
SmellyToes4u collected $11.76 from pot
SmellyToes4u: doesn't show hand
*** SUMMARY ***
Total pot $12 | Rake $0.24
Board [Qc Ac 9h]
Seat 1: SmellyToes4u (button) (small blind) collected ($11.76)
Seat 2: finechef (big blind) folded on the Flop


PokerStars Hand #149042174484:  Hold'em Limit ($3/$6 USD) - 2016/02/18 20:53:55 ET
Table 'Hippasos' 6-max Seat #2 is the button
Seat 1: SmellyToes4u ($58.64 in chips)
Seat 2: finechef ($82.05 in chips)
finechef: posts small blind $1
SmellyToes4u: posts big blind $3
*** HOLE CARDS ***
finechef: raises $3 to $6
SmellyToes4u: calls $3
*** FLOP *** [Jh 2s Qs]
SmellyToes4u: checks
finechef: checks
*** TURN *** [Jh 2s Qs] [5s]
SmellyToes4u: bets $6
finechef: calls $6
*** RIVER *** [Jh 2s Qs 5s] [6c]
SmellyToes4u: checks
finechef: bets $6
SmellyToes4u: calls $6
*** SHOW DOWN ***
finechef: shows [9c 8c] (high card Queen)
SmellyToes4u: shows [7h 2h] (a pair of Deuces)
SmellyToes4u collected $35.50 from pot
*** SUMMARY ***
Total pot $36 | Rake $0.50
Board [Jh 2s Qs 5s 6c]
Seat 1: SmellyToes4u (big blind) showed [7h 2h] and won ($35.50) with a pair of Deuces
Seat 2: finechef (button) (small blind) showed [9c 8c] and lost with high card Queen


PokerStars Hand #149042172351:  Hold'em Limit ($3/$6 USD) - 2016/02/18 20:53:51 ET
Table 'Hippasos' 6-max Seat #1 is the button
Seat 1: SmellyToes4u ($59.64 in chips)
Seat 2: finechef ($81.05 in chips)
SmellyToes4u: posts small blind $1
finechef: posts big blind $3
*** HOLE CARDS ***
SmellyToes4u: folds
Uncalled bet ($2) returned to finechef
finechef collected $2 from pot
finechef: doesn't show hand
*** SUMMARY ***
Total pot $2 | Rake $0
Seat 1: SmellyToes4u (button) (small blind) folded before Flop
Seat 2: finechef (big blind) collected ($2)


PokerStars Hand #149042170119:  Hold'em Limit ($3/$6 USD) - 2016/02/18 20:53:46 ET
Table 'Hippasos' 6-max Seat #2 is the button
Seat 1: SmellyToes4u ($58.64 in chips)
Seat 2: finechef ($82.05 in chips)
finechef: posts small blind $1
SmellyToes4u: posts big blind $3
*** HOLE CARDS ***
finechef: folds
Uncalled bet ($2) returned to SmellyToes4u
SmellyToes4u collected $2 from pot
SmellyToes4u: doesn't show hand
*** SUMMARY ***
Total pot $2 | Rake $0
Seat 1: SmellyToes4u (big blind) collected ($2)
Seat 2: finechef (button) (small blind) folded before Flop


PokerStars Hand #149042167961:  Hold'em Limit ($3/$6 USD) - 2016/02/18 20:53:42 ET
Table 'Hippasos' 6-max Seat #1 is the button
Seat 1: SmellyToes4u ($59.64 in chips)
Seat 2: finechef ($81.05 in chips)
SmellyToes4u: posts small blind $1
finechef: posts big blind $3
*** HOLE CARDS ***
SmellyToes4u: folds
Uncalled bet ($2) returned to finechef
finechef collected $2 from pot
finechef: doesn't show hand
*** SUMMARY ***
Total pot $2 | Rake $0
Seat 1: SmellyToes4u (button) (small blind) folded before Flop
Seat 2: finechef (big blind) collected ($2)


PokerStars Hand #149042165622:  Hold'em Limit ($3/$6 USD) - 2016/02/18 20:53:37 ET
Table 'Hippasos' 6-max Seat #2 is the button
Seat 1: SmellyToes4u ($58.64 in chips)
Seat 2: finechef ($82.05 in chips)
finechef: posts small blind $1
SmellyToes4u: posts big blind $3
*** HOLE CARDS ***
finechef: folds
Uncalled bet ($2) returned to SmellyToes4u
SmellyToes4u collected $2 from pot
SmellyToes4u: doesn't show hand
*** SUMMARY ***
Total pot $2 | Rake $0
Seat 1: SmellyToes4u (big blind) collected ($2)
Seat 2: finechef (button) (small blind) folded before Flop


PokerStars Hand #149042163673:  Hold'em Limit ($3/$6 USD) - 2016/02/18 20:53:33 ET
Table 'Hippasos' 6-max Seat #1 is the button
Seat 1: SmellyToes4u ($59.64 in chips)
Seat 2: finechef ($81.05 in chips)
SmellyToes4u: posts small blind $1
finechef: posts big blind $3
*** HOLE CARDS ***
SmellyToes4u: folds
Uncalled bet ($2) returned to finechef
finechef collected $2 from pot
finechef: doesn't show hand
*** SUMMARY ***
Total pot $2 | Rake $0
Seat 1: SmellyToes4u (button) (small blind) folded before Flop
Seat 2: finechef (big blind) collected ($2)


PokerStars Hand #149042160312:  Hold'em Limit ($3/$6 USD) - 2016/02/18 20:53:26 ET
Table 'Hippasos' 6-max Seat #2 is the button
Seat 1: SmellyToes4u ($62.64 in chips)
Seat 2: finechef ($78.05 in chips)
finechef: posts small blind $1
SmellyToes4u: posts big blind $3
*** HOLE CARDS ***
finechef: raises $3 to $6
SmellyToes4u: folds
Uncalled bet ($3) returned to finechef
finechef collected $6 from pot
finechef: doesn't show hand
*** SUMMARY ***
Total pot $6 | Rake $0
Seat 1: SmellyToes4u (big blind) folded before Flop
Seat 2: finechef (button) (small blind) collected ($6)


PokerStars Hand #149042157882:  Hold'em Limit ($3/$6 USD) - 2016/02/18 20:53:21 ET
Table 'Hippasos' 6-max Seat #1 is the button
Seat 1: SmellyToes4u ($59.64 in chips)
Seat 2: finechef ($81.05 in chips)
SmellyToes4u: posts small blind $1
finechef: posts big blind $3
*** HOLE CARDS ***
SmellyToes4u: raises $3 to $6
finechef: folds
Uncalled bet ($3) returned to SmellyToes4u
SmellyToes4u collected $6 from pot
SmellyToes4u: doesn't show hand
*** SUMMARY ***
Total pot $6 | Rake $0
Seat 1: SmellyToes4u (button) (small blind) collected ($6)
Seat 2: finechef (big blind) folded before Flop


PokerStars Hand #149042187157:  Hold'em Limit ($3/$6 USD) - 2016/02/18 20:54:22 ET
Table 'Hippasos' 6-max Seat #1 is the button
Seat 1: SmellyToes4u ($82.90 in chips)
Seat 2: finechef ($57.05 in chips)
SmellyToes4u: posts small blind $1
finechef: posts big blind $3
*** HOLE CARDS ***
SmellyToes4u: raises $3 to $6
finechef: raises $3 to $9
SmellyToes4u: calls $3
*** FLOP *** [9s 6h 2h]
finechef: bets $3
SmellyToes4u: calls $3
*** TURN *** [9s 6h 2h] [3c]
aless284 joins the table at seat #3
finechef: bets $6
SmellyToes4u: raises $6 to $12
finechef: calls $6
*** RIVER *** [9s 6h 2h 3c] [4c]
finechef: checks
SmellyToes4u: bets $6
finechef: calls $6
*** SHOW DOWN ***
SmellyToes4u: shows [Jc Jd] (a pair of Jacks)
finechef: mucks hand
SmellyToes4u collected $59.50 from pot
*** SUMMARY ***
Total pot $60 | Rake $0.50
Board [9s 6h 2h 3c 4c]
Seat 1: SmellyToes4u (button) (small blind) showed [Jc Jd] and won ($59.50) with a pair of Jacks
Seat 2: finechef (big blind) mucked


PokerStars Hand #149042344281:  Hold'em Limit ($3/$6 USD) - 2016/02/18 21:00:19 ET
Table 'Hippasos' 6-max Seat #1 is the button
Seat 1: MissEKAmouse ($219.82 in chips)
Seat 3: aless284 ($41.04 in chips)
MissEKAmouse: posts small blind $1
aless284: posts big blind $3
*** HOLE CARDS ***
MissEKAmouse: raises $3 to $6
aless284: folds
Uncalled bet ($3) returned to MissEKAmouse
MissEKAmouse collected $6 from pot
MissEKAmouse: doesn't show hand
*** SUMMARY ***
Total pot $6 | Rake $0
Seat 1: MissEKAmouse (button) (small blind) collected ($6)
Seat 3: aless284 (big blind) folded before Flop


PokerStars Hand #149042331450:  Hold'em Limit ($3/$6 USD) - 2016/02/18 20:59:49 ET
Table 'Hippasos' 6-max Seat #3 is the button
Seat 1: MissEKAmouse ($202.32 in chips)
Seat 3: aless284 ($59.04 in chips)
aless284: posts small blind $1
SmellyToes4u: is sitting out
MissEKAmouse: posts big blind $3
*** HOLE CARDS ***
aless284: raises $3 to $6
SmellyToes4u leaves the table
MissEKAmouse: raises $3 to $9
aless284: calls $3
*** FLOP *** [Kh Qs 9s]
MissEKAmouse: bets $3
aless284: calls $3
*** TURN *** [Kh Qs 9s] [6c]
MissEKAmouse: bets $6
aless284: calls $6
*** RIVER *** [Kh Qs 9s 6c] [Ks]
MissEKAmouse: bets $6
aless284: folds
Uncalled bet ($6) returned to MissEKAmouse
SmellyToes4u joins the table at seat #6
MissEKAmouse collected $35.50 from pot
MissEKAmouse: doesn't show hand
*** SUMMARY ***
Total pot $36 | Rake $0.50
Board [Kh Qs 9s 6c Ks]
Seat 1: MissEKAmouse (big blind) collected ($35.50)
Seat 3: aless284 (button) (small blind) folded on the River


PokerStars Hand #149042359181:  Hold'em Limit ($3/$6 USD) - 2016/02/18 21:00:54 ET
Table 'Hippasos' 6-max Seat #3 is the button
Seat 3: aless284 ($38.04 in chips)
Seat 6: SmellyToes4u ($30.29 in chips)
aless284: posts small blind $1
ede56: is sitting out
SmellyToes4u: posts big blind $3
*** HOLE CARDS ***
aless284: raises $3 to $6
SmellyToes4u: calls $3
*** FLOP *** [Th Tc 7c]
ede56 leaves the table
SmellyToes4u: checks
aless284: bets $3
SmellyToes4u: raises $3 to $6
aless284: calls $3
*** TURN *** [Th Tc 7c] [Jc]
SmellyToes4u: bets $6
aless284: calls $6
*** RIVER *** [Th Tc 7c Jc] [3h]
SmellyToes4u: bets $6
aless284: calls $6
*** SHOW DOWN ***
SmellyToes4u: shows [Js 7d] (two pair, Jacks and Tens)
aless284: shows [Jd 9c] (two pair, Jacks and Tens - Nine kicker)
aless284 collected $47.50 from pot
*** SUMMARY ***
Total pot $48 | Rake $0.50
Board [Th Tc 7c Jc 3h]
Seat 3: aless284 (button) (small blind) showed [Jd 9c] and won ($47.50) with two pair, Jacks and Tens
Seat 6: SmellyToes4u (big blind) showed [Js 7d] and lost with two pair, Jacks and Tens


PokerStars Hand #149042369417:  Hold'em Limit ($3/$6 USD) - 2016/02/18 21:01:17 ET
Table 'Hippasos' 6-max Seat #6 is the button
Seat 3: aless284 ($61.54 in chips)
Seat 6: SmellyToes4u ($6.29 in chips)
SmellyToes4u: posts small blind $1
aless284: posts big blind $3
*** HOLE CARDS ***
SmellyToes4u: raises $3 to $6
aless284: calls $3
*** FLOP *** [Ac Ts 7d]
ede56 joins the table at seat #5
aless284: checks
SmellyToes4u: bets $0.29 and is all-in
aless284: calls $0.29
*** TURN *** [Ac Ts 7d] [6c]
*** RIVER *** [Ac Ts 7d 6c] [6s]
*** SHOW DOWN ***
aless284: shows [5d 6d] (three of a kind, Sixes)
SmellyToes4u: shows [5s Ad] (two pair, Aces and Sixes)
aless284 collected $12.33 from pot
*** SUMMARY ***
Total pot $12.58 | Rake $0.25
Board [Ac Ts 7d 6c 6s]
Seat 3: aless284 (big blind) showed [5d 6d] and won ($12.33) with three of a kind, Sixes
Seat 6: SmellyToes4u (button) (small blind) showed [5s Ad] and lost with two pair, Aces and Sixes


PokerStars Hand #149042376856:  Hold'em Limit ($3/$6 USD) - 2016/02/18 21:01:33 ET
Table 'Hippasos' 6-max Seat #3 is the button
Seat 3: aless284 ($67.58 in chips)
Seat 5: ede56 ($60.82 in chips)
aless284: posts small blind $1
ede56: posts big blind $3
*** HOLE CARDS ***
aless284: raises $3 to $6
ede56: folds
Uncalled bet ($3) returned to aless284
aless284 collected $6 from pot
aless284: doesn't show hand
*** SUMMARY ***
Total pot $6 | Rake $0
Seat 3: aless284 (button) (small blind) collected ($6)
Seat 5: ede56 (big blind) folded before Flop


PokerStars Hand #149042491624:  Hold'em Limit ($3/$6 USD) - 2016/02/18 21:05:38 ET
Table 'Hippasos' 6-max Seat #3 is the button
Seat 3: megabaitt ($92.09 in chips)
Seat 4: aless284 ($199.96 in chips)
megabaitt: posts small blind $1
aless284: posts big blind $3
*** HOLE CARDS ***
enessr joins the table at seat #2
megabaitt: folds
Uncalled bet ($2) returned to aless284
aless284 collected $2 from pot
aless284: doesn't show hand
*** SUMMARY ***
Total pot $2 | Rake $0
Seat 3: megabaitt (button) (small blind) folded before Flop
Seat 4: aless284 (big blind) collected ($2)


PokerStars Hand #149042488311:  Hold'em Limit ($3/$6 USD) - 2016/02/18 21:05:31 ET
Table 'Hippasos' 6-max Seat #4 is the button
Seat 3: megabaitt ($95.09 in chips)
Seat 4: aless284 ($196.96 in chips)
aless284: posts small blind $1
MissEKAmouse was removed from the table for failing to post
megabaitt: posts big blind $3
*** HOLE CARDS ***
aless284: raises $3 to $6
megabaitt: folds
Uncalled bet ($3) returned to aless284
SmellyToes4u leaves the table
aless284 collected $6 from pot
aless284: doesn't show hand
*** SUMMARY ***
Total pot $6 | Rake $0
Seat 3: megabaitt (big blind) folded before Flop
Seat 4: aless284 (button) (small blind) collected ($6)


PokerStars Hand #149043084284:  Hold'em Limit ($3/$6 USD) - 2016/02/18 21:27:25 ET
Table 'Hippasos' 6-max Seat #3 is the button
Seat 2: enessr ($117.59 in chips)
Seat 3: megabaitt ($53.96 in chips)
megabaitt: posts small blind $1
aless284 has timed out
aless284: is sitting out
enessr: posts big blind $3
*** HOLE CARDS ***
megabaitt: folds
Uncalled bet ($2) returned to enessr
enessr collected $2 from pot
enessr leaves the table
*** SUMMARY ***
Total pot $2 | Rake $0
Seat 2: enessr (big blind) collected ($2)
Seat 3: megabaitt (button) (small blind) folded before Flop


PokerStars Hand #149043099414:  Hold'em Limit ($3/$6 USD) - 2016/02/18 21:28:00 ET
Table 'Hippasos' 6-max Seat #4 is the button
Seat 3: megabaitt ($52.96 in chips)
Seat 4: aless284 ($131.48 in chips)
aless284: posts small blind $1
megabaitt: posts big blind $3
*** HOLE CARDS ***
aless284: raises $3 to $6
megabaitt: calls $3
*** FLOP *** [4c 4s 7d]
megabaitt: checks
aless284: bets $3
megabaitt: raises $3 to $6
aless284: calls $3
*** TURN *** [4c 4s 7d] [Kd]
megabaitt: bets $6
aless284: calls $6
*** RIVER *** [4c 4s 7d Kd] [6d]
megabaitt: bets $6
aless284: calls $6
*** SHOW DOWN ***
megabaitt: shows [Ts 7s] (two pair, Sevens and Fours)
aless284: shows [9s Kh] (two pair, Kings and Fours)
aless284 collected $47.50 from pot
*** SUMMARY ***
Total pot $48 | Rake $0.50
Board [4c 4s 7d Kd 6d]
Seat 3: megabaitt (big blind) showed [Ts 7s] and lost with two pair, Sevens and Fours
Seat 4: aless284 (button) (small blind) showed [9s Kh] and won ($47.50) with two pair, Kings and Fours


PokerStars Hand #149043113104:  Hold'em Limit ($3/$6 USD) - 2016/02/18 21:28:31 ET
Table 'Hippasos' 6-max Seat #3 is the button
Seat 3: megabaitt ($28.96 in chips)
Seat 4: aless284 ($154.98 in chips)
megabaitt: posts small blind $1
aless284: posts big blind $3
*** HOLE CARDS ***
megabaitt: calls $2
aless284: checks
*** FLOP *** [4s 8c 6h]
aless284: bets $3
megabaitt: calls $3
*** TURN *** [4s 8c 6h] [5d]
aless284: bets $6
megabaitt: calls $6
*** RIVER *** [4s 8c 6h 5d] [3s]
aless284: checks
megabaitt: bets $6
aless284: folds
Uncalled bet ($6) returned to megabaitt
megabaitt collected $23.52 from pot
megabaitt: doesn't show hand
*** SUMMARY ***
Total pot $24 | Rake $0.48
Board [4s 8c 6h 5d 3s]
Seat 3: megabaitt (button) (small blind) collected ($23.52)
Seat 4: aless284 (big blind) folded on the River


PokerStars Hand #149043127296:  Hold'em Limit ($3/$6 USD) - 2016/02/18 21:29:04 ET
Table 'Hippasos' 6-max Seat #3 is the button
Seat 3: megabaitt ($34.48 in chips)
Seat 4: aless284 ($148.74 in chips)
megabaitt: posts small blind $1
aless284: posts big blind $3
*** HOLE CARDS ***
megabaitt: folds
Uncalled bet ($2) returned to aless284
aless284 collected $2 from pot
aless284: doesn't show hand
*** SUMMARY ***
Total pot $2 | Rake $0
Seat 3: megabaitt (button) (small blind) folded before Flop
Seat 4: aless284 (big blind) collected ($2)


PokerStars Hand #149043121937:  Hold'em Limit ($3/$6 USD) - 2016/02/18 21:28:52 ET
Table 'Hippasos' 6-max Seat #4 is the button
Seat 3: megabaitt ($40.48 in chips)
Seat 4: aless284 ($142.98 in chips)
aless284: posts small blind $1
megabaitt: posts big blind $3
*** HOLE CARDS ***
aless284: raises $3 to $6
megabaitt: calls $3
*** FLOP *** [Qh 9s 2h]
megabaitt: checks
aless284: bets $3
megabaitt: folds
Uncalled bet ($3) returned to aless284
aless284 collected $11.76 from pot
aless284: doesn't show hand
*** SUMMARY ***
Total pot $12 | Rake $0.24
Board [Qh 9s 2h]
Seat 3: megabaitt (big blind) folded on the Flop
Seat 4: aless284 (button) (small blind) collected ($11.76)


PokerStars Hand #149043111061:  Hold'em Limit ($3/$6 USD) - 2016/02/18 21:28:26 ET
Table 'Hippasos' 6-max Seat #4 is the button
Seat 3: megabaitt ($27.96 in chips)
Seat 4: aless284 ($155.98 in chips)
aless284: posts small blind $1
megabaitt: posts big blind $3
*** HOLE CARDS ***
aless284: folds
Uncalled bet ($2) returned to megabaitt
megabaitt collected $2 from pot
megabaitt: doesn't show hand
*** SUMMARY ***
Total pot $2 | Rake $0
Seat 3: megabaitt (big blind) collected ($2)
Seat 4: aless284 (button) (small blind) folded before Flop


PokerStars Hand #149043108802:  Hold'em Limit ($3/$6 USD) - 2016/02/18 21:28:21 ET
Table 'Hippasos' 6-max Seat #3 is the button
Seat 3: megabaitt ($28.96 in chips)
Seat 4: aless284 ($154.98 in chips)
megabaitt: posts small blind $1
aless284: posts big blind $3
*** HOLE CARDS ***
megabaitt: folds
Uncalled bet ($2) returned to aless284
aless284 collected $2 from pot
aless284: doesn't show hand
*** SUMMARY ***
Total pot $2 | Rake $0
Seat 3: megabaitt (button) (small blind) folded before Flop
Seat 4: aless284 (big blind) collected ($2)


PokerStars Hand #149043138182:  Hold'em Limit ($3/$6 USD) - 2016/02/18 21:29:29 ET
Table 'Hippasos' 6-max Seat #3 is the button
Seat 3: megabaitt ($24.48 in chips)
Seat 4: aless284 ($158.38 in chips)
megabaitt: posts small blind $1
aless284: posts big blind $3
*** HOLE CARDS ***
megabaitt: calls $2
aless284: checks
*** FLOP *** [Ts 4c 2s]
aless284: bets $3
megabaitt: calls $3
*** TURN *** [Ts 4c 2s] [Tc]
aless284: bets $6
megabaitt: folds
Uncalled bet ($6) returned to aless284
aless284 collected $11.76 from pot
aless284: doesn't show hand
*** SUMMARY ***
Total pot $12 | Rake $0.24
Board [Ts 4c 2s Tc]
Seat 3: megabaitt (button) (small blind) folded on the Turn
Seat 4: aless284 (big blind) collected ($11.76)


PokerStars Hand #149043144483:  Hold'em Limit ($3/$6 USD) - 2016/02/18 21:29:44 ET
Table 'Hippasos' 6-max Seat #4 is the button
Seat 3: megabaitt ($18.48 in chips)
Seat 4: aless284 ($164.14 in chips)
aless284: posts small blind $1
megabaitt: posts big blind $3
*** HOLE CARDS ***
aless284: raises $3 to $6
megabaitt: folds
Uncalled bet ($3) returned to aless284
aless284 collected $6 from pot
aless284: doesn't show hand
*** SUMMARY ***
Total pot $6 | Rake $0
Seat 3: megabaitt (big blind) folded before Flop
Seat 4: aless284 (button) (small blind) collected ($6)


PokerStars Hand #149043150136:  Hold'em Limit ($3/$6 USD) - 2016/02/18 21:29:57 ET
Table 'Hippasos' 6-max Seat #4 is the button
Seat 3: megabaitt ($18.48 in chips)
Seat 4: aless284 ($164.14 in chips)
aless284: posts small blind $1
megabaitt: posts big blind $3
*** HOLE CARDS ***
aless284: folds
Uncalled bet ($2) returned to megabaitt
megabaitt collected $2 from pot
megabaitt: doesn't show hand
*** SUMMARY ***
Total pot $2 | Rake $0
Seat 3: megabaitt (big blind) collected ($2)
Seat 4: aless284 (button) (small blind) folded before Flop


PokerStars Hand #149043147198:  Hold'em Limit ($3/$6 USD) - 2016/02/18 21:29:50 ET
Table 'Hippasos' 6-max Seat #3 is the button
Seat 3: megabaitt ($15.48 in chips)
Seat 4: aless284 ($167.14 in chips)
megabaitt: posts small blind $1
aless284: posts big blind $3
*** HOLE CARDS ***
megabaitt: raises $3 to $6
aless284: folds
Uncalled bet ($3) returned to megabaitt
megabaitt collected $6 from pot
megabaitt: doesn't show hand
*** SUMMARY ***
Total pot $6 | Rake $0
Seat 3: megabaitt (button) (small blind) collected ($6)
Seat 4: aless284 (big blind) folded before Flop


PokerStars Hand #149043129701:  Hold'em Limit ($3/$6 USD) - 2016/02/18 21:29:10 ET
Table 'Hippasos' 6-max Seat #4 is the button
Seat 3: megabaitt ($33.48 in chips)
Seat 4: aless284 ($149.74 in chips)
aless284: posts small blind $1
megabaitt: posts big blind $3
*** HOLE CARDS ***
aless284: raises $3 to $6
megabaitt: calls $3
*** FLOP *** [4s 7h Tc]
megabaitt: checks
aless284: bets $3
megabaitt: calls $3
*** TURN *** [4s 7h Tc] [Th]
megabaitt: checks
aless284: bets $6
megabaitt: folds
Uncalled bet ($6) returned to aless284
aless284 collected $17.64 from pot
aless284: doesn't show hand
*** SUMMARY ***
Total pot $18 | Rake $0.36
Board [4s 7h Tc Th]
Seat 3: megabaitt (big blind) folded on the Turn
Seat 4: aless284 (button) (small blind) collected ($17.64)


PokerStars Hand #149043152286:  Hold'em Limit ($3/$6 USD) - 2016/02/18 21:30:02 ET
Table 'Hippasos' 6-max Seat #3 is the button
Seat 3: megabaitt ($19.48 in chips)
Seat 4: aless284 ($163.14 in chips)
megabaitt: posts small blind $1
aless284: posts big blind $3
*** HOLE CARDS ***
megabaitt: raises $3 to $6
aless284: calls $3
*** FLOP *** [7d Qd 3s]
aless284: checks
megabaitt: bets $3
aless284: raises $3 to $6
megabaitt: raises $3 to $9
aless284: calls $3
*** TURN *** [7d Qd 3s] [2c]
aless284: checks
megabaitt: bets $4.48 and is all-in
aless284: calls $4.48
*** RIVER *** [7d Qd 3s 2c] [7c]
*** SHOW DOWN ***
aless284: shows [7s 9s] (three of a kind, Sevens)
megabaitt: shows [Ad Qh] (two pair, Queens and Sevens)
aless284 collected $38.46 from pot
*** SUMMARY ***
Total pot $38.96 | Rake $0.50
Board [7d Qd 3s 2c 7c]
Seat 3: megabaitt (button) (small blind) showed [Ad Qh] and lost with two pair, Queens and Sevens
Seat 4: aless284 (big blind) showed [7s 9s] and won ($38.46) with three of a kind, Sevens


