PokerStars Hand #172758066883:  Hold'em Limit ($3/$6 USD) - 2017/07/08 8:39:57 ET
Table 'Hippodamia II' 6-max Seat #3 is the button
Seat 1: sussie118 ($134.50 in chips)
Seat 3: Auge72 ($105 in chips)
Auge72: posts small blind $1
sussie118: posts big blind $3
*** HOLE CARDS ***
Auge72: folds
Uncalled bet ($2) returned to sussie118
sussie118 collected $2 from pot
sussie118: doesn't show hand
*** SUMMARY ***
Total pot $2 | Rake $0
Seat 1: sussie118 (big blind) collected ($2)
Seat 3: Auge72 (button) (small blind) folded before Flop


PokerStars Hand #172758056649:  Hold'em Limit ($3/$6 USD) - 2017/07/08 8:39:37 ET
Table 'Hippodamia II' 6-max Seat #1 is the button
Seat 1: sussie118 ($120 in chips)
Seat 3: Auge72 ($120 in chips)
sussie118: posts small blind $1
Auge72: posts big blind $3
*** HOLE CARDS ***
sussie118: calls $2
Auge72: raises $3 to $6
sussie118: calls $3
*** FLOP *** [5s 6s 2h]
Auge72: bets $3
sussie118: calls $3
*** TURN *** [5s 6s 2h] [3h]
Auge72: bets $6
sussie118: raises $6 to $12
Auge72: folds
Uncalled bet ($6) returned to sussie118
sussie118 collected $29.50 from pot
sussie118: doesn't show hand
*** SUMMARY ***
Total pot $30 | Rake $0.50
Board [5s 6s 2h 3h]
Seat 1: sussie118 (button) (small blind) collected ($29.50)
Seat 3: Auge72 (big blind) folded on the Turn


PokerStars Hand #172758077099:  Hold'em Limit ($3/$6 USD) - 2017/07/08 8:40:16 ET
Table 'Hippodamia II' 6-max Seat #3 is the button
Seat 1: sussie118 ($147.02 in chips)
Seat 3: Auge72 ($92 in chips)
Auge72: posts small blind $1
sussie118: posts big blind $3
*** HOLE CARDS ***
Auge72: raises $3 to $6
sussie118: calls $3
*** FLOP *** [Qc Tc 3d]
sussie118: checks
Auge72: checks
*** TURN *** [Qc Tc 3d] [5s]
sussie118: bets $6
Auge72: raises $6 to $12
sussie118: folds
Uncalled bet ($6) returned to Auge72
Auge72 collected $23.52 from pot
Auge72: doesn't show hand
*** SUMMARY ***
Total pot $24 | Rake $0.48
Board [Qc Tc 3d 5s]
Seat 1: sussie118 (big blind) folded on the Turn
Seat 3: Auge72 (button) (small blind) collected ($23.52)


PokerStars Hand #172758069451:  Hold'em Limit ($3/$6 USD) - 2017/07/08 8:40:01 ET
Table 'Hippodamia II' 6-max Seat #1 is the button
Seat 1: sussie118 ($135.50 in chips)
Seat 3: Auge72 ($104 in chips)
sussie118: posts small blind $1
Auge72: posts big blind $3
*** HOLE CARDS ***
sussie118: calls $2
Auge72: checks
*** FLOP *** [9s Qd Qs]
Auge72: checks
sussie118: bets $3
Auge72: calls $3
*** TURN *** [9s Qd Qs] [Ac]
Auge72: checks
sussie118: bets $6
Auge72: calls $6
*** RIVER *** [9s Qd Qs Ac] [4d]
Auge72: checks
sussie118: checks
*** SHOW DOWN ***
Auge72: shows [6s 5s] (a pair of Queens)
sussie118: shows [6h 9c] (two pair, Queens and Nines)
sussie118 collected $23.52 from pot
*** SUMMARY ***
Total pot $24 | Rake $0.48
Board [9s Qd Qs Ac 4d]
Seat 1: sussie118 (button) (small blind) showed [6h 9c] and won ($23.52) with two pair, Queens and Nines
Seat 3: Auge72 (big blind) showed [6s 5s] and lost with a pair of Queens


