PokerStars Hand #147600423888:  Hold'em Limit ($3/$6 USD) - 2016/01/24 11:53:48 ET
Table 'Hippokoon IV' 6-max Seat #6 is the button
Seat 1: VolkovDmitri ($138.50 in chips)
Seat 6: zizonmusang ($21 in chips)
zizonmusang: posts small blind $1
VolkovDmitri: posts big blind $3
*** HOLE CARDS ***
zizonmusang: raises $3 to $6
VolkovDmitri: calls $3
*** FLOP *** [3s Kd Jc]
VolkovDmitri: checks
zizonmusang: bets $3
Günni1959 joins the table at seat #3
VolkovDmitri: folds
Uncalled bet ($3) returned to zizonmusang
zizonmusang collected $11.76 from pot
zizonmusang: doesn't show hand
*** SUMMARY ***
Total pot $12 | Rake $0.24
Board [3s Kd Jc]
Seat 1: VolkovDmitri (big blind) folded on the Flop
Seat 6: zizonmusang (button) (small blind) collected ($11.76)


PokerStars Hand #147600374884:  Hold'em Limit ($3/$6 USD) - 2016/01/24 11:52:59 ET
Table 'Hippokoon IV' 6-max Seat #1 is the button
Seat 1: VolkovDmitri ($121 in chips)
Seat 6: zizonmusang ($39 in chips)
VolkovDmitri: posts small blind $1
zizonmusang: posts big blind $3
*** HOLE CARDS ***
VolkovDmitri: raises $3 to $6
zizonmusang: calls $3
*** FLOP *** [Ac 8d Js]
zizonmusang: checks
VolkovDmitri: bets $3
zizonmusang: raises $3 to $6
VolkovDmitri: calls $3
*** TURN *** [Ac 8d Js] [Ts]
zizonmusang: bets $6
VolkovDmitri: calls $6
*** RIVER *** [Ac 8d Js Ts] [Jh]
zizonmusang: checks
VolkovDmitri: bets $6
zizonmusang: folds
Uncalled bet ($6) returned to VolkovDmitri
VolkovDmitri collected $35.50 from pot
VolkovDmitri: doesn't show hand
*** SUMMARY ***
Total pot $36 | Rake $0.50
Board [Ac 8d Js Ts Jh]
Seat 1: VolkovDmitri (button) (small blind) collected ($35.50)
Seat 6: zizonmusang (big blind) folded on the River


PokerStars Hand #147615569550:  Hold'em Limit ($3/$6 USD) - 2016/01/24 15:40:59 ET
Table 'Hippokoon IV' 6-max Seat #3 is the button
Seat 2: Frank2Neue ($38.14 in chips)
Seat 3: ZinZar ($96.40 in chips)
ZinZar: posts small blind $1
Pokali: is sitting out
Frank2Neue: posts big blind $3
*** HOLE CARDS ***
ZinZar: raises $3 to $6
Longstaaf leaves the table
Frank2Neue: calls $3
*** FLOP *** [4h Qs Jc]
Frank2Neue: bets $3
ZinZar: folds
Uncalled bet ($3) returned to Frank2Neue
Frank2Neue collected $11.76 from pot
Frank2Neue: doesn't show hand
*** SUMMARY ***
Total pot $12 | Rake $0.24
Board [4h Qs Jc]
Seat 2: Frank2Neue (big blind) collected ($11.76)
Seat 3: ZinZar (button) (small blind) folded on the Flop


