PokerStars Hand #149037582523:  Hold'em Limit ($3/$6 USD) - 2016/02/18 18:46:05 ET
Table 'Hippasos' 6-max Seat #2 is the button
Seat 1: Jeelsy ($59.95 in chips)
Seat 2: Chessnok ($125.34 in chips)
Chessnok: posts small blind $1
Jeelsy: posts big blind $3
*** HOLE CARDS ***
Chessnok: folds
Uncalled bet ($2) returned to Jeelsy
Jeelsy collected $2 from pot
Jeelsy: doesn't show hand
*** SUMMARY ***
Total pot $2 | Rake $0
Seat 1: Jeelsy (big blind) collected ($2)
Seat 2: Chessnok (button) (small blind) folded before Flop


PokerStars Hand #149037539351:  Hold'em Limit ($3/$6 USD) - 2016/02/18 18:45:10 ET
Table 'Hippasos' 6-max Seat #2 is the button
Seat 1: Jeelsy ($21.95 in chips)
Seat 2: Chessnok ($164.34 in chips)
Chessnok: posts small blind $1
BuzovaPro: is sitting out
Jeelsy: posts big blind $3
*** HOLE CARDS ***
Chessnok: raises $3 to $6
Jeelsy: calls $3
*** FLOP *** [9s 3s Jd]
Jeelsy: checks
Chessnok: bets $3
Jeelsy: calls $3
*** TURN *** [9s 3s Jd] [Qd]
Jeelsy: checks
Chessnok: bets $6
Jeelsy: calls $6
*** RIVER *** [9s 3s Jd Qd] [5s]
Jeelsy: checks
Chessnok: checks
*** SHOW DOWN ***
Jeelsy: shows [9h 6d] (a pair of Nines)
Chessnok: mucks hand
Jeelsy collected $29.50 from pot
*** SUMMARY ***
Total pot $30 | Rake $0.50
Board [9s 3s Jd Qd 5s]
Seat 1: Jeelsy (big blind) showed [9h 6d] and won ($29.50) with a pair of Nines
Seat 2: Chessnok (button) (small blind) mucked


PokerStars Hand #149037558188:  Hold'em Limit ($3/$6 USD) - 2016/02/18 18:45:34 ET
Table 'Hippasos' 6-max Seat #1 is the button
Seat 1: Jeelsy ($36.45 in chips)
Seat 2: Chessnok ($149.34 in chips)
Jeelsy: posts small blind $1
Chessnok: posts big blind $3
*** HOLE CARDS ***
Jeelsy: raises $3 to $6
Chessnok: calls $3
*** FLOP *** [Qd 7h 4d]
Chessnok: checks
Jeelsy: bets $3
Chessnok: raises $3 to $6
Jeelsy: calls $3
*** TURN *** [Qd 7h 4d] [5h]
Chessnok: bets $6
Jeelsy: calls $6
*** RIVER *** [Qd 7h 4d 5h] [2d]
BuzovaPro leaves the table
Chessnok: bets $6
Jeelsy: calls $6
*** SHOW DOWN ***
Chessnok: shows [7s 6c] (a pair of Sevens)
Jeelsy: shows [8c Qh] (a pair of Queens)
Jeelsy collected $47.50 from pot
*** SUMMARY ***
Total pot $48 | Rake $0.50
Board [Qd 7h 4d 5h 2d]
Seat 1: Jeelsy (button) (small blind) showed [8c Qh] and won ($47.50) with a pair of Queens
Seat 2: Chessnok (big blind) showed [7s 6c] and lost with a pair of Sevens


PokerStars Hand #149037587074:  Hold'em Limit ($3/$6 USD) - 2016/02/18 18:46:10 ET
Table 'Hippasos' 6-max Seat #1 is the button
Seat 1: Jeelsy ($60.95 in chips)
Seat 2: Chessnok ($124.34 in chips)
Jeelsy: posts small blind $1
Chessnok: posts big blind $3
*** HOLE CARDS ***
Jeelsy: raises $3 to $6
Chessnok: calls $3
*** FLOP *** [6c Th Js]
Chessnok: bets $3
Jeelsy: calls $3
*** TURN *** [6c Th Js] [6s]
Chessnok: checks
Jeelsy: checks
*** RIVER *** [6c Th Js 6s] [4h]
Chessnok: checks
Jeelsy: bets $6
Chessnok: calls $6
*** SHOW DOWN ***
Jeelsy: shows [6d As] (three of a kind, Sixes)
Chessnok: mucks hand
Jeelsy collected $29.50 from pot
*** SUMMARY ***
Total pot $30 | Rake $0.50
Board [6c Th Js 6s 4h]
Seat 1: Jeelsy (button) (small blind) showed [6d As] and won ($29.50) with three of a kind, Sixes
Seat 2: Chessnok (big blind) mucked


PokerStars Hand #149037640591:  Hold'em Limit ($3/$6 USD) - 2016/02/18 18:47:19 ET
Table 'Hippasos' 6-max Seat #1 is the button
Seat 1: Jeelsy ($66.45 in chips)
Seat 2: Chessnok ($117.98 in chips)
Jeelsy: posts small blind $1
Chessnok: posts big blind $3
*** HOLE CARDS ***
Jeelsy: raises $3 to $6
Chessnok: folds
Uncalled bet ($3) returned to Jeelsy
Jeelsy collected $6 from pot
Jeelsy: doesn't show hand
*** SUMMARY ***
Total pot $6 | Rake $0
Seat 1: Jeelsy (button) (small blind) collected ($6)
Seat 2: Chessnok (big blind) folded before Flop


PokerStars Hand #149037612582:  Hold'em Limit ($3/$6 USD) - 2016/02/18 18:46:43 ET
Table 'Hippasos' 6-max Seat #2 is the button
Seat 1: Jeelsy ($75.45 in chips)
Seat 2: Chessnok ($109.34 in chips)
Chessnok: posts small blind $1
Jeelsy: posts big blind $3
*** HOLE CARDS ***
Chessnok: raises $3 to $6
Jeelsy: calls $3
*** FLOP *** [8s 9d Tc]
Jeelsy: checks
Chessnok: bets $3
Jeelsy: calls $3
*** TURN *** [8s 9d Tc] [Jd]
Jeelsy: checks
Chessnok: checks
*** RIVER *** [8s 9d Tc Jd] [Qh]
Jeelsy: checks
Chessnok: bets $6
Jeelsy: folds
Uncalled bet ($6) returned to Chessnok
Chessnok collected $17.64 from pot
Chessnok: doesn't show hand
*** SUMMARY ***
Total pot $18 | Rake $0.36
Board [8s 9d Tc Jd Qh]
Seat 1: Jeelsy (big blind) folded on the River
Seat 2: Chessnok (button) (small blind) collected ($17.64)


PokerStars Hand #149037644922:  Hold'em Limit ($3/$6 USD) - 2016/02/18 18:47:25 ET
Table 'Hippasos' 6-max Seat #2 is the button
Seat 1: Jeelsy ($69.45 in chips)
Seat 2: Chessnok ($114.98 in chips)
Chessnok: posts small blind $1
Jeelsy: posts big blind $3
*** HOLE CARDS ***
Chessnok: raises $3 to $6
Jeelsy: calls $3
*** FLOP *** [5c 4s 3s]
Jeelsy: bets $3
Chessnok: raises $3 to $6
Jeelsy: calls $3
*** TURN *** [5c 4s 3s] [9c]
Jeelsy: checks
Chessnok: bets $6
Jeelsy: calls $6
*** RIVER *** [5c 4s 3s 9c] [7d]
Jeelsy: bets $6
Chessnok: calls $6
*** SHOW DOWN ***
Jeelsy: shows [Th 6d] (a straight, Three to Seven)
Chessnok: mucks hand
Jeelsy collected $47.50 from pot
*** SUMMARY ***
Total pot $48 | Rake $0.50
Board [5c 4s 3s 9c 7d]
Seat 1: Jeelsy (big blind) showed [Th 6d] and won ($47.50) with a straight, Three to Seven
Seat 2: Chessnok (button) (small blind) mucked


PokerStars Hand #149037662317:  Hold'em Limit ($3/$6 USD) - 2016/02/18 18:47:47 ET
Table 'Hippasos' 6-max Seat #1 is the button
Seat 1: Jeelsy ($92.95 in chips)
Seat 2: Chessnok ($90.98 in chips)
Jeelsy: posts small blind $1
Chessnok: posts big blind $3
*** HOLE CARDS ***
Jeelsy: raises $3 to $6
Chessnok: raises $3 to $9
Jeelsy: calls $3
*** FLOP *** [2s Qh Jc]
Chessnok: bets $3
Jeelsy: calls $3
*** TURN *** [2s Qh Jc] [4h]
Chessnok: bets $6
Jeelsy: calls $6
*** RIVER *** [2s Qh Jc 4h] [2c]
Chessnok: checks
Jeelsy: bets $6
Chessnok: calls $6
*** SHOW DOWN ***
Jeelsy: shows [7h Jd] (two pair, Jacks and Deuces)
Chessnok: shows [Th Js] (two pair, Jacks and Deuces)
Chessnok collected $23.75 from pot
Jeelsy collected $23.75 from pot
*** SUMMARY ***
Total pot $48 | Rake $0.50
Board [2s Qh Jc 4h 2c]
Seat 1: Jeelsy (button) (small blind) showed [7h Jd] and won ($23.75) with two pair, Jacks and Deuces
Seat 2: Chessnok (big blind) showed [Th Js] and won ($23.75) with two pair, Jacks and Deuces


PokerStars Hand #149037675333:  Hold'em Limit ($3/$6 USD) - 2016/02/18 18:48:04 ET
Table 'Hippasos' 6-max Seat #2 is the button
Seat 1: Jeelsy ($92.70 in chips)
Seat 2: Chessnok ($90.73 in chips)
Chessnok: posts small blind $1
Jeelsy: posts big blind $3
*** HOLE CARDS ***
Chessnok: raises $3 to $6
Jeelsy: calls $3
*** FLOP *** [6c 8d 7c]
Jeelsy: checks
Chessnok: bets $3
Jeelsy: calls $3
*** TURN *** [6c 8d 7c] [Qh]
Jeelsy: checks
Chessnok: checks
*** RIVER *** [6c 8d 7c Qh] [Jd]
Jeelsy: bets $6
Chessnok: calls $6
*** SHOW DOWN ***
Jeelsy: shows [6d Kc] (a pair of Sixes)
Chessnok: mucks hand
Jeelsy collected $29.50 from pot
*** SUMMARY ***
Total pot $30 | Rake $0.50
Board [6c 8d 7c Qh Jd]
Seat 1: Jeelsy (big blind) showed [6d Kc] and won ($29.50) with a pair of Sixes
Seat 2: Chessnok (button) (small blind) mucked


PokerStars Hand #149037693161:  Hold'em Limit ($3/$6 USD) - 2016/02/18 18:48:28 ET
Table 'Hippasos' 6-max Seat #1 is the button
Seat 1: Jeelsy ($107.20 in chips)
Seat 2: Chessnok ($75.73 in chips)
Jeelsy: posts small blind $1
Chessnok: posts big blind $3
*** HOLE CARDS ***
Jeelsy: raises $3 to $6
Chessnok: calls $3
*** FLOP *** [7h 6h 3s]
Chessnok: checks
Jeelsy: checks
*** TURN *** [7h 6h 3s] [6s]
Chessnok: bets $6
Jeelsy: calls $6
*** RIVER *** [7h 6h 3s 6s] [Ac]
Chessnok: bets $6
Jeelsy: calls $6
*** SHOW DOWN ***
Chessnok: shows [3h Jc] (two pair, Sixes and Threes)
Jeelsy: shows [Kc Ah] (two pair, Aces and Sixes)
Jeelsy collected $35.50 from pot
*** SUMMARY ***
Total pot $36 | Rake $0.50
Board [7h 6h 3s 6s Ac]
Seat 1: Jeelsy (button) (small blind) showed [Kc Ah] and won ($35.50) with two pair, Aces and Sixes
Seat 2: Chessnok (big blind) showed [3h Jc] and lost with two pair, Sixes and Threes


PokerStars Hand #149037706415:  Hold'em Limit ($3/$6 USD) - 2016/02/18 18:48:45 ET
Table 'Hippasos' 6-max Seat #2 is the button
Seat 1: Jeelsy ($124.70 in chips)
Seat 2: Chessnok ($60 in chips)
Chessnok: posts small blind $1
Jeelsy: posts big blind $3
*** HOLE CARDS ***
Chessnok: raises $3 to $6
Jeelsy: calls $3
*** FLOP *** [9c Kd 7h]
Jeelsy: checks
Chessnok: bets $3
Jeelsy: calls $3
*** TURN *** [9c Kd 7h] [7s]
Jeelsy: checks
Chessnok: checks
*** RIVER *** [9c Kd 7h 7s] [Ks]
Jeelsy: bets $6
Chessnok: folds
Uncalled bet ($6) returned to Jeelsy
Jeelsy collected $17.64 from pot
Jeelsy: doesn't show hand
*** SUMMARY ***
Total pot $18 | Rake $0.36
Board [9c Kd 7h 7s Ks]
Seat 1: Jeelsy (big blind) collected ($17.64)
Seat 2: Chessnok (button) (small blind) folded on the River


PokerStars Hand #149037718652:  Hold'em Limit ($3/$6 USD) - 2016/02/18 18:49:02 ET
Table 'Hippasos' 6-max Seat #1 is the button
Seat 1: Jeelsy ($133.34 in chips)
Seat 2: Chessnok ($60 in chips)
Jeelsy: posts small blind $1
Chessnok: posts big blind $3
*** HOLE CARDS ***
Jeelsy: raises $3 to $6
Chessnok: raises $3 to $9
Jeelsy: calls $3
*** FLOP *** [7d Qs 5d]
Chessnok: bets $3
Jeelsy: calls $3
*** TURN *** [7d Qs 5d] [6s]
Chessnok: bets $6
Jeelsy: calls $6
*** RIVER *** [7d Qs 5d 6s] [3c]
Chessnok: bets $6
Jeelsy: calls $6
*** SHOW DOWN ***
Chessnok: shows [Kh Qc] (a pair of Queens)
Jeelsy: mucks hand
Chessnok collected $47.50 from pot
*** SUMMARY ***
Total pot $48 | Rake $0.50
Board [7d Qs 5d 6s 3c]
Seat 1: Jeelsy (button) (small blind) mucked
Seat 2: Chessnok (big blind) showed [Kh Qc] and won ($47.50) with a pair of Queens


PokerStars Hand #149037729852:  Hold'em Limit ($3/$6 USD) - 2016/02/18 18:49:16 ET
Table 'Hippasos' 6-max Seat #2 is the button
Seat 1: Jeelsy ($109.34 in chips)
Seat 2: Chessnok ($83.50 in chips)
Chessnok: posts small blind $1
Jeelsy: posts big blind $3
*** HOLE CARDS ***
Chessnok: raises $3 to $6
Jeelsy: calls $3
*** FLOP *** [4s Ts 2h]
Jeelsy: checks
Chessnok: bets $3
Jeelsy: calls $3
*** TURN *** [4s Ts 2h] [8h]
Jeelsy: checks
Chessnok: bets $6
Jeelsy: raises $6 to $12
Chessnok: calls $6
*** RIVER *** [4s Ts 2h 8h] [Qs]
Jeelsy: bets $6
Chessnok: calls $6
*** SHOW DOWN ***
Jeelsy: shows [6h Th] (a pair of Tens)
Chessnok: mucks hand
Jeelsy collected $53.50 from pot
*** SUMMARY ***
Total pot $54 | Rake $0.50
Board [4s Ts 2h 8h Qs]
Seat 1: Jeelsy (big blind) showed [6h Th] and won ($53.50) with a pair of Tens
Seat 2: Chessnok (button) (small blind) mucked


PokerStars Hand #149037744423:  Hold'em Limit ($3/$6 USD) - 2016/02/18 18:49:36 ET
Table 'Hippasos' 6-max Seat #1 is the button
Seat 1: Jeelsy ($135.84 in chips)
Seat 2: Chessnok ($60 in chips)
Jeelsy: posts small blind $1
Chessnok: posts big blind $3
*** HOLE CARDS ***
Jeelsy: raises $3 to $6
Chessnok: calls $3
*** FLOP *** [4c 8h 8s]
Chessnok: checks
Jeelsy: bets $3
Chessnok: folds
Uncalled bet ($3) returned to Jeelsy
Jeelsy collected $11.76 from pot
Jeelsy: doesn't show hand
*** SUMMARY ***
Total pot $12 | Rake $0.24
Board [4c 8h 8s]
Seat 1: Jeelsy (button) (small blind) collected ($11.76)
Seat 2: Chessnok (big blind) folded on the Flop


PokerStars Hand #149037753621:  Hold'em Limit ($3/$6 USD) - 2016/02/18 18:49:48 ET
Table 'Hippasos' 6-max Seat #2 is the button
Seat 1: Jeelsy ($141.60 in chips)
Seat 2: Chessnok ($60 in chips)
Chessnok: posts small blind $1
Jeelsy: posts big blind $3
*** HOLE CARDS ***
Chessnok: raises $3 to $6
Jeelsy: calls $3
*** FLOP *** [Th 5d 8s]
Jeelsy: checks
Chessnok: bets $3
Jeelsy: calls $3
*** TURN *** [Th 5d 8s] [Ac]
Jeelsy: checks
Chessnok: bets $6
Jeelsy: calls $6
*** RIVER *** [Th 5d 8s Ac] [Ks]
Jeelsy: checks
Chessnok: bets $6
Jeelsy: folds
Uncalled bet ($6) returned to Chessnok
Chessnok collected $29.50 from pot
Chessnok: doesn't show hand
*** SUMMARY ***
Total pot $30 | Rake $0.50
Board [Th 5d 8s Ac Ks]
Seat 1: Jeelsy (big blind) folded on the River
Seat 2: Chessnok (button) (small blind) collected ($29.50)


PokerStars Hand #149037767417:  Hold'em Limit ($3/$6 USD) - 2016/02/18 18:50:06 ET
Table 'Hippasos' 6-max Seat #1 is the button
Seat 1: Jeelsy ($126.60 in chips)
Seat 2: Chessnok ($74.50 in chips)
Jeelsy: posts small blind $1
Chessnok: posts big blind $3
*** HOLE CARDS ***
Jeelsy: raises $3 to $6
Chessnok: raises $3 to $9
Jeelsy: calls $3
*** FLOP *** [Js Tc 3d]
Chessnok: bets $3
Jeelsy: calls $3
*** TURN *** [Js Tc 3d] [4s]
Chessnok: bets $6
Jeelsy: calls $6
*** RIVER *** [Js Tc 3d 4s] [7h]
Chessnok: bets $6
Jeelsy: calls $6
*** SHOW DOWN ***
Chessnok: shows [7s 6s] (a pair of Sevens)
Jeelsy: shows [Qh Ts] (a pair of Tens)
Jeelsy collected $47.50 from pot
*** SUMMARY ***
Total pot $48 | Rake $0.50
Board [Js Tc 3d 4s 7h]
Seat 1: Jeelsy (button) (small blind) showed [Qh Ts] and won ($47.50) with a pair of Tens
Seat 2: Chessnok (big blind) showed [7s 6s] and lost with a pair of Sevens


PokerStars Hand #149037779059:  Hold'em Limit ($3/$6 USD) - 2016/02/18 18:50:22 ET
Table 'Hippasos' 6-max Seat #2 is the button
Seat 1: Jeelsy ($150.10 in chips)
Seat 2: Chessnok ($60 in chips)
Chessnok: posts small blind $1
Jeelsy: posts big blind $3
*** HOLE CARDS ***
Chessnok: raises $3 to $6
Jeelsy: calls $3
*** FLOP *** [5s 8d 8c]
Jeelsy: checks
Chessnok: bets $3
Jeelsy: folds
Uncalled bet ($3) returned to Chessnok
Chessnok collected $11.76 from pot
Chessnok: doesn't show hand
*** SUMMARY ***
Total pot $12 | Rake $0.24
Board [5s 8d 8c]
Seat 1: Jeelsy (big blind) folded on the Flop
Seat 2: Chessnok (button) (small blind) collected ($11.76)


PokerStars Hand #149037786086:  Hold'em Limit ($3/$6 USD) - 2016/02/18 18:50:31 ET
Table 'Hippasos' 6-max Seat #1 is the button
Seat 1: Jeelsy ($144.10 in chips)
Seat 2: Chessnok ($65.76 in chips)
Jeelsy: posts small blind $1
Chessnok: posts big blind $3
*** HOLE CARDS ***
Jeelsy: raises $3 to $6
Chessnok: calls $3
*** FLOP *** [4c 2d Js]
Chessnok: checks
Jeelsy: bets $3
Chessnok: calls $3
*** TURN *** [4c 2d Js] [Td]
Chessnok: checks
Jeelsy: bets $6
Chessnok: calls $6
*** RIVER *** [4c 2d Js Td] [6h]
Chessnok: checks
Jeelsy: checks
*** SHOW DOWN ***
Chessnok: shows [9h Kh] (high card King)
Jeelsy: shows [Kc 2h] (a pair of Deuces)
Jeelsy collected $29.50 from pot
*** SUMMARY ***
Total pot $30 | Rake $0.50
Board [4c 2d Js Td 6h]
Seat 1: Jeelsy (button) (small blind) showed [Kc 2h] and won ($29.50) with a pair of Deuces
Seat 2: Chessnok (big blind) showed [9h Kh] and lost with high card King


PokerStars Hand #149037804369:  Hold'em Limit ($3/$6 USD) - 2016/02/18 18:50:56 ET
Table 'Hippasos' 6-max Seat #2 is the button
Seat 1: Jeelsy ($158.60 in chips)
Seat 2: Chessnok ($60 in chips)
Chessnok: posts small blind $1
Jeelsy: posts big blind $3
*** HOLE CARDS ***
Chessnok: raises $3 to $6
Jeelsy: calls $3
*** FLOP *** [8s 6c Qs]
Deda968 joins the table at seat #4
Jeelsy: checks
Chessnok: bets $3
Jeelsy: calls $3
*** TURN *** [8s 6c Qs] [9h]
Jeelsy: checks
Chessnok: checks
*** RIVER *** [8s 6c Qs 9h] [2c]
Jeelsy: bets $6
Chessnok: calls $6
*** SHOW DOWN ***
Jeelsy: shows [Qh 7d] (a pair of Queens)
Chessnok: mucks hand
Jeelsy collected $29.50 from pot
*** SUMMARY ***
Total pot $30 | Rake $0.50
Board [8s 6c Qs 9h 2c]
Seat 1: Jeelsy (big blind) showed [Qh 7d] and won ($29.50) with a pair of Queens
Seat 2: Chessnok (button) (small blind) mucked


