PokerStars Hand #144691475071:  Hold'em Limit ($3/$6 USD) - 2015/12/01 21:10:14 ET
Table 'Hippo' 6-max Seat #1 is the button
Seat 1: jkbergu ($82.95 in chips)
Seat 4: AzureCaper ($94.50 in chips)
jkbergu: posts small blind $1
AzureCaper: posts big blind $3
*** HOLE CARDS ***
jkbergu: folds
Uncalled bet ($2) returned to AzureCaper
AzureCaper collected $2 from pot
AzureCaper: doesn't show hand
*** SUMMARY ***
Total pot $2 | Rake $0
Seat 1: jkbergu (button) (small blind) folded before Flop
Seat 4: AzureCaper (big blind) collected ($2)


PokerStars Hand #144691473200:  Hold'em Limit ($3/$6 USD) - 2015/12/01 21:10:10 ET
Table 'Hippo' 6-max Seat #4 is the button
Seat 1: jkbergu ($81.95 in chips)
Seat 4: AzureCaper ($95.50 in chips)
AzureCaper: posts small blind $1
jkbergu: posts big blind $3
*** HOLE CARDS ***
AzureCaper: folds
Uncalled bet ($2) returned to jkbergu
jkbergu collected $2 from pot
*** SUMMARY ***
Total pot $2 | Rake $0
Seat 1: jkbergu (big blind) collected ($2)
Seat 4: AzureCaper (button) (small blind) folded before Flop


PokerStars Hand #144691464653:  Hold'em Limit ($3/$6 USD) - 2015/12/01 21:09:51 ET
Table 'Hippo' 6-max Seat #1 is the button
Seat 1: jkbergu ($105.95 in chips)
Seat 4: AzureCaper ($72 in chips)
jkbergu: posts small blind $1
AzureCaper: posts big blind $3
*** HOLE CARDS ***
jkbergu: raises $3 to $6
AzureCaper: raises $3 to $9
jkbergu: calls $3
*** FLOP *** [6d 2d Th]
AzureCaper: bets $3
jkbergu: calls $3
*** TURN *** [6d 2d Th] [5d]
AzureCaper: bets $6
jkbergu: calls $6
*** RIVER *** [6d 2d Th 5d] [3h]
AzureCaper: bets $6
GoliafUa joins the table at seat #2
jkbergu: calls $6
*** SHOW DOWN ***
AzureCaper: shows [As Ts] (a pair of Tens)
jkbergu: mucks hand
AzureCaper collected $47.50 from pot
*** SUMMARY ***
Total pot $48 | Rake $0.50
Board [6d 2d Th 5d 3h]
Seat 1: jkbergu (button) (small blind) mucked
Seat 4: AzureCaper (big blind) showed [As Ts] and won ($47.50) with a pair of Tens


PokerStars Hand #144691492778:  Hold'em Limit ($3/$6 USD) - 2015/12/01 21:10:53 ET
Table 'Hippo' 6-max Seat #4 is the button
Seat 1: jkbergu ($96.45 in chips)
Seat 4: AzureCaper ($80.26 in chips)
AzureCaper: posts small blind $1
jkbergu: posts big blind $3
*** HOLE CARDS ***
AzureCaper: raises $3 to $6
jkbergu: raises $3 to $9
AzureCaper: raises $3 to $12
Betting is capped
jkbergu: calls $3
*** FLOP *** [9h 7s 2h]
jkbergu: checks
AzureCaper: bets $3
jkbergu: calls $3
*** TURN *** [9h 7s 2h] [5h]
jkbergu: checks
AzureCaper: bets $6
jkbergu: raises $6 to $12
AzureCaper: calls $6
*** RIVER *** [9h 7s 2h 5h] [Ad]
jkbergu: bets $6
AzureCaper: calls $6
*** SHOW DOWN ***
jkbergu: shows [Ah Jh] (a flush, Ace high)
AzureCaper: mucks hand
jkbergu collected $65.50 from pot
*** SUMMARY ***
Total pot $66 | Rake $0.50
Board [9h 7s 2h 5h Ad]
Seat 1: jkbergu (big blind) showed [Ah Jh] and won ($65.50) with a flush, Ace high
Seat 4: AzureCaper (button) (small blind) mucked


PokerStars Hand #144691484399:  Hold'em Limit ($3/$6 USD) - 2015/12/01 21:10:35 ET
Table 'Hippo' 6-max Seat #1 is the button
Seat 1: jkbergu ($75.95 in chips)
Seat 4: AzureCaper ($101.26 in chips)
jkbergu: posts small blind $1
AzureCaper: posts big blind $3
*** HOLE CARDS ***
jkbergu: calls $2
jreilly joins the table at seat #3
AzureCaper: raises $3 to $6
jkbergu: calls $3
*** FLOP *** [6s Qc 5s]
AzureCaper: bets $3
jkbergu: calls $3
*** TURN *** [6s Qc 5s] [Qh]
AzureCaper: checks
jkbergu: bets $6
AzureCaper: calls $6
*** RIVER *** [6s Qc 5s Qh] [9s]
AzureCaper: checks
jkbergu: bets $6
AzureCaper: calls $6
*** SHOW DOWN ***
jkbergu: shows [Qd 7c] (three of a kind, Queens)
AzureCaper: mucks hand
jkbergu collected $41.50 from pot
*** SUMMARY ***
Total pot $42 | Rake $0.50
Board [6s Qc 5s Qh 9s]
Seat 1: jkbergu (button) (small blind) showed [Qd 7c] and won ($41.50) with three of a kind, Queens
Seat 4: AzureCaper (big blind) mucked


PokerStars Hand #144691479077:  Hold'em Limit ($3/$6 USD) - 2015/12/01 21:10:23 ET
Table 'Hippo' 6-max Seat #4 is the button
Seat 1: jkbergu ($81.95 in chips)
Seat 4: AzureCaper ($95.50 in chips)
AzureCaper: posts small blind $1
jkbergu: posts big blind $3
*** HOLE CARDS ***
AzureCaper: raises $3 to $6
jkbergu: calls $3
*** FLOP *** [3h Jh Kc]
jkbergu: checks
AzureCaper: bets $3
jkbergu: folds
Uncalled bet ($3) returned to AzureCaper
AzureCaper collected $11.76 from pot
AzureCaper: doesn't show hand
*** SUMMARY ***
Total pot $12 | Rake $0.24
Board [3h Jh Kc]
Seat 1: jkbergu (big blind) folded on the Flop
Seat 4: AzureCaper (button) (small blind) collected ($11.76)


PokerStars Hand #144697379426:  Hold'em Limit ($3/$6 USD) - 2015/12/02 2:44:30 ET
Table 'Hippo' 6-max Seat #3 is the button
Seat 3: tommyan ($176.13 in chips)
Seat 4: Donald ($109.69 in chips)
tommyan: posts small blind $1
Donald: posts big blind $3
*** HOLE CARDS ***
tommyan: raises $3 to $6
Donald: calls $3
*** FLOP *** [Kh Tc 7c]
Donald: checks
tommyan: bets $3
Donald: calls $3
*** TURN *** [Kh Tc 7c] [As]
Donald: checks
tommyan: checks
*** RIVER *** [Kh Tc 7c As] [Kc]
Donald: checks
tommyan: checks
*** SHOW DOWN ***
Donald: shows [Th 8s] (two pair, Kings and Tens)
tommyan: mucks hand
Donald collected $17.64 from pot
*** SUMMARY ***
Total pot $18 | Rake $0.36
Board [Kh Tc 7c As Kc]
Seat 3: tommyan (button) (small blind) mucked
Seat 4: Donald (big blind) showed [Th 8s] and won ($17.64) with two pair, Kings and Tens


PokerStars Hand #144697377998:  Hold'em Limit ($3/$6 USD) - 2015/12/02 2:44:25 ET
Table 'Hippo' 6-max Seat #4 is the button
Seat 3: tommyan ($175.13 in chips)
Seat 4: Donald ($110.69 in chips)
Donald: posts small blind $1
tommyan: posts big blind $3
*** HOLE CARDS ***
Donald: folds
Uncalled bet ($2) returned to tommyan
tommyan collected $2 from pot
tommyan: doesn't show hand
*** SUMMARY ***
Total pot $2 | Rake $0
Seat 3: tommyan (big blind) collected ($2)
Seat 4: Donald (button) (small blind) folded before Flop


PokerStars Hand #144697376870:  Hold'em Limit ($3/$6 USD) - 2015/12/02 2:44:20 ET
Table 'Hippo' 6-max Seat #3 is the button
Seat 3: tommyan ($176.13 in chips)
Seat 4: Donald ($109.69 in chips)
Teddy-CSIS leaves the table
tommyan: posts small blind $1
Donald: posts big blind $3
*** HOLE CARDS ***
tommyan: folds
Uncalled bet ($2) returned to Donald
Donald collected $2 from pot
Donald: doesn't show hand
*** SUMMARY ***
Total pot $2 | Rake $0
Seat 3: tommyan (button) (small blind) folded before Flop
Seat 4: Donald (big blind) collected ($2)


PokerStars Hand #144697373675:  Hold'em Limit ($3/$6 USD) - 2015/12/02 2:44:09 ET
Table 'Hippo' 6-max Seat #4 is the button
Seat 3: tommyan ($182.13 in chips)
Seat 4: Donald ($103.93 in chips)
Donald: posts small blind $1
tommyan: posts big blind $3
*** HOLE CARDS ***
Donald: raises $3 to $6
tommyan: calls $3
*** FLOP *** [Kh 9h Ac]
tommyan: checks
Donald: bets $3
tommyan: folds
Uncalled bet ($3) returned to Donald
Donald collected $11.76 from pot
Donald: doesn't show hand
*** SUMMARY ***
Total pot $12 | Rake $0.24
Board [Kh 9h Ac]
Seat 3: tommyan (big blind) folded on the Flop
Seat 4: Donald (button) (small blind) collected ($11.76)


PokerStars Hand #144697388907:  Hold'em Limit ($3/$6 USD) - 2015/12/02 2:45:04 ET
Table 'Hippo' 6-max Seat #3 is the button
Seat 3: tommyan ($146.13 in chips)
Seat 4: Donald ($138.83 in chips)
tommyan: posts small blind $1
Donald: posts big blind $3
*** HOLE CARDS ***
tommyan: raises $3 to $6
Donald: raises $3 to $9
tommyan: calls $3
*** FLOP *** [8h Ks 3d]
Donald: bets $3
tommyan: calls $3
*** TURN *** [8h Ks 3d] [5h]
Donald: bets $6
tommyan: raises $6 to $12
Donald: calls $6
*** RIVER *** [8h Ks 3d 5h] [4d]
Donald: checks
tommyan: checks
*** SHOW DOWN ***
Donald: shows [Qd Kc] (a pair of Kings)
tommyan: mucks hand
Donald collected $47.50 from pot
*** SUMMARY ***
Total pot $48 | Rake $0.50
Board [8h Ks 3d 5h 4d]
Seat 3: tommyan (button) (small blind) mucked
Seat 4: Donald (big blind) showed [Qd Kc] and won ($47.50) with a pair of Kings


PokerStars Hand #144697384236:  Hold'em Limit ($3/$6 USD) - 2015/12/02 2:44:47 ET
Table 'Hippo' 6-max Seat #4 is the button
Seat 3: tommyan ($167.13 in chips)
Seat 4: Donald ($118.33 in chips)
Donald: posts small blind $1
tommyan: posts big blind $3
*** HOLE CARDS ***
Donald: raises $3 to $6
tommyan: calls $3
*** FLOP *** [6h Jc Qd]
tommyan: checks
Donald: bets $3
tommyan: calls $3
*** TURN *** [6h Jc Qd] [7d]
tommyan: checks
Donald: bets $6
tommyan: calls $6
*** RIVER *** [6h Jc Qd 7d] [Jh]
tommyan: checks
Donald: bets $6
tommyan: calls $6
*** SHOW DOWN ***
Donald: shows [9c 7c] (two pair, Jacks and Sevens)
tommyan: mucks hand
Donald collected $41.50 from pot
*** SUMMARY ***
Total pot $42 | Rake $0.50
Board [6h Jc Qd 7d Jh]
Seat 3: tommyan (big blind) mucked
Seat 4: Donald (button) (small blind) showed [9c 7c] and won ($41.50) with two pair, Jacks and Sevens


PokerStars Hand #144697399870:  Hold'em Limit ($3/$6 USD) - 2015/12/02 2:45:43 ET
Table 'Hippo' 6-max Seat #4 is the button
Seat 3: tommyan ($112.13 in chips)
Seat 4: Donald ($171.97 in chips)
Donald: posts small blind $1
tommyan: posts big blind $3
*** HOLE CARDS ***
Donald: folds
Uncalled bet ($2) returned to tommyan
tommyan collected $2 from pot
tommyan: doesn't show hand
*** SUMMARY ***
Total pot $2 | Rake $0
Seat 3: tommyan (big blind) collected ($2)
Seat 4: Donald (button) (small blind) folded before Flop


PokerStars Hand #144697398456:  Hold'em Limit ($3/$6 USD) - 2015/12/02 2:45:38 ET
Table 'Hippo' 6-max Seat #3 is the button
Seat 3: tommyan ($113.13 in chips)
Seat 4: Donald ($170.97 in chips)
tommyan: posts small blind $1
Donald: posts big blind $3
*** HOLE CARDS ***
tommyan: folds
Uncalled bet ($2) returned to Donald
Donald collected $2 from pot
Donald: doesn't show hand
*** SUMMARY ***
Total pot $2 | Rake $0
Seat 3: tommyan (button) (small blind) folded before Flop
Seat 4: Donald (big blind) collected ($2)


PokerStars Hand #144697394085:  Hold'em Limit ($3/$6 USD) - 2015/12/02 2:45:22 ET
Table 'Hippo' 6-max Seat #4 is the button
Seat 3: tommyan ($122.13 in chips)
Seat 4: Donald ($162.33 in chips)
Donald: posts small blind $1
tommyan: posts big blind $3
*** HOLE CARDS ***
Donald: raises $3 to $6
tommyan: calls $3
*** FLOP *** [Js 8s 4c]
tommyan: checks
Donald: bets $3
tommyan: calls $3
*** TURN *** [Js 8s 4c] [8d]
tommyan: checks
Donald: bets $6
tommyan: folds
Uncalled bet ($6) returned to Donald
Donald collected $17.64 from pot
Donald: doesn't show hand
*** SUMMARY ***
Total pot $18 | Rake $0.36
Board [Js 8s 4c 8d]
Seat 3: tommyan (big blind) folded on the Turn
Seat 4: Donald (button) (small blind) collected ($17.64)


PokerStars Hand #144697401215:  Hold'em Limit ($3/$6 USD) - 2015/12/02 2:45:48 ET
Table 'Hippo' 6-max Seat #3 is the button
Seat 3: tommyan ($113.13 in chips)
Seat 4: Donald ($170.97 in chips)
tommyan: posts small blind $1
B_loJkl joins the table at seat #5
Donald: posts big blind $3
*** HOLE CARDS ***
tommyan: raises $3 to $6
Donald: calls $3
*** FLOP *** [Jd Ad 3d]
Donald: checks
tommyan: bets $3
Donald: folds
Uncalled bet ($3) returned to tommyan
tommyan collected $11.76 from pot
tommyan: doesn't show hand
*** SUMMARY ***
Total pot $12 | Rake $0.24
Board [Jd Ad 3d]
Seat 3: tommyan (button) (small blind) collected ($11.76)
Seat 4: Donald (big blind) folded on the Flop


PokerStars Hand #144700865198:  Hold'em Limit ($3/$6 USD) - 2015/12/02 5:35:01 ET
Table 'Hippo' 6-max Seat #6 is the button
Seat 4: siliciom ($72 in chips)
Seat 6: mycka86 ($243.94 in chips)
mycka86: posts small blind $1
SashaYuvelir: is sitting out
siliciom: posts big blind $3
*** HOLE CARDS ***
mycka86: raises $3 to $6
SashaYuvelir leaves the table
siliciom: calls $3
*** FLOP *** [2h 3c 8s]
siliciom: checks
mycka86: bets $3
siliciom: raises $3 to $6
mycka86: folds
Uncalled bet ($3) returned to siliciom
siliciom collected $17.64 from pot
siliciom: doesn't show hand
*** SUMMARY ***
Total pot $18 | Rake $0.36
Board [2h 3c 8s]
Seat 4: siliciom (big blind) collected ($17.64)
Seat 6: mycka86 (button) (small blind) folded on the Flop


PokerStars Hand #144700875365:  Hold'em Limit ($3/$6 USD) - 2015/12/02 5:35:23 ET
Table 'Hippo' 6-max Seat #4 is the button
Seat 4: siliciom ($80.64 in chips)
Seat 6: mycka86 ($234.94 in chips)
siliciom: posts small blind $1
mycka86: posts big blind $3
*** HOLE CARDS ***
siliciom: raises $3 to $6
mycka86: calls $3
*** FLOP *** [7s Js 2d]
mycka86: checks
siliciom: bets $3
B_loJkl leaves the table
mycka86: folds
Uncalled bet ($3) returned to siliciom
siliciom collected $11.76 from pot
siliciom: doesn't show hand
*** SUMMARY ***
Total pot $12 | Rake $0.24
Board [7s Js 2d]
Seat 4: siliciom (button) (small blind) collected ($11.76)
Seat 6: mycka86 (big blind) folded on the Flop


PokerStars Hand #144700883684:  Hold'em Limit ($3/$6 USD) - 2015/12/02 5:35:42 ET
Table 'Hippo' 6-max Seat #6 is the button
Seat 4: siliciom ($86.40 in chips)
Seat 6: mycka86 ($228.94 in chips)
mycka86: posts small blind $1
siliciom: posts big blind $3
*** HOLE CARDS ***
mycka86: raises $3 to $6
siliciom: calls $3
*** FLOP *** [Ac 9h Ks]
siliciom: checks
mycka86: checks
*** TURN *** [Ac 9h Ks] [7h]
siliciom: checks
mycka86: checks
*** RIVER *** [Ac 9h Ks 7h] [Kc]
siliciom: checks
mycka86: checks
*** SHOW DOWN ***
siliciom: shows [4h 5d] (a pair of Kings)
mycka86: shows [7d 8d] (two pair, Kings and Sevens)
mycka86 collected $11.76 from pot
*** SUMMARY ***
Total pot $12 | Rake $0.24
Board [Ac 9h Ks 7h Kc]
Seat 4: siliciom (big blind) showed [4h 5d] and lost with a pair of Kings
Seat 6: mycka86 (button) (small blind) showed [7d 8d] and won ($11.76) with two pair, Kings and Sevens


