PokerStars Hand #171127531553:  Hold'em Limit ($3/$6 USD) - 2017/05/30 16:08:15 ET
Table 'Hirayama' 10-max Seat #1 is the button
Seat 1: LifeisagameX ($84 in chips)
Seat 2: ChicagoBull4 ($138 in chips)
LifeisagameX: posts small blind $1
ChicagoBull4: posts big blind $3
*** HOLE CARDS ***
LifeisagameX: raises $3 to $6
ChicagoBull4: calls $3
*** FLOP *** [6c Tc 3h]
ChicagoBull4: checks
LifeisagameX: bets $3
ChicagoBull4: calls $3
*** TURN *** [6c Tc 3h] [4d]
ChicagoBull4: checks
LifeisagameX: checks
*** RIVER *** [6c Tc 3h 4d] [Td]
ChicagoBull4: checks
LifeisagameX: checks
*** SHOW DOWN ***
ChicagoBull4: shows [7d Jd] (a pair of Tens)
LifeisagameX: shows [Js Qs] (a pair of Tens - Queen kicker)
LifeisagameX collected $17.64 from pot
*** SUMMARY ***
Total pot $18 | Rake $0.36
Board [6c Tc 3h 4d Td]
Seat 1: LifeisagameX (button) (small blind) showed [Js Qs] and won ($17.64) with a pair of Tens
Seat 2: ChicagoBull4 (big blind) showed [7d Jd] and lost with a pair of Tens


PokerStars Hand #171127587818:  Hold'em Limit ($3/$6 USD) - 2017/05/30 16:09:21 ET
Table 'Hirayama' 10-max Seat #2 is the button
Seat 1: LifeisagameX ($92.64 in chips)
Seat 2: ChicagoBull4 ($129 in chips)
ChicagoBull4: posts small blind $1
LifeisagameX: posts big blind $3
*** HOLE CARDS ***
ChicagoBull4: folds
Uncalled bet ($2) returned to LifeisagameX
LifeisagameX collected $2 from pot
LifeisagameX: doesn't show hand
*** SUMMARY ***
Total pot $2 | Rake $0
Seat 1: LifeisagameX (big blind) collected ($2)
Seat 2: ChicagoBull4 (button) (small blind) folded before Flop


PokerStars Hand #171127599300:  Hold'em Limit ($3/$6 USD) - 2017/05/30 16:09:35 ET
Table 'Hirayama' 10-max Seat #1 is the button
Seat 1: LifeisagameX ($93.64 in chips)
Seat 2: ChicagoBull4 ($128 in chips)
LifeisagameX: posts small blind $1
ChicagoBull4: posts big blind $3
*** HOLE CARDS ***
LifeisagameX: raises $3 to $6
ChicagoBull4: calls $3
*** FLOP *** [8s 8h Td]
ChicagoBull4: checks
LifeisagameX: bets $3
ChicagoBull4: calls $3
*** TURN *** [8s 8h Td] [4s]
ChicagoBull4: checks
LifeisagameX: bets $6
ChicagoBull4: calls $6
*** RIVER *** [8s 8h Td 4s] [6d]
ChicagoBull4: checks
LifeisagameX: checks
*** SHOW DOWN ***
ChicagoBull4: shows [Ah 2h] (a pair of Eights)
LifeisagameX: shows [Ac 9c] (a pair of Eights - Ace+Ten+Nine kicker)
LifeisagameX collected $29.50 from pot
*** SUMMARY ***
Total pot $30 | Rake $0.50
Board [8s 8h Td 4s 6d]
Seat 1: LifeisagameX (button) (small blind) showed [Ac 9c] and won ($29.50) with a pair of Eights
Seat 2: ChicagoBull4 (big blind) showed [Ah 2h] and lost with a pair of Eights


