PokerStars Hand #159785220995:  Hold'em Limit ($3/$6 USD) - 2016/10/11 11:24:55 ET
Table 'Hirose' 10-max Seat #1 is the button
Seat 1: deepres ($78 in chips)
Seat 6: BuzovaPro ($72 in chips)
deepres: posts small blind $1
BuzovaPro: posts big blind $3
*** HOLE CARDS ***
kolaz03 joins the table at seat #2
deepres: calls $2
BuzovaPro: raises $3 to $6
deepres: folds
Uncalled bet ($3) returned to BuzovaPro
BuzovaPro collected $6 from pot
BuzovaPro: doesn't show hand
*** SUMMARY ***
Total pot $6 | Rake $0
Seat 1: deepres (button) (small blind) folded before Flop
Seat 6: BuzovaPro (big blind) collected ($6)


PokerStars Hand #159785243568:  Hold'em Limit ($3/$6 USD) - 2016/10/11 11:25:29 ET
Table 'Hirose' 10-max Seat #6 is the button
Seat 1: deepres ($75 in chips)
Seat 6: BuzovaPro ($75 in chips)
BuzovaPro: posts small blind $1
deepres: posts big blind $3
*** HOLE CARDS ***
BuzovaPro: raises $3 to $6
deepres: calls $3
*** FLOP *** [2h 8h 3d]
Psynto joins the table at seat #3
deepres: checks
BuzovaPro: bets $3
deepres: calls $3
*** TURN *** [2h 8h 3d] [9s]
deepres: checks
BuzovaPro: bets $6
deepres: calls $6
*** RIVER *** [2h 8h 3d 9s] [3c]
deepres: checks
BuzovaPro: bets $6
deepres: calls $6
*** SHOW DOWN ***
BuzovaPro: shows [6h Kd] (a pair of Threes)
deepres: shows [4d As] (a pair of Threes - Ace kicker)
deepres collected $41.50 from pot
*** SUMMARY ***
Total pot $42 | Rake $0.50
Board [2h 8h 3d 9s 3c]
Seat 1: deepres (big blind) showed [4d As] and won ($41.50) with a pair of Threes
Seat 6: BuzovaPro (button) (small blind) showed [6h Kd] and lost with a pair of Threes


PokerStars Hand #159785387582:  Hold'em Limit ($3/$6 USD) - 2016/10/11 11:29:06 ET
Table 'Hirose' 10-max Seat #1 is the button
Seat 1: deepres ($120 in chips)
Seat 2: kolaz03 ($72 in chips)
deepres: posts small blind $1
kolaz03: posts big blind $3
*** HOLE CARDS ***
deepres: raises $3 to $6
kolaz03: calls $3
*** FLOP *** [7d 9d Ah]
kolaz03: checks
deepres: checks
*** TURN *** [7d 9d Ah] [5h]
kolaz03: checks
deepres: checks
*** RIVER *** [7d 9d Ah 5h] [8s]
kolaz03: checks
deepres: checks
*** SHOW DOWN ***
kolaz03: shows [Qh Jd] (high card Ace)
deepres: shows [Qs 7c] (a pair of Sevens)
deepres collected $11.76 from pot
*** SUMMARY ***
Total pot $12 | Rake $0.24
Board [7d 9d Ah 5h 8s]
Seat 1: deepres (button) (small blind) showed [Qs 7c] and won ($11.76) with a pair of Sevens
Seat 2: kolaz03 (big blind) showed [Qh Jd] and lost with high card Ace


PokerStars Hand #159785435584:  Hold'em Limit ($3/$6 USD) - 2016/10/11 11:30:18 ET
Table 'Hirose' 10-max Seat #2 is the button
Seat 1: deepres ($125.76 in chips)
Seat 2: kolaz03 ($72 in chips)
kolaz03: posts small blind $1
deepres: posts big blind $3
*** HOLE CARDS ***
kolaz03: raises $3 to $6
deepres: raises $3 to $9
kolaz03: calls $3
*** FLOP *** [Js 9d 4h]
deepres: bets $3
kolaz03: calls $3
*** TURN *** [Js 9d 4h] [4s]
deepres: bets $6
kolaz03: calls $6
*** RIVER *** [Js 9d 4h 4s] [Qh]
deepres: bets $6
kolaz03: folds
Uncalled bet ($6) returned to deepres
deepres collected $35.50 from pot
deepres: doesn't show hand
*** SUMMARY ***
Total pot $36 | Rake $0.50
Board [Js 9d 4h 4s Qh]
Seat 1: deepres (big blind) collected ($35.50)
Seat 2: kolaz03 (button) (small blind) folded on the River


PokerStars Hand #159786658086:  Hold'em Limit ($3/$6 USD) - 2016/10/11 12:01:16 ET
Table 'Hirose' 10-max Seat #5 is the button
Seat 4: TinaTurner72 ($122.50 in chips)
Seat 5: xcgxcg2005 ($115.68 in chips)
xcgxcg2005: posts small blind $1
TinaTurner72: posts big blind $3
*** HOLE CARDS ***
xcgxcg2005: raises $3 to $6
TinaTurner72: calls $3
*** FLOP *** [As 2h 8c]
TinaTurner72: checks
xcgxcg2005: bets $3
TinaTurner72: calls $3
*** TURN *** [As 2h 8c] [5c]
TinaTurner72: checks
xcgxcg2005: bets $6
TinaTurner72: calls $6
*** RIVER *** [As 2h 8c 5c] [Js]
TinaTurner72: checks
xcgxcg2005: bets $6
TinaTurner72: calls $6
*** SHOW DOWN ***
xcgxcg2005: shows [Ad 4d] (a pair of Aces)
TinaTurner72: mucks hand
xcgxcg2005 collected $41.50 from pot
*** SUMMARY ***
Total pot $42 | Rake $0.50
Board [As 2h 8c 5c Js]
Seat 4: TinaTurner72 (big blind) mucked
Seat 5: xcgxcg2005 (button) (small blind) showed [Ad 4d] and won ($41.50) with a pair of Aces


PokerStars Hand #159786696520:  Hold'em Limit ($3/$6 USD) - 2016/10/11 12:02:12 ET
Table 'Hirose' 10-max Seat #4 is the button
Seat 4: TinaTurner72 ($101.50 in chips)
Seat 5: xcgxcg2005 ($136.18 in chips)
TinaTurner72: posts small blind $1
xcgxcg2005: posts big blind $3
*** HOLE CARDS ***
TinaTurner72: raises $3 to $6
xcgxcg2005: calls $3
*** FLOP *** [4d 7h 6c]
xcgxcg2005: checks
TinaTurner72: checks
*** TURN *** [4d 7h 6c] [Qc]
xcgxcg2005: checks
TinaTurner72: bets $6
xcgxcg2005: calls $6
*** RIVER *** [4d 7h 6c Qc] [Kc]
xcgxcg2005: bets $6
TinaTurner72: calls $6
*** SHOW DOWN ***
xcgxcg2005: shows [Kd 2s] (a pair of Kings)
TinaTurner72: mucks hand
xcgxcg2005 collected $35.50 from pot
*** SUMMARY ***
Total pot $36 | Rake $0.50
Board [4d 7h 6c Qc Kc]
Seat 4: TinaTurner72 (button) (small blind) mucked
Seat 5: xcgxcg2005 (big blind) showed [Kd 2s] and won ($35.50) with a pair of Kings


