PokerStars Hand #163558194440:  Hold'em Limit ($3/$6 USD) - 2016/12/26 13:24:08 ET
Table 'Hirons II' 6-max Seat #3 is the button
Seat 3: lalokis21 ($57.90 in chips)
Seat 6: rodas354 ($52.99 in chips)
lalokis21: posts small blind $1
rodas354: posts big blind $3
*** HOLE CARDS ***
lalokis21: calls $2
rodas354: raises $3 to $6
lalokis21: calls $3
*** FLOP *** [7c Ac Qs]
rodas354: bets $3
lalokis21: calls $3
*** TURN *** [7c Ac Qs] [Kc]
rodas354: bets $6
lalokis21: calls $6
*** RIVER *** [7c Ac Qs Kc] [6s]
rodas354: checks
lalokis21: checks
*** SHOW DOWN ***
rodas354: shows [2s Ad] (a pair of Aces)
lalokis21: shows [7d As] (two pair, Aces and Sevens)
lalokis21 collected $29.50 from pot
*** SUMMARY ***
Total pot $30 | Rake $0.50
Board [7c Ac Qs Kc 6s]
Seat 3: lalokis21 (button) (small blind) showed [7d As] and won ($29.50) with two pair, Aces and Sevens
Seat 6: rodas354 (big blind) showed [2s Ad] and lost with a pair of Aces


PokerStars Hand #163558208025:  Hold'em Limit ($3/$6 USD) - 2016/12/26 13:24:21 ET
Table 'Hirons II' 6-max Seat #6 is the button
Seat 3: lalokis21 ($72.40 in chips)
Seat 6: rodas354 ($37.99 in chips)
rodas354: posts small blind $1
lalokis21: posts big blind $3
*** HOLE CARDS ***
rodas354: raises $3 to $6
lalokis21: calls $3
*** FLOP *** [2h Ah 2s]
lalokis21: checks
rodas354: bets $3
lalokis21: calls $3
*** TURN *** [2h Ah 2s] [2c]
lalokis21: checks
rodas354: bets $6
lalokis21: calls $6
*** RIVER *** [2h Ah 2s 2c] [6h]
lalokis21: checks
rodas354: bets $6
lalokis21: folds
Uncalled bet ($6) returned to rodas354
rodas354 collected $29.50 from pot
rodas354: doesn't show hand
*** SUMMARY ***
Total pot $30 | Rake $0.50
Board [2h Ah 2s 2c 6h]
Seat 3: lalokis21 (big blind) folded on the River
Seat 6: rodas354 (button) (small blind) collected ($29.50)


PokerStars Hand #163558226628:  Hold'em Limit ($3/$6 USD) - 2016/12/26 13:24:38 ET
Table 'Hirons II' 6-max Seat #3 is the button
Seat 3: lalokis21 ($57.40 in chips)
Seat 6: rodas354 ($52.49 in chips)
lalokis21: posts small blind $1
rodas354: posts big blind $3
*** HOLE CARDS ***
lalokis21: calls $2
rodas354: raises $3 to $6
lalokis21: calls $3
*** FLOP *** [Jh 5s As]
rodas354: bets $3
lalokis21: calls $3
*** TURN *** [Jh 5s As] [Th]
rodas354: bets $6
lalokis21: calls $6
*** RIVER *** [Jh 5s As Th] [5d]
rodas354: bets $6
lalokis21: folds
Uncalled bet ($6) returned to rodas354
rodas354 collected $29.50 from pot
rodas354: doesn't show hand
*** SUMMARY ***
Total pot $30 | Rake $0.50
Board [Jh 5s As Th 5d]
Seat 3: lalokis21 (button) (small blind) folded on the River
Seat 6: rodas354 (big blind) collected ($29.50)


PokerStars Hand #163558259835:  Hold'em Limit ($3/$6 USD) - 2016/12/26 13:25:10 ET
Table 'Hirons II' 6-max Seat #3 is the button
Seat 3: lalokis21 ($59.90 in chips)
Seat 6: rodas354 ($48.99 in chips)
lalokis21: posts small blind $1
rodas354: posts big blind $3
*** HOLE CARDS ***
lalokis21: calls $2
rodas354: raises $3 to $6
lalokis21: calls $3
*** FLOP *** [Kd 4h 5d]
rodas354: bets $3
lalokis21: calls $3
*** TURN *** [Kd 4h 5d] [3h]
rodas354: bets $6
lalokis21: calls $6
*** RIVER *** [Kd 4h 5d 3h] [Kh]
rodas354: bets $6
lalokis21: calls $6
*** SHOW DOWN ***
rodas354: shows [2d Jh] (a pair of Kings)
lalokis21: shows [8h Js] (a pair of Kings - Jack+Eight kicker)
lalokis21 collected $41.50 from pot
*** SUMMARY ***
Total pot $42 | Rake $0.50
Board [Kd 4h 5d 3h Kh]
Seat 3: lalokis21 (button) (small blind) showed [8h Js] and won ($41.50) with a pair of Kings
Seat 6: rodas354 (big blind) showed [2d Jh] and lost with a pair of Kings


PokerStars Hand #163558279715:  Hold'em Limit ($3/$6 USD) - 2016/12/26 13:25:29 ET
Table 'Hirons II' 6-max Seat #6 is the button
Seat 3: lalokis21 ($80.40 in chips)
Seat 6: rodas354 ($27.99 in chips)
rodas354: posts small blind $1
lalokis21: posts big blind $3
*** HOLE CARDS ***
rodas354: raises $3 to $6
lalokis21: calls $3
*** FLOP *** [9c 6h 7s]
lalokis21: checks
rodas354: bets $3
lalokis21: folds
Uncalled bet ($3) returned to rodas354
rodas354 collected $11.76 from pot
rodas354: doesn't show hand
*** SUMMARY ***
Total pot $12 | Rake $0.24
Board [9c 6h 7s]
Seat 3: lalokis21 (big blind) folded on the Flop
Seat 6: rodas354 (button) (small blind) collected ($11.76)


PokerStars Hand #163558290103:  Hold'em Limit ($3/$6 USD) - 2016/12/26 13:25:38 ET
Table 'Hirons II' 6-max Seat #3 is the button
Seat 3: lalokis21 ($74.40 in chips)
Seat 6: rodas354 ($33.75 in chips)
lalokis21: posts small blind $1
rodas354: posts big blind $3
*** HOLE CARDS ***
lalokis21: calls $2
rodas354: raises $3 to $6
lalokis21: calls $3
*** FLOP *** [Tc 5h 2d]
rodas354: bets $3
lalokis21: calls $3
*** TURN *** [Tc 5h 2d] [9h]
rodas354: bets $6
lalokis21: calls $6
*** RIVER *** [Tc 5h 2d 9h] [7h]
rodas354: bets $6
lalokis21: folds
Uncalled bet ($6) returned to rodas354
rodas354 collected $29.50 from pot
rodas354: doesn't show hand
*** SUMMARY ***
Total pot $30 | Rake $0.50
Board [Tc 5h 2d 9h 7h]
Seat 3: lalokis21 (button) (small blind) folded on the River
Seat 6: rodas354 (big blind) collected ($29.50)


PokerStars Hand #163558242225:  Hold'em Limit ($3/$6 USD) - 2016/12/26 13:24:54 ET
Table 'Hirons II' 6-max Seat #6 is the button
Seat 3: lalokis21 ($42.40 in chips)
Seat 6: rodas354 ($66.99 in chips)
rodas354: posts small blind $1
lalokis21: posts big blind $3
*** HOLE CARDS ***
rodas354: raises $3 to $6
lalokis21: raises $3 to $9
rodas354: calls $3
*** FLOP *** [9h 9d Ac]
lalokis21: bets $3
rodas354: calls $3
*** TURN *** [9h 9d Ac] [3c]
lalokis21: bets $6
rodas354: calls $6
*** RIVER *** [9h 9d Ac 3c] [6s]
lalokis21: bets $6
rodas354: folds
Uncalled bet ($6) returned to lalokis21
lalokis21 collected $35.50 from pot
lalokis21: doesn't show hand
*** SUMMARY ***
Total pot $36 | Rake $0.50
Board [9h 9d Ac 3c 6s]
Seat 3: lalokis21 (big blind) collected ($35.50)
Seat 6: rodas354 (button) (small blind) folded on the River


PokerStars Hand #163558327612:  Hold'em Limit ($3/$6 USD) - 2016/12/26 13:26:14 ET
Table 'Hirons II' 6-max Seat #3 is the button
Seat 3: lalokis21 ($79.90 in chips)
Seat 6: rodas354 ($27.25 in chips)
lalokis21: posts small blind $1
rodas354: posts big blind $3
*** HOLE CARDS ***
lalokis21: calls $2
rodas354: raises $3 to $6
lalokis21: calls $3
*** FLOP *** [Td 4s Jd]
rodas354: bets $3
lalokis21: calls $3
*** TURN *** [Td 4s Jd] [Ks]
rodas354: bets $6
lalokis21: calls $6
*** RIVER *** [Td 4s Jd Ks] [3h]
rodas354: bets $6
lalokis21: folds
Uncalled bet ($6) returned to rodas354
rodas354 collected $29.50 from pot
rodas354: doesn't show hand
*** SUMMARY ***
Total pot $30 | Rake $0.50
Board [Td 4s Jd Ks 3h]
Seat 3: lalokis21 (button) (small blind) folded on the River
Seat 6: rodas354 (big blind) collected ($29.50)


PokerStars Hand #163558342286:  Hold'em Limit ($3/$6 USD) - 2016/12/26 13:26:28 ET
Table 'Hirons II' 6-max Seat #6 is the button
Seat 3: lalokis21 ($64.90 in chips)
Seat 6: rodas354 ($41.75 in chips)
rodas354: posts small blind $1
lalokis21: posts big blind $3
*** HOLE CARDS ***
rodas354: raises $3 to $6
lalokis21: calls $3
*** FLOP *** [5c Ks 7h]
lalokis21: checks
rodas354: bets $3
lalokis21: calls $3
*** TURN *** [5c Ks 7h] [4d]
lalokis21: checks
rodas354: bets $6
lalokis21: calls $6
*** RIVER *** [5c Ks 7h 4d] [9c]
lalokis21: checks
rodas354: bets $6
lalokis21: folds
Uncalled bet ($6) returned to rodas354
rodas354 collected $29.50 from pot
rodas354: doesn't show hand
*** SUMMARY ***
Total pot $30 | Rake $0.50
Board [5c Ks 7h 4d 9c]
Seat 3: lalokis21 (big blind) folded on the River
Seat 6: rodas354 (button) (small blind) collected ($29.50)


PokerStars Hand #163558359029:  Hold'em Limit ($3/$6 USD) - 2016/12/26 13:26:44 ET
Table 'Hirons II' 6-max Seat #3 is the button
Seat 3: lalokis21 ($49.90 in chips)
Seat 6: rodas354 ($56.25 in chips)
lalokis21: posts small blind $1
rodas354: posts big blind $3
*** HOLE CARDS ***
lalokis21: calls $2
rodas354: raises $3 to $6
lalokis21: calls $3
*** FLOP *** [7c 8c Js]
rodas354: bets $3
lalokis21: calls $3
*** TURN *** [7c 8c Js] [7s]
rodas354: checks
lalokis21: bets $6
rodas354: calls $6
*** RIVER *** [7c 8c Js 7s] [Ac]
rodas354: checks
lalokis21: bets $6
rodas354: folds
Uncalled bet ($6) returned to lalokis21
lalokis21 collected $29.50 from pot
lalokis21: doesn't show hand
*** SUMMARY ***
Total pot $30 | Rake $0.50
Board [7c 8c Js 7s Ac]
Seat 3: lalokis21 (button) (small blind) collected ($29.50)
Seat 6: rodas354 (big blind) folded on the River


PokerStars Hand #163558306108:  Hold'em Limit ($3/$6 USD) - 2016/12/26 13:25:54 ET
Table 'Hirons II' 6-max Seat #6 is the button
Seat 3: lalokis21 ($59.40 in chips)
Seat 6: rodas354 ($48.25 in chips)
rodas354: posts small blind $1
lalokis21: posts big blind $3
*** HOLE CARDS ***
rodas354: raises $3 to $6
lalokis21: calls $3
*** FLOP *** [5c 8c 9d]
lalokis21: checks
rodas354: bets $3
lalokis21: calls $3
*** TURN *** [5c 8c 9d] [Ts]
lalokis21: checks
rodas354: bets $6
lalokis21: calls $6
*** RIVER *** [5c 8c 9d Ts] [Ah]
lalokis21: checks
rodas354: bets $6
lalokis21: calls $6
*** SHOW DOWN ***
rodas354: shows [8d 6c] (a pair of Eights)
lalokis21: shows [Kc Kh] (a pair of Kings)
lalokis21 collected $41.50 from pot
*** SUMMARY ***
Total pot $42 | Rake $0.50
Board [5c 8c 9d Ts Ah]
Seat 3: lalokis21 (big blind) showed [Kc Kh] and won ($41.50) with a pair of Kings
Seat 6: rodas354 (button) (small blind) showed [8d 6c] and lost with a pair of Eights


PokerStars Hand #163558385480:  Hold'em Limit ($3/$6 USD) - 2016/12/26 13:27:09 ET
Table 'Hirons II' 6-max Seat #3 is the button
Seat 3: lalokis21 ($43.40 in chips)
Seat 6: rodas354 ($61.75 in chips)
lalokis21: posts small blind $1
rodas354: posts big blind $3
*** HOLE CARDS ***
lalokis21: raises $3 to $6
rodas354: calls $3
*** FLOP *** [4h 4s 3d]
rodas354: checks
lalokis21: bets $3
rodas354: calls $3
*** TURN *** [4h 4s 3d] [Td]
rodas354: checks
lalokis21: bets $6
rodas354: calls $6
*** RIVER *** [4h 4s 3d Td] [6d]
rodas354: checks
lalokis21: bets $6
rodas354: calls $6
*** SHOW DOWN ***
lalokis21: shows [As 2h] (a pair of Fours)
rodas354: shows [4c 9d] (three of a kind, Fours)
rodas354 collected $41.50 from pot
*** SUMMARY ***
Total pot $42 | Rake $0.50
Board [4h 4s 3d Td 6d]
Seat 3: lalokis21 (button) (small blind) showed [As 2h] and lost with a pair of Fours
Seat 6: rodas354 (big blind) showed [4c 9d] and won ($41.50) with three of a kind, Fours


PokerStars Hand #163558400918:  Hold'em Limit ($3/$6 USD) - 2016/12/26 13:27:24 ET
Table 'Hirons II' 6-max Seat #6 is the button
Seat 3: lalokis21 ($22.40 in chips)
Seat 6: rodas354 ($82.25 in chips)
rodas354: posts small blind $1
lalokis21: posts big blind $3
*** HOLE CARDS ***
rodas354: calls $2
lalokis21: raises $3 to $6
rodas354: calls $3
*** FLOP *** [2s Tc As]
lalokis21: bets $3
rodas354: calls $3
*** TURN *** [2s Tc As] [7d]
lalokis21: bets $6
rodas354: folds
Uncalled bet ($6) returned to lalokis21
lalokis21 collected $17.64 from pot
lalokis21: doesn't show hand
*** SUMMARY ***
Total pot $18 | Rake $0.36
Board [2s Tc As 7d]
Seat 3: lalokis21 (big blind) collected ($17.64)
Seat 6: rodas354 (button) (small blind) folded on the Turn


PokerStars Hand #163558413599:  Hold'em Limit ($3/$6 USD) - 2016/12/26 13:27:36 ET
Table 'Hirons II' 6-max Seat #3 is the button
Seat 3: lalokis21 ($31.04 in chips)
Seat 6: rodas354 ($73.25 in chips)
lalokis21: posts small blind $1
rodas354: posts big blind $3
*** HOLE CARDS ***
lalokis21: raises $3 to $6
rodas354: calls $3
*** FLOP *** [7h 5d 9c]
rodas354: checks
lalokis21: bets $3
rodas354: calls $3
*** TURN *** [7h 5d 9c] [Jc]
rodas354: checks
lalokis21: bets $6
rodas354: calls $6
*** RIVER *** [7h 5d 9c Jc] [4h]
rodas354: checks
lalokis21: bets $6
rodas354: folds
Uncalled bet ($6) returned to lalokis21
lalokis21 collected $29.50 from pot
lalokis21: doesn't show hand
*** SUMMARY ***
Total pot $30 | Rake $0.50
Board [7h 5d 9c Jc 4h]
Seat 3: lalokis21 (button) (small blind) collected ($29.50)
Seat 6: rodas354 (big blind) folded on the River


PokerStars Hand #163558373169:  Hold'em Limit ($3/$6 USD) - 2016/12/26 13:26:58 ET
Table 'Hirons II' 6-max Seat #6 is the button
Seat 3: lalokis21 ($64.40 in chips)
Seat 6: rodas354 ($41.25 in chips)
rodas354: posts small blind $1
lalokis21: posts big blind $3
*** HOLE CARDS ***
rodas354: calls $2
lalokis21: raises $3 to $6
rodas354: calls $3
*** FLOP *** [As 2s 6h]
lalokis21: bets $3
rodas354: calls $3
*** TURN *** [As 2s 6h] [Ts]
lalokis21: bets $6
rodas354: calls $6
*** RIVER *** [As 2s 6h Ts] [4c]
lalokis21: bets $6
rodas354: calls $6
*** SHOW DOWN ***
lalokis21: shows [6d 7d] (a pair of Sixes)
rodas354: shows [Js Ad] (a pair of Aces)
rodas354 collected $41.50 from pot
*** SUMMARY ***
Total pot $42 | Rake $0.50
Board [As 2s 6h Ts 4c]
Seat 3: lalokis21 (big blind) showed [6d 7d] and lost with a pair of Sixes
Seat 6: rodas354 (button) (small blind) showed [Js Ad] and won ($41.50) with a pair of Aces


PokerStars Hand #163558432173:  Hold'em Limit ($3/$6 USD) - 2016/12/26 13:27:54 ET
Table 'Hirons II' 6-max Seat #6 is the button
Seat 3: lalokis21 ($45.54 in chips)
Seat 6: rodas354 ($58.25 in chips)
rodas354: posts small blind $1
lalokis21: posts big blind $3
*** HOLE CARDS ***
rodas354: calls $2
lalokis21: raises $3 to $6
rodas354: calls $3
*** FLOP *** [3c Ac Ts]
lalokis21: bets $3
rodas354: calls $3
*** TURN *** [3c Ac Ts] [Ad]
lalokis21: bets $6
rodas354: calls $6
*** RIVER *** [3c Ac Ts Ad] [6s]
lalokis21: bets $6
rodas354: folds
Uncalled bet ($6) returned to lalokis21
lalokis21 collected $29.50 from pot
lalokis21: doesn't show hand
*** SUMMARY ***
Total pot $30 | Rake $0.50
Board [3c Ac Ts Ad 6s]
Seat 3: lalokis21 (big blind) collected ($29.50)
Seat 6: rodas354 (button) (small blind) folded on the River


PokerStars Hand #163558460828:  Hold'em Limit ($3/$6 USD) - 2016/12/26 13:28:21 ET
Table 'Hirons II' 6-max Seat #6 is the button
Seat 3: lalokis21 ($39.04 in chips)
Seat 6: rodas354 ($63.75 in chips)
rodas354: posts small blind $1
lalokis21: posts big blind $3
*** HOLE CARDS ***
rodas354: calls $2
lalokis21: raises $3 to $6
rodas354: calls $3
*** FLOP *** [6h 9c 4h]
lalokis21: bets $3
rodas354: calls $3
*** TURN *** [6h 9c 4h] [Jd]
lalokis21: bets $6
rodas354: folds
Uncalled bet ($6) returned to lalokis21
lalokis21 collected $17.64 from pot
lalokis21: doesn't show hand
*** SUMMARY ***
Total pot $18 | Rake $0.36
Board [6h 9c 4h Jd]
Seat 3: lalokis21 (big blind) collected ($17.64)
Seat 6: rodas354 (button) (small blind) folded on the Turn


PokerStars Hand #163558474155:  Hold'em Limit ($3/$6 USD) - 2016/12/26 13:28:34 ET
Table 'Hirons II' 6-max Seat #3 is the button
Seat 3: lalokis21 ($47.68 in chips)
Seat 6: rodas354 ($54.75 in chips)
lalokis21: posts small blind $1
rodas354: posts big blind $3
*** HOLE CARDS ***
lalokis21: raises $3 to $6
rodas354: calls $3
*** FLOP *** [8s Kd 2h]
rodas354: checks
lalokis21: bets $3
rodas354: calls $3
*** TURN *** [8s Kd 2h] [9d]
rodas354: checks
lalokis21: bets $6
rodas354: calls $6
*** RIVER *** [8s Kd 2h 9d] [6d]
rodas354: checks
lalokis21: bets $6
rodas354: folds
Uncalled bet ($6) returned to lalokis21
lalokis21 collected $29.50 from pot
lalokis21: doesn't show hand
*** SUMMARY ***
Total pot $30 | Rake $0.50
Board [8s Kd 2h 9d 6d]
Seat 3: lalokis21 (button) (small blind) collected ($29.50)
Seat 6: rodas354 (big blind) folded on the River


PokerStars Hand #163558445734:  Hold'em Limit ($3/$6 USD) - 2016/12/26 13:28:07 ET
Table 'Hirons II' 6-max Seat #3 is the button
Seat 3: lalokis21 ($60.04 in chips)
Seat 6: rodas354 ($43.25 in chips)
lalokis21: posts small blind $1
rodas354: posts big blind $3
*** HOLE CARDS ***
lalokis21: raises $3 to $6
rodas354: calls $3
*** FLOP *** [Tc Td Qd]
rodas354: checks
lalokis21: bets $3
rodas354: calls $3
*** TURN *** [Tc Td Qd] [3d]
rodas354: bets $6
lalokis21: calls $6
*** RIVER *** [Tc Td Qd 3d] [4s]
rodas354: bets $6
lalokis21: calls $6
*** SHOW DOWN ***
rodas354: shows [Qc 2s] (two pair, Queens and Tens)
lalokis21: mucks hand
rodas354 collected $41.50 from pot
*** SUMMARY ***
Total pot $42 | Rake $0.50
Board [Tc Td Qd 3d 4s]
Seat 3: lalokis21 (button) (small blind) mucked
Seat 6: rodas354 (big blind) showed [Qc 2s] and won ($41.50) with two pair, Queens and Tens


PokerStars Hand #163558509772:  Hold'em Limit ($3/$6 USD) - 2016/12/26 13:29:07 ET
Table 'Hirons II' 6-max Seat #3 is the button
Seat 3: lalokis21 ($41.18 in chips)
Seat 6: rodas354 ($60.25 in chips)
lalokis21: posts small blind $1
rodas354: posts big blind $3
*** HOLE CARDS ***
lalokis21: calls $2
rodas354: raises $3 to $6
lalokis21: raises $3 to $9
rodas354: calls $3
*** FLOP *** [2d 5h Jh]
rodas354: checks
lalokis21: bets $3
rodas354: calls $3
*** TURN *** [2d 5h Jh] [9s]
rodas354: checks
lalokis21: bets $6
rodas354: folds
Uncalled bet ($6) returned to lalokis21
lalokis21 collected $23.52 from pot
lalokis21: doesn't show hand
*** SUMMARY ***
Total pot $24 | Rake $0.48
Board [2d 5h Jh 9s]
Seat 3: lalokis21 (button) (small blind) collected ($23.52)
Seat 6: rodas354 (big blind) folded on the Turn


PokerStars Hand #163558526004:  Hold'em Limit ($3/$6 USD) - 2016/12/26 13:29:23 ET
Table 'Hirons II' 6-max Seat #6 is the button
Seat 3: lalokis21 ($52.70 in chips)
Seat 6: rodas354 ($48.25 in chips)
rodas354: posts small blind $1
lalokis21: posts big blind $3
*** HOLE CARDS ***
rodas354: calls $2
lalokis21: raises $3 to $6
rodas354: calls $3
*** FLOP *** [As 3s 2c]
lalokis21: bets $3
rodas354: calls $3
*** TURN *** [As 3s 2c] [Qd]
lalokis21: bets $6
rodas354: calls $6
*** RIVER *** [As 3s 2c Qd] [Jc]
lalokis21: checks
rodas354: bets $6
lalokis21: calls $6
*** SHOW DOWN ***
rodas354: shows [9d 4h] (high card Ace)
lalokis21: shows [5h 2s] (a pair of Deuces)
lalokis21 collected $41.50 from pot
*** SUMMARY ***
Total pot $42 | Rake $0.50
Board [As 3s 2c Qd Jc]
Seat 3: lalokis21 (big blind) showed [5h 2s] and won ($41.50) with a pair of Deuces
Seat 6: rodas354 (button) (small blind) showed [9d 4h] and lost with high card Ace


PokerStars Hand #163558492293:  Hold'em Limit ($3/$6 USD) - 2016/12/26 13:28:51 ET
Table 'Hirons II' 6-max Seat #6 is the button
Seat 3: lalokis21 ($62.18 in chips)
Seat 6: rodas354 ($39.75 in chips)
rodas354: posts small blind $1
lalokis21: posts big blind $3
*** HOLE CARDS ***
rodas354: calls $2
lalokis21: raises $3 to $6
rodas354: calls $3
*** FLOP *** [Qc 2h 2c]
lalokis21: bets $3
rodas354: calls $3
*** TURN *** [Qc 2h 2c] [As]
lalokis21: bets $6
rodas354: calls $6
*** RIVER *** [Qc 2h 2c As] [Kc]
lalokis21: bets $6
rodas354: raises $6 to $12
lalokis21: folds
Uncalled bet ($6) returned to rodas354
rodas354 collected $41.50 from pot
rodas354: doesn't show hand
*** SUMMARY ***
Total pot $42 | Rake $0.50
Board [Qc 2h 2c As Kc]
Seat 3: lalokis21 (big blind) folded on the River
Seat 6: rodas354 (button) (small blind) collected ($41.50)


PokerStars Hand #163558545669:  Hold'em Limit ($3/$6 USD) - 2016/12/26 13:29:42 ET
Table 'Hirons II' 6-max Seat #3 is the button
Seat 3: lalokis21 ($73.20 in chips)
Seat 6: rodas354 ($27.25 in chips)
lalokis21: posts small blind $1
rodas354: posts big blind $3
*** HOLE CARDS ***
lalokis21: calls $2
rodas354: checks
*** FLOP *** [7c Jc 7h]
rodas354: bets $3
lalokis21: calls $3
*** TURN *** [7c Jc 7h] [Ts]
rodas354: bets $6
lalokis21: calls $6
*** RIVER *** [7c Jc 7h Ts] [6d]
rodas354: bets $6
lalokis21: folds
Uncalled bet ($6) returned to rodas354
rodas354 collected $23.52 from pot
rodas354: doesn't show hand
*** SUMMARY ***
Total pot $24 | Rake $0.48
Board [7c Jc 7h Ts 6d]
Seat 3: lalokis21 (button) (small blind) folded on the River
Seat 6: rodas354 (big blind) collected ($23.52)


PokerStars Hand #163558595150:  Hold'em Limit ($3/$6 USD) - 2016/12/26 13:30:28 ET
Table 'Hirons II' 6-max Seat #6 is the button
Seat 3: lalokis21 ($37.20 in chips)
Seat 6: rodas354 ($61.91 in chips)
rodas354: posts small blind $1
lalokis21: posts big blind $3
*** HOLE CARDS ***
rodas354: calls $2
lalokis21: raises $3 to $6
rodas354: calls $3
*** FLOP *** [2d 8c 6d]
lalokis21: bets $3
rodas354: calls $3
*** TURN *** [2d 8c 6d] [6s]
lalokis21: bets $6
rodas354: calls $6
*** RIVER *** [2d 8c 6d 6s] [7s]
lalokis21: bets $6
rodas354: folds
Uncalled bet ($6) returned to lalokis21
lalokis21 collected $29.50 from pot
lalokis21: doesn't show hand
*** SUMMARY ***
Total pot $30 | Rake $0.50
Board [2d 8c 6d 6s 7s]
Seat 3: lalokis21 (big blind) collected ($29.50)
Seat 6: rodas354 (button) (small blind) folded on the River


PokerStars Hand #163558578237:  Hold'em Limit ($3/$6 USD) - 2016/12/26 13:30:12 ET
Table 'Hirons II' 6-max Seat #3 is the button
Seat 3: lalokis21 ($52.20 in chips)
Seat 6: rodas354 ($47.41 in chips)
lalokis21: posts small blind $1
rodas354: posts big blind $3
*** HOLE CARDS ***
lalokis21: calls $2
rodas354: raises $3 to $6
lalokis21: calls $3
*** FLOP *** [Qc As 9s]
rodas354: bets $3
lalokis21: calls $3
*** TURN *** [Qc As 9s] [Kc]
rodas354: bets $6
lalokis21: calls $6
*** RIVER *** [Qc As 9s Kc] [2s]
rodas354: bets $6
lalokis21: folds
Uncalled bet ($6) returned to rodas354
rodas354 collected $29.50 from pot
rodas354: doesn't show hand
*** SUMMARY ***
Total pot $30 | Rake $0.50
Board [Qc As 9s Kc 2s]
Seat 3: lalokis21 (button) (small blind) folded on the River
Seat 6: rodas354 (big blind) collected ($29.50)


PokerStars Hand #163558564858:  Hold'em Limit ($3/$6 USD) - 2016/12/26 13:30:00 ET
Table 'Hirons II' 6-max Seat #6 is the button
Seat 3: lalokis21 ($61.20 in chips)
Seat 6: rodas354 ($38.77 in chips)
rodas354: posts small blind $1
lalokis21: posts big blind $3
*** HOLE CARDS ***
rodas354: raises $3 to $6
lalokis21: calls $3
*** FLOP *** [3c Ts 4s]
lalokis21: checks
rodas354: bets $3
lalokis21: calls $3
*** TURN *** [3c Ts 4s] [5s]
lalokis21: checks
rodas354: bets $6
lalokis21: folds
Uncalled bet ($6) returned to rodas354
rodas354 collected $17.64 from pot
rodas354: doesn't show hand
*** SUMMARY ***
Total pot $18 | Rake $0.36
Board [3c Ts 4s 5s]
Seat 3: lalokis21 (big blind) folded on the Turn
Seat 6: rodas354 (button) (small blind) collected ($17.64)


PokerStars Hand #163558617382:  Hold'em Limit ($3/$6 USD) - 2016/12/26 13:30:49 ET
Table 'Hirons II' 6-max Seat #3 is the button
Seat 3: lalokis21 ($51.70 in chips)
Seat 6: rodas354 ($46.91 in chips)
lalokis21: posts small blind $1
rodas354: posts big blind $3
*** HOLE CARDS ***
lalokis21: raises $3 to $6
rodas354: calls $3
*** FLOP *** [Th 6d 4d]
rodas354: checks
lalokis21: bets $3
rodas354: calls $3
*** TURN *** [Th 6d 4d] [9h]
rodas354: checks
lalokis21: bets $6
rodas354: calls $6
*** RIVER *** [Th 6d 4d 9h] [Qc]
rodas354: checks
lalokis21: bets $6
rodas354: folds
Uncalled bet ($6) returned to lalokis21
lalokis21 collected $29.50 from pot
lalokis21: doesn't show hand
*** SUMMARY ***
Total pot $30 | Rake $0.50
Board [Th 6d 4d 9h Qc]
Seat 3: lalokis21 (button) (small blind) collected ($29.50)
Seat 6: rodas354 (big blind) folded on the River


PokerStars Hand #163558654467:  Hold'em Limit ($3/$6 USD) - 2016/12/26 13:31:24 ET
Table 'Hirons II' 6-max Seat #3 is the button
Seat 3: lalokis21 ($51.20 in chips)
Seat 6: rodas354 ($46.41 in chips)
lalokis21: posts small blind $1
rodas354: posts big blind $3
*** HOLE CARDS ***
lalokis21: calls $2
rodas354: raises $3 to $6
lalokis21: calls $3
*** FLOP *** [7h 5d Kd]
rodas354: bets $3
lalokis21: calls $3
*** TURN *** [7h 5d Kd] [Ts]
rodas354: bets $6
lalokis21: calls $6
*** RIVER *** [7h 5d Kd Ts] [Kc]
rodas354: bets $6
lalokis21: folds
Uncalled bet ($6) returned to rodas354
rodas354 collected $29.50 from pot
rodas354: doesn't show hand
*** SUMMARY ***
Total pot $30 | Rake $0.50
Board [7h 5d Kd Ts Kc]
Seat 3: lalokis21 (button) (small blind) folded on the River
Seat 6: rodas354 (big blind) collected ($29.50)


PokerStars Hand #163558695070:  Hold'em Limit ($3/$6 USD) - 2016/12/26 13:32:02 ET
Table 'Hirons II' 6-max Seat #6 is the button
Seat 3: lalokis21 ($36.20 in chips)
Seat 6: rodas354 ($60.91 in chips)
rodas354: posts small blind $1
lalokis21: posts big blind $3
*** HOLE CARDS ***
rodas354: calls $2
lalokis21: raises $3 to $6
rodas354: calls $3
*** FLOP *** [Th 5s Td]
lalokis21: bets $3
rodas354: calls $3
*** TURN *** [Th 5s Td] [2s]
lalokis21: bets $6
rodas354: calls $6
*** RIVER *** [Th 5s Td 2s] [3d]
lalokis21: bets $6
rodas354: folds
Uncalled bet ($6) returned to lalokis21
lalokis21 collected $29.50 from pot
lalokis21: doesn't show hand
*** SUMMARY ***
Total pot $30 | Rake $0.50
Board [Th 5s Td 2s 3d]
Seat 3: lalokis21 (big blind) collected ($29.50)
Seat 6: rodas354 (button) (small blind) folded on the River


PokerStars Hand #163558724836:  Hold'em Limit ($3/$6 USD) - 2016/12/26 13:32:31 ET
Table 'Hirons II' 6-max Seat #3 is the button
Seat 3: lalokis21 ($50.70 in chips)
Seat 6: rodas354 ($45.91 in chips)
lalokis21: posts small blind $1
rodas354: posts big blind $3
*** HOLE CARDS ***
lalokis21: calls $2
rodas354: raises $3 to $6
lalokis21: calls $3
*** FLOP *** [6c 5s Th]
rodas354: bets $3
lalokis21: calls $3
*** TURN *** [6c 5s Th] [2s]
rodas354: bets $6
lalokis21: calls $6
*** RIVER *** [6c 5s Th 2s] [2d]
rodas354: bets $6
lalokis21: calls $6
*** SHOW DOWN ***
rodas354: shows [Qs As] (a pair of Deuces)
lalokis21: shows [Jh 5h] (two pair, Fives and Deuces)
lalokis21 collected $41.50 from pot
*** SUMMARY ***
Total pot $42 | Rake $0.50
Board [6c 5s Th 2s 2d]
Seat 3: lalokis21 (button) (small blind) showed [Jh 5h] and won ($41.50) with two pair, Fives and Deuces
Seat 6: rodas354 (big blind) showed [Qs As] and lost with a pair of Deuces


PokerStars Hand #163558796667:  Hold'em Limit ($3/$6 USD) - 2016/12/26 13:33:39 ET
Table 'Hirons II' 6-max Seat #3 is the button
Seat 3: lalokis21 ($38.20 in chips)
Seat 6: rodas354 ($56.69 in chips)
lalokis21: posts small blind $1
rodas354: posts big blind $3
*** HOLE CARDS ***
lalokis21: calls $2
rodas354: raises $3 to $6
lalokis21: calls $3
*** FLOP *** [8d 9h Js]
rodas354: bets $3
lalokis21: calls $3
*** TURN *** [8d 9h Js] [Td]
rodas354: bets $6
lalokis21: calls $6
*** RIVER *** [8d 9h Js Td] [5d]
rodas354: checks
lalokis21: bets $6
rodas354: folds
Uncalled bet ($6) returned to lalokis21
lalokis21 collected $29.50 from pot
lalokis21: doesn't show hand
*** SUMMARY ***
Total pot $30 | Rake $0.50
Board [8d 9h Js Td 5d]
Seat 3: lalokis21 (button) (small blind) collected ($29.50)
Seat 6: rodas354 (big blind) folded on the River


PokerStars Hand #163558775076:  Hold'em Limit ($3/$6 USD) - 2016/12/26 13:33:19 ET
Table 'Hirons II' 6-max Seat #6 is the button
Seat 3: lalokis21 ($53.20 in chips)
Seat 6: rodas354 ($42.19 in chips)
rodas354: posts small blind $1
lalokis21: posts big blind $3
*** HOLE CARDS ***
rodas354: raises $3 to $6
lalokis21: calls $3
*** FLOP *** [Tc 2d Kc]
lalokis21: checks
rodas354: bets $3
lalokis21: calls $3
*** TURN *** [Tc 2d Kc] [7s]
lalokis21: checks
rodas354: bets $6
lalokis21: calls $6
*** RIVER *** [Tc 2d Kc 7s] [5s]
lalokis21: checks
rodas354: bets $6
lalokis21: folds
Uncalled bet ($6) returned to rodas354
rodas354 collected $29.50 from pot
rodas354: doesn't show hand
*** SUMMARY ***
Total pot $30 | Rake $0.50
Board [Tc 2d Kc 7s 5s]
Seat 3: lalokis21 (big blind) folded on the River
Seat 6: rodas354 (button) (small blind) collected ($29.50)


PokerStars Hand #163558764199:  Hold'em Limit ($3/$6 USD) - 2016/12/26 13:33:08 ET
Table 'Hirons II' 6-max Seat #3 is the button
Seat 3: lalokis21 ($62.20 in chips)
Seat 6: rodas354 ($33.55 in chips)
lalokis21: posts small blind $1
rodas354: posts big blind $3
*** HOLE CARDS ***
lalokis21: calls $2
rodas354: raises $3 to $6
lalokis21: calls $3
*** FLOP *** [5h Qc Qh]
rodas354: bets $3
lalokis21: calls $3
*** TURN *** [5h Qc Qh] [8h]
rodas354: bets $6
lalokis21: folds
Uncalled bet ($6) returned to rodas354
rodas354 collected $17.64 from pot
rodas354: doesn't show hand
*** SUMMARY ***
Total pot $18 | Rake $0.36
Board [5h Qc Qh 8h]
Seat 3: lalokis21 (button) (small blind) folded on the Turn
Seat 6: rodas354 (big blind) collected ($17.64)


PokerStars Hand #163558749573:  Hold'em Limit ($3/$6 USD) - 2016/12/26 13:32:55 ET
Table 'Hirons II' 6-max Seat #6 is the button
Seat 3: lalokis21 ($71.20 in chips)
Seat 6: rodas354 ($24.91 in chips)
rodas354: posts small blind $1
lalokis21: posts big blind $3
*** HOLE CARDS ***
rodas354: raises $3 to $6
lalokis21: calls $3
*** FLOP *** [7h 6c 4d]
lalokis21: checks
rodas354: bets $3
lalokis21: calls $3
*** TURN *** [7h 6c 4d] [Th]
lalokis21: checks
rodas354: bets $6
lalokis21: folds
Uncalled bet ($6) returned to rodas354
rodas354 collected $17.64 from pot
rodas354: doesn't show hand
*** SUMMARY ***
Total pot $18 | Rake $0.36
Board [7h 6c 4d Th]
Seat 3: lalokis21 (big blind) folded on the Turn
Seat 6: rodas354 (button) (small blind) collected ($17.64)


PokerStars Hand #163558856865:  Hold'em Limit ($3/$6 USD) - 2016/12/26 13:34:36 ET
Table 'Hirons II' 6-max Seat #6 is the button
Seat 3: lalokis21 ($40.20 in chips)
Seat 6: rodas354 ($53.19 in chips)
rodas354: posts small blind $1
lalokis21: posts big blind $3
*** HOLE CARDS ***
rodas354: calls $2
lalokis21: raises $3 to $6
rodas354: calls $3
*** FLOP *** [6s 5d 6d]
lalokis21: bets $3
rodas354: calls $3
*** TURN *** [6s 5d 6d] [Th]
lalokis21: bets $6
rodas354: calls $6
*** RIVER *** [6s 5d 6d Th] [2d]
lalokis21: bets $6
rodas354: calls $6
*** SHOW DOWN ***
lalokis21: shows [7c Js] (a pair of Sixes)
rodas354: mucks hand
lalokis21 collected $41.50 from pot
*** SUMMARY ***
Total pot $42 | Rake $0.50
Board [6s 5d 6d Th 2d]
Seat 3: lalokis21 (big blind) showed [7c Js] and won ($41.50) with a pair of Sixes
Seat 6: rodas354 (button) (small blind) mucked


PokerStars Hand #163558836767:  Hold'em Limit ($3/$6 USD) - 2016/12/26 13:34:17 ET
Table 'Hirons II' 6-max Seat #3 is the button
Seat 3: lalokis21 ($25.70 in chips)
Seat 6: rodas354 ($68.19 in chips)
lalokis21: posts small blind $1
rodas354: posts big blind $3
*** HOLE CARDS ***
lalokis21: raises $3 to $6
rodas354: calls $3
*** FLOP *** [Ad Kd 2c]
rodas354: checks
lalokis21: bets $3
rodas354: calls $3
*** TURN *** [Ad Kd 2c] [3c]
rodas354: checks
lalokis21: bets $6
rodas354: calls $6
*** RIVER *** [Ad Kd 2c 3c] [2d]
rodas354: checks
lalokis21: bets $6
rodas354: folds
Uncalled bet ($6) returned to lalokis21
lalokis21 collected $29.50 from pot
lalokis21: doesn't show hand
*** SUMMARY ***
Total pot $30 | Rake $0.50
Board [Ad Kd 2c 3c 2d]
Seat 3: lalokis21 (button) (small blind) collected ($29.50)
Seat 6: rodas354 (big blind) folded on the River


PokerStars Hand #163558816702:  Hold'em Limit ($3/$6 USD) - 2016/12/26 13:33:58 ET
Table 'Hirons II' 6-max Seat #6 is the button
Seat 3: lalokis21 ($52.70 in chips)
Seat 6: rodas354 ($41.69 in chips)
rodas354: posts small blind $1
lalokis21: posts big blind $3
*** HOLE CARDS ***
rodas354: calls $2
lalokis21: raises $3 to $6
rodas354: calls $3
*** FLOP *** [6c 2c 4c]
lalokis21: bets $3
rodas354: calls $3
*** TURN *** [6c 2c 4c] [9d]
lalokis21: bets $6
rodas354: calls $6
*** RIVER *** [6c 2c 4c 9d] [4h]
lalokis21: bets $6
rodas354: raises $6 to $12
lalokis21: calls $6
*** SHOW DOWN ***
rodas354: shows [3s 5h] (a straight, Deuce to Six)
lalokis21: mucks hand
rodas354 collected $53.50 from pot
*** SUMMARY ***
Total pot $54 | Rake $0.50
Board [6c 2c 4c 9d 4h]
Seat 3: lalokis21 (big blind) mucked
Seat 6: rodas354 (button) (small blind) showed [3s 5h] and won ($53.50) with a straight, Deuce to Six


PokerStars Hand #163558909456:  Hold'em Limit ($3/$6 USD) - 2016/12/26 13:35:25 ET
Table 'Hirons II' 6-max Seat #3 is the button
Seat 3: lalokis21 ($33.70 in chips)
Seat 6: rodas354 ($58.21 in chips)
lalokis21: posts small blind $1
rodas354: posts big blind $3
*** HOLE CARDS ***
lalokis21: calls $2
rodas354: raises $3 to $6
lalokis21: calls $3
*** FLOP *** [5c 9d 5d]
rodas354: checks
lalokis21: bets $3
rodas354: calls $3
*** TURN *** [5c 9d 5d] [4s]
rodas354: checks
lalokis21: bets $6
rodas354: calls $6
*** RIVER *** [5c 9d 5d 4s] [4h]
rodas354: checks
lalokis21: bets $6
rodas354: folds
Uncalled bet ($6) returned to lalokis21
lalokis21 collected $29.50 from pot
lalokis21: doesn't show hand
*** SUMMARY ***
Total pot $30 | Rake $0.50
Board [5c 9d 5d 4s 4h]
Seat 3: lalokis21 (button) (small blind) collected ($29.50)
Seat 6: rodas354 (big blind) folded on the River


PokerStars Hand #163558892229:  Hold'em Limit ($3/$6 USD) - 2016/12/26 13:35:09 ET
Table 'Hirons II' 6-max Seat #6 is the button
Seat 3: lalokis21 ($48.70 in chips)
Seat 6: rodas354 ($43.71 in chips)
rodas354: posts small blind $1
lalokis21: posts big blind $3
*** HOLE CARDS ***
rodas354: raises $3 to $6
lalokis21: calls $3
*** FLOP *** [Js 4h Kd]
lalokis21: checks
rodas354: bets $3
lalokis21: calls $3
*** TURN *** [Js 4h Kd] [3s]
lalokis21: checks
rodas354: bets $6
lalokis21: calls $6
*** RIVER *** [Js 4h Kd 3s] [Ad]
lalokis21: checks
rodas354: bets $6
lalokis21: folds
Uncalled bet ($6) returned to rodas354
rodas354 collected $29.50 from pot
rodas354: doesn't show hand
*** SUMMARY ***
Total pot $30 | Rake $0.50
Board [Js 4h Kd 3s Ad]
Seat 3: lalokis21 (big blind) folded on the River
Seat 6: rodas354 (button) (small blind) collected ($29.50)


PokerStars Hand #163558879084:  Hold'em Limit ($3/$6 USD) - 2016/12/26 13:34:57 ET
Table 'Hirons II' 6-max Seat #3 is the button
Seat 3: lalokis21 ($60.70 in chips)
Seat 6: rodas354 ($32.19 in chips)
lalokis21: posts small blind $1
rodas354: posts big blind $3
*** HOLE CARDS ***
lalokis21: raises $3 to $6
rodas354: raises $3 to $9
lalokis21: calls $3
*** FLOP *** [2h 9c 4d]
rodas354: bets $3
lalokis21: calls $3
*** TURN *** [2h 9c 4d] [Kd]
rodas354: bets $6
lalokis21: folds
Uncalled bet ($6) returned to rodas354
rodas354 collected $23.52 from pot
rodas354: doesn't show hand
*** SUMMARY ***
Total pot $24 | Rake $0.48
Board [2h 9c 4d Kd]
Seat 3: lalokis21 (button) (small blind) folded on the Turn
Seat 6: rodas354 (big blind) collected ($23.52)


PokerStars Hand #163559004642:  Hold'em Limit ($3/$6 USD) - 2016/12/26 13:36:55 ET
Table 'Hirons II' 6-max Seat #6 is the button
Seat 3: lalokis21 ($65.20 in chips)
Seat 6: rodas354 ($24.49 in chips)
rodas354: posts small blind $1
lalokis21: posts big blind $3
*** HOLE CARDS ***
rodas354: raises $3 to $6
lalokis21: raises $3 to $9
rodas354: raises $3 to $12
Betting is capped
lalokis21: folds
Uncalled bet ($3) returned to rodas354
rodas354 collected $18 from pot
rodas354: doesn't show hand
*** SUMMARY ***
Total pot $18 | Rake $0
Seat 3: lalokis21 (big blind) folded before Flop
Seat 6: rodas354 (button) (small blind) collected ($18)


PokerStars Hand #163558990720:  Hold'em Limit ($3/$6 USD) - 2016/12/26 13:36:42 ET
Table 'Hirons II' 6-max Seat #3 is the button
Seat 3: lalokis21 ($74.20 in chips)
Seat 6: rodas354 ($15.85 in chips)
lalokis21: posts small blind $1
rodas354: posts big blind $3
*** HOLE CARDS ***
lalokis21: calls $2
rodas354: raises $3 to $6
lalokis21: calls $3
*** FLOP *** [Ah 8c 4d]
rodas354: bets $3
lalokis21: calls $3
*** TURN *** [Ah 8c 4d] [2c]
rodas354: bets $6
lalokis21: folds
Uncalled bet ($6) returned to rodas354
rodas354 collected $17.64 from pot
rodas354: doesn't show hand
*** SUMMARY ***
Total pot $18 | Rake $0.36
Board [Ah 8c 4d 2c]
Seat 3: lalokis21 (button) (small blind) folded on the Turn
Seat 6: rodas354 (big blind) collected ($17.64)


PokerStars Hand #163558967284:  Hold'em Limit ($3/$6 USD) - 2016/12/26 13:36:20 ET
Table 'Hirons II' 6-max Seat #6 is the button
Seat 3: lalokis21 ($59.70 in chips)
Seat 6: rodas354 ($30.85 in chips)
rodas354: posts small blind $1
lalokis21: posts big blind $3
*** HOLE CARDS ***
rodas354: raises $3 to $6
lalokis21: calls $3
*** FLOP *** [Qs Ts 3c]
lalokis21: checks
rodas354: bets $3
lalokis21: calls $3
*** TURN *** [Qs Ts 3c] [Jh]
lalokis21: checks
rodas354: bets $6
lalokis21: calls $6
*** RIVER *** [Qs Ts 3c Jh] [Kh]
lalokis21: checks
rodas354: checks
*** SHOW DOWN ***
lalokis21: shows [Ad Td] (a straight, Ten to Ace)
rodas354: mucks hand
lalokis21 collected $29.50 from pot
*** SUMMARY ***
Total pot $30 | Rake $0.50
Board [Qs Ts 3c Jh Kh]
Seat 3: lalokis21 (big blind) showed [Ad Td] and won ($29.50) with a straight, Ten to Ace
Seat 6: rodas354 (button) (small blind) mucked


PokerStars Hand #163558952428:  Hold'em Limit ($3/$6 USD) - 2016/12/26 13:36:06 ET
Table 'Hirons II' 6-max Seat #3 is the button
Seat 3: lalokis21 ($68.70 in chips)
Seat 6: rodas354 ($22.21 in chips)
lalokis21: posts small blind $1
rodas354: posts big blind $3
*** HOLE CARDS ***
lalokis21: raises $3 to $6
rodas354: raises $3 to $9
lalokis21: calls $3
*** FLOP *** [4h Qd 5d]
rodas354: bets $3
lalokis21: folds
Uncalled bet ($3) returned to rodas354
rodas354 collected $17.64 from pot
rodas354: doesn't show hand
*** SUMMARY ***
Total pot $18 | Rake $0.36
Board [4h Qd 5d]
Seat 3: lalokis21 (button) (small blind) folded on the Flop
Seat 6: rodas354 (big blind) collected ($17.64)


PokerStars Hand #163558927836:  Hold'em Limit ($3/$6 USD) - 2016/12/26 13:35:43 ET
Table 'Hirons II' 6-max Seat #6 is the button
Seat 3: lalokis21 ($48.20 in chips)
Seat 6: rodas354 ($43.21 in chips)
rodas354: posts small blind $1
lalokis21: posts big blind $3
*** HOLE CARDS ***
rodas354: calls $2
lalokis21: raises $3 to $6
rodas354: calls $3
*** FLOP *** [2h 6c Qh]
lalokis21: bets $3
rodas354: calls $3
*** TURN *** [2h 6c Qh] [4s]
lalokis21: bets $6
rodas354: calls $6
*** RIVER *** [2h 6c Qh 4s] [9c]
lalokis21: bets $6
rodas354: calls $6
*** SHOW DOWN ***
lalokis21: shows [As 6s] (a pair of Sixes)
rodas354: mucks hand
lalokis21 collected $41.50 from pot
*** SUMMARY ***
Total pot $42 | Rake $0.50
Board [2h 6c Qh 4s 9c]
Seat 3: lalokis21 (big blind) showed [As 6s] and won ($41.50) with a pair of Sixes
Seat 6: rodas354 (button) (small blind) mucked


PokerStars Hand #163559060665:  Hold'em Limit ($3/$6 USD) - 2016/12/26 13:37:48 ET
Table 'Hirons II' 6-max Seat #6 is the button
Seat 3: lalokis21 ($61.70 in chips)
Seat 6: rodas354 ($26.99 in chips)
rodas354: posts small blind $1
lalokis21: posts big blind $3
*** HOLE CARDS ***
rodas354: raises $3 to $6
lalokis21: calls $3
*** FLOP *** [2s 8s 3h]
lalokis21: checks
rodas354: bets $3
lalokis21: raises $3 to $6
rodas354: raises $3 to $9
lalokis21: calls $3
*** TURN *** [2s 8s 3h] [7d]
lalokis21: checks
rodas354: bets $6
lalokis21: folds
Uncalled bet ($6) returned to rodas354
rodas354 collected $29.50 from pot
rodas354: doesn't show hand
*** SUMMARY ***
Total pot $30 | Rake $0.50
Board [2s 8s 3h 7d]
Seat 3: lalokis21 (big blind) folded on the Turn
Seat 6: rodas354 (button) (small blind) collected ($29.50)


PokerStars Hand #163559053839:  Hold'em Limit ($3/$6 USD) - 2016/12/26 13:37:41 ET
Table 'Hirons II' 6-max Seat #3 is the button
Seat 3: lalokis21 ($58.70 in chips)
Seat 6: rodas354 ($29.99 in chips)
lalokis21: posts small blind $1
rodas354: posts big blind $3
*** HOLE CARDS ***
lalokis21: raises $3 to $6
rodas354: folds
Uncalled bet ($3) returned to lalokis21
lalokis21 collected $6 from pot
lalokis21: doesn't show hand
*** SUMMARY ***
Total pot $6 | Rake $0
Seat 3: lalokis21 (button) (small blind) collected ($6)
Seat 6: rodas354 (big blind) folded before Flop


PokerStars Hand #163559028580:  Hold'em Limit ($3/$6 USD) - 2016/12/26 13:37:18 ET
Table 'Hirons II' 6-max Seat #6 is the button
Seat 3: lalokis21 ($41.20 in chips)
Seat 6: rodas354 ($47.99 in chips)
rodas354: posts small blind $1
lalokis21: posts big blind $3
*** HOLE CARDS ***
rodas354: raises $3 to $6
lalokis21: raises $3 to $9
rodas354: calls $3
*** FLOP *** [6c 6d Jd]
lalokis21: bets $3
rodas354: calls $3
*** TURN *** [6c 6d Jd] [Qs]
lalokis21: bets $6
rodas354: calls $6
*** RIVER *** [6c 6d Jd Qs] [Ac]
lalokis21: bets $6
rodas354: folds
Uncalled bet ($6) returned to lalokis21
lalokis21 collected $35.50 from pot
lalokis21: doesn't show hand
*** SUMMARY ***
Total pot $36 | Rake $0.50
Board [6c 6d Jd Qs Ac]
Seat 3: lalokis21 (big blind) collected ($35.50)
Seat 6: rodas354 (button) (small blind) folded on the River


PokerStars Hand #163559013221:  Hold'em Limit ($3/$6 USD) - 2016/12/26 13:37:03 ET
Table 'Hirons II' 6-max Seat #3 is the button
Seat 3: lalokis21 ($56.20 in chips)
Seat 6: rodas354 ($33.49 in chips)
lalokis21: posts small blind $1
rodas354: posts big blind $3
*** HOLE CARDS ***
lalokis21: calls $2
rodas354: raises $3 to $6
lalokis21: calls $3
*** FLOP *** [Ah 4h Qs]
rodas354: bets $3
lalokis21: calls $3
*** TURN *** [Ah 4h Qs] [9c]
rodas354: bets $6
lalokis21: calls $6
*** RIVER *** [Ah 4h Qs 9c] [Tc]
rodas354: bets $6
lalokis21: folds
Uncalled bet ($6) returned to rodas354
rodas354 collected $29.50 from pot
rodas354: doesn't show hand
*** SUMMARY ***
Total pot $30 | Rake $0.50
Board [Ah 4h Qs 9c Tc]
Seat 3: lalokis21 (button) (small blind) folded on the River
Seat 6: rodas354 (big blind) collected ($29.50)


PokerStars Hand #163559110577:  Hold'em Limit ($3/$6 USD) - 2016/12/26 13:38:35 ET
Table 'Hirons II' 6-max Seat #3 is the button
Seat 3: lalokis21 ($58.20 in chips)
Seat 6: rodas354 ($29.13 in chips)
lalokis21: posts small blind $1
rodas354: posts big blind $3
*** HOLE CARDS ***
lalokis21: calls $2
rodas354: raises $3 to $6
lalokis21: calls $3
*** FLOP *** [7s Qc Qh]
rodas354: bets $3
lalokis21: calls $3
*** TURN *** [7s Qc Qh] [8d]
rodas354: bets $6
lalokis21: calls $6
*** RIVER *** [7s Qc Qh 8d] [6s]
rodas354: bets $6
lalokis21: folds
Uncalled bet ($6) returned to rodas354
rodas354 collected $29.50 from pot
rodas354: doesn't show hand
*** SUMMARY ***
Total pot $30 | Rake $0.50
Board [7s Qc Qh 8d 6s]
Seat 3: lalokis21 (button) (small blind) folded on the River
Seat 6: rodas354 (big blind) collected ($29.50)


PokerStars Hand #163559096965:  Hold'em Limit ($3/$6 USD) - 2016/12/26 13:38:22 ET
Table 'Hirons II' 6-max Seat #6 is the button
Seat 3: lalokis21 ($67.20 in chips)
Seat 6: rodas354 ($20.49 in chips)
rodas354: posts small blind $1
lalokis21: posts big blind $3
*** HOLE CARDS ***
rodas354: raises $3 to $6
lalokis21: calls $3
*** FLOP *** [3h As 2h]
lalokis21: checks
rodas354: bets $3
lalokis21: calls $3
*** TURN *** [3h As 2h] [Ad]
lalokis21: checks
rodas354: bets $6
lalokis21: folds
Uncalled bet ($6) returned to rodas354
rodas354 collected $17.64 from pot
rodas354: doesn't show hand
*** SUMMARY ***
Total pot $18 | Rake $0.36
Board [3h As 2h Ad]
Seat 3: lalokis21 (big blind) folded on the Turn
Seat 6: rodas354 (button) (small blind) collected ($17.64)


PokerStars Hand #163559078362:  Hold'em Limit ($3/$6 USD) - 2016/12/26 13:38:04 ET
Table 'Hirons II' 6-max Seat #3 is the button
Seat 3: lalokis21 ($46.70 in chips)
Seat 6: rodas354 ($41.49 in chips)
lalokis21: posts small blind $1
rodas354: posts big blind $3
*** HOLE CARDS ***
lalokis21: calls $2
rodas354: raises $3 to $6
lalokis21: calls $3
*** FLOP *** [Qh 3h 9d]
rodas354: bets $3
lalokis21: calls $3
*** TURN *** [Qh 3h 9d] [4c]
rodas354: bets $6
lalokis21: calls $6
*** RIVER *** [Qh 3h 9d 4c] [6c]
rodas354: bets $6
lalokis21: calls $6
*** SHOW DOWN ***
rodas354: shows [8c 7d] (high card Queen)
lalokis21: shows [2c 2h] (a pair of Deuces)
lalokis21 collected $41.50 from pot
*** SUMMARY ***
Total pot $42 | Rake $0.50
Board [Qh 3h 9d 4c 6c]
Seat 3: lalokis21 (button) (small blind) showed [2c 2h] and won ($41.50) with a pair of Deuces
Seat 6: rodas354 (big blind) showed [8c 7d] and lost with high card Queen


PokerStars Hand #163559171998:  Hold'em Limit ($3/$6 USD) - 2016/12/26 13:39:32 ET
Table 'Hirons II' 6-max Seat #3 is the button
Seat 3: lalokis21 ($51.70 in chips)
Seat 6: rodas354 ($34.27 in chips)
lalokis21: posts small blind $1
rodas354: posts big blind $3
*** HOLE CARDS ***
lalokis21: calls $2
rodas354: raises $3 to $6
lalokis21: calls $3
*** FLOP *** [7h Qc Tc]
rodas354: bets $3
lalokis21: calls $3
*** TURN *** [7h Qc Tc] [3s]
rodas354: bets $6
lalokis21: calls $6
*** RIVER *** [7h Qc Tc 3s] [Ah]
rodas354: bets $6
lalokis21: calls $6
*** SHOW DOWN ***
rodas354: shows [6s 7s] (a pair of Sevens)
lalokis21: mucks hand
rodas354 collected $41.50 from pot
*** SUMMARY ***
Total pot $42 | Rake $0.50
Board [7h Qc Tc 3s Ah]
Seat 3: lalokis21 (button) (small blind) mucked
Seat 6: rodas354 (big blind) showed [6s 7s] and won ($41.50) with a pair of Sevens


PokerStars Hand #163559157948:  Hold'em Limit ($3/$6 USD) - 2016/12/26 13:39:19 ET
Table 'Hirons II' 6-max Seat #6 is the button
Seat 3: lalokis21 ($60.70 in chips)
Seat 6: rodas354 ($25.63 in chips)
rodas354: posts small blind $1
lalokis21: posts big blind $3
*** HOLE CARDS ***
rodas354: raises $3 to $6
lalokis21: calls $3
*** FLOP *** [Js Ad Ts]
lalokis21: checks
rodas354: bets $3
lalokis21: calls $3
*** TURN *** [Js Ad Ts] [2c]
lalokis21: checks
rodas354: bets $6
lalokis21: folds
Uncalled bet ($6) returned to rodas354
rodas354 collected $17.64 from pot
rodas354: doesn't show hand
*** SUMMARY ***
Total pot $18 | Rake $0.36
Board [Js Ad Ts 2c]
Seat 3: lalokis21 (big blind) folded on the Turn
Seat 6: rodas354 (button) (small blind) collected ($17.64)


PokerStars Hand #163559147245:  Hold'em Limit ($3/$6 USD) - 2016/12/26 13:39:09 ET
Table 'Hirons II' 6-max Seat #3 is the button
Seat 3: lalokis21 ($63.70 in chips)
Seat 6: rodas354 ($22.63 in chips)
lalokis21: posts small blind $1
rodas354: posts big blind $3
*** HOLE CARDS ***
lalokis21: calls $2
rodas354: raises $3 to $6
lalokis21: folds
Uncalled bet ($3) returned to rodas354
rodas354 collected $6 from pot
rodas354: doesn't show hand
*** SUMMARY ***
Total pot $6 | Rake $0
Seat 3: lalokis21 (button) (small blind) folded before Flop
Seat 6: rodas354 (big blind) collected ($6)


PokerStars Hand #163559126891:  Hold'em Limit ($3/$6 USD) - 2016/12/26 13:38:50 ET
Table 'Hirons II' 6-max Seat #6 is the button
Seat 3: lalokis21 ($43.20 in chips)
Seat 6: rodas354 ($43.63 in chips)
rodas354: posts small blind $1
lalokis21: posts big blind $3
*** HOLE CARDS ***
rodas354: raises $3 to $6
lalokis21: calls $3
*** FLOP *** [As 5s Js]
lalokis21: checks
rodas354: bets $3
lalokis21: calls $3
*** TURN *** [As 5s Js] [9s]
lalokis21: checks
rodas354: bets $6
lalokis21: calls $6
*** RIVER *** [As 5s Js 9s] [Ts]
lalokis21: checks
rodas354: bets $6
lalokis21: calls $6
*** SHOW DOWN ***
rodas354: shows [6s 8d] (a flush, Ace high)
lalokis21: shows [Ah 7s] (a flush, Ace high - Seven higher)
lalokis21 collected $41.50 from pot
*** SUMMARY ***
Total pot $42 | Rake $0.50
Board [As 5s Js 9s Ts]
Seat 3: lalokis21 (big blind) showed [Ah 7s] and won ($41.50) with a flush, Ace high
Seat 6: rodas354 (button) (small blind) showed [6s 8d] and lost with a flush, Ace high


PokerStars Hand #163559221954:  Hold'em Limit ($3/$6 USD) - 2016/12/26 13:40:19 ET
Table 'Hirons II' 6-max Seat #3 is the button
Seat 3: lalokis21 ($45.20 in chips)
Seat 6: rodas354 ($39.77 in chips)
lalokis21: posts small blind $1
rodas354: posts big blind $3
*** HOLE CARDS ***
lalokis21: calls $2
rodas354: raises $3 to $6
lalokis21: calls $3
*** FLOP *** [3d 7s Ac]
rodas354: bets $3
lalokis21: calls $3
*** TURN *** [3d 7s Ac] [As]
rodas354: bets $6
lalokis21: calls $6
*** RIVER *** [3d 7s Ac As] [Th]
rodas354: bets $6
lalokis21: calls $6
*** SHOW DOWN ***
rodas354: shows [9s 4c] (a pair of Aces)
lalokis21: shows [Js 7d] (two pair, Aces and Sevens)
lalokis21 collected $41.50 from pot
*** SUMMARY ***
Total pot $42 | Rake $0.50
Board [3d 7s Ac As Th]
Seat 3: lalokis21 (button) (small blind) showed [Js 7d] and won ($41.50) with two pair, Aces and Sevens
Seat 6: rodas354 (big blind) showed [9s 4c] and lost with a pair of Aces


PokerStars Hand #163559205229:  Hold'em Limit ($3/$6 USD) - 2016/12/26 13:40:03 ET
Table 'Hirons II' 6-max Seat #6 is the button
Seat 3: lalokis21 ($30.70 in chips)
Seat 6: rodas354 ($54.77 in chips)
rodas354: posts small blind $1
lalokis21: posts big blind $3
*** HOLE CARDS ***
rodas354: raises $3 to $6
lalokis21: raises $3 to $9
rodas354: raises $3 to $12
Betting is capped
lalokis21: calls $3
*** FLOP *** [8s Kc 8c]
lalokis21: bets $3
rodas354: calls $3
*** TURN *** [8s Kc 8c] [4s]
lalokis21: bets $6
rodas354: folds
Uncalled bet ($6) returned to lalokis21
lalokis21 collected $29.50 from pot
lalokis21: doesn't show hand
*** SUMMARY ***
Total pot $30 | Rake $0.50
Board [8s Kc 8c 4s]
Seat 3: lalokis21 (big blind) collected ($29.50)
Seat 6: rodas354 (button) (small blind) folded on the Turn


PokerStars Hand #163559285032:  Hold'em Limit ($3/$6 USD) - 2016/12/26 13:41:19 ET
Table 'Hirons II' 6-max Seat #6 is the button
Seat 3: lalokis21 ($47.70 in chips)
Seat 6: rodas354 ($36.05 in chips)
rodas354: posts small blind $1
lalokis21: posts big blind $3
*** HOLE CARDS ***
rodas354: raises $3 to $6
lalokis21: calls $3
*** FLOP *** [2s Js 8h]
lalokis21: checks
rodas354: bets $3
lalokis21: calls $3
*** TURN *** [2s Js 8h] [5h]
lalokis21: checks
rodas354: bets $6
lalokis21: calls $6
*** RIVER *** [2s Js 8h 5h] [Qh]
lalokis21: checks
rodas354: bets $6
lalokis21: folds
Uncalled bet ($6) returned to rodas354
rodas354 collected $29.50 from pot
rodas354: doesn't show hand
*** SUMMARY ***
Total pot $30 | Rake $0.50
Board [2s Js 8h 5h Qh]
Seat 3: lalokis21 (big blind) folded on the River
Seat 6: rodas354 (button) (small blind) collected ($29.50)


PokerStars Hand #163559271935:  Hold'em Limit ($3/$6 USD) - 2016/12/26 13:41:06 ET
Table 'Hirons II' 6-max Seat #3 is the button
Seat 3: lalokis21 ($56.70 in chips)
Seat 6: rodas354 ($27.41 in chips)
lalokis21: posts small blind $1
rodas354: posts big blind $3
*** HOLE CARDS ***
lalokis21: calls $2
rodas354: raises $3 to $6
lalokis21: calls $3
*** FLOP *** [8s 8h 8c]
rodas354: bets $3
lalokis21: calls $3
*** TURN *** [8s 8h 8c] [2d]
rodas354: bets $6
lalokis21: folds
Uncalled bet ($6) returned to rodas354
rodas354 collected $17.64 from pot
rodas354: doesn't show hand
*** SUMMARY ***
Total pot $18 | Rake $0.36
Board [8s 8h 8c 2d]
Seat 3: lalokis21 (button) (small blind) folded on the Turn
Seat 6: rodas354 (big blind) collected ($17.64)


PokerStars Hand #163559255302:  Hold'em Limit ($3/$6 USD) - 2016/12/26 13:40:51 ET
Table 'Hirons II' 6-max Seat #6 is the button
Seat 3: lalokis21 ($65.70 in chips)
Seat 6: rodas354 ($18.77 in chips)
rodas354: posts small blind $1
lalokis21: posts big blind $3
*** HOLE CARDS ***
rodas354: raises $3 to $6
lalokis21: calls $3
*** FLOP *** [Jh 4d 8c]
lalokis21: checks
rodas354: bets $3
lalokis21: calls $3
*** TURN *** [Jh 4d 8c] [Tc]
lalokis21: checks
rodas354: bets $6
lalokis21: folds
Uncalled bet ($6) returned to rodas354
rodas354 collected $17.64 from pot
rodas354: doesn't show hand
*** SUMMARY ***
Total pot $18 | Rake $0.36
Board [Jh 4d 8c Tc]
Seat 3: lalokis21 (big blind) folded on the Turn
Seat 6: rodas354 (button) (small blind) collected ($17.64)


PokerStars Hand #163559303036:  Hold'em Limit ($3/$6 USD) - 2016/12/26 13:41:36 ET
Table 'Hirons II' 6-max Seat #3 is the button
Seat 3: lalokis21 ($32.70 in chips)
Seat 6: rodas354 ($50.55 in chips)
lalokis21: posts small blind $1
rodas354: posts big blind $3
*** HOLE CARDS ***
lalokis21: calls $2
rodas354: raises $3 to $6
lalokis21: calls $3
*** FLOP *** [7s Tc 2d]
rodas354: bets $3
lalokis21: calls $3
*** TURN *** [7s Tc 2d] [2c]
rodas354: bets $6
lalokis21: calls $6
*** RIVER *** [7s Tc 2d 2c] [2h]
rodas354: bets $6
lalokis21: folds
Uncalled bet ($6) returned to rodas354
rodas354 collected $29.50 from pot
rodas354: doesn't show hand
*** SUMMARY ***
Total pot $30 | Rake $0.50
Board [7s Tc 2d 2c 2h]
Seat 3: lalokis21 (button) (small blind) folded on the River
Seat 6: rodas354 (big blind) collected ($29.50)


PokerStars Hand #163559341019:  Hold'em Limit ($3/$6 USD) - 2016/12/26 13:42:11 ET
Table 'Hirons II' 6-max Seat #3 is the button
Seat 3: lalokis21 ($23.70 in chips)
Seat 6: rodas354 ($59.05 in chips)
lalokis21: posts small blind $1
rodas354: posts big blind $3
*** HOLE CARDS ***
lalokis21: calls $2
rodas354: raises $3 to $6
lalokis21: calls $3
*** FLOP *** [2h 9d 3s]
rodas354: bets $3
lalokis21: calls $3
*** TURN *** [2h 9d 3s] [6c]
rodas354: bets $6
lalokis21: calls $6
*** RIVER *** [2h 9d 3s 6c] [Kc]
rodas354: checks
lalokis21: bets $6
rodas354: folds
Uncalled bet ($6) returned to lalokis21
lalokis21 collected $29.50 from pot
lalokis21: doesn't show hand
*** SUMMARY ***
Total pot $30 | Rake $0.50
Board [2h 9d 3s 6c Kc]
Seat 3: lalokis21 (button) (small blind) collected ($29.50)
Seat 6: rodas354 (big blind) folded on the River


PokerStars Hand #163559332274:  Hold'em Limit ($3/$6 USD) - 2016/12/26 13:42:03 ET
Table 'Hirons II' 6-max Seat #6 is the button
Seat 3: lalokis21 ($17.70 in chips)
Seat 6: rodas354 ($65.05 in chips)
rodas354: posts small blind $1
lalokis21: posts big blind $3
*** HOLE CARDS ***
rodas354: raises $3 to $6
lalokis21: raises $3 to $9
rodas354: folds
Uncalled bet ($3) returned to lalokis21
lalokis21 collected $12 from pot
lalokis21: doesn't show hand
*** SUMMARY ***
Total pot $12 | Rake $0
Seat 3: lalokis21 (big blind) collected ($12)
Seat 6: rodas354 (button) (small blind) folded before Flop


PokerStars Hand #163559359273:  Hold'em Limit ($3/$6 USD) - 2016/12/26 13:42:28 ET
Table 'Hirons II' 6-max Seat #6 is the button
Seat 3: lalokis21 ($38.20 in chips)
Seat 6: rodas354 ($44.05 in chips)
rodas354: posts small blind $1
lalokis21: posts big blind $3
*** HOLE CARDS ***
rodas354: calls $2
lalokis21: raises $3 to $6
rodas354: calls $3
*** FLOP *** [Jd Js Qc]
lalokis21: bets $3
rodas354: calls $3
*** TURN *** [Jd Js Qc] [8h]
lalokis21: bets $6
rodas354: calls $6
*** RIVER *** [Jd Js Qc 8h] [9d]
lalokis21: bets $6
rodas354: calls $6
*** SHOW DOWN ***
lalokis21: shows [Ts 9h] (a straight, Eight to Queen)
rodas354: shows [Tc 3d] (a straight, Eight to Queen)
lalokis21 collected $20.75 from pot
rodas354 collected $20.75 from pot
*** SUMMARY ***
Total pot $42 | Rake $0.50
Board [Jd Js Qc 8h 9d]
Seat 3: lalokis21 (big blind) showed [Ts 9h] and won ($20.75) with a straight, Eight to Queen
Seat 6: rodas354 (button) (small blind) showed [Tc 3d] and won ($20.75) with a straight, Eight to Queen


PokerStars Hand #163559399803:  Hold'em Limit ($3/$6 USD) - 2016/12/26 13:43:06 ET
Table 'Hirons II' 6-max Seat #3 is the button
Seat 3: lalokis21 ($37.95 in chips)
Seat 6: rodas354 ($43.80 in chips)
lalokis21: posts small blind $1
rodas354: posts big blind $3
*** HOLE CARDS ***
lalokis21: calls $2
rodas354: raises $3 to $6
lalokis21: calls $3
*** FLOP *** [7h 2h Ks]
rodas354: bets $3
lalokis21: calls $3
*** TURN *** [7h 2h Ks] [3d]
rodas354: bets $6
lalokis21: calls $6
*** RIVER *** [7h 2h Ks 3d] [6s]
rodas354: bets $6
lalokis21: raises $6 to $12
rodas354: folds
Uncalled bet ($6) returned to lalokis21
lalokis21 collected $41.50 from pot
lalokis21: doesn't show hand
*** SUMMARY ***
Total pot $42 | Rake $0.50
Board [7h 2h Ks 3d 6s]
Seat 3: lalokis21 (button) (small blind) collected ($41.50)
Seat 6: rodas354 (big blind) folded on the River


PokerStars Hand #163559426318:  Hold'em Limit ($3/$6 USD) - 2016/12/26 13:43:31 ET
Table 'Hirons II' 6-max Seat #6 is the button
Seat 3: lalokis21 ($58.45 in chips)
Seat 6: rodas354 ($22.80 in chips)
rodas354: posts small blind $1
lalokis21: posts big blind $3
*** HOLE CARDS ***
rodas354: raises $3 to $6
lalokis21: raises $3 to $9
rodas354: raises $3 to $12
Betting is capped
lalokis21: calls $3
*** FLOP *** [3h 7d 6h]
lalokis21: bets $3
rodas354: raises $3 to $6
lalokis21: raises $3 to $9
rodas354: raises $1.80 to $10.80 and is all-in
Betting is capped
lalokis21: calls $1.80
*** TURN *** [3h 7d 6h] [Jh]
*** RIVER *** [3h 7d 6h Jh] [4d]
*** SHOW DOWN ***
lalokis21: shows [Qh 7h] (a flush, Queen high)
rodas354: shows [2c 3s] (a pair of Threes)
lalokis21 collected $45.10 from pot
*** SUMMARY ***
Total pot $45.60 | Rake $0.50
Board [3h 7d 6h Jh 4d]
Seat 3: lalokis21 (big blind) showed [Qh 7h] and won ($45.10) with a flush, Queen high
Seat 6: rodas354 (button) (small blind) showed [2c 3s] and lost with a pair of Threes


