PokerStars Hand #173382849200:  Hold'em Limit ($3/$6 USD) - 2017/07/22 20:20:37 ET
Table 'Hirose' 6-max Seat #4 is the button
Seat 3: simper11 ($96 in chips)
Seat 4: Actionni13 ($173.50 in chips)
Actionni13: posts small blind $1
simper11: posts big blind $3
*** HOLE CARDS ***
Actionni13: raises $3 to $6
simper11: calls $3
*** FLOP *** [2h Ah 4d]
simper11: checks
Actionni13: bets $3
simper11: calls $3
*** TURN *** [2h Ah 4d] [Ks]
simper11: checks
Actionni13: checks
*** RIVER *** [2h Ah 4d Ks] [Tc]
simper11: bets $6
Actionni13: folds
Uncalled bet ($6) returned to simper11
simper11 collected $17.64 from pot
simper11: doesn't show hand
*** SUMMARY ***
Total pot $18 | Rake $0.36
Board [2h Ah 4d Ks Tc]
Seat 3: simper11 (big blind) collected ($17.64)
Seat 4: Actionni13 (button) (small blind) folded on the River


PokerStars Hand #173382862775:  Hold'em Limit ($3/$6 USD) - 2017/07/22 20:21:05 ET
Table 'Hirose' 6-max Seat #3 is the button
Seat 3: simper11 ($104.64 in chips)
Seat 4: Actionni13 ($164.50 in chips)
simper11: posts small blind $1
Actionni13: posts big blind $3
*** HOLE CARDS ***
simper11: raises $3 to $6
Actionni13: calls $3
*** FLOP *** [8s 6c Jc]
Actionni13: checks
simper11: bets $3
Actionni13: folds
Uncalled bet ($3) returned to simper11
simper11 collected $11.76 from pot
simper11: doesn't show hand
*** SUMMARY ***
Total pot $12 | Rake $0.24
Board [8s 6c Jc]
Seat 3: simper11 (button) (small blind) collected ($11.76)
Seat 4: Actionni13 (big blind) folded on the Flop


PokerStars Hand #173382870026:  Hold'em Limit ($3/$6 USD) - 2017/07/22 20:21:21 ET
Table 'Hirose' 6-max Seat #4 is the button
Seat 3: simper11 ($110.40 in chips)
Seat 4: Actionni13 ($158.50 in chips)
Actionni13: posts small blind $1
simper11: posts big blind $3
*** HOLE CARDS ***
Actionni13: raises $3 to $6
simper11: raises $3 to $9
Actionni13: calls $3
*** FLOP *** [6h 2d 8c]
simper11: bets $3
Actionni13: calls $3
*** TURN *** [6h 2d 8c] [Td]
simper11: bets $6
Actionni13: calls $6
*** RIVER *** [6h 2d 8c Td] [Ad]
simper11: bets $6
Actionni13: calls $6
*** SHOW DOWN ***
simper11: shows [Kc Qc] (high card Ace)
Actionni13: shows [Jh 8d] (a pair of Eights)
Actionni13 collected $47.50 from pot
*** SUMMARY ***
Total pot $48 | Rake $0.50
Board [6h 2d 8c Td Ad]
Seat 3: simper11 (big blind) showed [Kc Qc] and lost with high card Ace
Seat 4: Actionni13 (button) (small blind) showed [Jh 8d] and won ($47.50) with a pair of Eights


PokerStars Hand #173382888606:  Hold'em Limit ($3/$6 USD) - 2017/07/22 20:22:01 ET
Table 'Hirose' 6-max Seat #3 is the button
Seat 3: simper11 ($86.40 in chips)
Seat 4: Actionni13 ($182 in chips)
simper11: posts small blind $1
Actionni13: posts big blind $3
*** HOLE CARDS ***
simper11: raises $3 to $6
Actionni13: calls $3
*** FLOP *** [Ad 7c 6d]
Actionni13: checks
simper11: bets $3
Actionni13: calls $3
*** TURN *** [Ad 7c 6d] [Kd]
Actionni13: checks
simper11: bets $6
Actionni13: folds
Uncalled bet ($6) returned to simper11
simper11 collected $17.64 from pot
*** SUMMARY ***
Total pot $18 | Rake $0.36
Board [Ad 7c 6d Kd]
Seat 3: simper11 (button) (small blind) collected ($17.64)
Seat 4: Actionni13 (big blind) folded on the Turn


PokerStars Hand #173382899796:  Hold'em Limit ($3/$6 USD) - 2017/07/22 20:22:25 ET
Table 'Hirose' 6-max Seat #4 is the button
Seat 3: simper11 ($95.04 in chips)
Seat 4: Actionni13 ($173 in chips)
Actionni13: posts small blind $1
simper11: posts big blind $3
*** HOLE CARDS ***
Actionni13: raises $3 to $6
simper11: calls $3
*** FLOP *** [Js 5h 3d]
simper11: checks
Actionni13: bets $3
simper11: calls $3
*** TURN *** [Js 5h 3d] [Td]
simper11: checks
Actionni13: checks
*** RIVER *** [Js 5h 3d Td] [Kh]
simper11: checks
Actionni13: checks
*** SHOW DOWN ***
simper11: shows [8c Qh] (high card King)
Actionni13: mucks hand
simper11 collected $17.64 from pot
*** SUMMARY ***
Total pot $18 | Rake $0.36
Board [Js 5h 3d Td Kh]
Seat 3: simper11 (big blind) showed [8c Qh] and won ($17.64) with high card King
Seat 4: Actionni13 (button) (small blind) mucked


PokerStars Hand #173382914689:  Hold'em Limit ($3/$6 USD) - 2017/07/22 20:22:56 ET
Table 'Hirose' 6-max Seat #3 is the button
Seat 3: simper11 ($103.68 in chips)
Seat 4: Actionni13 ($164 in chips)
simper11: posts small blind $1
Actionni13: posts big blind $3
*** HOLE CARDS ***
simper11: raises $3 to $6
Actionni13: calls $3
*** FLOP *** [5s Td 6h]
Actionni13: checks
simper11: bets $3
Actionni13: calls $3
*** TURN *** [5s Td 6h] [7s]
Actionni13: bets $6
simper11: folds
Uncalled bet ($6) returned to Actionni13
Actionni13 collected $17.64 from pot
Actionni13: doesn't show hand
*** SUMMARY ***
Total pot $18 | Rake $0.36
Board [5s Td 6h 7s]
Seat 3: simper11 (button) (small blind) folded on the Turn
Seat 4: Actionni13 (big blind) collected ($17.64)


PokerStars Hand #173382954490:  Hold'em Limit ($3/$6 USD) - 2017/07/22 20:24:22 ET
Table 'Hirose' 6-max Seat #3 is the button
Seat 3: simper11 ($70.68 in chips)
Seat 4: Actionni13 ($196.14 in chips)
simper11: posts small blind $1
Actionni13: posts big blind $3
*** HOLE CARDS ***
simper11: raises $3 to $6
Actionni13: calls $3
*** FLOP *** [Td 8d 9s]
Actionni13: checks
simper11: bets $3
Actionni13: folds
Uncalled bet ($3) returned to simper11
simper11 collected $11.76 from pot
*** SUMMARY ***
Total pot $12 | Rake $0.24
Board [Td 8d 9s]
Seat 3: simper11 (button) (small blind) collected ($11.76)
Seat 4: Actionni13 (big blind) folded on the Flop


PokerStars Hand #173383001058:  Hold'em Limit ($3/$6 USD) - 2017/07/22 20:26:02 ET
Table 'Hirose' 6-max Seat #4 is the button
Seat 3: simper11 ($76.44 in chips)
Seat 4: Actionni13 ($190.14 in chips)
Actionni13: posts small blind $1
simper11: posts big blind $3
*** HOLE CARDS ***
Actionni13: raises $3 to $6
simper11: calls $3
*** FLOP *** [9d Qs 8c]
simper11: checks
Actionni13: bets $3
simper11: calls $3
*** TURN *** [9d Qs 8c] [Kd]
simper11: checks
Actionni13: bets $6
simper11: folds
Uncalled bet ($6) returned to Actionni13
Actionni13 collected $17.64 from pot
Actionni13: doesn't show hand
*** SUMMARY ***
Total pot $18 | Rake $0.36
Board [9d Qs 8c Kd]
Seat 3: simper11 (big blind) folded on the Turn
Seat 4: Actionni13 (button) (small blind) collected ($17.64)


PokerStars Hand #173383023181:  Hold'em Limit ($3/$6 USD) - 2017/07/22 20:26:50 ET
Table 'Hirose' 6-max Seat #3 is the button
Seat 3: simper11 ($67.44 in chips)
Seat 4: Actionni13 ($198.78 in chips)
simper11: posts small blind $1
Actionni13: posts big blind $3
*** HOLE CARDS ***
simper11: raises $3 to $6
Actionni13: calls $3
*** FLOP *** [Jd As 9d]
Actionni13: checks
simper11: bets $3
Actionni13: raises $3 to $6
simper11 is disconnected
simper11 has timed out while disconnected
simper11: folds
Uncalled bet ($3) returned to Actionni13
Actionni13 collected $17.64 from pot
Actionni13: doesn't show hand
*** SUMMARY ***
Total pot $18 | Rake $0.36
Board [Jd As 9d]
Seat 3: simper11 (button) (small blind) folded on the Flop
Seat 4: Actionni13 (big blind) collected ($17.64)


PokerStars Hand #173383068979:  Hold'em Limit ($3/$6 USD) - 2017/07/22 20:28:29 ET
Table 'Hirose' 6-max Seat #4 is the button
Seat 3: simper11 ($58.44 in chips)
Seat 4: Actionni13 ($207.42 in chips)
Actionni13: posts small blind $1
simper11: posts big blind $3
*** HOLE CARDS ***
Actionni13: folds
Uncalled bet ($2) returned to simper11
simper11 collected $2 from pot
simper11: doesn't show hand
*** SUMMARY ***
Total pot $2 | Rake $0
Seat 3: simper11 (big blind) collected ($2)
Seat 4: Actionni13 (button) (small blind) folded before Flop


PokerStars Hand #173383076425:  Hold'em Limit ($3/$6 USD) - 2017/07/22 20:28:45 ET
Table 'Hirose' 6-max Seat #4 is the button
Seat 3: simper11 ($62.44 in chips)
Seat 4: Actionni13 ($203.42 in chips)
Actionni13: posts small blind $1
simper11: posts big blind $3
*** HOLE CARDS ***
Actionni13: folds
Uncalled bet ($2) returned to simper11
simper11 collected $2 from pot
simper11: doesn't show hand
*** SUMMARY ***
Total pot $2 | Rake $0
Seat 3: simper11 (big blind) collected ($2)
Seat 4: Actionni13 (button) (small blind) folded before Flop


