PokerStars Hand #158235523460:  Hold'em Limit ($3/$6 USD) - 2016/09/06 8:57:04 ET
Table 'Hirons' 6-max Seat #3 is the button
Seat 3: Ingmar Ross ($41.64 in chips)
Seat 4: Agrotait ($66 in chips)
Ingmar Ross: posts small blind $1
Agrotait: posts big blind $3
*** HOLE CARDS ***
Ingmar Ross: folds
Uncalled bet ($2) returned to Agrotait
carmello774 joins the table at seat #5
Agrotait collected $2 from pot
Agrotait: doesn't show hand
*** SUMMARY ***
Total pot $2 | Rake $0
Seat 3: Ingmar Ross (button) (small blind) folded before Flop
Seat 4: Agrotait (big blind) collected ($2)


PokerStars Hand #158235520227:  Hold'em Limit ($3/$6 USD) - 2016/09/06 8:56:56 ET
Table 'Hirons' 6-max Seat #4 is the button
Seat 3: Ingmar Ross ($44.64 in chips)
Seat 4: Agrotait ($63 in chips)
Agrotait: posts small blind $1
Ingmar Ross: posts big blind $3
*** HOLE CARDS ***
Agrotait: raises $3 to $6
Ingmar Ross: folds
Uncalled bet ($3) returned to Agrotait
Agrotait collected $6 from pot
Agrotait: doesn't show hand
*** SUMMARY ***
Total pot $6 | Rake $0
Seat 3: Ingmar Ross (big blind) folded before Flop
Seat 4: Agrotait (button) (small blind) collected ($6)


PokerStars Hand #158235501395:  Hold'em Limit ($3/$6 USD) - 2016/09/06 8:56:14 ET
Table 'Hirons' 6-max Seat #3 is the button
Seat 3: Ingmar Ross ($36 in chips)
Seat 4: Agrotait ($72 in chips)
Ingmar Ross: posts small blind $1
Agrotait: posts big blind $3
*** HOLE CARDS ***
Ingmar Ross: raises $3 to $6
Agrotait: calls $3
*** FLOP *** [9h Jh 8h]
Agrotait: checks
Ingmar Ross: bets $3
Agrotait: calls $3
*** TURN *** [9h Jh 8h] [8c]
Agrotait: checks
Ingmar Ross: checks
*** RIVER *** [9h Jh 8h 8c] [As]
Agrotait: checks
Ingmar Ross: bets $6
Agrotait: folds
Uncalled bet ($6) returned to Ingmar Ross
Ingmar Ross collected $17.64 from pot
Ingmar Ross: doesn't show hand
*** SUMMARY ***
Total pot $18 | Rake $0.36
Board [9h Jh 8h 8c As]
Seat 3: Ingmar Ross (button) (small blind) collected ($17.64)
Seat 4: Agrotait (big blind) folded on the River


PokerStars Hand #158236812469:  Hold'em Limit ($3/$6 USD) - 2016/09/06 9:37:44 ET
Table 'Hirons' 6-max Seat #5 is the button
Seat 1: Verand1000 ($81.83 in chips)
Seat 5: carmello774 ($170.81 in chips)
HAL9QQQ will be allowed to play after the button
carmello774: posts small blind $1
Verand1000: posts big blind $3
*** HOLE CARDS ***
carmello774: raises $3 to $6
Verand1000: raises $3 to $9
carmello774: calls $3
*** FLOP *** [5h Ad 6c]
Verand1000: bets $3
carmello774: folds
Uncalled bet ($3) returned to Verand1000
Verand1000 collected $17.64 from pot
Macan leaves the table
*** SUMMARY ***
Total pot $18 | Rake $0.36
Board [5h Ad 6c]
Seat 1: Verand1000 (big blind) collected ($17.64)
Seat 5: carmello774 (button) (small blind) folded on the Flop


