PokerStars Hand #147911363850:  Hold'em Limit ($3/$6 USD) - 2016/01/29 21:45:03 ET
Table 'Hirose' 6-max Seat #3 is the button
Seat 3: svin77710 ($32.76 in chips)
Seat 4: AzureCaper ($92.50 in chips)
svin77710: posts small blind $1
AzureCaper: posts big blind $3
*** HOLE CARDS ***
svin77710: calls $2
AzureCaper: checks
*** FLOP *** [Js 7d Ts]
AzureCaper: bets $3
svin77710: folds
Uncalled bet ($3) returned to AzureCaper
AzureCaper collected $5.88 from pot
AzureCaper: doesn't show hand
*** SUMMARY ***
Total pot $6 | Rake $0.12
Board [Js 7d Ts]
Seat 3: svin77710 (button) (small blind) folded on the Flop
Seat 4: AzureCaper (big blind) collected ($5.88)


PokerStars Hand #147911351817:  Hold'em Limit ($3/$6 USD) - 2016/01/29 21:44:38 ET
Table 'Hirose' 6-max Seat #4 is the button
Seat 3: svin77710 ($53.76 in chips)
Seat 4: AzureCaper ($72 in chips)
AzureCaper: posts small blind $1
svin77710: posts big blind $3
*** HOLE CARDS ***
AzureCaper: raises $3 to $6
svin77710: calls $3
*** FLOP *** [4s 7d 2c]
svin77710: bets $3
AzureCaper: calls $3
*** TURN *** [4s 7d 2c] [6h]
svin77710: bets $6
JMMROCHA joins the table at seat #5
AzureCaper: calls $6
*** RIVER *** [4s 7d 2c 6h] [Kd]
svin77710: bets $6
AzureCaper: raises $6 to $12
svin77710: folds
Uncalled bet ($6) returned to AzureCaper
AzureCaper collected $41.50 from pot
AzureCaper: doesn't show hand
*** SUMMARY ***
Total pot $42 | Rake $0.50
Board [4s 7d 2c 6h Kd]
Seat 3: svin77710 (big blind) folded on the River
Seat 4: AzureCaper (button) (small blind) collected ($41.50)


PokerStars Hand #147911345142:  Hold'em Limit ($3/$6 USD) - 2016/01/29 21:44:25 ET
Table 'Hirose' 6-max Seat #3 is the button
Seat 3: svin77710 ($48 in chips)
Seat 4: AzureCaper ($72 in chips)
svin77710: posts small blind $1
AzureCaper: posts big blind $3
*** HOLE CARDS ***
svin77710: raises $3 to $6
AzureCaper: calls $3
*** FLOP *** [9s 3h 6c]
AzureCaper: checks
svin77710: checks
*** TURN *** [9s 3h 6c] [Td]
AzureCaper: checks
svin77710: bets $6
AzureCaper: folds
Uncalled bet ($6) returned to svin77710
svin77710 collected $11.76 from pot
svin77710: doesn't show hand
*** SUMMARY ***
Total pot $12 | Rake $0.24
Board [9s 3h 6c Td]
Seat 3: svin77710 (button) (small blind) collected ($11.76)
Seat 4: AzureCaper (big blind) folded on the Turn


PokerStars Hand #147911429078:  Hold'em Limit ($3/$6 USD) - 2016/01/29 21:47:18 ET
Table 'Hirose' 6-max Seat #3 is the button
Seat 3: svin77710 ($74.79 in chips)
Seat 4: AzureCaper ($77.38 in chips)
svin77710: posts small blind $1
AzureCaper: posts big blind $3
*** HOLE CARDS ***
svin77710: raises $3 to $6
AzureCaper: folds
Uncalled bet ($3) returned to svin77710
svin77710 collected $6 from pot
svin77710: doesn't show hand
*** SUMMARY ***
Total pot $6 | Rake $0
Seat 3: svin77710 (button) (small blind) collected ($6)
Seat 4: AzureCaper (big blind) folded before Flop


PokerStars Hand #147911425685:  Hold'em Limit ($3/$6 USD) - 2016/01/29 21:47:11 ET
Table 'Hirose' 6-max Seat #4 is the button
Seat 3: svin77710 ($73.79 in chips)
Seat 4: AzureCaper ($78.38 in chips)
AzureCaper: posts small blind $1
svin77710: posts big blind $3
*** HOLE CARDS ***
AzureCaper: folds
Uncalled bet ($2) returned to svin77710
svin77710 collected $2 from pot
svin77710: doesn't show hand
*** SUMMARY ***
Total pot $2 | Rake $0
Seat 3: svin77710 (big blind) collected ($2)
Seat 4: AzureCaper (button) (small blind) folded before Flop


PokerStars Hand #147911422220:  Hold'em Limit ($3/$6 USD) - 2016/01/29 21:47:04 ET
Table 'Hirose' 6-max Seat #3 is the button
Seat 3: svin77710 ($70.79 in chips)
Seat 4: AzureCaper ($81.38 in chips)
svin77710: posts small blind $1
AzureCaper: posts big blind $3
*** HOLE CARDS ***
JMMROCHA leaves the table
svin77710: raises $3 to $6
AzureCaper: folds
Uncalled bet ($3) returned to svin77710
GoliafUa leaves the table
svin77710 collected $6 from pot
svin77710: doesn't show hand
*** SUMMARY ***
Total pot $6 | Rake $0
Seat 3: svin77710 (button) (small blind) collected ($6)
Seat 4: AzureCaper (big blind) folded before Flop


PokerStars Hand #147911419676:  Hold'em Limit ($3/$6 USD) - 2016/01/29 21:46:59 ET
Table 'Hirose' 6-max Seat #4 is the button
Seat 3: svin77710 ($69.79 in chips)
Seat 4: AzureCaper ($82.38 in chips)
AzureCaper: posts small blind $1
svin77710: posts big blind $3
*** HOLE CARDS ***
AzureCaper: folds
Uncalled bet ($2) returned to svin77710
svin77710 collected $2 from pot
svin77710: doesn't show hand
*** SUMMARY ***
Total pot $2 | Rake $0
Seat 3: svin77710 (big blind) collected ($2)
Seat 4: AzureCaper (button) (small blind) folded before Flop


PokerStars Hand #147911458700:  Hold'em Limit ($3/$6 USD) - 2016/01/29 21:48:20 ET
Table 'Hirose' 6-max Seat #3 is the button
Seat 3: svin77710 ($66.31 in chips)
Seat 4: AzureCaper ($84.88 in chips)
svin77710: posts small blind $1
AzureCaper: posts big blind $3
*** HOLE CARDS ***
svin77710: raises $3 to $6
AzureCaper: folds
Uncalled bet ($3) returned to svin77710
svin77710 collected $6 from pot
svin77710: doesn't show hand
*** SUMMARY ***
Total pot $6 | Rake $0
Seat 3: svin77710 (button) (small blind) collected ($6)
Seat 4: AzureCaper (big blind) folded before Flop


PokerStars Hand #147911456317:  Hold'em Limit ($3/$6 USD) - 2016/01/29 21:48:15 ET
Table 'Hirose' 6-max Seat #4 is the button
Seat 3: svin77710 ($65.31 in chips)
Seat 4: AzureCaper ($85.88 in chips)
AzureCaper: posts small blind $1
svin77710: posts big blind $3
*** HOLE CARDS ***
AzureCaper: folds
Uncalled bet ($2) returned to svin77710
svin77710 collected $2 from pot
svin77710: doesn't show hand
*** SUMMARY ***
Total pot $2 | Rake $0
Seat 3: svin77710 (big blind) collected ($2)
Seat 4: AzureCaper (button) (small blind) folded before Flop


PokerStars Hand #147911453652:  Hold'em Limit ($3/$6 USD) - 2016/01/29 21:48:09 ET
Table 'Hirose' 6-max Seat #3 is the button
Seat 3: svin77710 ($62.31 in chips)
Seat 4: AzureCaper ($88.88 in chips)
svin77710: posts small blind $1
AzureCaper: posts big blind $3
*** HOLE CARDS ***
svin77710: raises $3 to $6
AzureCaper: folds
Uncalled bet ($3) returned to svin77710
svin77710 collected $6 from pot
svin77710: doesn't show hand
*** SUMMARY ***
Total pot $6 | Rake $0
Seat 3: svin77710 (button) (small blind) collected ($6)
Seat 4: AzureCaper (big blind) folded before Flop


PokerStars Hand #147911446517:  Hold'em Limit ($3/$6 USD) - 2016/01/29 21:47:54 ET
Table 'Hirose' 6-max Seat #4 is the button
Seat 3: svin77710 ($56.55 in chips)
Seat 4: AzureCaper ($94.88 in chips)
AzureCaper: posts small blind $1
svin77710: posts big blind $3
*** HOLE CARDS ***
AzureCaper: raises $3 to $6
svin77710: calls $3
*** FLOP *** [Tc 5d 4c]
svin77710: bets $3
AzureCaper: folds
Uncalled bet ($3) returned to svin77710
svin77710 collected $11.76 from pot
svin77710: doesn't show hand
*** SUMMARY ***
Total pot $12 | Rake $0.24
Board [Tc 5d 4c]
Seat 3: svin77710 (big blind) collected ($11.76)
Seat 4: AzureCaper (button) (small blind) folded on the Flop


PokerStars Hand #147911440052:  Hold'em Limit ($3/$6 USD) - 2016/01/29 21:47:41 ET
Table 'Hirose' 6-max Seat #3 is the button
Seat 3: svin77710 ($50.79 in chips)
Seat 4: AzureCaper ($100.88 in chips)
svin77710: posts small blind $1
AzureCaper: posts big blind $3
*** HOLE CARDS ***
svin77710: raises $3 to $6
AzureCaper: calls $3
*** FLOP *** [Ks Jc 2d]
AzureCaper: checks
svin77710: bets $3
AzureCaper: folds
Uncalled bet ($3) returned to svin77710
svin77710 collected $11.76 from pot
svin77710: doesn't show hand
*** SUMMARY ***
Total pot $12 | Rake $0.24
Board [Ks Jc 2d]
Seat 3: svin77710 (button) (small blind) collected ($11.76)
Seat 4: AzureCaper (big blind) folded on the Flop


PokerStars Hand #147911432248:  Hold'em Limit ($3/$6 USD) - 2016/01/29 21:47:25 ET
Table 'Hirose' 6-max Seat #4 is the button
Seat 3: svin77710 ($77.79 in chips)
Seat 4: AzureCaper ($74.38 in chips)
AzureCaper: posts small blind $1
svin77710: posts big blind $3
*** HOLE CARDS ***
AzureCaper: raises $3 to $6
svin77710: calls $3
*** FLOP *** [Ks Td 6h]
svin77710: checks
AzureCaper: bets $3
svin77710: calls $3
*** TURN *** [Ks Td 6h] [Ad]
svin77710: checks
AzureCaper: bets $6
svin77710: raises $6 to $12
AzureCaper: calls $6
*** RIVER *** [Ks Td 6h Ad] [7s]
svin77710: bets $6
AzureCaper: calls $6
*** SHOW DOWN ***
svin77710: shows [9h Ac] (a pair of Aces)
AzureCaper: shows [Ah Qd] (a pair of Aces - King+Queen kicker)
AzureCaper collected $53.50 from pot
*** SUMMARY ***
Total pot $54 | Rake $0.50
Board [Ks Td 6h Ad 7s]
Seat 3: svin77710 (big blind) showed [9h Ac] and lost with a pair of Aces
Seat 4: AzureCaper (button) (small blind) showed [Ah Qd] and won ($53.50) with a pair of Aces


PokerStars Hand #147911486170:  Hold'em Limit ($3/$6 USD) - 2016/01/29 21:49:18 ET
Table 'Hirose' 6-max Seat #4 is the button
Seat 3: svin77710 ($71.19 in chips)
Seat 4: AzureCaper ($79.52 in chips)
AzureCaper: posts small blind $1
svin77710: posts big blind $3
*** HOLE CARDS ***
AzureCaper: raises $3 to $6
svin77710: calls $3
*** FLOP *** [8s Jh Th]
svin77710: checks
AzureCaper: checks
*** TURN *** [8s Jh Th] [3s]
svin77710: bets $6
AzureCaper: folds
Uncalled bet ($6) returned to svin77710
svin77710 collected $11.76 from pot
svin77710: doesn't show hand
*** SUMMARY ***
Total pot $12 | Rake $0.24
Board [8s Jh Th 3s]
Seat 3: svin77710 (big blind) collected ($11.76)
Seat 4: AzureCaper (button) (small blind) folded on the Turn


PokerStars Hand #147911483798:  Hold'em Limit ($3/$6 USD) - 2016/01/29 21:49:13 ET
Table 'Hirose' 6-max Seat #3 is the button
Seat 3: svin77710 ($68.19 in chips)
Seat 4: AzureCaper ($82.52 in chips)
svin77710: posts small blind $1
AzureCaper: posts big blind $3
*** HOLE CARDS ***
svin77710: raises $3 to $6
AzureCaper: folds
Uncalled bet ($3) returned to svin77710
svin77710 collected $6 from pot
svin77710: doesn't show hand
*** SUMMARY ***
Total pot $6 | Rake $0
Seat 3: svin77710 (button) (small blind) collected ($6)
Seat 4: AzureCaper (big blind) folded before Flop


PokerStars Hand #147911481592:  Hold'em Limit ($3/$6 USD) - 2016/01/29 21:49:08 ET
Table 'Hirose' 6-max Seat #4 is the button
Seat 3: svin77710 ($67.19 in chips)
Seat 4: AzureCaper ($83.52 in chips)
AzureCaper: posts small blind $1
svin77710: posts big blind $3
*** HOLE CARDS ***
AzureCaper: folds
Uncalled bet ($2) returned to svin77710
svin77710 collected $2 from pot
svin77710: doesn't show hand
*** SUMMARY ***
Total pot $2 | Rake $0
Seat 3: svin77710 (big blind) collected ($2)
Seat 4: AzureCaper (button) (small blind) folded before Flop


PokerStars Hand #147911478838:  Hold'em Limit ($3/$6 USD) - 2016/01/29 21:49:02 ET
Table 'Hirose' 6-max Seat #3 is the button
Seat 3: svin77710 ($64.19 in chips)
Seat 4: AzureCaper ($86.52 in chips)
svin77710: posts small blind $1
AzureCaper: posts big blind $3
*** HOLE CARDS ***
svin77710: raises $3 to $6
AzureCaper: folds
Uncalled bet ($3) returned to svin77710
svin77710 collected $6 from pot
svin77710: doesn't show hand
*** SUMMARY ***
Total pot $6 | Rake $0
Seat 3: svin77710 (button) (small blind) collected ($6)
Seat 4: AzureCaper (big blind) folded before Flop


PokerStars Hand #147911476675:  Hold'em Limit ($3/$6 USD) - 2016/01/29 21:48:58 ET
Table 'Hirose' 6-max Seat #4 is the button
Seat 3: svin77710 ($63.19 in chips)
Seat 4: AzureCaper ($87.52 in chips)
AzureCaper: posts small blind $1
svin77710: posts big blind $3
*** HOLE CARDS ***
AzureCaper: folds
Uncalled bet ($2) returned to svin77710
svin77710 collected $2 from pot
svin77710: doesn't show hand
*** SUMMARY ***
Total pot $2 | Rake $0
Seat 3: svin77710 (big blind) collected ($2)
Seat 4: AzureCaper (button) (small blind) folded before Flop


PokerStars Hand #147911471642:  Hold'em Limit ($3/$6 USD) - 2016/01/29 21:48:47 ET
Table 'Hirose' 6-max Seat #3 is the button
Seat 3: svin77710 ($60.31 in chips)
Seat 4: AzureCaper ($90.52 in chips)
svin77710: posts small blind $1
AzureCaper: posts big blind $3
*** HOLE CARDS ***
svin77710: calls $2
AzureCaper: checks
*** FLOP *** [6h Qd 5s]
AzureCaper: checks
svin77710: bets $3
AzureCaper: folds
Uncalled bet ($3) returned to svin77710
svin77710 collected $5.88 from pot
svin77710: doesn't show hand
*** SUMMARY ***
Total pot $6 | Rake $0.12
Board [6h Qd 5s]
Seat 3: svin77710 (button) (small blind) collected ($5.88)
Seat 4: AzureCaper (big blind) folded on the Flop


PokerStars Hand #147911462189:  Hold'em Limit ($3/$6 USD) - 2016/01/29 21:48:27 ET
Table 'Hirose' 6-max Seat #4 is the button
Seat 3: svin77710 ($69.31 in chips)
Seat 4: AzureCaper ($81.88 in chips)
AzureCaper: posts small blind $1
svin77710: posts big blind $3
*** HOLE CARDS ***
AzureCaper: raises $3 to $6
svin77710: calls $3
*** FLOP *** [7c 7d 2d]
svin77710: checks
AzureCaper: bets $3
svin77710: calls $3
*** TURN *** [7c 7d 2d] [Tc]
svin77710: checks
AzureCaper: bets $6
svin77710: folds
Uncalled bet ($6) returned to AzureCaper
AzureCaper collected $17.64 from pot
AzureCaper: doesn't show hand
*** SUMMARY ***
Total pot $18 | Rake $0.36
Board [7c 7d 2d Tc]
Seat 3: svin77710 (big blind) folded on the Turn
Seat 4: AzureCaper (button) (small blind) collected ($17.64)


PokerStars Hand #147911505964:  Hold'em Limit ($3/$6 USD) - 2016/01/29 21:49:59 ET
Table 'Hirose' 6-max Seat #3 is the button
Seat 3: svin77710 ($68.95 in chips)
Seat 4: AzureCaper ($81.16 in chips)
svin77710: posts small blind $1
AzureCaper: posts big blind $3
*** HOLE CARDS ***
svin77710: raises $3 to $6
AzureCaper: calls $3
*** FLOP *** [7c Ks Js]
AzureCaper: checks
svin77710: checks
*** TURN *** [7c Ks Js] [9d]
AzureCaper: bets $6
svin77710: raises $6 to $12
AzureCaper: raises $6 to $18
svin77710: calls $6
*** RIVER *** [7c Ks Js 9d] [6d]
AzureCaper: bets $6
svin77710: calls $6
*** SHOW DOWN ***
AzureCaper: shows [Jh Kh] (two pair, Kings and Jacks)
svin77710: mucks hand
AzureCaper collected $59.50 from pot
*** SUMMARY ***
Total pot $60 | Rake $0.50
Board [7c Ks Js 9d 6d]
Seat 3: svin77710 (button) (small blind) mucked
Seat 4: AzureCaper (big blind) showed [Jh Kh] and won ($59.50) with two pair, Kings and Jacks


PokerStars Hand #147911503817:  Hold'em Limit ($3/$6 USD) - 2016/01/29 21:49:55 ET
Table 'Hirose' 6-max Seat #4 is the button
Seat 3: svin77710 ($67.95 in chips)
Seat 4: AzureCaper ($82.16 in chips)
AzureCaper: posts small blind $1
svin77710: posts big blind $3
*** HOLE CARDS ***
AzureCaper: folds
Uncalled bet ($2) returned to svin77710
svin77710 collected $2 from pot
svin77710: doesn't show hand
*** SUMMARY ***
Total pot $2 | Rake $0
Seat 3: svin77710 (big blind) collected ($2)
Seat 4: AzureCaper (button) (small blind) folded before Flop


PokerStars Hand #147911500149:  Hold'em Limit ($3/$6 USD) - 2016/01/29 21:49:47 ET
Table 'Hirose' 6-max Seat #3 is the button
Seat 3: svin77710 ($68.95 in chips)
Seat 4: AzureCaper ($81.16 in chips)
svin77710: posts small blind $1
AzureCaper: posts big blind $3
*** HOLE CARDS ***
svin77710: folds
Uncalled bet ($2) returned to AzureCaper
AzureCaper collected $2 from pot
AzureCaper: doesn't show hand
*** SUMMARY ***
Total pot $2 | Rake $0
Seat 3: svin77710 (button) (small blind) folded before Flop
Seat 4: AzureCaper (big blind) collected ($2)


PokerStars Hand #147911498051:  Hold'em Limit ($3/$6 USD) - 2016/01/29 21:49:43 ET
Table 'Hirose' 6-max Seat #4 is the button
Seat 3: svin77710 ($67.95 in chips)
Seat 4: AzureCaper ($82.16 in chips)
AzureCaper: posts small blind $1
svin77710: posts big blind $3
*** HOLE CARDS ***
AzureCaper: folds
Uncalled bet ($2) returned to svin77710
svin77710 collected $2 from pot
svin77710: doesn't show hand
*** SUMMARY ***
Total pot $2 | Rake $0
Seat 3: svin77710 (big blind) collected ($2)
Seat 4: AzureCaper (button) (small blind) folded before Flop


PokerStars Hand #147911491110:  Hold'em Limit ($3/$6 USD) - 2016/01/29 21:49:28 ET
Table 'Hirose' 6-max Seat #3 is the button
Seat 3: svin77710 ($76.95 in chips)
Seat 4: AzureCaper ($73.52 in chips)
svin77710: posts small blind $1
AzureCaper: posts big blind $3
*** HOLE CARDS ***
svin77710: calls $2
AzureCaper: checks
*** FLOP *** [9h Jh Jc]
AzureCaper: checks
svin77710: checks
*** TURN *** [9h Jh Jc] [Ts]
AzureCaper: checks
svin77710: checks
*** RIVER *** [9h Jh Jc Ts] [Th]
AzureCaper: checks
svin77710: bets $6
AzureCaper: calls $6
*** SHOW DOWN ***
svin77710: shows [4s 5s] (two pair, Jacks and Tens)
AzureCaper: shows [Kd 4d] (two pair, Jacks and Tens - King kicker)
AzureCaper collected $17.64 from pot
*** SUMMARY ***
Total pot $18 | Rake $0.36
Board [9h Jh Jc Ts Th]
Seat 3: svin77710 (button) (small blind) showed [4s 5s] and lost with two pair, Jacks and Tens
Seat 4: AzureCaper (big blind) showed [Kd 4d] and won ($17.64) with two pair, Jacks and Tens


PokerStars Hand #147911543947:  Hold'em Limit ($3/$6 USD) - 2016/01/29 21:51:19 ET
Table 'Hirose' 6-max Seat #4 is the button
Seat 3: svin77710 ($58.45 in chips)
Seat 4: AzureCaper ($90.66 in chips)
AzureCaper: posts small blind $1
svin77710: posts big blind $3
*** HOLE CARDS ***
AzureCaper: folds
Uncalled bet ($2) returned to svin77710
svin77710 collected $2 from pot
svin77710: doesn't show hand
*** SUMMARY ***
Total pot $2 | Rake $0
Seat 3: svin77710 (big blind) collected ($2)
Seat 4: AzureCaper (button) (small blind) folded before Flop


PokerStars Hand #147911541678:  Hold'em Limit ($3/$6 USD) - 2016/01/29 21:51:15 ET
Table 'Hirose' 6-max Seat #3 is the button
Seat 3: svin77710 ($59.45 in chips)
Seat 4: AzureCaper ($89.66 in chips)
svin77710: posts small blind $1
AzureCaper: posts big blind $3
*** HOLE CARDS ***
svin77710: folds
Uncalled bet ($2) returned to AzureCaper
AzureCaper collected $2 from pot
AzureCaper: doesn't show hand
*** SUMMARY ***
Total pot $2 | Rake $0
Seat 3: svin77710 (button) (small blind) folded before Flop
Seat 4: AzureCaper (big blind) collected ($2)


PokerStars Hand #147911539704:  Hold'em Limit ($3/$6 USD) - 2016/01/29 21:51:10 ET
Table 'Hirose' 6-max Seat #4 is the button
Seat 3: svin77710 ($58.45 in chips)
Seat 4: AzureCaper ($90.66 in chips)
AzureCaper: posts small blind $1
svin77710: posts big blind $3
*** HOLE CARDS ***
AzureCaper: folds
Uncalled bet ($2) returned to svin77710
svin77710 collected $2 from pot
svin77710: doesn't show hand
*** SUMMARY ***
Total pot $2 | Rake $0
Seat 3: svin77710 (big blind) collected ($2)
Seat 4: AzureCaper (button) (small blind) folded before Flop


PokerStars Hand #147911534868:  Hold'em Limit ($3/$6 USD) - 2016/01/29 21:51:00 ET
Table 'Hirose' 6-max Seat #4 is the button
Seat 3: svin77710 ($58.45 in chips)
Seat 4: AzureCaper ($90.66 in chips)
AzureCaper: posts small blind $1
svin77710: posts big blind $3
*** HOLE CARDS ***
AzureCaper: folds
Uncalled bet ($2) returned to svin77710
svin77710 collected $2 from pot
svin77710: doesn't show hand
*** SUMMARY ***
Total pot $2 | Rake $0
Seat 3: svin77710 (big blind) collected ($2)
Seat 4: AzureCaper (button) (small blind) folded before Flop


PokerStars Hand #147911527704:  Hold'em Limit ($3/$6 USD) - 2016/01/29 21:50:45 ET
Table 'Hirose' 6-max Seat #3 is the button
Seat 3: svin77710 ($43.95 in chips)
Seat 4: AzureCaper ($105.66 in chips)
svin77710: posts small blind $1
AzureCaper: posts big blind $3
*** HOLE CARDS ***
svin77710: raises $3 to $6
AzureCaper: calls $3
*** FLOP *** [3c Qh 9h]
AzureCaper: checks
svin77710: bets $3
AzureCaper: calls $3
*** TURN *** [3c Qh 9h] [3d]
AzureCaper: checks
svin77710: bets $6
AzureCaper: calls $6
*** RIVER *** [3c Qh 9h 3d] [3s]
AzureCaper: checks
svin77710: checks
*** SHOW DOWN ***
AzureCaper: shows [Td Js] (three of a kind, Threes)
svin77710: shows [Kd 7d] (three of a kind, Threes - King kicker)
svin77710 collected $29.50 from pot
*** SUMMARY ***
Total pot $30 | Rake $0.50
Board [3c Qh 9h 3d 3s]
Seat 3: svin77710 (button) (small blind) showed [Kd 7d] and won ($29.50) with three of a kind, Threes
Seat 4: AzureCaper (big blind) showed [Td Js] and lost with three of a kind, Threes


PokerStars Hand #147911525372:  Hold'em Limit ($3/$6 USD) - 2016/01/29 21:50:40 ET
Table 'Hirose' 6-max Seat #4 is the button
Seat 3: svin77710 ($42.95 in chips)
Seat 4: AzureCaper ($106.66 in chips)
AzureCaper: posts small blind $1
svin77710: posts big blind $3
*** HOLE CARDS ***
AzureCaper: folds
Uncalled bet ($2) returned to svin77710
svin77710 collected $2 from pot
svin77710: doesn't show hand
*** SUMMARY ***
Total pot $2 | Rake $0
Seat 3: svin77710 (big blind) collected ($2)
Seat 4: AzureCaper (button) (small blind) folded before Flop


PokerStars Hand #147911522634:  Hold'em Limit ($3/$6 USD) - 2016/01/29 21:50:34 ET
Table 'Hirose' 6-max Seat #3 is the button
Seat 3: svin77710 ($39.95 in chips)
Seat 4: AzureCaper ($109.66 in chips)
svin77710: posts small blind $1
AzureCaper: posts big blind $3
*** HOLE CARDS ***
svin77710: raises $3 to $6
AzureCaper: folds
Uncalled bet ($3) returned to svin77710
svin77710 collected $6 from pot
svin77710: doesn't show hand
*** SUMMARY ***
Total pot $6 | Rake $0
Seat 3: svin77710 (button) (small blind) collected ($6)
Seat 4: AzureCaper (big blind) folded before Flop


PokerStars Hand #147911519079:  Hold'em Limit ($3/$6 USD) - 2016/01/29 21:50:27 ET
Table 'Hirose' 6-max Seat #4 is the button
Seat 3: svin77710 ($38.95 in chips)
Seat 4: AzureCaper ($110.66 in chips)
AzureCaper: posts small blind $1
svin77710: posts big blind $3
*** HOLE CARDS ***
AzureCaper: folds
Uncalled bet ($2) returned to svin77710
svin77710 collected $2 from pot
svin77710: doesn't show hand
*** SUMMARY ***
Total pot $2 | Rake $0
Seat 3: svin77710 (big blind) collected ($2)
Seat 4: AzureCaper (button) (small blind) folded before Flop


PokerStars Hand #147911558306:  Hold'em Limit ($3/$6 USD) - 2016/01/29 21:51:49 ET
Table 'Hirose' 6-max Seat #3 is the button
Seat 3: svin77710 ($83.95 in chips)
Seat 4: AzureCaper ($72 in chips)
svin77710: posts small blind $1
AzureCaper: posts big blind $3
*** HOLE CARDS ***
svin77710: calls $2
AzureCaper: checks
*** FLOP *** [Ac 2c Jh]
AzureCaper: checks
svin77710: bets $3
AzureCaper: folds
Uncalled bet ($3) returned to svin77710
svin77710 collected $5.88 from pot
svin77710: doesn't show hand
*** SUMMARY ***
Total pot $6 | Rake $0.12
Board [Ac 2c Jh]
Seat 3: svin77710 (button) (small blind) collected ($5.88)
Seat 4: AzureCaper (big blind) folded on the Flop


PokerStars Hand #147911555979:  Hold'em Limit ($3/$6 USD) - 2016/01/29 21:51:45 ET
Table 'Hirose' 6-max Seat #4 is the button
Seat 3: svin77710 ($82.95 in chips)
Seat 4: AzureCaper ($72 in chips)
AzureCaper: posts small blind $1
svin77710: posts big blind $3
*** HOLE CARDS ***
AzureCaper: folds
Uncalled bet ($2) returned to svin77710
svin77710 collected $2 from pot
REZOLUTION84 joins the table at seat #5
svin77710: doesn't show hand
*** SUMMARY ***
Total pot $2 | Rake $0
Seat 3: svin77710 (big blind) collected ($2)
Seat 4: AzureCaper (button) (small blind) folded before Flop


PokerStars Hand #147911547110:  Hold'em Limit ($3/$6 USD) - 2016/01/29 21:51:26 ET
Table 'Hirose' 6-max Seat #3 is the button
Seat 3: svin77710 ($59.45 in chips)
Seat 4: AzureCaper ($89.66 in chips)
svin77710: posts small blind $1
AzureCaper: posts big blind $3
*** HOLE CARDS ***
svin77710: raises $3 to $6
AzureCaper: calls $3
*** FLOP *** [6c 4c 5h]
AzureCaper: checks
svin77710: bets $3
AzureCaper: raises $3 to $6
svin77710: calls $3
*** TURN *** [6c 4c 5h] [Ac]
AzureCaper: checks
svin77710: bets $6
AzureCaper: calls $6
*** RIVER *** [6c 4c 5h Ac] [9s]
AzureCaper: checks
svin77710: bets $6
AzureCaper: calls $6
*** SHOW DOWN ***
svin77710: shows [Th Ah] (a pair of Aces)
AzureCaper: mucks hand
svin77710 collected $47.50 from pot
*** SUMMARY ***
Total pot $48 | Rake $0.50
Board [6c 4c 5h Ac 9s]
Seat 3: svin77710 (button) (small blind) showed [Th Ah] and won ($47.50) with a pair of Aces
Seat 4: AzureCaper (big blind) mucked


