PokerStars Hand #155102775580:  Hold'em Limit ($3/$6 USD) - 2016/06/23 12:37:14 ET
Table 'Hirons' 6-max Seat #1 is the button
Seat 1: B_loJkl ($141 in chips)
Seat 6: HAOYUN88888 ($98.15 in chips)
B_loJkl: posts small blind $1
Great_Kang: is sitting out
HAOYUN88888: posts big blind $3
*** HOLE CARDS ***
B_loJkl: raises $3 to $6
HAOYUN88888: calls $3
*** FLOP *** [Kh Ad 8h]
HAOYUN88888: checks
B_loJkl: bets $3
HAOYUN88888: calls $3
*** TURN *** [Kh Ad 8h] [Ks]
HAOYUN88888: checks
B_loJkl: checks
*** RIVER *** [Kh Ad 8h Ks] [2c]
HAOYUN88888: bets $6
B_loJkl: folds
Uncalled bet ($6) returned to HAOYUN88888
HAOYUN88888 collected $17.64 from pot
HAOYUN88888: doesn't show hand
*** SUMMARY ***
Total pot $18 | Rake $0.36
Board [Kh Ad 8h Ks 2c]
Seat 1: B_loJkl (button) (small blind) folded on the River
Seat 6: HAOYUN88888 (big blind) collected ($17.64)


PokerStars Hand #155102794348:  Hold'em Limit ($3/$6 USD) - 2016/06/23 12:37:45 ET
Table 'Hirons' 6-max Seat #6 is the button
Seat 1: B_loJkl ($132 in chips)
Seat 6: HAOYUN88888 ($106.79 in chips)
HAOYUN88888: posts small blind $1
B_loJkl: posts big blind $3
*** HOLE CARDS ***
HAOYUN88888: raises $3 to $6
B_loJkl: calls $3
*** FLOP *** [Jd 2c Js]
B_loJkl: checks
HAOYUN88888: bets $3
B_loJkl: raises $3 to $6
HAOYUN88888: raises $3 to $9
B_loJkl: calls $3
*** TURN *** [Jd 2c Js] [7s]
B_loJkl: checks
HAOYUN88888: bets $6
B_loJkl: calls $6
*** RIVER *** [Jd 2c Js 7s] [3d]
B_loJkl: checks
HAOYUN88888: bets $6
B_loJkl: folds
Uncalled bet ($6) returned to HAOYUN88888
HAOYUN88888 collected $41.50 from pot
HAOYUN88888: doesn't show hand
*** SUMMARY ***
Total pot $42 | Rake $0.50
Board [Jd 2c Js 7s 3d]
Seat 1: B_loJkl (big blind) folded on the River
Seat 6: HAOYUN88888 (button) (small blind) collected ($41.50)


PokerStars Hand #155102833312:  Hold'em Limit ($3/$6 USD) - 2016/06/23 12:38:49 ET
Table 'Hirons' 6-max Seat #1 is the button
Seat 1: B_loJkl ($111 in chips)
Seat 6: HAOYUN88888 ($127.29 in chips)
B_loJkl: posts small blind $1
HAOYUN88888: posts big blind $3
*** HOLE CARDS ***
B_loJkl: raises $3 to $6
HAOYUN88888: raises $3 to $9
BrownieSpy joins the table at seat #2
B_loJkl: calls $3
*** FLOP *** [Qd 8d Qc]
HAOYUN88888: bets $3
B_loJkl: calls $3
*** TURN *** [Qd 8d Qc] [5d]
HAOYUN88888: bets $6
B_loJkl: raises $6 to $12
HAOYUN88888: calls $6
*** RIVER *** [Qd 8d Qc 5d] [7c]
HAOYUN88888: checks
B_loJkl: bets $6
HAOYUN88888: calls $6
*** SHOW DOWN ***
B_loJkl: shows [Qh 8s] (a full house, Queens full of Eights)
HAOYUN88888: mucks hand
B_loJkl collected $59.50 from pot
*** SUMMARY ***
Total pot $60 | Rake $0.50
Board [Qd 8d Qc 5d 7c]
Seat 1: B_loJkl (button) (small blind) showed [Qh 8s] and won ($59.50) with a full house, Queens full of Eights
Seat 6: HAOYUN88888 (big blind) mucked


PokerStars Hand #155102851196:  Hold'em Limit ($3/$6 USD) - 2016/06/23 12:39:18 ET
Table 'Hirons' 6-max Seat #6 is the button
Seat 1: B_loJkl ($140.50 in chips)
Seat 6: HAOYUN88888 ($97.29 in chips)
HAOYUN88888: posts small blind $1
B_loJkl: posts big blind $3
*** HOLE CARDS ***
HAOYUN88888: folds
Uncalled bet ($2) returned to B_loJkl
B_loJkl collected $2 from pot
B_loJkl: doesn't show hand
*** SUMMARY ***
Total pot $2 | Rake $0
Seat 1: B_loJkl (big blind) collected ($2)
Seat 6: HAOYUN88888 (button) (small blind) folded before Flop


PokerStars Hand #155102938638:  Hold'em Limit ($3/$6 USD) - 2016/06/23 12:41:41 ET
Table 'Hirons' 6-max Seat #1 is the button
Seat 1: B_loJkl ($119.50 in chips)
Seat 6: HAOYUN88888 ($102.39 in chips)
B_loJkl: posts small blind $1
BrownieSpy: is sitting out
HAOYUN88888: posts big blind $3
*** HOLE CARDS ***
BrownieSpy leaves the table
B_loJkl: raises $3 to $6
HAOYUN88888: folds
Uncalled bet ($3) returned to B_loJkl
B_loJkl collected $6 from pot
B_loJkl: doesn't show hand
*** SUMMARY ***
Total pot $6 | Rake $0
Seat 1: B_loJkl (button) (small blind) collected ($6)
Seat 6: HAOYUN88888 (big blind) folded before Flop


PokerStars Hand #155103006473:  Hold'em Limit ($3/$6 USD) - 2016/06/23 12:43:32 ET
Table 'Hirons' 6-max Seat #4 is the button
Seat 4: Great_Kang ($149.50 in chips)
Seat 6: HAOYUN88888 ($69.39 in chips)
Great_Kang: posts small blind $1
HAOYUN88888: posts big blind $3
*** HOLE CARDS ***
Great_Kang: raises $3 to $6
HAOYUN88888: calls $3
*** FLOP *** [Kd 9d 5h]
HAOYUN88888: checks
Great_Kang: bets $3
HAOYUN88888: folds
Uncalled bet ($3) returned to Great_Kang
Great_Kang collected $11.76 from pot
Great_Kang: doesn't show hand
*** SUMMARY ***
Total pot $12 | Rake $0.24
Board [Kd 9d 5h]
Seat 4: Great_Kang (button) (small blind) collected ($11.76)
Seat 6: HAOYUN88888 (big blind) folded on the Flop


PokerStars Hand #155102955778:  Hold'em Limit ($3/$6 USD) - 2016/06/23 12:42:10 ET
Table 'Hirons' 6-max Seat #6 is the button
Seat 4: Great_Kang ($120 in chips)
Seat 6: HAOYUN88888 ($99.39 in chips)
HAOYUN88888: posts small blind $1
Great_Kang: posts big blind $3
*** HOLE CARDS ***
HAOYUN88888: raises $3 to $6
Great_Kang: calls $3
*** FLOP *** [7c 8d Js]
Great_Kang: checks
HAOYUN88888: bets $3
Great_Kang: raises $3 to $6
BrownieSpy joins the table at seat #1
HAOYUN88888: calls $3
*** TURN *** [7c 8d Js] [5h]
Great_Kang: bets $6
HAOYUN88888: raises $6 to $12
Great_Kang: calls $6
*** RIVER *** [7c 8d Js 5h] [8h]
Great_Kang: checks
HAOYUN88888: bets $6
Great_Kang: raises $6 to $12
HAOYUN88888: folds
Uncalled bet ($6) returned to Great_Kang
Great_Kang collected $59.50 from pot
Great_Kang: doesn't show hand
*** SUMMARY ***
Total pot $60 | Rake $0.50
Board [7c 8d Js 5h 8h]
Seat 4: Great_Kang (big blind) collected ($59.50)
Seat 6: HAOYUN88888 (button) (small blind) folded on the River


PokerStars Hand #155103251580:  Hold'em Limit ($3/$6 USD) - 2016/06/23 12:49:54 ET
Table 'Hirons' 6-max Seat #4 is the button
Seat 1: BrownieSpy ($126.10 in chips)
Seat 4: Great_Kang ($143.34 in chips)
Great_Kang: posts small blind $1
BrownieSpy: posts big blind $3
*** HOLE CARDS ***
Great_Kang: raises $3 to $6
BrownieSpy: folds
Uncalled bet ($3) returned to Great_Kang
Great_Kang collected $6 from pot
Great_Kang: doesn't show hand
*** SUMMARY ***
Total pot $6 | Rake $0
Seat 1: BrownieSpy (big blind) folded before Flop
Seat 4: Great_Kang (button) (small blind) collected ($6)


PokerStars Hand #155103240838:  Hold'em Limit ($3/$6 USD) - 2016/06/23 12:49:37 ET
Table 'Hirons' 6-max Seat #4 is the button
Seat 1: BrownieSpy ($130.10 in chips)
Seat 4: Great_Kang ($139.34 in chips)
Great_Kang: posts small blind $1
BrownieSpy: posts big blind $3
*** HOLE CARDS ***
Great_Kang: raises $3 to $6
BrownieSpy: folds
Uncalled bet ($3) returned to Great_Kang
Great_Kang collected $6 from pot
Great_Kang: doesn't show hand
*** SUMMARY ***
Total pot $6 | Rake $0
Seat 1: BrownieSpy (big blind) folded before Flop
Seat 4: Great_Kang (button) (small blind) collected ($6)


PokerStars Hand #155103280053:  Hold'em Limit ($3/$6 USD) - 2016/06/23 12:50:39 ET
Table 'Hirons' 6-max Seat #1 is the button
Seat 1: BrownieSpy ($127.10 in chips)
Seat 4: Great_Kang ($142.34 in chips)
BrownieSpy: posts small blind $1
Great_Kang: posts big blind $3
*** HOLE CARDS ***
BrownieSpy: folds
Uncalled bet ($2) returned to Great_Kang
Great_Kang collected $2 from pot
Great_Kang: doesn't show hand
*** SUMMARY ***
Total pot $2 | Rake $0
Seat 1: BrownieSpy (button) (small blind) folded before Flop
Seat 4: Great_Kang (big blind) collected ($2)


PokerStars Hand #155103258180:  Hold'em Limit ($3/$6 USD) - 2016/06/23 12:50:04 ET
Table 'Hirons' 6-max Seat #1 is the button
Seat 1: BrownieSpy ($123.10 in chips)
Seat 4: Great_Kang ($146.34 in chips)
BrownieSpy: posts small blind $1
Great_Kang: posts big blind $3
*** HOLE CARDS ***
BrownieSpy: raises $3 to $6
Great_Kang: folds
Uncalled bet ($3) returned to BrownieSpy
BrownieSpy collected $6 from pot
BrownieSpy: doesn't show hand
*** SUMMARY ***
Total pot $6 | Rake $0
Seat 1: BrownieSpy (button) (small blind) collected ($6)
Seat 4: Great_Kang (big blind) folded before Flop


PokerStars Hand #155103266284:  Hold'em Limit ($3/$6 USD) - 2016/06/23 12:50:17 ET
Table 'Hirons' 6-max Seat #4 is the button
Seat 1: BrownieSpy ($126.10 in chips)
Seat 4: Great_Kang ($143.34 in chips)
Great_Kang: posts small blind $1
BrownieSpy: posts big blind $3
*** HOLE CARDS ***
Great_Kang has timed out
Great_Kang: folds
Uncalled bet ($2) returned to BrownieSpy
BrownieSpy collected $2 from pot
BrownieSpy: doesn't show hand
*** SUMMARY ***
Total pot $2 | Rake $0
Seat 1: BrownieSpy (big blind) collected ($2)
Seat 4: Great_Kang (button) (small blind) folded before Flop


