PokerStars Hand #160241600872:  Hold'em Limit ($3/$6 USD) - 2016/10/21 13:39:24 ET
Table 'Hirons' 6-max Seat #4 is the button
Seat 4: assitoni ($73 in chips)
Seat 5: hairy1961 ($50 in chips)
assitoni: posts small blind $1
hairy1961: posts big blind $3
*** HOLE CARDS ***
assitoni: raises $3 to $6
hairy1961: calls $3
*** FLOP *** [8h 2c 7s]
hairy1961: checks
assitoni: bets $3
hairy1961: raises $3 to $6
assitoni: raises $3 to $9
hairy1961: raises $3 to $12
Betting is capped
assitoni: calls $3
*** TURN *** [8h 2c 7s] [Jh]
hairy1961: bets $6
assitoni: calls $6
*** RIVER *** [8h 2c 7s Jh] [3s]
hairy1961: bets $6
assitoni: calls $6
*** SHOW DOWN ***
hairy1961: shows [4c 5s] (high card Jack)
assitoni: shows [8c 9d] (a pair of Eights)
assitoni collected $59.50 from pot
*** SUMMARY ***
Total pot $60 | Rake $0.50
Board [8h 2c 7s Jh 3s]
Seat 4: assitoni (button) (small blind) showed [8c 9d] and won ($59.50) with a pair of Eights
Seat 5: hairy1961 (big blind) showed [4c 5s] and lost with high card Jack


PokerStars Hand #160241628906:  Hold'em Limit ($3/$6 USD) - 2016/10/21 13:40:01 ET
Table 'Hirons' 6-max Seat #5 is the button
Seat 4: assitoni ($102.50 in chips)
Seat 5: hairy1961 ($20 in chips)
hairy1961: posts small blind $1
assitoni: posts big blind $3
*** HOLE CARDS ***
hairy1961: raises $3 to $6
assitoni: calls $3
*** FLOP *** [9d 7h 3s]
assitoni: checks
hairy1961: bets $3
assitoni: calls $3
*** TURN *** [9d 7h 3s] [Td]
assitoni: checks
hairy1961: bets $6
assitoni: raises $6 to $12
hairy1961: calls $5 and is all-in
Uncalled bet ($1) returned to assitoni
*** RIVER *** [9d 7h 3s Td] [7c]
*** SHOW DOWN ***
assitoni: shows [Qc 3h] (two pair, Sevens and Threes)
hairy1961: shows [As Tc] (two pair, Tens and Sevens)
hairy1961 collected $39.50 from pot
*** SUMMARY ***
Total pot $40 | Rake $0.50
Board [9d 7h 3s Td 7c]
Seat 4: assitoni (big blind) showed [Qc 3h] and lost with two pair, Sevens and Threes
Seat 5: hairy1961 (button) (small blind) showed [As Tc] and won ($39.50) with two pair, Tens and Sevens


PokerStars Hand #160241658095:  Hold'em Limit ($3/$6 USD) - 2016/10/21 13:40:40 ET
Table 'Hirons' 6-max Seat #5 is the button
Seat 4: assitoni ($81.50 in chips)
Seat 5: hairy1961 ($40.50 in chips)
hairy1961: posts small blind $1
assitoni: posts big blind $3
*** HOLE CARDS ***
hairy1961: folds
Uncalled bet ($2) returned to assitoni
assitoni collected $2 from pot
assitoni: doesn't show hand
*** SUMMARY ***
Total pot $2 | Rake $0
Seat 4: assitoni (big blind) collected ($2)
Seat 5: hairy1961 (button) (small blind) folded before Flop


PokerStars Hand #160241649893:  Hold'em Limit ($3/$6 USD) - 2016/10/21 13:40:29 ET
Table 'Hirons' 6-max Seat #4 is the button
Seat 4: assitoni ($82.50 in chips)
Seat 5: hairy1961 ($39.50 in chips)
assitoni: posts small blind $1
hairy1961: posts big blind $3
*** HOLE CARDS ***
assitoni: folds
Uncalled bet ($2) returned to hairy1961
hairy1961 collected $2 from pot
*** SUMMARY ***
Total pot $2 | Rake $0
Seat 4: assitoni (button) (small blind) folded before Flop
Seat 5: hairy1961 (big blind) collected ($2)


PokerStars Hand #160241662646:  Hold'em Limit ($3/$6 USD) - 2016/10/21 13:40:46 ET
Table 'Hirons' 6-max Seat #4 is the button
Seat 4: assitoni ($82.50 in chips)
Seat 5: hairy1961 ($39.50 in chips)
assitoni: posts small blind $1
hairy1961: posts big blind $3
*** HOLE CARDS ***
assitoni: folds
Uncalled bet ($2) returned to hairy1961
hairy1961 collected $2 from pot
*** SUMMARY ***
Total pot $2 | Rake $0
Seat 4: assitoni (button) (small blind) folded before Flop
Seat 5: hairy1961 (big blind) collected ($2)


PokerStars Hand #160241672160:  Hold'em Limit ($3/$6 USD) - 2016/10/21 13:40:58 ET
Table 'Hirons' 6-max Seat #4 is the button
Seat 4: assitoni ($82.50 in chips)
Seat 5: hairy1961 ($39.50 in chips)
assitoni: posts small blind $1
hairy1961: posts big blind $3
*** HOLE CARDS ***
assitoni: raises $3 to $6
Monpra joins the table at seat #3
hairy1961: folds
Uncalled bet ($3) returned to assitoni
assitoni collected $6 from pot
assitoni: doesn't show hand
*** SUMMARY ***
Total pot $6 | Rake $0
Seat 4: assitoni (button) (small blind) collected ($6)
Seat 5: hairy1961 (big blind) folded before Flop


PokerStars Hand #160241667583:  Hold'em Limit ($3/$6 USD) - 2016/10/21 13:40:52 ET
Table 'Hirons' 6-max Seat #5 is the button
Seat 4: assitoni ($81.50 in chips)
Seat 5: hairy1961 ($40.50 in chips)
hairy1961: posts small blind $1
assitoni: posts big blind $3
*** HOLE CARDS ***
hairy1961: folds
Uncalled bet ($2) returned to assitoni
assitoni collected $2 from pot
assitoni: doesn't show hand
*** SUMMARY ***
Total pot $2 | Rake $0
Seat 4: assitoni (big blind) collected ($2)
Seat 5: hairy1961 (button) (small blind) folded before Flop


PokerStars Hand #160241683628:  Hold'em Limit ($3/$6 USD) - 2016/10/21 13:41:14 ET
Table 'Hirons' 6-max Seat #3 is the button
Seat 3: Monpra ($61 in chips)
Seat 5: hairy1961 ($35.50 in chips)
Monpra: posts small blind $1
assitoni: is sitting out
hairy1961: posts big blind $3
*** HOLE CARDS ***
Monpra: raises $3 to $6
hairy1961: calls $3
*** FLOP *** [2c 4h 3s]
hairy1961: checks
Monpra: bets $3
hairy1961: calls $3
*** TURN *** [2c 4h 3s] [8s]
hairy1961: checks
Monpra: bets $6
hairy1961: raises $6 to $12
Monpra: raises $6 to $18
hairy1961: raises $6 to $24
Betting is capped
Monpra: calls $6
*** RIVER *** [2c 4h 3s 8s] [Ks]
hairy1961: bets $2.50 and is all-in
Monpra: calls $2.50
*** SHOW DOWN ***
hairy1961: shows [As 8h] (a pair of Eights)
Monpra: shows [8c Ac] (a pair of Eights)
hairy1961 collected $35.25 from pot
Monpra collected $35.25 from pot
*** SUMMARY ***
Total pot $71 | Rake $0.50
Board [2c 4h 3s 8s Ks]
Seat 3: Monpra (button) (small blind) showed [8c Ac] and won ($35.25) with a pair of Eights
Seat 5: hairy1961 (big blind) showed [As 8h] and won ($35.25) with a pair of Eights


PokerStars Hand #160241705929:  Hold'em Limit ($3/$6 USD) - 2016/10/21 13:41:43 ET
Table 'Hirons' 6-max Seat #5 is the button
Seat 3: Monpra ($60.75 in chips)
Seat 5: hairy1961 ($35.25 in chips)
hairy1961: posts small blind $1
Monpra: posts big blind $3
*** HOLE CARDS ***
hairy1961: raises $3 to $6
Monpra: raises $3 to $9
hairy1961: calls $3
*** FLOP *** [2d Jd 7c]
Monpra: bets $3
hairy1961: calls $3
*** TURN *** [2d Jd 7c] [6h]
Monpra: bets $6
hairy1961: folds
Uncalled bet ($6) returned to Monpra
Monpra collected $23.52 from pot
Monpra: doesn't show hand
Luanto 14 joins the table at seat #6
*** SUMMARY ***
Total pot $24 | Rake $0.48
Board [2d Jd 7c 6h]
Seat 3: Monpra (big blind) collected ($23.52)
Seat 5: hairy1961 (button) (small blind) folded on the Turn


PokerStars Hand #160241718631:  Hold'em Limit ($3/$6 USD) - 2016/10/21 13:42:00 ET
Table 'Hirons' 6-max Seat #3 is the button
Seat 3: Monpra ($72.27 in chips)
Seat 5: hairy1961 ($23.25 in chips)
Monpra: posts small blind $1
hairy1961: posts big blind $3
*** HOLE CARDS ***
Monpra: raises $3 to $6
hairy1961: calls $3
*** FLOP *** [5d Jh 5s]
hairy1961: checks
Monpra: bets $3
hairy1961: folds
Uncalled bet ($3) returned to Monpra
ice0034 joins the table at seat #2
Monpra collected $11.76 from pot
Monpra: doesn't show hand
*** SUMMARY ***
Total pot $12 | Rake $0.24
Board [5d Jh 5s]
Seat 3: Monpra (button) (small blind) collected ($11.76)
Seat 5: hairy1961 (big blind) folded on the Flop


PokerStars Hand #160241794969:  Hold'em Limit ($3/$6 USD) - 2016/10/21 13:43:40 ET
Table 'Hirons' 6-max Seat #3 is the button
Seat 3: Monpra ($128.18 in chips)
Seat 6: Luanto 14 ($264 in chips)
msivokho will be allowed to play after the button
Monpra: posts small blind $1
Luanto 14: posts big blind $3
*** HOLE CARDS ***
vestimokrec joins the table at seat #4
Monpra: raises $3 to $6
Luanto 14: calls $3
*** FLOP *** [9s 2d Ah]
Luanto 14: checks
Monpra: checks
*** TURN *** [9s 2d Ah] [8c]
hairy1961 leaves the table
Luanto 14: checks
Monpra: checks
*** RIVER *** [9s 2d Ah 8c] [As]
Luanto 14: bets $6
Monpra: calls $6
*** SHOW DOWN ***
Luanto 14: shows [Jc 9h] (two pair, Aces and Nines)
Monpra: mucks hand
Luanto 14 collected $23.52 from pot
*** SUMMARY ***
Total pot $24 | Rake $0.48
Board [9s 2d Ah 8c As]
Seat 3: Monpra (button) (small blind) mucked
Seat 6: Luanto 14 (big blind) showed [Jc 9h] and won ($23.52) with two pair, Aces and Nines


PokerStars Hand #160241865266:  Hold'em Limit ($3/$6 USD) - 2016/10/21 13:45:12 ET
Table 'Hirons' 6-max Seat #1 is the button
Seat 1: msivokho ($121 in chips)
Seat 6: Luanto 14 ($294.44 in chips)
msivokho: posts small blind $1
Monpra: is sitting out
vestimokrec: is sitting out
Luanto 14: posts big blind $3
*** HOLE CARDS ***
msivokho: folds
Uncalled bet ($2) returned to Luanto 14
Luanto 14 collected $2 from pot
Luanto 14: doesn't show hand
*** SUMMARY ***
Total pot $2 | Rake $0
Seat 1: msivokho (button) (small blind) folded before Flop
Seat 6: Luanto 14 (big blind) collected ($2)


PokerStars Hand #160241869041:  Hold'em Limit ($3/$6 USD) - 2016/10/21 13:45:17 ET
Table 'Hirons' 6-max Seat #6 is the button
Seat 1: msivokho ($120 in chips)
Seat 6: Luanto 14 ($295.44 in chips)
Luanto 14: posts small blind $1
msivokho: posts big blind $3
*** HOLE CARDS ***
Luanto 14: raises $3 to $6
vestimokrec leaves the table
Monpra leaves the table
msivokho: folds
Uncalled bet ($3) returned to Luanto 14
Luanto 14 collected $6 from pot
ice0034 leaves the table
Luanto 14: doesn't show hand
*** SUMMARY ***
Total pot $6 | Rake $0
Seat 1: msivokho (big blind) folded before Flop
Seat 6: Luanto 14 (button) (small blind) collected ($6)


PokerStars Hand #160241895066:  Hold'em Limit ($3/$6 USD) - 2016/10/21 13:45:51 ET
Table 'Hirons' 6-max Seat #6 is the button
Seat 1: msivokho ($116 in chips)
Seat 6: Luanto 14 ($299.44 in chips)
Luanto 14: posts small blind $1
msivokho: posts big blind $3
*** HOLE CARDS ***
Luanto 14: raises $3 to $6
msivokho: calls $3
*** FLOP *** [Kh Kc 9h]
msivokho: checks
Luanto 14: checks
*** TURN *** [Kh Kc 9h] [Qs]
msivokho: checks
Luanto 14: checks
*** RIVER *** [Kh Kc 9h Qs] [9s]
msivokho: checks
Luanto 14: bets $6
msivokho: calls $6
*** SHOW DOWN ***
Luanto 14: shows [6s 9d] (a full house, Nines full of Kings)
msivokho: mucks hand
Luanto 14 collected $23.52 from pot
*** SUMMARY ***
Total pot $24 | Rake $0.48
Board [Kh Kc 9h Qs 9s]
Seat 1: msivokho (big blind) mucked
Seat 6: Luanto 14 (button) (small blind) showed [6s 9d] and won ($23.52) with a full house, Nines full of Kings


PokerStars Hand #160241916315:  Hold'em Limit ($3/$6 USD) - 2016/10/21 13:46:19 ET
Table 'Hirons' 6-max Seat #1 is the button
Seat 1: msivokho ($104 in chips)
Seat 6: Luanto 14 ($310.96 in chips)
msivokho: posts small blind $1
Luanto 14: posts big blind $3
*** HOLE CARDS ***
msivokho: raises $3 to $6
Luanto 14: folds
Uncalled bet ($3) returned to msivokho
msivokho collected $6 from pot
msivokho: doesn't show hand
*** SUMMARY ***
Total pot $6 | Rake $0
Seat 1: msivokho (button) (small blind) collected ($6)
Seat 6: Luanto 14 (big blind) folded before Flop


PokerStars Hand #160241886252:  Hold'em Limit ($3/$6 USD) - 2016/10/21 13:45:39 ET
Table 'Hirons' 6-max Seat #1 is the button
Seat 1: msivokho ($117 in chips)
Seat 6: Luanto 14 ($298.44 in chips)
msivokho: posts small blind $1
Luanto 14: posts big blind $3
*** HOLE CARDS ***
msivokho: folds
Uncalled bet ($2) returned to Luanto 14
Luanto 14 collected $2 from pot
Luanto 14: doesn't show hand
*** SUMMARY ***
Total pot $2 | Rake $0
Seat 1: msivokho (button) (small blind) folded before Flop
Seat 6: Luanto 14 (big blind) collected ($2)


PokerStars Hand #160241944370:  Hold'em Limit ($3/$6 USD) - 2016/10/21 13:46:56 ET
Table 'Hirons' 6-max Seat #1 is the button
Seat 1: msivokho ($104 in chips)
Seat 6: Luanto 14 ($310.96 in chips)
msivokho: posts small blind $1
Luanto 14: posts big blind $3
*** HOLE CARDS ***
msivokho: raises $3 to $6
Luanto 14: calls $3
*** FLOP *** [Qd Tc 8c]
Luanto 14: checks
msivokho: bets $3
Luanto 14: raises $3 to $6
msivokho: calls $3
*** TURN *** [Qd Tc 8c] [6d]
Luanto 14: bets $6
msivokho: calls $6
*** RIVER *** [Qd Tc 8c 6d] [8d]
Luanto 14: bets $6
msivokho: calls $6
*** SHOW DOWN ***
Luanto 14: shows [9h Qs] (two pair, Queens and Eights)
msivokho: shows [Jh Qh] (two pair, Queens and Eights - Jack kicker)
msivokho collected $47.50 from pot
*** SUMMARY ***
Total pot $48 | Rake $0.50
Board [Qd Tc 8c 6d 8d]
Seat 1: msivokho (button) (small blind) showed [Jh Qh] and won ($47.50) with two pair, Queens and Eights
Seat 6: Luanto 14 (big blind) showed [9h Qs] and lost with two pair, Queens and Eights


PokerStars Hand #160241964199:  Hold'em Limit ($3/$6 USD) - 2016/10/21 13:47:22 ET
Table 'Hirons' 6-max Seat #6 is the button
Seat 1: msivokho ($127.50 in chips)
Seat 6: Luanto 14 ($286.96 in chips)
Luanto 14: posts small blind $1
msivokho: posts big blind $3
*** HOLE CARDS ***
Luanto 14: raises $3 to $6
msivokho: calls $3
*** FLOP *** [6s 4s Ts]
msivokho: checks
Luanto 14: bets $3
msivokho: folds
Uncalled bet ($3) returned to Luanto 14
Luanto 14 collected $11.76 from pot
Luanto 14: doesn't show hand
*** SUMMARY ***
Total pot $12 | Rake $0.24
Board [6s 4s Ts]
Seat 1: msivokho (big blind) folded on the Flop
Seat 6: Luanto 14 (button) (small blind) collected ($11.76)


PokerStars Hand #160241922990:  Hold'em Limit ($3/$6 USD) - 2016/10/21 13:46:28 ET
Table 'Hirons' 6-max Seat #6 is the button
Seat 1: msivokho ($107 in chips)
Seat 6: Luanto 14 ($307.96 in chips)
Luanto 14: posts small blind $1
msivokho: posts big blind $3
*** HOLE CARDS ***
Luanto 14: raises $3 to $6
msivokho: folds
Uncalled bet ($3) returned to Luanto 14
Luanto 14 collected $6 from pot
Luanto 14: doesn't show hand
*** SUMMARY ***
Total pot $6 | Rake $0
Seat 1: msivokho (big blind) folded before Flop
Seat 6: Luanto 14 (button) (small blind) collected ($6)


PokerStars Hand #160241992802:  Hold'em Limit ($3/$6 USD) - 2016/10/21 13:47:59 ET
Table 'Hirons' 6-max Seat #6 is the button
Seat 1: msivokho ($133.02 in chips)
Seat 6: Luanto 14 ($280.72 in chips)
Luanto 14: posts small blind $1
msivokho: posts big blind $3
*** HOLE CARDS ***
Luanto 14: raises $3 to $6
msivokho: folds
Uncalled bet ($3) returned to Luanto 14
Luanto 14 collected $6 from pot
Luanto 14: doesn't show hand
*** SUMMARY ***
Total pot $6 | Rake $0
Seat 1: msivokho (big blind) folded before Flop
Seat 6: Luanto 14 (button) (small blind) collected ($6)


PokerStars Hand #160241978368:  Hold'em Limit ($3/$6 USD) - 2016/10/21 13:47:40 ET
Table 'Hirons' 6-max Seat #1 is the button
Seat 1: msivokho ($121.50 in chips)
Seat 6: Luanto 14 ($292.72 in chips)
msivokho: posts small blind $1
Luanto 14: posts big blind $3
*** HOLE CARDS ***
msivokho: raises $3 to $6
Luanto 14: calls $3
*** FLOP *** [Kc 3c Qd]
Luanto 14: checks
msivokho: bets $3
Luanto 14: raises $3 to $6
msivokho: calls $3
*** TURN *** [Kc 3c Qd] [Td]
Luanto 14: checks
msivokho: bets $6
Luanto 14: folds
Uncalled bet ($6) returned to msivokho
msivokho collected $23.52 from pot
msivokho: doesn't show hand
*** SUMMARY ***
Total pot $24 | Rake $0.48
Board [Kc 3c Qd Td]
Seat 1: msivokho (button) (small blind) collected ($23.52)
Seat 6: Luanto 14 (big blind) folded on the Turn


PokerStars Hand #160241999073:  Hold'em Limit ($3/$6 USD) - 2016/10/21 13:48:07 ET
Table 'Hirons' 6-max Seat #1 is the button
Seat 1: msivokho ($130.02 in chips)
Seat 6: Luanto 14 ($283.72 in chips)
msivokho: posts small blind $1
Luanto 14: posts big blind $3
*** HOLE CARDS ***
msivokho: folds
Uncalled bet ($2) returned to Luanto 14
Luanto 14 collected $2 from pot
Luanto 14: doesn't show hand
*** SUMMARY ***
Total pot $2 | Rake $0
Seat 1: msivokho (button) (small blind) folded before Flop
Seat 6: Luanto 14 (big blind) collected ($2)


PokerStars Hand #160242003062:  Hold'em Limit ($3/$6 USD) - 2016/10/21 13:48:12 ET
Table 'Hirons' 6-max Seat #6 is the button
Seat 1: msivokho ($129.02 in chips)
Seat 6: Luanto 14 ($284.72 in chips)
Luanto 14: posts small blind $1
msivokho: posts big blind $3
*** HOLE CARDS ***
Luanto 14: raises $3 to $6
msivokho: calls $3
*** FLOP *** [5d 8d 6h]
msivokho: checks
Luanto 14: bets $3
msivokho: calls $3
*** TURN *** [5d 8d 6h] [Ac]
msivokho: checks
Luanto 14: checks
*** RIVER *** [5d 8d 6h Ac] [Qs]
msivokho: checks
Luanto 14: bets $6
msivokho: folds
Uncalled bet ($6) returned to Luanto 14
Luanto 14 collected $17.64 from pot
Luanto 14: doesn't show hand
*** SUMMARY ***
Total pot $18 | Rake $0.36
Board [5d 8d 6h Ac Qs]
Seat 1: msivokho (big blind) folded on the River
Seat 6: Luanto 14 (button) (small blind) collected ($17.64)


PokerStars Hand #160242017761:  Hold'em Limit ($3/$6 USD) - 2016/10/21 13:48:32 ET
Table 'Hirons' 6-max Seat #1 is the button
Seat 1: msivokho ($120.02 in chips)
Seat 6: Luanto 14 ($293.36 in chips)
msivokho: posts small blind $1
Luanto 14: posts big blind $3
*** HOLE CARDS ***
msivokho: raises $3 to $6
Luanto 14: calls $3
*** FLOP *** [Kh 6d 4c]
Luanto 14: checks
msivokho: checks
*** TURN *** [Kh 6d 4c] [5d]
Luanto 14: checks
msivokho: checks
*** RIVER *** [Kh 6d 4c 5d] [2h]
Luanto 14: checks
msivokho: checks
_Lukaku_015 joins the table at seat #3
*** SHOW DOWN ***
Luanto 14: shows [Js 8c] (high card King)
msivokho: shows [Qd Ts] (high card King - Queen kicker)
msivokho collected $11.76 from pot
*** SUMMARY ***
Total pot $12 | Rake $0.24
Board [Kh 6d 4c 5d 2h]
Seat 1: msivokho (button) (small blind) showed [Qd Ts] and won ($11.76) with high card King
Seat 6: Luanto 14 (big blind) showed [Js 8c] and lost with high card King


PokerStars Hand #160242039784:  Hold'em Limit ($3/$6 USD) - 2016/10/21 13:49:01 ET
Table 'Hirons' 6-max Seat #6 is the button
Seat 1: msivokho ($125.78 in chips)
Seat 6: Luanto 14 ($287.36 in chips)
Luanto 14: posts small blind $1
msivokho: posts big blind $3
*** HOLE CARDS ***
Luanto 14: raises $3 to $6
msivokho: calls $3
*** FLOP *** [Js 3d 6h]
msivokho: checks
Luanto 14: checks
*** TURN *** [Js 3d 6h] [Jh]
msivokho: checks
Luanto 14: checks
*** RIVER *** [Js 3d 6h Jh] [As]
msivokho: bets $6
Luanto 14: folds
Uncalled bet ($6) returned to msivokho
msivokho collected $11.76 from pot
msivokho: doesn't show hand
*** SUMMARY ***
Total pot $12 | Rake $0.24
Board [Js 3d 6h Jh As]
Seat 1: msivokho (big blind) collected ($11.76)
Seat 6: Luanto 14 (button) (small blind) folded on the River


PokerStars Hand #160243687632:  Hold'em Limit ($3/$6 USD) - 2016/10/21 14:25:28 ET
Table 'Hirons' 6-max Seat #3 is the button
Seat 2: Vezunchik_61 ($41.64 in chips)
Seat 3: krytalex ($137.05 in chips)
krytalex: posts small blind $1
Vezunchik_61: posts big blind $3
*** HOLE CARDS ***
krytalex: raises $3 to $6
Vezunchik_61: calls $3
*** FLOP *** [Qd Th Kd]
Vezunchik_61: bets $3
krytalex: folds
Uncalled bet ($3) returned to Vezunchik_61
Vezunchik_61 collected $11.76 from pot
Vezunchik_61: doesn't show hand
*** SUMMARY ***
Total pot $12 | Rake $0.24
Board [Qd Th Kd]
Seat 2: Vezunchik_61 (big blind) collected ($11.76)
Seat 3: krytalex (button) (small blind) folded on the Flop


PokerStars Hand #160243677941:  Hold'em Limit ($3/$6 USD) - 2016/10/21 14:25:15 ET
Table 'Hirons' 6-max Seat #2 is the button
Seat 2: Vezunchik_61 ($38.64 in chips)
Seat 3: krytalex ($140.05 in chips)
Vezunchik_61: posts small blind $1
krytalex: posts big blind $3
*** HOLE CARDS ***
Vezunchik_61: raises $3 to $6
krytalex: folds
Uncalled bet ($3) returned to Vezunchik_61
Vezunchik_61 collected $6 from pot
Vezunchik_61: doesn't show hand
*** SUMMARY ***
Total pot $6 | Rake $0
Seat 2: Vezunchik_61 (button) (small blind) collected ($6)
Seat 3: krytalex (big blind) folded before Flop


PokerStars Hand #160243661543:  Hold'em Limit ($3/$6 USD) - 2016/10/21 14:24:54 ET
Table 'Hirons' 6-max Seat #3 is the button
Seat 2: Vezunchik_61 ($30 in chips)
Seat 3: krytalex ($149.05 in chips)
krytalex: posts small blind $1
msivokho was removed from the table for failing to post
Vezunchik_61: posts big blind $3
*** HOLE CARDS ***
krytalex: raises $3 to $6
Vezunchik_61: raises $3 to $9
krytalex: calls $3
*** FLOP *** [2s 8c Th]
Vezunchik_61: bets $3
krytalex: folds
Uncalled bet ($3) returned to Vezunchik_61
Vezunchik_61 collected $17.64 from pot
Vezunchik_61: doesn't show hand
*** SUMMARY ***
Total pot $18 | Rake $0.36
Board [2s 8c Th]
Seat 2: Vezunchik_61 (big blind) collected ($17.64)
Seat 3: krytalex (button) (small blind) folded on the Flop


PokerStars Hand #160243725572:  Hold'em Limit ($3/$6 USD) - 2016/10/21 14:26:16 ET
Table 'Hirons' 6-max Seat #3 is the button
Seat 2: Vezunchik_61 ($45.28 in chips)
Seat 3: krytalex ($132.81 in chips)
krytalex: posts small blind $1
Vezunchik_61: posts big blind $3
*** HOLE CARDS ***
krytalex: raises $3 to $6
Vezunchik_61: calls $3
*** FLOP *** [Ad 4c 4h]
Vezunchik_61: checks
krytalex: bets $3
Vezunchik_61: calls $3
*** TURN *** [Ad 4c 4h] [5c]
Vezunchik_61: checks
krytalex: bets $6
Vezunchik_61: calls $6
*** RIVER *** [Ad 4c 4h 5c] [Ah]
Vezunchik_61: checks
krytalex: bets $6
Vezunchik_61: calls $6
*** SHOW DOWN ***
krytalex: shows [Ac 9s] (a full house, Aces full of Fours)
Vezunchik_61: mucks hand
krytalex collected $41.50 from pot
*** SUMMARY ***
Total pot $42 | Rake $0.50
Board [Ad 4c 4h 5c Ah]
Seat 2: Vezunchik_61 (big blind) mucked
Seat 3: krytalex (button) (small blind) showed [Ac 9s] and won ($41.50) with a full house, Aces full of Fours


PokerStars Hand #160243715212:  Hold'em Limit ($3/$6 USD) - 2016/10/21 14:26:03 ET
Table 'Hirons' 6-max Seat #2 is the button
Seat 2: Vezunchik_61 ($51.28 in chips)
Seat 3: krytalex ($127.05 in chips)
Vezunchik_61: posts small blind $1
krytalex: posts big blind $3
*** HOLE CARDS ***
Vezunchik_61: calls $2
krytalex: raises $3 to $6
Vezunchik_61: calls $3
*** FLOP *** [Ac 8h 3c]
krytalex: bets $3
Vezunchik_61: folds
Uncalled bet ($3) returned to krytalex
krytalex collected $11.76 from pot
*** SUMMARY ***
Total pot $12 | Rake $0.24
Board [Ac 8h 3c]
Seat 2: Vezunchik_61 (button) (small blind) folded on the Flop
Seat 3: krytalex (big blind) collected ($11.76)


PokerStars Hand #160243710831:  Hold'em Limit ($3/$6 USD) - 2016/10/21 14:25:57 ET
Table 'Hirons' 6-max Seat #3 is the button
Seat 2: Vezunchik_61 ($50.28 in chips)
Seat 3: krytalex ($128.05 in chips)
krytalex: posts small blind $1
Vezunchik_61: posts big blind $3
*** HOLE CARDS ***
krytalex: folds
Uncalled bet ($2) returned to Vezunchik_61
Vezunchik_61 collected $2 from pot
Vezunchik_61: doesn't show hand
*** SUMMARY ***
Total pot $2 | Rake $0
Seat 2: Vezunchik_61 (big blind) collected ($2)
Seat 3: krytalex (button) (small blind) folded before Flop


PokerStars Hand #160243696345:  Hold'em Limit ($3/$6 USD) - 2016/10/21 14:25:39 ET
Table 'Hirons' 6-max Seat #2 is the button
Seat 2: Vezunchik_61 ($47.40 in chips)
Seat 3: krytalex ($131.05 in chips)
Vezunchik_61: posts small blind $1
krytalex: posts big blind $3
*** HOLE CARDS ***
Vezunchik_61: calls $2
krytalex: checks
*** FLOP *** [9c Th 2h]
krytalex: checks
Vezunchik_61: checks
*** TURN *** [9c Th 2h] [As]
krytalex: checks
Vezunchik_61: checks
*** RIVER *** [9c Th 2h As] [5c]
krytalex: checks
Vezunchik_61: checks
*** SHOW DOWN ***
krytalex: shows [Js 3c] (high card Ace)
Vezunchik_61: shows [Qc 3s] (high card Ace - Queen kicker)
Vezunchik_61 collected $5.88 from pot
*** SUMMARY ***
Total pot $6 | Rake $0.12
Board [9c Th 2h As 5c]
Seat 2: Vezunchik_61 (button) (small blind) showed [Qc 3s] and won ($5.88) with high card Ace
Seat 3: krytalex (big blind) showed [Js 3c] and lost with high card Ace


PokerStars Hand #160243758381:  Hold'em Limit ($3/$6 USD) - 2016/10/21 14:26:58 ET
Table 'Hirons' 6-max Seat #3 is the button
Seat 2: Vezunchik_61 ($38.78 in chips)
Seat 3: krytalex ($138.31 in chips)
krytalex: posts small blind $1
Vezunchik_61: posts big blind $3
*** HOLE CARDS ***
krytalex: raises $3 to $6
Vezunchik_61: calls $3
*** FLOP *** [6c Kh 7c]
Vezunchik_61: bets $3
krytalex: calls $3
*** TURN *** [6c Kh 7c] [9d]
Vezunchik_61: bets $6
krytalex: raises $6 to $12
Vezunchik_61: calls $6
*** RIVER *** [6c Kh 7c 9d] [2h]
Vezunchik_61: bets $6
krytalex: raises $6 to $12
Vezunchik_61: folds
Uncalled bet ($6) returned to krytalex
krytalex collected $53.50 from pot
*** SUMMARY ***
Total pot $54 | Rake $0.50
Board [6c Kh 7c 9d 2h]
Seat 2: Vezunchik_61 (big blind) folded on the River
Seat 3: krytalex (button) (small blind) collected ($53.50)


PokerStars Hand #160243739610:  Hold'em Limit ($3/$6 USD) - 2016/10/21 14:26:34 ET
Table 'Hirons' 6-max Seat #2 is the button
Seat 2: Vezunchik_61 ($24.28 in chips)
Seat 3: krytalex ($153.31 in chips)
Vezunchik_61: posts small blind $1
krytalex: posts big blind $3
*** HOLE CARDS ***
Vezunchik_61: calls $2
krytalex: checks
*** FLOP *** [3c Qs 8s]
krytalex: bets $3
Vezunchik_61: raises $3 to $6
krytalex: calls $3
*** TURN *** [3c Qs 8s] [Td]
krytalex: checks
Vezunchik_61: bets $6
krytalex: calls $6
*** RIVER *** [3c Qs 8s Td] [9c]
krytalex: checks
Vezunchik_61: bets $6
krytalex: folds
Uncalled bet ($6) returned to Vezunchik_61
Vezunchik_61 collected $29.50 from pot
Vezunchik_61: doesn't show hand
*** SUMMARY ***
Total pot $30 | Rake $0.50
Board [3c Qs 8s Td 9c]
Seat 2: Vezunchik_61 (button) (small blind) collected ($29.50)
Seat 3: krytalex (big blind) folded on the River


PokerStars Hand #160243778406:  Hold'em Limit ($3/$6 USD) - 2016/10/21 14:27:24 ET
Table 'Hirons' 6-max Seat #2 is the button
Seat 2: Vezunchik_61 ($11.78 in chips)
Seat 3: krytalex ($164.81 in chips)
Vezunchik_61: posts small blind $1
krytalex: posts big blind $3
*** HOLE CARDS ***
Vezunchik_61: raises $3 to $6
krytalex: calls $3
*** FLOP *** [5h Tc 2c]
krytalex: checks
Vezunchik_61: bets $3
krytalex: calls $3
*** TURN *** [5h Tc 2c] [Ts]
krytalex: checks
Vezunchik_61: checks
*** RIVER *** [5h Tc 2c Ts] [Ks]
krytalex: checks
Vezunchik_61: bets $2.78 and is all-in
krytalex: calls $2.78
*** SHOW DOWN ***
Vezunchik_61: shows [7c Qs] (a pair of Tens)
krytalex: shows [4s Ah] (a pair of Tens - Ace kicker)
krytalex collected $23.09 from pot
*** SUMMARY ***
Total pot $23.56 | Rake $0.47
Board [5h Tc 2c Ts Ks]
Seat 2: Vezunchik_61 (button) (small blind) showed [7c Qs] and lost with a pair of Tens
Seat 3: krytalex (big blind) showed [4s Ah] and won ($23.09) with a pair of Tens


