PokerStars Hand #162069013600:  Hold'em Limit ($3/$6 USD) - 2016/11/27 20:04:27 ET
Table 'Hirons II' 10-max Seat #1 is the button
Seat 1: Mackeral ($120 in chips)
Seat 9: Pandakey ($120 in chips)
Mackeral: posts small blind $1
Pandakey: posts big blind $3
*** HOLE CARDS ***
Mackeral: raises $3 to $6
Pandakey: calls $3
*** FLOP *** [Ah 9h 6d]
Pandakey: checks
Mackeral: bets $3
Pandakey: calls $3
*** TURN *** [Ah 9h 6d] [2c]
Pandakey: checks
Mackeral: checks
*** RIVER *** [Ah 9h 6d 2c] [2h]
Pandakey: checks
Mackeral: checks
*** SHOW DOWN ***
Pandakey: shows [5s 7h] (a pair of Deuces)
Mackeral: shows [3d Kd] (a pair of Deuces - Ace+King kicker)
Mackeral collected $17.64 from pot
*** SUMMARY ***
Total pot $18 | Rake $0.36
Board [Ah 9h 6d 2c 2h]
Seat 1: Mackeral (button) (small blind) showed [3d Kd] and won ($17.64) with a pair of Deuces
Seat 9: Pandakey (big blind) showed [5s 7h] and lost with a pair of Deuces


PokerStars Hand #162069062733:  Hold'em Limit ($3/$6 USD) - 2016/11/27 20:06:01 ET
Table 'Hirons II' 10-max Seat #9 is the button
Seat 1: Mackeral ($92.64 in chips)
Seat 9: Pandakey ($146 in chips)
Pandakey: posts small blind $1
Mackeral: posts big blind $3
*** HOLE CARDS ***
Pandakey: raises $3 to $6
Mackeral: folds
Uncalled bet ($3) returned to Pandakey
Pandakey collected $6 from pot
Pandakey: doesn't show hand
*** SUMMARY ***
Total pot $6 | Rake $0
Seat 1: Mackeral (big blind) folded before Flop
Seat 9: Pandakey (button) (small blind) collected ($6)


PokerStars Hand #162069044117:  Hold'em Limit ($3/$6 USD) - 2016/11/27 20:05:25 ET
Table 'Hirons II' 10-max Seat #1 is the button
Seat 1: Mackeral ($113.64 in chips)
Seat 9: Pandakey ($125.50 in chips)
Mackeral: posts small blind $1
Pandakey: posts big blind $3
*** HOLE CARDS ***
Mackeral: raises $3 to $6
Pandakey: raises $3 to $9
Mackeral: raises $3 to $12
Betting is capped
Pandakey: calls $3
*** FLOP *** [Kd 6d Ac]
Pandakey: checks
Mackeral: bets $3
Pandakey: calls $3
*** TURN *** [Kd 6d Ac] [2d]
Pandakey: checks
Mackeral: checks
*** RIVER *** [Kd 6d Ac 2d] [9c]
Pandakey: bets $6
Mackeral: calls $6
*** SHOW DOWN ***
Pandakey: shows [Ah Th] (a pair of Aces)
Mackeral: mucks hand
Pandakey collected $41.50 from pot
*** SUMMARY ***
Total pot $42 | Rake $0.50
Board [Kd 6d Ac 2d 9c]
Seat 1: Mackeral (button) (small blind) mucked
Seat 9: Pandakey (big blind) showed [Ah Th] and won ($41.50) with a pair of Aces


PokerStars Hand #162069066852:  Hold'em Limit ($3/$6 USD) - 2016/11/27 20:06:09 ET
Table 'Hirons II' 10-max Seat #1 is the button
Seat 1: Mackeral ($89.64 in chips)
Seat 9: Pandakey ($149 in chips)
Mackeral: posts small blind $1
Pandakey: posts big blind $3
*** HOLE CARDS ***
Mackeral: folds
Uncalled bet ($2) returned to Pandakey
Pandakey collected $2 from pot
Pandakey: doesn't show hand
*** SUMMARY ***
Total pot $2 | Rake $0
Seat 1: Mackeral (button) (small blind) folded before Flop
Seat 9: Pandakey (big blind) collected ($2)


PokerStars Hand #162069030673:  Hold'em Limit ($3/$6 USD) - 2016/11/27 20:05:00 ET
Table 'Hirons II' 10-max Seat #9 is the button
Seat 1: Mackeral ($128.64 in chips)
Seat 9: Pandakey ($111 in chips)
Pandakey: posts small blind $1
Mackeral: posts big blind $3
*** HOLE CARDS ***
Pandakey: raises $3 to $6
Mackeral: calls $3
*** FLOP *** [Tc As 7s]
Mackeral: checks
Pandakey: bets $3
Mackeral: calls $3
*** TURN *** [Tc As 7s] [4s]
Mackeral: checks
Pandakey: bets $6
Mackeral: calls $6
*** RIVER *** [Tc As 7s 4s] [9c]
Mackeral: checks
Pandakey: bets $6
Mackeral: folds
Uncalled bet ($6) returned to Pandakey
Pandakey collected $29.50 from pot
Pandakey: doesn't show hand
*** SUMMARY ***
Total pot $30 | Rake $0.50
Board [Tc As 7s 4s 9c]
Seat 1: Mackeral (big blind) folded on the River
Seat 9: Pandakey (button) (small blind) collected ($29.50)


PokerStars Hand #162069070003:  Hold'em Limit ($3/$6 USD) - 2016/11/27 20:06:15 ET
Table 'Hirons II' 10-max Seat #9 is the button
Seat 1: Mackeral ($88.64 in chips)
Seat 9: Pandakey ($150 in chips)
Pandakey: posts small blind $1
Mackeral: posts big blind $3
*** HOLE CARDS ***
Pandakey: raises $3 to $6
Mackeral: calls $3
*** FLOP *** [9h 3h Jc]
Mackeral: checks
Pandakey: bets $3
Mackeral: raises $3 to $6
Pandakey: folds
Uncalled bet ($3) returned to Mackeral
Mackeral collected $17.64 from pot
Mackeral: doesn't show hand
*** SUMMARY ***
Total pot $18 | Rake $0.36
Board [9h 3h Jc]
Seat 1: Mackeral (big blind) collected ($17.64)
Seat 9: Pandakey (button) (small blind) folded on the Flop


PokerStars Hand #162069080796:  Hold'em Limit ($3/$6 USD) - 2016/11/27 20:06:36 ET
Table 'Hirons II' 10-max Seat #1 is the button
Seat 1: Mackeral ($97.28 in chips)
Seat 9: Pandakey ($141 in chips)
Mackeral: posts small blind $1
Pandakey: posts big blind $3
*** HOLE CARDS ***
Mackeral: folds
Uncalled bet ($2) returned to Pandakey
Pandakey collected $2 from pot
Pandakey: doesn't show hand
*** SUMMARY ***
Total pot $2 | Rake $0
Seat 1: Mackeral (button) (small blind) folded before Flop
Seat 9: Pandakey (big blind) collected ($2)


PokerStars Hand #162069093689:  Hold'em Limit ($3/$6 USD) - 2016/11/27 20:07:01 ET
Table 'Hirons II' 10-max Seat #1 is the button
Seat 1: Mackeral ($90.28 in chips)
Seat 9: Pandakey ($147.76 in chips)
Mackeral: posts small blind $1
Pandakey: posts big blind $3
*** HOLE CARDS ***
Mackeral: folds
Uncalled bet ($2) returned to Pandakey
Pandakey collected $2 from pot
Pandakey: doesn't show hand
*** SUMMARY ***
Total pot $2 | Rake $0
Seat 1: Mackeral (button) (small blind) folded before Flop
Seat 9: Pandakey (big blind) collected ($2)


PokerStars Hand #162069083687:  Hold'em Limit ($3/$6 USD) - 2016/11/27 20:06:41 ET
Table 'Hirons II' 10-max Seat #9 is the button
Seat 1: Mackeral ($96.28 in chips)
Seat 9: Pandakey ($142 in chips)
Pandakey: posts small blind $1
Mackeral: posts big blind $3
*** HOLE CARDS ***
Pandakey: raises $3 to $6
Mackeral: calls $3
*** FLOP *** [5c 5d 9h]
Mackeral: checks
Pandakey: bets $3
Mackeral: folds
Uncalled bet ($3) returned to Pandakey
Pandakey collected $11.76 from pot
Pandakey: doesn't show hand
*** SUMMARY ***
Total pot $12 | Rake $0.24
Board [5c 5d 9h]
Seat 1: Mackeral (big blind) folded on the Flop
Seat 9: Pandakey (button) (small blind) collected ($11.76)


PokerStars Hand #162069096489:  Hold'em Limit ($3/$6 USD) - 2016/11/27 20:07:06 ET
Table 'Hirons II' 10-max Seat #9 is the button
Seat 1: Mackeral ($89.28 in chips)
Seat 9: Pandakey ($148.76 in chips)
Pandakey: posts small blind $1
Mackeral: posts big blind $3
*** HOLE CARDS ***
Pandakey: raises $3 to $6
Mackeral: raises $3 to $9
Pandakey: calls $3
*** FLOP *** [5c Qc Kd]
Mackeral: bets $3
Pandakey: calls $3
*** TURN *** [5c Qc Kd] [6d]
Mackeral: bets $6
Pandakey: raises $6 to $12
Mackeral: folds
Uncalled bet ($6) returned to Pandakey
Pandakey collected $35.50 from pot
Pandakey: doesn't show hand
*** SUMMARY ***
Total pot $36 | Rake $0.50
Board [5c Qc Kd 6d]
Seat 1: Mackeral (big blind) folded on the Turn
Seat 9: Pandakey (button) (small blind) collected ($35.50)


PokerStars Hand #162069117833:  Hold'em Limit ($3/$6 USD) - 2016/11/27 20:07:48 ET
Table 'Hirons II' 10-max Seat #1 is the button
Seat 1: Mackeral ($71.28 in chips)
Seat 9: Pandakey ($166.26 in chips)
Mackeral: posts small blind $1
Pandakey: posts big blind $3
*** HOLE CARDS ***
Mackeral: folds
Uncalled bet ($2) returned to Pandakey
Pandakey collected $2 from pot
Pandakey: doesn't show hand
*** SUMMARY ***
Total pot $2 | Rake $0
Seat 1: Mackeral (button) (small blind) folded before Flop
Seat 9: Pandakey (big blind) collected ($2)


PokerStars Hand #162069146354:  Hold'em Limit ($3/$6 USD) - 2016/11/27 20:08:44 ET
Table 'Hirons II' 10-max Seat #1 is the button
Seat 1: Mackeral ($40.28 in chips)
Seat 9: Pandakey ($196.76 in chips)
Mackeral: posts small blind $1
Pandakey: posts big blind $3
*** HOLE CARDS ***
Mackeral: raises $3 to $6
Pandakey: calls $3
*** FLOP *** [4s Ad 3d]
Pandakey: checks
Mackeral: bets $3
Pandakey: calls $3
*** TURN *** [4s Ad 3d] [Th]
Pandakey: checks
Mackeral: bets $6
Pandakey: folds
Uncalled bet ($6) returned to Mackeral
Mackeral collected $17.64 from pot
Mackeral: doesn't show hand
*** SUMMARY ***
Total pot $18 | Rake $0.36
Board [4s Ad 3d Th]
Seat 1: Mackeral (button) (small blind) collected ($17.64)
Seat 9: Pandakey (big blind) folded on the Turn


PokerStars Hand #162069123627:  Hold'em Limit ($3/$6 USD) - 2016/11/27 20:07:59 ET
Table 'Hirons II' 10-max Seat #9 is the button
Seat 1: Mackeral ($70.28 in chips)
Seat 9: Pandakey ($167.26 in chips)
Pandakey: posts small blind $1
Mackeral: posts big blind $3
*** HOLE CARDS ***
Pandakey: raises $3 to $6
Mackeral: calls $3
*** FLOP *** [8c 7h Kc]
Mackeral: checks
Pandakey: bets $3
Mackeral: raises $3 to $6
Pandakey: calls $3
*** TURN *** [8c 7h Kc] [2d]
Mackeral: bets $6
Pandakey: raises $6 to $12
Mackeral: calls $6
*** RIVER *** [8c 7h Kc 2d] [Tc]
Mackeral: checks
Pandakey: bets $6
Mackeral: calls $6
*** SHOW DOWN ***
Pandakey: shows [6s 9d] (a straight, Six to Ten)
Mackeral: mucks hand
Pandakey collected $59.50 from pot
*** SUMMARY ***
Total pot $60 | Rake $0.50
Board [8c 7h Kc 2d Tc]
Seat 1: Mackeral (big blind) mucked
Seat 9: Pandakey (button) (small blind) showed [6s 9d] and won ($59.50) with a straight, Six to Ten


PokerStars Hand #162069161133:  Hold'em Limit ($3/$6 USD) - 2016/11/27 20:09:12 ET
Table 'Hirons II' 10-max Seat #9 is the button
Seat 1: Mackeral ($48.92 in chips)
Seat 9: Pandakey ($187.76 in chips)
Pandakey: posts small blind $1
Mackeral: posts big blind $3
*** HOLE CARDS ***
Pandakey: raises $3 to $6
Mackeral: calls $3
*** FLOP *** [Kh 5h 4h]
Mackeral: checks
Pandakey: bets $3
Mackeral: calls $3
*** TURN *** [Kh 5h 4h] [3c]
Mackeral: checks
Pandakey: bets $6
Mackeral: raises $6 to $12
Pandakey: raises $6 to $18
Mackeral: calls $6
*** RIVER *** [Kh 5h 4h 3c] [Jd]
Mackeral: checks
Pandakey: bets $6
Mackeral: folds
Uncalled bet ($6) returned to Pandakey
Pandakey collected $53.50 from pot
Pandakey: doesn't show hand
*** SUMMARY ***
Total pot $54 | Rake $0.50
Board [Kh 5h 4h 3c Jd]
Seat 1: Mackeral (big blind) folded on the River
Seat 9: Pandakey (button) (small blind) collected ($53.50)


PokerStars Hand #162069183271:  Hold'em Limit ($3/$6 USD) - 2016/11/27 20:09:55 ET
Table 'Hirons II' 10-max Seat #1 is the button
Seat 1: Mackeral ($81.92 in chips)
Seat 9: Pandakey ($214.26 in chips)
Mackeral: posts small blind $1
Pandakey: posts big blind $3
*** HOLE CARDS ***
Mackeral: raises $3 to $6
Pandakey: calls $3
*** FLOP *** [Jh 7c Tc]
Pandakey: checks
Mackeral: bets $3
Pandakey: calls $3
*** TURN *** [Jh 7c Tc] [3s]
Pandakey: checks
Mackeral: bets $6
Pandakey: folds
Uncalled bet ($6) returned to Mackeral
Mackeral collected $17.64 from pot
Mackeral: doesn't show hand
*** SUMMARY ***
Total pot $18 | Rake $0.36
Board [Jh 7c Tc 3s]
Seat 1: Mackeral (button) (small blind) collected ($17.64)
Seat 9: Pandakey (big blind) folded on the Turn


PokerStars Hand #162069212020:  Hold'em Limit ($3/$6 USD) - 2016/11/27 20:10:51 ET
Table 'Hirons II' 10-max Seat #1 is the button
Seat 1: Mackeral ($63.56 in chips)
Seat 9: Pandakey ($231.76 in chips)
Mackeral: posts small blind $1
Pandakey: posts big blind $3
*** HOLE CARDS ***
Mackeral: folds
Uncalled bet ($2) returned to Pandakey
Pandakey collected $2 from pot
Pandakey: doesn't show hand
*** SUMMARY ***
Total pot $2 | Rake $0
Seat 1: Mackeral (button) (small blind) folded before Flop
Seat 9: Pandakey (big blind) collected ($2)


PokerStars Hand #162069194744:  Hold'em Limit ($3/$6 USD) - 2016/11/27 20:10:18 ET
Table 'Hirons II' 10-max Seat #9 is the button
Seat 1: Mackeral ($90.56 in chips)
Seat 9: Pandakey ($205.26 in chips)
Pandakey: posts small blind $1
Mackeral: posts big blind $3
*** HOLE CARDS ***
Pandakey: raises $3 to $6
Mackeral: raises $3 to $9
Pandakey: calls $3
*** FLOP *** [9d 2d 5h]
Mackeral: bets $3
Pandakey: raises $3 to $6
Mackeral: calls $3
*** TURN *** [9d 2d 5h] [Kh]
Mackeral: checks
Pandakey: bets $6
Mackeral: calls $6
*** RIVER *** [9d 2d 5h Kh] [3h]
Mackeral: bets $6
Pandakey: calls $6
*** SHOW DOWN ***
Mackeral: shows [6c 8c] (high card King)
Pandakey: shows [9s Jh] (a pair of Nines)
Pandakey collected $53.50 from pot
*** SUMMARY ***
Total pot $54 | Rake $0.50
Board [9d 2d 5h Kh 3h]
Seat 1: Mackeral (big blind) showed [6c 8c] and lost with high card King
Seat 9: Pandakey (button) (small blind) showed [9s Jh] and won ($53.50) with a pair of Nines


PokerStars Hand #162069214936:  Hold'em Limit ($3/$6 USD) - 2016/11/27 20:10:57 ET
Table 'Hirons II' 10-max Seat #9 is the button
Seat 1: Mackeral ($62.56 in chips)
Seat 9: Pandakey ($232.76 in chips)
Pandakey: posts small blind $1
Mackeral: posts big blind $3
*** HOLE CARDS ***
Pandakey: raises $3 to $6
Mackeral: calls $3
*** FLOP *** [9d As Qc]
Mackeral: checks
Pandakey: bets $3
Mackeral: calls $3
*** TURN *** [9d As Qc] [Ts]
Mackeral: checks
Pandakey: checks
*** RIVER *** [9d As Qc Ts] [2c]
Mackeral: bets $6
Pandakey: folds
Uncalled bet ($6) returned to Mackeral
Mackeral collected $17.64 from pot
Mackeral: doesn't show hand
*** SUMMARY ***
Total pot $18 | Rake $0.36
Board [9d As Qc Ts 2c]
Seat 1: Mackeral (big blind) collected ($17.64)
Seat 9: Pandakey (button) (small blind) folded on the River


PokerStars Hand #162069227607:  Hold'em Limit ($3/$6 USD) - 2016/11/27 20:11:21 ET
Table 'Hirons II' 10-max Seat #1 is the button
Seat 1: Mackeral ($71.20 in chips)
Seat 9: Pandakey ($223.76 in chips)
Mackeral: posts small blind $1
Pandakey: posts big blind $3
*** HOLE CARDS ***
Mackeral: raises $3 to $6
Pandakey: folds
Uncalled bet ($3) returned to Mackeral
Mackeral collected $6 from pot
Mackeral: doesn't show hand
*** SUMMARY ***
Total pot $6 | Rake $0
Seat 1: Mackeral (button) (small blind) collected ($6)
Seat 9: Pandakey (big blind) folded before Flop


PokerStars Hand #162069247601:  Hold'em Limit ($3/$6 USD) - 2016/11/27 20:12:00 ET
Table 'Hirons II' 10-max Seat #1 is the button
Seat 1: Mackeral ($73.95 in chips)
Seat 9: Pandakey ($220.51 in chips)
Mackeral: posts small blind $1
Pandakey: posts big blind $3
*** HOLE CARDS ***
Mackeral: raises $3 to $6
Pandakey: folds
Uncalled bet ($3) returned to Mackeral
Mackeral collected $6 from pot
Mackeral: doesn't show hand
*** SUMMARY ***
Total pot $6 | Rake $0
Seat 1: Mackeral (button) (small blind) collected ($6)
Seat 9: Pandakey (big blind) folded before Flop


PokerStars Hand #162069255681:  Hold'em Limit ($3/$6 USD) - 2016/11/27 20:12:16 ET
Table 'Hirons II' 10-max Seat #9 is the button
Seat 1: Mackeral ($76.95 in chips)
Seat 9: Pandakey ($217.51 in chips)
Pandakey: posts small blind $1
Mackeral: posts big blind $3
*** HOLE CARDS ***
Pandakey: raises $3 to $6
Mackeral: calls $3
*** FLOP *** [Ac 6d 8h]
Mackeral: checks
Pandakey: bets $3
Mackeral: calls $3
*** TURN *** [Ac 6d 8h] [6s]
Mackeral: checks
Pandakey: bets $6
Mackeral: raises $6 to $12
Pandakey: folds
Uncalled bet ($6) returned to Mackeral
Mackeral collected $29.50 from pot
Mackeral: doesn't show hand
*** SUMMARY ***
Total pot $30 | Rake $0.50
Board [Ac 6d 8h 6s]
Seat 1: Mackeral (big blind) collected ($29.50)
Seat 9: Pandakey (button) (small blind) folded on the Turn


PokerStars Hand #162069281269:  Hold'em Limit ($3/$6 USD) - 2016/11/27 20:13:06 ET
Table 'Hirons II' 10-max Seat #1 is the button
Seat 1: Mackeral ($91.45 in chips)
Seat 9: Pandakey ($202.51 in chips)
Mackeral: posts small blind $1
Pandakey: posts big blind $3
*** HOLE CARDS ***
Mackeral: raises $3 to $6
Pandakey: folds
Uncalled bet ($3) returned to Mackeral
Mackeral collected $6 from pot
Mackeral: doesn't show hand
*** SUMMARY ***
Total pot $6 | Rake $0
Seat 1: Mackeral (button) (small blind) collected ($6)
Seat 9: Pandakey (big blind) folded before Flop


PokerStars Hand #162069306545:  Hold'em Limit ($3/$6 USD) - 2016/11/27 20:13:44 ET
Table 'Hirons II' 10-max Seat #1 is the button
Seat 1: Mackeral ($79.45 in chips)
Seat 9: Pandakey ($214.01 in chips)
Mackeral: posts small blind $1
Pandakey: posts big blind $3
*** HOLE CARDS ***
Mackeral: folds
Uncalled bet ($2) returned to Pandakey
Pandakey collected $2 from pot
Pandakey: doesn't show hand
*** SUMMARY ***
Total pot $2 | Rake $0
Seat 1: Mackeral (button) (small blind) folded before Flop
Seat 9: Pandakey (big blind) collected ($2)


PokerStars Hand #162069292607:  Hold'em Limit ($3/$6 USD) - 2016/11/27 20:13:17 ET
Table 'Hirons II' 10-max Seat #9 is the button
Seat 1: Mackeral ($94.45 in chips)
Seat 9: Pandakey ($199.51 in chips)
Pandakey: posts small blind $1
Mackeral: posts big blind $3
*** HOLE CARDS ***
Pandakey: raises $3 to $6
Mackeral: calls $3
*** FLOP *** [Jc 8c 9c]
Mackeral: checks
Pandakey: bets $3
Mackeral: calls $3
*** TURN *** [Jc 8c 9c] [Kh]
Mackeral: checks
Pandakey: bets $6
Mackeral: calls $6
*** RIVER *** [Jc 8c 9c Kh] [9d]
Mackeral: checks
Pandakey: checks
*** SHOW DOWN ***
Mackeral: shows [8d 6h] (two pair, Nines and Eights)
Pandakey: shows [6s Jd] (two pair, Jacks and Nines)
Pandakey collected $29.50 from pot
*** SUMMARY ***
Total pot $30 | Rake $0.50
Board [Jc 8c 9c Kh 9d]
Seat 1: Mackeral (big blind) showed [8d 6h] and lost with two pair, Nines and Eights
Seat 9: Pandakey (button) (small blind) showed [6s Jd] and won ($29.50) with two pair, Jacks and Nines


PokerStars Hand #162069309636:  Hold'em Limit ($3/$6 USD) - 2016/11/27 20:13:50 ET
Table 'Hirons II' 10-max Seat #9 is the button
Seat 1: Mackeral ($78.45 in chips)
Seat 9: Pandakey ($215.01 in chips)
Pandakey: posts small blind $1
Mackeral: posts big blind $3
*** HOLE CARDS ***
Pandakey: raises $3 to $6
Mackeral: calls $3
*** FLOP *** [4s Qh 9c]
Mackeral: checks
Pandakey: bets $3
Mackeral: folds
Uncalled bet ($3) returned to Pandakey
Pandakey collected $11.76 from pot
Pandakey: doesn't show hand
*** SUMMARY ***
Total pot $12 | Rake $0.24
Board [4s Qh 9c]
Seat 1: Mackeral (big blind) folded on the Flop
Seat 9: Pandakey (button) (small blind) collected ($11.76)


PokerStars Hand #162069337116:  Hold'em Limit ($3/$6 USD) - 2016/11/27 20:14:44 ET
Table 'Hirons II' 10-max Seat #9 is the button
Seat 1: Mackeral ($57.45 in chips)
Seat 9: Pandakey ($235.27 in chips)
Pandakey: posts small blind $1
Mackeral: posts big blind $3
*** HOLE CARDS ***
Pandakey: folds
Uncalled bet ($2) returned to Mackeral
Mackeral collected $2 from pot
Mackeral: doesn't show hand
*** SUMMARY ***
Total pot $2 | Rake $0
Seat 1: Mackeral (big blind) collected ($2)
Seat 9: Pandakey (button) (small blind) folded before Flop


PokerStars Hand #162069319833:  Hold'em Limit ($3/$6 USD) - 2016/11/27 20:14:10 ET
Table 'Hirons II' 10-max Seat #1 is the button
Seat 1: Mackeral ($72.45 in chips)
Seat 9: Pandakey ($220.77 in chips)
Mackeral: posts small blind $1
Pandakey: posts big blind $3
*** HOLE CARDS ***
Mackeral: raises $3 to $6
Pandakey: calls $3
*** FLOP *** [8h 6h Qd]
Pandakey: checks
Mackeral: bets $3
Pandakey: calls $3
*** TURN *** [8h 6h Qd] [7d]
Pandakey: checks
Mackeral: bets $6
Pandakey: calls $6
*** RIVER *** [8h 6h Qd 7d] [Qc]
Pandakey: checks
Mackeral: checks
*** SHOW DOWN ***
Pandakey: shows [5h 6c] (two pair, Queens and Sixes)
Mackeral: mucks hand
Pandakey collected $29.50 from pot
*** SUMMARY ***
Total pot $30 | Rake $0.50
Board [8h 6h Qd 7d Qc]
Seat 1: Mackeral (button) (small blind) mucked
Seat 9: Pandakey (big blind) showed [5h 6c] and won ($29.50) with two pair, Queens and Sixes


PokerStars Hand #162069339449:  Hold'em Limit ($3/$6 USD) - 2016/11/27 20:14:49 ET
Table 'Hirons II' 10-max Seat #1 is the button
Seat 1: Mackeral ($58.45 in chips)
Seat 9: Pandakey ($234.27 in chips)
Mackeral: posts small blind $1
Pandakey: posts big blind $3
*** HOLE CARDS ***
Mackeral: raises $3 to $6
Pandakey: calls $3
*** FLOP *** [Tc 2c 9c]
Pandakey: checks
Mackeral: bets $3
Pandakey: calls $3
*** TURN *** [Tc 2c 9c] [5h]
Pandakey: checks
Mackeral: bets $6
Pandakey: calls $6
*** RIVER *** [Tc 2c 9c 5h] [Jd]
Pandakey: checks
Mackeral: bets $6
Pandakey: folds
Uncalled bet ($6) returned to Mackeral
Mackeral collected $29.50 from pot
Mackeral: doesn't show hand
*** SUMMARY ***
Total pot $30 | Rake $0.50
Board [Tc 2c 9c 5h Jd]
Seat 1: Mackeral (button) (small blind) collected ($29.50)
Seat 9: Pandakey (big blind) folded on the River


PokerStars Hand #162069351868:  Hold'em Limit ($3/$6 USD) - 2016/11/27 20:15:13 ET
Table 'Hirons II' 10-max Seat #9 is the button
Seat 1: Mackeral ($72.95 in chips)
Seat 9: Pandakey ($219.27 in chips)
Pandakey: posts small blind $1
Mackeral: posts big blind $3
*** HOLE CARDS ***
Pandakey: raises $3 to $6
Mackeral: calls $3
*** FLOP *** [Ts Ah 9s]
Mackeral: checks
Pandakey: bets $3
Mackeral: folds
Uncalled bet ($3) returned to Pandakey
Pandakey collected $11.76 from pot
Pandakey: doesn't show hand
*** SUMMARY ***
Total pot $12 | Rake $0.24
Board [Ts Ah 9s]
Seat 1: Mackeral (big blind) folded on the Flop
Seat 9: Pandakey (button) (small blind) collected ($11.76)


PokerStars Hand #162069359037:  Hold'em Limit ($3/$6 USD) - 2016/11/27 20:15:28 ET
Table 'Hirons II' 10-max Seat #1 is the button
Seat 1: Mackeral ($66.95 in chips)
Seat 9: Pandakey ($225.03 in chips)
Mackeral: posts small blind $1
Pandakey: posts big blind $3
*** HOLE CARDS ***
Mackeral: raises $3 to $6
Pandakey: calls $3
*** FLOP *** [5s 9s As]
Pandakey: checks
Mackeral: bets $3
Pandakey: folds
Uncalled bet ($3) returned to Mackeral
Mackeral collected $11.76 from pot
Mackeral: doesn't show hand
*** SUMMARY ***
Total pot $12 | Rake $0.24
Board [5s 9s As]
Seat 1: Mackeral (button) (small blind) collected ($11.76)
Seat 9: Pandakey (big blind) folded on the Flop


PokerStars Hand #162069365836:  Hold'em Limit ($3/$6 USD) - 2016/11/27 20:15:41 ET
Table 'Hirons II' 10-max Seat #9 is the button
Seat 1: Mackeral ($72.71 in chips)
Seat 9: Pandakey ($219.03 in chips)
Pandakey: posts small blind $1
Mackeral: posts big blind $3
*** HOLE CARDS ***
Pandakey: raises $3 to $6
Mackeral: calls $3
*** FLOP *** [Td 3c 8c]
Mackeral: checks
Pandakey: bets $3
Mackeral: raises $3 to $6
Pandakey: folds
Uncalled bet ($3) returned to Mackeral
Mackeral collected $17.64 from pot
Mackeral: doesn't show hand
*** SUMMARY ***
Total pot $18 | Rake $0.36
Board [Td 3c 8c]
Seat 1: Mackeral (big blind) collected ($17.64)
Seat 9: Pandakey (button) (small blind) folded on the Flop


PokerStars Hand #162069402225:  Hold'em Limit ($3/$6 USD) - 2016/11/27 20:16:54 ET
Table 'Hirons II' 10-max Seat #9 is the button
Seat 1: Mackeral ($51.35 in chips)
Seat 9: Pandakey ($239.53 in chips)
Pandakey: posts small blind $1
Mackeral: posts big blind $3
*** HOLE CARDS ***
Pandakey: folds
Uncalled bet ($2) returned to Mackeral
Mackeral collected $2 from pot
Mackeral: doesn't show hand
*** SUMMARY ***
Total pot $2 | Rake $0
Seat 1: Mackeral (big blind) collected ($2)
Seat 9: Pandakey (button) (small blind) folded before Flop


PokerStars Hand #162069398544:  Hold'em Limit ($3/$6 USD) - 2016/11/27 20:16:47 ET
Table 'Hirons II' 10-max Seat #1 is the button
Seat 1: Mackeral ($52.35 in chips)
Seat 9: Pandakey ($238.53 in chips)
Mackeral: posts small blind $1
Pandakey: posts big blind $3
*** HOLE CARDS ***
Mackeral: folds
Uncalled bet ($2) returned to Pandakey
Pandakey collected $2 from pot
Pandakey: doesn't show hand
*** SUMMARY ***
Total pot $2 | Rake $0
Seat 1: Mackeral (button) (small blind) folded before Flop
Seat 9: Pandakey (big blind) collected ($2)


PokerStars Hand #162069395375:  Hold'em Limit ($3/$6 USD) - 2016/11/27 20:16:40 ET
Table 'Hirons II' 10-max Seat #9 is the button
Seat 1: Mackeral ($51.35 in chips)
Seat 9: Pandakey ($239.53 in chips)
Pandakey: posts small blind $1
Mackeral: posts big blind $3
*** HOLE CARDS ***
Pandakey: folds
Uncalled bet ($2) returned to Mackeral
Mackeral collected $2 from pot
Mackeral: doesn't show hand
*** SUMMARY ***
Total pot $2 | Rake $0
Seat 1: Mackeral (big blind) collected ($2)
Seat 9: Pandakey (button) (small blind) folded before Flop


PokerStars Hand #162069375863:  Hold'em Limit ($3/$6 USD) - 2016/11/27 20:16:01 ET
Table 'Hirons II' 10-max Seat #1 is the button
Seat 1: Mackeral ($81.35 in chips)
Seat 9: Pandakey ($210.03 in chips)
Mackeral: posts small blind $1
Pandakey: posts big blind $3
*** HOLE CARDS ***
Mackeral: raises $3 to $6
Pandakey: calls $3
*** FLOP *** [6d 3s Th]
Pandakey: checks
Mackeral: bets $3
Pandakey: raises $3 to $6
Mackeral: calls $3
*** TURN *** [6d 3s Th] [9d]
Pandakey: bets $6
Mackeral: raises $6 to $12
Pandakey: raises $6 to $18
Mackeral: calls $6
*** RIVER *** [6d 3s Th 9d] [3h]
Pandakey: checks
Mackeral: checks
*** SHOW DOWN ***
Pandakey: shows [Td 6h] (two pair, Tens and Sixes)
Mackeral: mucks hand
Pandakey collected $59.50 from pot
*** SUMMARY ***
Total pot $60 | Rake $0.50
Board [6d 3s Th 9d 3h]
Seat 1: Mackeral (button) (small blind) mucked
Seat 9: Pandakey (big blind) showed [Td 6h] and won ($59.50) with two pair, Tens and Sixes


PokerStars Hand #162069417191:  Hold'em Limit ($3/$6 USD) - 2016/11/27 20:17:24 ET
Table 'Hirons II' 10-max Seat #9 is the button
Seat 1: Mackeral ($37.35 in chips)
Seat 9: Pandakey ($253.03 in chips)
Pandakey: posts small blind $1
Mackeral: posts big blind $3
*** HOLE CARDS ***
Pandakey: raises $3 to $6
Mackeral: raises $3 to $9
Pandakey: calls $3
*** FLOP *** [Jc 6h 7s]
Mackeral: bets $3
Pandakey: calls $3
*** TURN *** [Jc 6h 7s] [7d]
Mackeral: bets $6
Pandakey: folds
Uncalled bet ($6) returned to Mackeral
Mackeral collected $23.52 from pot
Mackeral: doesn't show hand
*** SUMMARY ***
Total pot $24 | Rake $0.48
Board [Jc 6h 7s 7d]
Seat 1: Mackeral (big blind) collected ($23.52)
Seat 9: Pandakey (button) (small blind) folded on the Turn


PokerStars Hand #162069404622:  Hold'em Limit ($3/$6 USD) - 2016/11/27 20:16:59 ET
Table 'Hirons II' 10-max Seat #1 is the button
Seat 1: Mackeral ($52.35 in chips)
Seat 9: Pandakey ($238.53 in chips)
Mackeral: posts small blind $1
Pandakey: posts big blind $3
*** HOLE CARDS ***
Mackeral: raises $3 to $6
Pandakey: calls $3
*** FLOP *** [5h 6c 4s]
Pandakey: checks
Mackeral: bets $3
Pandakey: calls $3
*** TURN *** [5h 6c 4s] [Qs]
Pandakey: checks
gkas71 joins the table at seat #8
Mackeral: bets $6
Pandakey: calls $6
*** RIVER *** [5h 6c 4s Qs] [7c]
Pandakey: checks
Mackeral: checks
*** SHOW DOWN ***
Pandakey: shows [4h Jh] (a pair of Fours)
Mackeral: mucks hand
Pandakey collected $29.50 from pot
*** SUMMARY ***
Total pot $30 | Rake $0.50
Board [5h 6c 4s Qs 7c]
Seat 1: Mackeral (button) (small blind) mucked
Seat 9: Pandakey (big blind) showed [4h Jh] and won ($29.50) with a pair of Fours


PokerStars Hand #162069789024:  Hold'em Limit ($3/$6 USD) - 2016/11/27 20:30:00 ET
Table 'Hirons II' 10-max Seat #9 is the button
Seat 5: Lackys07 ($24.85 in chips)
Seat 9: Pandakey ($282.73 in chips)
Pandakey: posts small blind $1
Lackys07: posts big blind $3
*** HOLE CARDS ***
Pandakey: raises $3 to $6
Lackys07: folds
Uncalled bet ($3) returned to Pandakey
Pandakey collected $6 from pot
Pandakey: doesn't show hand
*** SUMMARY ***
Total pot $6 | Rake $0
Seat 5: Lackys07 (big blind) folded before Flop
Seat 9: Pandakey (button) (small blind) collected ($6)


PokerStars Hand #162069792198:  Hold'em Limit ($3/$6 USD) - 2016/11/27 20:30:06 ET
Table 'Hirons II' 10-max Seat #5 is the button
Seat 5: Lackys07 ($21.85 in chips)
Seat 9: Pandakey ($285.73 in chips)
Lackys07: posts small blind $1
Pandakey: posts big blind $3
*** HOLE CARDS ***
Lackys07: raises $3 to $6
Pandakey: calls $3
*** FLOP *** [Jc 2s 4h]
Pandakey: checks
Lackys07: bets $3
Pandakey: folds
Uncalled bet ($3) returned to Lackys07
Lackys07 collected $11.76 from pot
Lackys07: doesn't show hand
*** SUMMARY ***
Total pot $12 | Rake $0.24
Board [Jc 2s 4h]
Seat 5: Lackys07 (button) (small blind) collected ($11.76)
Seat 9: Pandakey (big blind) folded on the Flop


PokerStars Hand #162069823650:  Hold'em Limit ($3/$6 USD) - 2016/11/27 20:30:52 ET
Table 'Hirons II' 10-max Seat #5 is the button
Seat 5: Lackys07 ($24.61 in chips)
Seat 6: xRauIx ($124 in chips)
Lackys07: posts small blind $1
xRauIx: posts big blind $3
*** HOLE CARDS ***
Pandakey leaves the table
Lackys07: folds
Uncalled bet ($2) returned to xRauIx
xRauIx collected $2 from pot
xRauIx: doesn't show hand
*** SUMMARY ***
Total pot $2 | Rake $0
Seat 5: Lackys07 (button) (small blind) folded before Flop
Seat 6: xRauIx (big blind) collected ($2)


PokerStars Hand #162069820330:  Hold'em Limit ($3/$6 USD) - 2016/11/27 20:30:45 ET
Table 'Hirons II' 10-max Seat #6 is the button
Seat 5: Lackys07 ($27.61 in chips)
Seat 6: xRauIx ($121 in chips)
xRauIx: posts small blind $1
Pandakey: is sitting out
Lackys07: posts big blind $3
*** HOLE CARDS ***
xRauIx: raises $3 to $6
Lackys07: folds
Uncalled bet ($3) returned to xRauIx
xRauIx collected $6 from pot
xRauIx: doesn't show hand
*** SUMMARY ***
Total pot $6 | Rake $0
Seat 5: Lackys07 (big blind) folded before Flop
Seat 6: xRauIx (button) (small blind) collected ($6)


PokerStars Hand #162069800457:  Hold'em Limit ($3/$6 USD) - 2016/11/27 20:30:23 ET
Table 'Hirons II' 10-max Seat #9 is the button
Seat 5: Lackys07 ($27.61 in chips)
Seat 9: Pandakey ($279.73 in chips)
Pandakey: posts small blind $1
Lackys07: posts big blind $3
*** HOLE CARDS ***
Pandakey: folds
Uncalled bet ($2) returned to Lackys07
xRauIx joins the table at seat #6
Lackys07 collected $2 from pot
Lackys07: doesn't show hand
*** SUMMARY ***
Total pot $2 | Rake $0
Seat 5: Lackys07 (big blind) collected ($2)
Seat 9: Pandakey (button) (small blind) folded before Flop


PokerStars Hand #162069839893:  Hold'em Limit ($3/$6 USD) - 2016/11/27 20:31:26 ET
Table 'Hirons II' 10-max Seat #5 is the button
Seat 5: Lackys07 ($30 in chips)
Seat 6: xRauIx ($148.11 in chips)
Lackys07: posts small blind $1
xRauIx: posts big blind $3
*** HOLE CARDS ***
Lackys07: raises $3 to $6
xRauIx: folds
Uncalled bet ($3) returned to Lackys07
Lackys07 collected $6 from pot
Lackys07: doesn't show hand
*** SUMMARY ***
Total pot $6 | Rake $0
Seat 5: Lackys07 (button) (small blind) collected ($6)
Seat 6: xRauIx (big blind) folded before Flop


PokerStars Hand #162069825985:  Hold'em Limit ($3/$6 USD) - 2016/11/27 20:30:57 ET
Table 'Hirons II' 10-max Seat #6 is the button
Seat 5: Lackys07 ($23.61 in chips)
Seat 6: xRauIx ($125 in chips)
xRauIx: posts small blind $1
Lackys07: posts big blind $3
*** HOLE CARDS ***
xRauIx: raises $3 to $6
Lackys07: calls $3
*** FLOP *** [Ts Th Kc]
Lackys07: checks
xRauIx: bets $3
Lackys07: raises $3 to $6
xRauIx: calls $3
*** TURN *** [Ts Th Kc] [6d]
Lackys07: bets $6
xRauIx: calls $6
*** RIVER *** [Ts Th Kc 6d] [Qc]
Lackys07: bets $5.61 and is all-in
xRauIx: calls $5.61
*** SHOW DOWN ***
Lackys07: shows [Ks 4c] (two pair, Kings and Tens)
xRauIx: shows [Qh Qs] (a full house, Queens full of Tens)
xRauIx collected $46.72 from pot
*** SUMMARY ***
Total pot $47.22 | Rake $0.50
Board [Ts Th Kc 6d Qc]
Seat 5: Lackys07 (big blind) showed [Ks 4c] and lost with two pair, Kings and Tens
Seat 6: xRauIx (button) (small blind) showed [Qh Qs] and won ($46.72) with a full house, Queens full of Tens


PokerStars Hand #162069843818:  Hold'em Limit ($3/$6 USD) - 2016/11/27 20:31:34 ET
Table 'Hirons II' 10-max Seat #6 is the button
Seat 5: Lackys07 ($33 in chips)
Seat 6: xRauIx ($145.11 in chips)
xRauIx: posts small blind $1
Lackys07: posts big blind $3
*** HOLE CARDS ***
xRauIx: raises $3 to $6
Lackys07: calls $3
*** FLOP *** [9s Qc 5d]
Lackys07: bets $3
xRauIx: calls $3
*** TURN *** [9s Qc 5d] [Js]
Lackys07: bets $6
xRauIx: calls $6
*** RIVER *** [9s Qc 5d Js] [2s]
Lackys07: bets $6
xRauIx: folds
Uncalled bet ($6) returned to Lackys07
Lackys07 collected $29.50 from pot
Lackys07: doesn't show hand
*** SUMMARY ***
Total pot $30 | Rake $0.50
Board [9s Qc 5d Js 2s]
Seat 5: Lackys07 (big blind) collected ($29.50)
Seat 6: xRauIx (button) (small blind) folded on the River


PokerStars Hand #162069864665:  Hold'em Limit ($3/$6 USD) - 2016/11/27 20:32:18 ET
Table 'Hirons II' 10-max Seat #6 is the button
Seat 5: Lackys07 ($47.38 in chips)
Seat 6: xRauIx ($129.99 in chips)
xRauIx: posts small blind $1
Lackys07: posts big blind $3
*** HOLE CARDS ***
xRauIx: raises $3 to $6
Lackys07: calls $3
*** FLOP *** [Qh 2d 3c]
Lackys07: checks
xRauIx: bets $3
Lackys07: folds
Uncalled bet ($3) returned to xRauIx
xRauIx collected $11.76 from pot
xRauIx: doesn't show hand
*** SUMMARY ***
Total pot $12 | Rake $0.24
Board [Qh 2d 3c]
Seat 5: Lackys07 (big blind) folded on the Flop
Seat 6: xRauIx (button) (small blind) collected ($11.76)


PokerStars Hand #162069872674:  Hold'em Limit ($3/$6 USD) - 2016/11/27 20:32:35 ET
Table 'Hirons II' 10-max Seat #5 is the button
Seat 5: Lackys07 ($41.38 in chips)
Seat 6: xRauIx ($135.75 in chips)
Lackys07: posts small blind $1
xRauIx: posts big blind $3
*** HOLE CARDS ***
Lackys07: folds
Uncalled bet ($2) returned to xRauIx
xRauIx collected $2 from pot
xRauIx: doesn't show hand
*** SUMMARY ***
Total pot $2 | Rake $0
Seat 5: Lackys07 (button) (small blind) folded before Flop
Seat 6: xRauIx (big blind) collected ($2)


PokerStars Hand #162069877136:  Hold'em Limit ($3/$6 USD) - 2016/11/27 20:32:44 ET
Table 'Hirons II' 10-max Seat #6 is the button
Seat 5: Lackys07 ($40.38 in chips)
Seat 6: xRauIx ($136.75 in chips)
xRauIx: posts small blind $1
Lackys07: posts big blind $3
*** HOLE CARDS ***
xRauIx: raises $3 to $6
Lackys07: calls $3
*** FLOP *** [Th 8d 5c]
Lackys07: checks
xRauIx: bets $3
Lackys07: calls $3
*** TURN *** [Th 8d 5c] [7s]
Lackys07: checks
xRauIx: bets $6
Lackys07: raises $6 to $12
xRauIx: calls $6
*** RIVER *** [Th 8d 5c 7s] [4d]
Lackys07: bets $6
xRauIx: calls $6
*** SHOW DOWN ***
Lackys07: shows [Jh 9h] (a straight, Seven to Jack)
xRauIx: mucks hand
Lackys07 collected $53.50 from pot
*** SUMMARY ***
Total pot $54 | Rake $0.50
Board [Th 8d 5c 7s 4d]
Seat 5: Lackys07 (big blind) showed [Jh 9h] and won ($53.50) with a straight, Seven to Jack
Seat 6: xRauIx (button) (small blind) mucked


PokerStars Hand #162069854359:  Hold'em Limit ($3/$6 USD) - 2016/11/27 20:31:56 ET
Table 'Hirons II' 10-max Seat #5 is the button
Seat 5: Lackys07 ($47.50 in chips)
Seat 6: xRauIx ($130.11 in chips)
Lackys07: posts small blind $1
xRauIx: posts big blind $3
*** HOLE CARDS ***
Lackys07: raises $3 to $6
xRauIx: calls $3
*** FLOP *** [2c Jd 6h]
xRauIx: checks
Lackys07: checks
*** TURN *** [2c Jd 6h] [2s]
xRauIx: checks
Lackys07: checks
*** RIVER *** [2c Jd 6h 2s] [6c]
xRauIx: checks
Lackys07: checks
*** SHOW DOWN ***
xRauIx: shows [7h 8c] (two pair, Sixes and Deuces)
Lackys07: shows [5c 7c] (two pair, Sixes and Deuces)
xRauIx collected $5.88 from pot
Lackys07 collected $5.88 from pot
*** SUMMARY ***
Total pot $12 | Rake $0.24
Board [2c Jd 6h 2s 6c]
Seat 5: Lackys07 (button) (small blind) showed [5c 7c] and won ($5.88) with two pair, Sixes and Deuces
Seat 6: xRauIx (big blind) showed [7h 8c] and won ($5.88) with two pair, Sixes and Deuces


PokerStars Hand #162069889682:  Hold'em Limit ($3/$6 USD) - 2016/11/27 20:33:10 ET
Table 'Hirons II' 10-max Seat #5 is the button
Seat 5: Lackys07 ($66.88 in chips)
Seat 6: xRauIx ($109.75 in chips)
Lackys07: posts small blind $1
xRauIx: posts big blind $3
*** HOLE CARDS ***
Lackys07: calls $2
xRauIx: raises $3 to $6
Lackys07: calls $3
*** FLOP *** [7s 4d 5h]
xRauIx: bets $3
Lackys07: calls $3
*** TURN *** [7s 4d 5h] [6h]
xRauIx: bets $6
Lackys07: calls $6
*** RIVER *** [7s 4d 5h 6h] [Js]
xRauIx: bets $6
Lackys07: folds
Uncalled bet ($6) returned to xRauIx
xRauIx collected $29.50 from pot
xRauIx: doesn't show hand
*** SUMMARY ***
Total pot $30 | Rake $0.50
Board [7s 4d 5h 6h Js]
Seat 5: Lackys07 (button) (small blind) folded on the River
Seat 6: xRauIx (big blind) collected ($29.50)


PokerStars Hand #162069900723:  Hold'em Limit ($3/$6 USD) - 2016/11/27 20:33:33 ET
Table 'Hirons II' 10-max Seat #6 is the button
Seat 5: Lackys07 ($51.88 in chips)
Seat 6: xRauIx ($124.25 in chips)
xRauIx: posts small blind $1
Lackys07: posts big blind $3
*** HOLE CARDS ***
xRauIx: raises $3 to $6
Lackys07: calls $3
*** FLOP *** [2s Ts 8d]
Lackys07: checks
xRauIx: bets $3
Lackys07: calls $3
*** TURN *** [2s Ts 8d] [6s]
Lackys07: checks
xRauIx: checks
*** RIVER *** [2s Ts 8d 6s] [5c]
Lackys07: checks
xRauIx: checks
*** SHOW DOWN ***
Lackys07: shows [Ah 5s] (a pair of Fives)
xRauIx: mucks hand
Lackys07 collected $17.64 from pot
*** SUMMARY ***
Total pot $18 | Rake $0.36
Board [2s Ts 8d 6s 5c]
Seat 5: Lackys07 (big blind) showed [Ah 5s] and won ($17.64) with a pair of Fives
Seat 6: xRauIx (button) (small blind) mucked


PokerStars Hand #162069925589:  Hold'em Limit ($3/$6 USD) - 2016/11/27 20:34:25 ET
Table 'Hirons II' 10-max Seat #5 is the button
Seat 5: Lackys07 ($63.28 in chips)
Seat 6: xRauIx ($112.25 in chips)
Lackys07: posts small blind $1
xRauIx: posts big blind $3
*** HOLE CARDS ***
Lackys07: raises $3 to $6
xRauIx: raises $3 to $9
Lackys07: calls $3
*** FLOP *** [Jc 7d Tc]
xRauIx: bets $3
Lackys07: calls $3
*** TURN *** [Jc 7d Tc] [3h]
xRauIx: bets $6
Lackys07: raises $6 to $12
xRauIx: calls $6
*** RIVER *** [Jc 7d Tc 3h] [9d]
xRauIx: checks
Lackys07: bets $6
xRauIx: calls $6
*** SHOW DOWN ***
Lackys07: shows [8d Jh] (a straight, Seven to Jack)
xRauIx: mucks hand
Lackys07 collected $59.50 from pot
*** SUMMARY ***
Total pot $60 | Rake $0.50
Board [Jc 7d Tc 3h 9d]
Seat 5: Lackys07 (button) (small blind) showed [8d Jh] and won ($59.50) with a straight, Seven to Jack
Seat 6: xRauIx (big blind) mucked


PokerStars Hand #162069935350:  Hold'em Limit ($3/$6 USD) - 2016/11/27 20:34:46 ET
Table 'Hirons II' 10-max Seat #6 is the button
Seat 5: Lackys07 ($92.78 in chips)
Seat 6: xRauIx ($82.25 in chips)
xRauIx: posts small blind $1
Lackys07: posts big blind $3
*** HOLE CARDS ***
xRauIx: raises $3 to $6
Lackys07: calls $3
*** FLOP *** [9c 2c 4s]
Lackys07: checks
xRauIx: checks
*** TURN *** [9c 2c 4s] [2s]
Lackys07: checks
xRauIx: checks
*** RIVER *** [9c 2c 4s 2s] [3c]
Lackys07: checks
xRauIx: checks
*** SHOW DOWN ***
Lackys07: shows [8d Kh] (a pair of Deuces)
xRauIx: mucks hand
Lackys07 collected $11.76 from pot
*** SUMMARY ***
Total pot $12 | Rake $0.24
Board [9c 2c 4s 2s 3c]
Seat 5: Lackys07 (big blind) showed [8d Kh] and won ($11.76) with a pair of Deuces
Seat 6: xRauIx (button) (small blind) mucked


PokerStars Hand #162069922034:  Hold'em Limit ($3/$6 USD) - 2016/11/27 20:34:18 ET
Table 'Hirons II' 10-max Seat #6 is the button
Seat 5: Lackys07 ($66.28 in chips)
Seat 6: xRauIx ($109.25 in chips)
xRauIx: posts small blind $1
Lackys07: posts big blind $3
*** HOLE CARDS ***
xRauIx: raises $3 to $6
Lackys07: folds
Uncalled bet ($3) returned to xRauIx
xRauIx collected $6 from pot
xRauIx: doesn't show hand
*** SUMMARY ***
Total pot $6 | Rake $0
Seat 5: Lackys07 (big blind) folded before Flop
Seat 6: xRauIx (button) (small blind) collected ($6)


PokerStars Hand #162069951834:  Hold'em Limit ($3/$6 USD) - 2016/11/27 20:35:21 ET
Table 'Hirons II' 10-max Seat #6 is the button
Seat 5: Lackys07 ($92.54 in chips)
Seat 6: xRauIx ($82.01 in chips)
xRauIx: posts small blind $1
Lackys07: posts big blind $3
*** HOLE CARDS ***
xRauIx: raises $3 to $6
Lackys07: calls $3
*** FLOP *** [2s Td Ks]
Lackys07: checks
xRauIx: bets $3
Lackys07: calls $3
*** TURN *** [2s Td Ks] [2h]
Lackys07: checks
xRauIx: checks
*** RIVER *** [2s Td Ks 2h] [2c]
Lackys07: bets $6
xRauIx: folds
Uncalled bet ($6) returned to Lackys07
Lackys07 collected $17.64 from pot
Lackys07: doesn't show hand
*** SUMMARY ***
Total pot $18 | Rake $0.36
Board [2s Td Ks 2h 2c]
Seat 5: Lackys07 (big blind) collected ($17.64)
Seat 6: xRauIx (button) (small blind) folded on the River


PokerStars Hand #162069964120:  Hold'em Limit ($3/$6 USD) - 2016/11/27 20:35:47 ET
Table 'Hirons II' 10-max Seat #5 is the button
Seat 5: Lackys07 ($101.18 in chips)
Seat 6: xRauIx ($73.01 in chips)
Lackys07: posts small blind $1
xRauIx: posts big blind $3
*** HOLE CARDS ***
Lackys07: calls $2
xRauIx: checks
*** FLOP *** [Js Ad 2c]
xRauIx: checks
Lackys07: bets $3
xRauIx: folds
Uncalled bet ($3) returned to Lackys07
Lackys07 collected $5.88 from pot
Lackys07: doesn't show hand
*** SUMMARY ***
Total pot $6 | Rake $0.12
Board [Js Ad 2c]
Seat 5: Lackys07 (button) (small blind) collected ($5.88)
Seat 6: xRauIx (big blind) folded on the Flop


PokerStars Hand #162069973560:  Hold'em Limit ($3/$6 USD) - 2016/11/27 20:36:06 ET
Table 'Hirons II' 10-max Seat #5 is the button
Seat 5: Lackys07 ($101.06 in chips)
Seat 6: xRauIx ($73.01 in chips)
Lackys07: posts small blind $1
xRauIx: posts big blind $3
*** HOLE CARDS ***
Lackys07: folds
Uncalled bet ($2) returned to xRauIx
xRauIx collected $2 from pot
xRauIx: doesn't show hand
*** SUMMARY ***
Total pot $2 | Rake $0
Seat 5: Lackys07 (button) (small blind) folded before Flop
Seat 6: xRauIx (big blind) collected ($2)


PokerStars Hand #162069969283:  Hold'em Limit ($3/$6 USD) - 2016/11/27 20:35:58 ET
Table 'Hirons II' 10-max Seat #6 is the button
Seat 5: Lackys07 ($104.06 in chips)
Seat 6: xRauIx ($70.01 in chips)
xRauIx: posts small blind $1
Lackys07: posts big blind $3
*** HOLE CARDS ***
xRauIx: raises $3 to $6
Lackys07: folds
Uncalled bet ($3) returned to xRauIx
xRauIx collected $6 from pot
xRauIx: doesn't show hand
*** SUMMARY ***
Total pot $6 | Rake $0
Seat 5: Lackys07 (big blind) folded before Flop
Seat 6: xRauIx (button) (small blind) collected ($6)


PokerStars Hand #162069946227:  Hold'em Limit ($3/$6 USD) - 2016/11/27 20:35:09 ET
Table 'Hirons II' 10-max Seat #5 is the button
Seat 5: Lackys07 ($98.54 in chips)
Seat 6: xRauIx ($76.25 in chips)
Lackys07: posts small blind $1
xRauIx: posts big blind $3
*** HOLE CARDS ***
Lackys07: calls $2
xRauIx: raises $3 to $6
Lackys07: calls $3
*** FLOP *** [3h 4c 7d]
xRauIx: bets $3
Lackys07: folds
Uncalled bet ($3) returned to xRauIx
xRauIx collected $11.76 from pot
xRauIx: doesn't show hand
*** SUMMARY ***
Total pot $12 | Rake $0.24
Board [3h 4c 7d]
Seat 5: Lackys07 (button) (small blind) folded on the Flop
Seat 6: xRauIx (big blind) collected ($11.76)


