PokerStars Hand #150059188680:  Hold'em Limit ($3/$6 USD) - 2016/03/08 19:01:37 ET
Table 'Hirundo' 6-max Seat #5 is the button
Seat 3: $i1ver ($12 in chips)
Seat 5: AzureCaper ($102.26 in chips)
AzureCaper: posts small blind $1
Azrarn joins the table at seat #1
$i1ver: posts big blind $3
*** HOLE CARDS ***
AzureCaper: raises $3 to $6
$i1ver: calls $3
*** FLOP *** [6s 6c Kd]
$i1ver: bets $3
AzureCaper: calls $3
*** TURN *** [6s 6c Kd] [8h]
$i1ver: bets $3 and is all-in
AzureCaper: calls $3
*** RIVER *** [6s 6c Kd 8h] [8d]
*** SHOW DOWN ***
$i1ver: shows [5s 9s] (two pair, Eights and Sixes)
AzureCaper: shows [7s 6d] (a full house, Sixes full of Eights)
AzureCaper collected $23.52 from pot
*** SUMMARY ***
Total pot $24 | Rake $0.48
Board [6s 6c Kd 8h 8d]
Seat 3: $i1ver (big blind) showed [5s 9s] and lost with two pair, Eights and Sixes
Seat 5: AzureCaper (button) (small blind) showed [7s 6d] and won ($23.52) with a full house, Sixes full of Eights


PokerStars Hand #150063635331:  Hold'em Limit ($3/$6 USD) - 2016/03/08 21:25:12 ET
Table 'Hirundo' 6-max Seat #4 is the button
Seat 3: gracetime ($84.93 in chips)
Seat 4: bentinck113 ($109.95 in chips)
bentinck113: posts small blind $1
gracetime: posts big blind $3
*** HOLE CARDS ***
bentinck113: folds
Uncalled bet ($2) returned to gracetime
gracetime collected $2 from pot
*** SUMMARY ***
Total pot $2 | Rake $0
Seat 3: gracetime (big blind) collected ($2)
Seat 4: bentinck113 (button) (small blind) folded before Flop


PokerStars Hand #150063630255:  Hold'em Limit ($3/$6 USD) - 2016/03/08 21:24:59 ET
Table 'Hirundo' 6-max Seat #3 is the button
Seat 3: gracetime ($93.93 in chips)
Seat 4: bentinck113 ($101.31 in chips)
gracetime: posts small blind $1
bentinck113: posts big blind $3
*** HOLE CARDS ***
plummgg leaves the table
gracetime: raises $3 to $6
bentinck113: raises $3 to $9
deZZZed leaves the table
gracetime: calls $3
*** FLOP *** [Qh 8h 7c]
bentinck113: bets $3
gracetime: folds
Uncalled bet ($3) returned to bentinck113
bentinck113 collected $17.64 from pot
bentinck113: doesn't show hand
*** SUMMARY ***
Total pot $18 | Rake $0.36
Board [Qh 8h 7c]
Seat 3: gracetime (button) (small blind) folded on the Flop
Seat 4: bentinck113 (big blind) collected ($17.64)


PokerStars Hand #150063642154:  Hold'em Limit ($3/$6 USD) - 2016/03/08 21:25:29 ET
Table 'Hirundo' 6-max Seat #3 is the button
Seat 3: gracetime ($85.93 in chips)
Seat 4: bentinck113 ($108.95 in chips)
gracetime: posts small blind $1
bentinck113: posts big blind $3
*** HOLE CARDS ***
gracetime: raises $3 to $6
bentinck113: folds
Uncalled bet ($3) returned to gracetime
gracetime collected $6 from pot
*** SUMMARY ***
Total pot $6 | Rake $0
Seat 3: gracetime (button) (small blind) collected ($6)
Seat 4: bentinck113 (big blind) folded before Flop


PokerStars Hand #150063639756:  Hold'em Limit ($3/$6 USD) - 2016/03/08 21:25:23 ET
Table 'Hirundo' 6-max Seat #4 is the button
Seat 3: gracetime ($88.93 in chips)
Seat 4: bentinck113 ($105.95 in chips)
bentinck113: posts small blind $1
gracetime: posts big blind $3
*** HOLE CARDS ***
bentinck113: raises $3 to $6
gracetime: folds
Uncalled bet ($3) returned to bentinck113
bentinck113 collected $6 from pot
bentinck113: doesn't show hand
*** SUMMARY ***
Total pot $6 | Rake $0
Seat 3: gracetime (big blind) folded before Flop
Seat 4: bentinck113 (button) (small blind) collected ($6)


PokerStars Hand #150063637317:  Hold'em Limit ($3/$6 USD) - 2016/03/08 21:25:17 ET
Table 'Hirundo' 6-max Seat #3 is the button
Seat 3: gracetime ($85.93 in chips)
Seat 4: bentinck113 ($108.95 in chips)
gracetime: posts small blind $1
bentinck113: posts big blind $3
*** HOLE CARDS ***
gracetime: raises $3 to $6
bentinck113: folds
Uncalled bet ($3) returned to gracetime
gracetime collected $6 from pot
*** SUMMARY ***
Total pot $6 | Rake $0
Seat 3: gracetime (button) (small blind) collected ($6)
Seat 4: bentinck113 (big blind) folded before Flop


PokerStars Hand #150063648753:  Hold'em Limit ($3/$6 USD) - 2016/03/08 21:25:45 ET
Table 'Hirundo' 6-max Seat #3 is the button
Seat 3: gracetime ($97.57 in chips)
Seat 4: bentinck113 ($96.95 in chips)
gracetime: posts small blind $1
bentinck113: posts big blind $3
*** HOLE CARDS ***
gracetime: raises $3 to $6
bentinck113: calls $3
*** FLOP *** [7h Kd 9c]
bentinck113: checks
gracetime: bets $3
bentinck113: calls $3
*** TURN *** [7h Kd 9c] [Ts]
bentinck113: checks
gracetime: checks
*** RIVER *** [7h Kd 9c Ts] [5s]
bentinck113: bets $6
gracetime: raises $6 to $12
bentinck113: calls $6
*** SHOW DOWN ***
gracetime: shows [5h 5c] (three of a kind, Fives)
bentinck113: mucks hand
gracetime collected $41.50 from pot
*** SUMMARY ***
Total pot $42 | Rake $0.50
Board [7h Kd 9c Ts 5s]
Seat 3: gracetime (button) (small blind) showed [5h 5c] and won ($41.50) with three of a kind, Fives
Seat 4: bentinck113 (big blind) mucked


PokerStars Hand #150063644624:  Hold'em Limit ($3/$6 USD) - 2016/03/08 21:25:35 ET
Table 'Hirundo' 6-max Seat #4 is the button
Seat 3: gracetime ($88.93 in chips)
Seat 4: bentinck113 ($105.95 in chips)
bentinck113: posts small blind $1
gracetime: posts big blind $3
*** HOLE CARDS ***
bentinck113: raises $3 to $6
gracetime: raises $3 to $9
bentinck113: calls $3
*** FLOP *** [6s Tc Jc]
gracetime: bets $3
bentinck113: folds
Uncalled bet ($3) returned to gracetime
gracetime collected $17.64 from pot
*** SUMMARY ***
Total pot $18 | Rake $0.36
Board [6s Tc Jc]
Seat 3: gracetime (big blind) collected ($17.64)
Seat 4: bentinck113 (button) (small blind) folded on the Flop


PokerStars Hand #150063656997:  Hold'em Limit ($3/$6 USD) - 2016/03/08 21:26:05 ET
Table 'Hirundo' 6-max Seat #4 is the button
Seat 3: gracetime ($118.07 in chips)
Seat 4: bentinck113 ($75.95 in chips)
bentinck113: posts small blind $1
gracetime: posts big blind $3
*** HOLE CARDS ***
bentinck113: raises $3 to $6
gracetime: calls $3
*** FLOP *** [7h Qc Ks]
gracetime: checks
bentinck113: bets $3
gracetime: raises $3 to $6
bentinck113: calls $3
*** TURN *** [7h Qc Ks] [3s]
gracetime: bets $6
bentinck113: calls $6
*** RIVER *** [7h Qc Ks 3s] [5d]
gracetime: bets $6
bentinck113: calls $6
*** SHOW DOWN ***
gracetime: shows [8c Kc] (a pair of Kings)
bentinck113: mucks hand
gracetime collected $47.50 from pot
*** SUMMARY ***
Total pot $48 | Rake $0.50
Board [7h Qc Ks 3s 5d]
Seat 3: gracetime (big blind) showed [8c Kc] and won ($47.50) with a pair of Kings
Seat 4: bentinck113 (button) (small blind) mucked


PokerStars Hand #150063666227:  Hold'em Limit ($3/$6 USD) - 2016/03/08 21:26:27 ET
Table 'Hirundo' 6-max Seat #3 is the button
Seat 3: gracetime ($141.57 in chips)
Seat 4: bentinck113 ($51.95 in chips)
gracetime: posts small blind $1
bentinck113: posts big blind $3
*** HOLE CARDS ***
gracetime: raises $3 to $6
bentinck113: calls $3
*** FLOP *** [Js 8c 2h]
bentinck113: checks
gracetime: checks
*** TURN *** [Js 8c 2h] [5s]
bentinck113: checks
gracetime: checks
*** RIVER *** [Js 8c 2h 5s] [3h]
bentinck113: checks
gracetime: checks
*** SHOW DOWN ***
bentinck113: shows [Qc 6s] (high card Queen)
gracetime: shows [Ac 5c] (a pair of Fives)
gracetime collected $11.76 from pot
*** SUMMARY ***
Total pot $12 | Rake $0.24
Board [Js 8c 2h 5s 3h]
Seat 3: gracetime (button) (small blind) showed [Ac 5c] and won ($11.76) with a pair of Fives
Seat 4: bentinck113 (big blind) showed [Qc 6s] and lost with high card Queen


