PokerStars Hand #173681473453:  Hold'em Limit ($3/$6 USD) - 2017/07/29 19:54:39 ET
Table 'Hirundo' 6-max Seat #1 is the button
Seat 1: Velbor107 ($311.50 in chips)
Seat 3: alfredg ($108 in chips)
Velbor107: posts small blind $1
alfredg: posts big blind $3
*** HOLE CARDS ***
Velbor107: raises $3 to $6
alfredg: calls $3
*** FLOP *** [4h 5c Kd]
alfredg: checks
Velbor107: checks
*** TURN *** [4h 5c Kd] [7d]
alfredg: bets $6
Velbor107: calls $6
*** RIVER *** [4h 5c Kd 7d] [8h]
alfredg: bets $6
Velbor107: calls $6
*** SHOW DOWN ***
alfredg: shows [6d 3d] (a straight, Four to Eight)
Velbor107: mucks hand
alfredg collected $35.50 from pot
*** SUMMARY ***
Total pot $36 | Rake $0.50
Board [4h 5c Kd 7d 8h]
Seat 1: Velbor107 (button) (small blind) mucked
Seat 3: alfredg (big blind) showed [6d 3d] and won ($35.50) with a straight, Four to Eight


PokerStars Hand #173681470245:  Hold'em Limit ($3/$6 USD) - 2017/07/29 19:54:32 ET
Table 'Hirundo' 6-max Seat #3 is the button
Seat 1: Velbor107 ($314.50 in chips)
Seat 3: alfredg ($105 in chips)
alfredg: posts small blind $1
Velbor107: posts big blind $3
*** HOLE CARDS ***
alfredg: raises $3 to $6
Velbor107: folds
Uncalled bet ($3) returned to alfredg
alfredg collected $6 from pot
*** SUMMARY ***
Total pot $6 | Rake $0
Seat 1: Velbor107 (big blind) folded before Flop
Seat 3: alfredg (button) (small blind) collected ($6)


PokerStars Hand #173681448553:  Hold'em Limit ($3/$6 USD) - 2017/07/29 19:53:49 ET
Table 'Hirundo' 6-max Seat #1 is the button
Seat 1: Velbor107 ($300 in chips)
Seat 3: alfredg ($120 in chips)
Velbor107: posts small blind $1
alfredg: posts big blind $3
*** HOLE CARDS ***
Velbor107: raises $3 to $6
alfredg: calls $3
*** FLOP *** [9s 8h Td]
alfredg: checks
Velbor107: bets $3
alfredg: calls $3
*** TURN *** [9s 8h Td] [3c]
alfredg: checks
Velbor107: bets $6
alfredg: calls $6
*** RIVER *** [9s 8h Td 3c] [As]
alfredg: checks
Velbor107: checks
*** SHOW DOWN ***
alfredg: shows [8s 2s] (a pair of Eights)
Velbor107: shows [Ts 6s] (a pair of Tens)
Velbor107 collected $29.50 from pot
*** SUMMARY ***
Total pot $30 | Rake $0.50
Board [9s 8h Td 3c As]
Seat 1: Velbor107 (button) (small blind) showed [Ts 6s] and won ($29.50) with a pair of Tens
Seat 3: alfredg (big blind) showed [8s 2s] and lost with a pair of Eights


PokerStars Hand #173681494375:  Hold'em Limit ($3/$6 USD) - 2017/07/29 19:55:24 ET
Table 'Hirundo' 6-max Seat #1 is the button
Seat 1: Velbor107 ($290.50 in chips)
Seat 3: alfredg ($128.50 in chips)
Velbor107: posts small blind $1
alfredg: posts big blind $3
*** HOLE CARDS ***
Velbor107: raises $3 to $6
alfredg: calls $3
*** FLOP *** [3s 7d 4s]
alfredg: checks
Velbor107: checks
*** TURN *** [3s 7d 4s] [Qs]
alfredg: checks
Velbor107: bets $6
alfredg: folds
Uncalled bet ($6) returned to Velbor107
Velbor107 collected $11.76 from pot
*** SUMMARY ***
Total pot $12 | Rake $0.24
Board [3s 7d 4s Qs]
Seat 1: Velbor107 (button) (small blind) collected ($11.76)
Seat 3: alfredg (big blind) folded on the Turn


PokerStars Hand #173681488623:  Hold'em Limit ($3/$6 USD) - 2017/07/29 19:55:10 ET
Table 'Hirundo' 6-max Seat #3 is the button
Seat 1: Velbor107 ($293.50 in chips)
Seat 3: alfredg ($125.50 in chips)
alfredg: posts small blind $1
Velbor107: posts big blind $3
*** HOLE CARDS ***
alfredg: raises $3 to $6
Velbor107: folds
Uncalled bet ($3) returned to alfredg
alfredg collected $6 from pot
*** SUMMARY ***
Total pot $6 | Rake $0
Seat 1: Velbor107 (big blind) folded before Flop
Seat 3: alfredg (button) (small blind) collected ($6)


PokerStars Hand #173681508997:  Hold'em Limit ($3/$6 USD) - 2017/07/29 19:55:59 ET
Table 'Hirundo' 6-max Seat #1 is the button
Seat 1: Velbor107 ($297.26 in chips)
Seat 3: alfredg ($121.50 in chips)
Velbor107: posts small blind $1
alfredg: posts big blind $3
*** HOLE CARDS ***
Velbor107: raises $3 to $6
alfredg: calls $3
*** FLOP *** [4c 4h 3h]
alfredg: checks
Velbor107: bets $3
alfredg: folds
Uncalled bet ($3) returned to Velbor107
Velbor107 collected $11.76 from pot
*** SUMMARY ***
Total pot $12 | Rake $0.24
Board [4c 4h 3h]
Seat 1: Velbor107 (button) (small blind) collected ($11.76)
Seat 3: alfredg (big blind) folded on the Flop


