PokerStars Hand #173681982123:  Hold'em Limit ($3/$6 USD) - 2017/07/29 20:12:30 ET
Table 'Hirundo' 6-max Seat #1 is the button
Seat 1: Gambler FZ ($153.93 in chips)
Seat 4: AzureCaper ($207.37 in chips)
LordBorzi II will be allowed to play after the button
Gambler FZ: posts small blind $1
AzureCaper: posts big blind $3
*** HOLE CARDS ***
Gambler FZ: raises $3 to $6
AzureCaper: calls $3
*** FLOP *** [8s 5c 2c]
AzureCaper: checks
alfredg leaves the table
Gambler FZ: checks
*** TURN *** [8s 5c 2c] [Ac]
AzureCaper: bets $6
Gambler FZ: folds
Uncalled bet ($6) returned to AzureCaper
AzureCaper collected $11.76 from pot
AzureCaper: doesn't show hand
*** SUMMARY ***
Total pot $12 | Rake $0.24
Board [8s 5c 2c Ac]
Seat 1: Gambler FZ (button) (small blind) folded on the Turn
Seat 4: AzureCaper (big blind) collected ($11.76)


PokerStars Hand #173684434351:  Hold'em Limit ($3/$6 USD) - 2017/07/29 21:50:24 ET
Table 'Hirundo' 6-max Seat #1 is the button
Seat 1: Velbor107 ($300 in chips)
Seat 3: angelsite911 ($106.52 in chips)
Velbor107: posts small blind $1
angelsite911: posts big blind $3
*** HOLE CARDS ***
Velbor107: raises $3 to $6
angelsite911: calls $3
*** FLOP *** [9s 3h Th]
angelsite911: checks
Velbor107: bets $3
angelsite911: calls $3
*** TURN *** [9s 3h Th] [3c]
angelsite911: checks
Velbor107: checks
*** RIVER *** [9s 3h Th 3c] [Qc]
angelsite911: bets $6
Velbor107: calls $6
*** SHOW DOWN ***
angelsite911: shows [8d Js] (a straight, Eight to Queen)
Velbor107: mucks hand
angelsite911 collected $29.50 from pot
*** SUMMARY ***
Total pot $30 | Rake $0.50
Board [9s 3h Th 3c Qc]
Seat 1: Velbor107 (button) (small blind) mucked
Seat 3: angelsite911 (big blind) showed [8d Js] and won ($29.50) with a straight, Eight to Queen


PokerStars Hand #173684447594:  Hold'em Limit ($3/$6 USD) - 2017/07/29 21:51:00 ET
Table 'Hirundo' 6-max Seat #3 is the button
Seat 1: Velbor107 ($285 in chips)
Seat 3: angelsite911 ($121.02 in chips)
angelsite911: posts small blind $1
Velbor107: posts big blind $3
*** HOLE CARDS ***
angelsite911: calls $2
Velbor107: checks
*** FLOP *** [8c Ac 5h]
Velbor107: bets $3
AzureCaper joins the table at seat #4
angelsite911: folds
Uncalled bet ($3) returned to Velbor107
Velbor107 collected $5.88 from pot
*** SUMMARY ***
Total pot $6 | Rake $0.12
Board [8c Ac 5h]
Seat 1: Velbor107 (big blind) collected ($5.88)
Seat 3: angelsite911 (button) (small blind) folded on the Flop


PokerStars Hand #173684452270:  Hold'em Limit ($3/$6 USD) - 2017/07/29 21:51:13 ET
Table 'Hirundo' 6-max Seat #1 is the button
Seat 1: Velbor107 ($287.88 in chips)
Seat 3: angelsite911 ($118.02 in chips)
Velbor107: posts small blind $1
angelsite911: posts big blind $3
*** HOLE CARDS ***
Velbor107: raises $3 to $6
angelsite911: calls $3
*** FLOP *** [Ks Ah 4c]
angelsite911: checks
Velbor107: checks
*** TURN *** [Ks Ah 4c] [9s]
angelsite911: bets $6
Velbor107: calls $6
*** RIVER *** [Ks Ah 4c 9s] [8h]
angelsite911: bets $6
Velbor107: calls $6
*** SHOW DOWN ***
angelsite911: shows [9c Qh] (a pair of Nines)
Velbor107: shows [Kd Th] (a pair of Kings)
Velbor107 collected $35.50 from pot
*** SUMMARY ***
Total pot $36 | Rake $0.50
Board [Ks Ah 4c 9s 8h]
Seat 1: Velbor107 (button) (small blind) showed [Kd Th] and won ($35.50) with a pair of Kings
Seat 3: angelsite911 (big blind) showed [9c Qh] and lost with a pair of Nines


PokerStars Hand #173686860246:  Hold'em Limit ($3/$6 USD) - 2017/07/29 23:56:49 ET
Table 'Hirundo' 6-max Seat #2 is the button
Seat 2: Velbor107 ($279.20 in chips)
Seat 6: jack5077999 ($108.76 in chips)
Velbor107: posts small blind $1
confususs: is sitting out
jack5077999: posts big blind $3
*** HOLE CARDS ***
Velbor107: raises $3 to $6
jack5077999: raises $3 to $9
confususs leaves the table
Velbor107: calls $3
*** FLOP *** [9h 8s 6d]
jack5077999: bets $3
BELEVINKARMA leaves the table
Velbor107: calls $3
*** TURN *** [9h 8s 6d] [Js]
jack5077999: bets $6
Velbor107: calls $6
*** RIVER *** [9h 8s 6d Js] [8h]
jack5077999: bets $6
Velbor107: calls $6
*** SHOW DOWN ***
jack5077999: shows [9c Tc] (two pair, Nines and Eights)
Velbor107: mucks hand
jack5077999 collected $47.50 from pot
*** SUMMARY ***
Total pot $48 | Rake $0.50
Board [9h 8s 6d Js 8h]
Seat 2: Velbor107 (button) (small blind) mucked
Seat 6: jack5077999 (big blind) showed [9c Tc] and won ($47.50) with two pair, Nines and Eights


PokerStars Hand #173686875474:  Hold'em Limit ($3/$6 USD) - 2017/07/29 23:57:52 ET
Table 'Hirundo' 6-max Seat #2 is the button
Seat 2: Velbor107 ($222.20 in chips)
Seat 6: jack5077999 ($164.76 in chips)
Velbor107: posts small blind $1
jack5077999: posts big blind $3
*** HOLE CARDS ***
Velbor107: raises $3 to $6
sasha-petras joins the table at seat #3
jack5077999: folds
Uncalled bet ($3) returned to Velbor107
Velbor107 collected $6 from pot
*** SUMMARY ***
Total pot $6 | Rake $0
Seat 2: Velbor107 (button) (small blind) collected ($6)
Seat 6: jack5077999 (big blind) folded before Flop


PokerStars Hand #173687008395:  Hold'em Limit ($3/$6 USD) - 2017/07/30 0:06:29 ET
Table 'Hirundo' 6-max Seat #6 is the button
Seat 4: Velbor107 ($308.38 in chips)
Seat 6: jack5077999 ($225.76 in chips)
jack5077999: posts small blind $1
Unogetmycash: is sitting out
Velbor107: posts big blind $3
*** HOLE CARDS ***
jack5077999: folds
Uncalled bet ($2) returned to Velbor107
Velbor107 collected $2 from pot
*** SUMMARY ***
Total pot $2 | Rake $0
Seat 4: Velbor107 (big blind) collected ($2)
Seat 6: jack5077999 (button) (small blind) folded before Flop


PokerStars Hand #173687049578:  Hold'em Limit ($3/$6 USD) - 2017/07/30 0:09:05 ET
Table 'Hirundo' 6-max Seat #4 is the button
Seat 4: Velbor107 ($349.38 in chips)
Seat 6: jack5077999 ($186.55 in chips)
Velbor107: posts small blind $1
jack5077999: posts big blind $3
*** HOLE CARDS ***
Velbor107: folds
Uncalled bet ($2) returned to jack5077999
jack5077999 collected $2 from pot
jack5077999: doesn't show hand
*** SUMMARY ***
Total pot $2 | Rake $0
Seat 4: Velbor107 (button) (small blind) folded before Flop
Seat 6: jack5077999 (big blind) collected ($2)


PokerStars Hand #173687051018:  Hold'em Limit ($3/$6 USD) - 2017/07/30 0:09:10 ET
Table 'Hirundo' 6-max Seat #6 is the button
Seat 4: Velbor107 ($348.38 in chips)
Seat 6: jack5077999 ($187.55 in chips)
jack5077999: posts small blind $1
Velbor107: posts big blind $3
*** HOLE CARDS ***
jack5077999: raises $3 to $6
Velbor107: calls $3
*** FLOP *** [6d 7h 5h]
Velbor107: bets $3
jack5077999: calls $3
*** TURN *** [6d 7h 5h] [2d]
Velbor107: bets $6
jack5077999: calls $6
*** RIVER *** [6d 7h 5h 2d] [8d]
Velbor107: checks
jack5077999: checks
*** SHOW DOWN ***
Velbor107: shows [7c Qs] (a pair of Sevens)
jack5077999: mucks hand
Velbor107 collected $29.50 from pot
*** SUMMARY ***
Total pot $30 | Rake $0.50
Board [6d 7h 5h 2d 8d]
Seat 4: Velbor107 (big blind) showed [7c Qs] and won ($29.50) with a pair of Sevens
Seat 6: jack5077999 (button) (small blind) mucked


PokerStars Hand #173687377800:  Hold'em Limit ($3/$6 USD) - 2017/07/30 0:29:36 ET
Table 'Hirundo' 6-max Seat #3 is the button
Seat 3: Gambler FZ ($114 in chips)
Seat 6: jack5077999 ($558.98 in chips)
Gambler FZ: posts small blind $1
Velbor107: is sitting out
jack5077999: posts big blind $3
*** HOLE CARDS ***
Gambler FZ: folds
Uncalled bet ($2) returned to jack5077999
Velbor107 leaves the table
jack5077999 collected $2 from pot
jack5077999: doesn't show hand
*** SUMMARY ***
Total pot $2 | Rake $0
Seat 3: Gambler FZ (button) (small blind) folded before Flop
Seat 6: jack5077999 (big blind) collected ($2)


PokerStars Hand #173687379154:  Hold'em Limit ($3/$6 USD) - 2017/07/30 0:29:42 ET
Table 'Hirundo' 6-max Seat #6 is the button
Seat 3: Gambler FZ ($113 in chips)
Seat 6: jack5077999 ($559.98 in chips)
jack5077999: posts small blind $1
Gambler FZ: posts big blind $3
*** HOLE CARDS ***
Velbor107 joins the table at seat #1
jack5077999: raises $3 to $6
Gambler FZ: calls $3
*** FLOP *** [7d 5h Js]
hehasnthashe joins the table at seat #5
Gambler FZ: checks
jack5077999: checks
*** TURN *** [7d 5h Js] [Ah]
Gambler FZ: checks
jack5077999: checks
*** RIVER *** [7d 5h Js Ah] [Th]
Gambler FZ: checks
jack5077999: checks
*** SHOW DOWN ***
Gambler FZ: shows [9h Qs] (high card Ace)
jack5077999: shows [2c Kc] (high card Ace - King kicker)
jack5077999 collected $11.76 from pot
*** SUMMARY ***
Total pot $12 | Rake $0.24
Board [7d 5h Js Ah Th]
Seat 3: Gambler FZ (big blind) showed [9h Qs] and lost with high card Ace
Seat 6: jack5077999 (button) (small blind) showed [2c Kc] and won ($11.76) with high card Ace


PokerStars Hand #173687621428:  Hold'em Limit ($3/$6 USD) - 2017/07/30 0:45:44 ET
Table 'Hirundo' 6-max Seat #3 is the button
Seat 3: Gambler FZ ($78.89 in chips)
Seat 6: jack5077999 ($543.54 in chips)
Gambler FZ: posts small blind $1
jack5077999: posts big blind $3
*** HOLE CARDS ***
Velbor107 leaves the table
Gambler FZ: folds
Uncalled bet ($2) returned to jack5077999
jack5077999 collected $2 from pot
jack5077999: doesn't show hand
*** SUMMARY ***
Total pot $2 | Rake $0
Seat 3: Gambler FZ (button) (small blind) folded before Flop
Seat 6: jack5077999 (big blind) collected ($2)


PokerStars Hand #173687619935:  Hold'em Limit ($3/$6 USD) - 2017/07/30 0:45:38 ET
Table 'Hirundo' 6-max Seat #6 is the button
Seat 3: Gambler FZ ($77.89 in chips)
Seat 6: jack5077999 ($544.54 in chips)
jack5077999: posts small blind $1
Velbor107: is sitting out
Gambler FZ: posts big blind $3
*** HOLE CARDS ***
jack5077999: folds
Uncalled bet ($2) returned to Gambler FZ
Gambler FZ collected $2 from pot
Gambler FZ: doesn't show hand
*** SUMMARY ***
Total pot $2 | Rake $0
Seat 3: Gambler FZ (big blind) collected ($2)
Seat 6: jack5077999 (button) (small blind) folded before Flop


PokerStars Hand #173687622766:  Hold'em Limit ($3/$6 USD) - 2017/07/30 0:45:49 ET
Table 'Hirundo' 6-max Seat #6 is the button
Seat 3: Gambler FZ ($77.89 in chips)
Seat 6: jack5077999 ($544.54 in chips)
jack5077999: posts small blind $1
Gambler FZ: posts big blind $3
*** HOLE CARDS ***
jack5077999: raises $3 to $6
Gambler FZ: calls $3
*** FLOP *** [5c 4d Qh]
Gambler FZ: bets $3
jack5077999: raises $3 to $6
Gambler FZ: raises $3 to $9
jack5077999: calls $3
*** TURN *** [5c 4d Qh] [4c]
Gambler FZ: bets $6
jack5077999: calls $6
*** RIVER *** [5c 4d Qh 4c] [Kd]
Gambler FZ: bets $6
jack5077999: calls $6
*** SHOW DOWN ***
Gambler FZ: shows [Qd Kh] (two pair, Kings and Queens)
jack5077999: mucks hand
Gambler FZ collected $53.50 from pot
*** SUMMARY ***
Total pot $54 | Rake $0.50
Board [5c 4d Qh 4c Kd]
Seat 3: Gambler FZ (big blind) showed [Qd Kh] and won ($53.50) with two pair, Kings and Queens
Seat 6: jack5077999 (button) (small blind) mucked


PokerStars Hand #173687637395:  Hold'em Limit ($3/$6 USD) - 2017/07/30 0:46:32 ET
Table 'Hirundo' 6-max Seat #6 is the button
Seat 3: Gambler FZ ($107.27 in chips)
Seat 6: jack5077999 ($514.54 in chips)
jack5077999: posts small blind $1
Gambler FZ: posts big blind $3
*** HOLE CARDS ***
jack5077999: raises $3 to $6
Gambler FZ: folds
Uncalled bet ($3) returned to jack5077999
jack5077999 collected $6 from pot
jack5077999: doesn't show hand
*** SUMMARY ***
Total pot $6 | Rake $0
Seat 3: Gambler FZ (big blind) folded before Flop
Seat 6: jack5077999 (button) (small blind) collected ($6)


PokerStars Hand #173687639035:  Hold'em Limit ($3/$6 USD) - 2017/07/30 0:46:39 ET
Table 'Hirundo' 6-max Seat #3 is the button
Seat 3: Gambler FZ ($104.27 in chips)
Seat 6: jack5077999 ($517.54 in chips)
Gambler FZ: posts small blind $1
jack5077999: posts big blind $3
*** HOLE CARDS ***
Gambler FZ: folds
Uncalled bet ($2) returned to jack5077999
jack5077999 collected $2 from pot
jack5077999: doesn't show hand
*** SUMMARY ***
Total pot $2 | Rake $0
Seat 3: Gambler FZ (button) (small blind) folded before Flop
Seat 6: jack5077999 (big blind) collected ($2)


PokerStars Hand #173687640195:  Hold'em Limit ($3/$6 USD) - 2017/07/30 0:46:44 ET
Table 'Hirundo' 6-max Seat #6 is the button
Seat 3: Gambler FZ ($103.27 in chips)
Seat 6: jack5077999 ($518.54 in chips)
jack5077999: posts small blind $1
Gambler FZ: posts big blind $3
*** HOLE CARDS ***
jack5077999: raises $3 to $6
Gambler FZ: calls $3
*** FLOP *** [Tc 9d As]
Gambler FZ: bets $3
jack5077999: calls $3
*** TURN *** [Tc 9d As] [3c]
Gambler FZ: bets $6
jack5077999: calls $6
*** RIVER *** [Tc 9d As 3c] [Kh]
Gambler FZ: bets $6
jack5077999: folds
Uncalled bet ($6) returned to Gambler FZ
Gambler FZ collected $29.50 from pot
Gambler FZ: doesn't show hand
*** SUMMARY ***
Total pot $30 | Rake $0.50
Board [Tc 9d As 3c Kh]
Seat 3: Gambler FZ (big blind) collected ($29.50)
Seat 6: jack5077999 (button) (small blind) folded on the River


PokerStars Hand #173687632430:  Hold'em Limit ($3/$6 USD) - 2017/07/30 0:46:12 ET
Table 'Hirundo' 6-max Seat #3 is the button
Seat 3: Gambler FZ ($104.39 in chips)
Seat 6: jack5077999 ($517.54 in chips)
Gambler FZ: posts small blind $1
jack5077999: posts big blind $3
*** HOLE CARDS ***
Gambler FZ: calls $2
jack5077999: checks
*** FLOP *** [Ad Kd Qs]
jack5077999: checks
Gambler FZ: bets $3
jack5077999: folds
Uncalled bet ($3) returned to Gambler FZ
Gambler FZ collected $5.88 from pot
Gambler FZ: doesn't show hand
*** SUMMARY ***
Total pot $6 | Rake $0.12
Board [Ad Kd Qs]
Seat 3: Gambler FZ (button) (small blind) collected ($5.88)
Seat 6: jack5077999 (big blind) folded on the Flop


PokerStars Hand #173687645070:  Hold'em Limit ($3/$6 USD) - 2017/07/30 0:47:04 ET
Table 'Hirundo' 6-max Seat #3 is the button
Seat 3: Gambler FZ ($117.77 in chips)
Seat 6: jack5077999 ($503.54 in chips)
Gambler FZ: posts small blind $1
jack5077999: posts big blind $3
*** HOLE CARDS ***
Gambler FZ: calls $2
jack5077999: checks
*** FLOP *** [4d Ks 8h]
jack5077999: checks
Gambler FZ: checks
*** TURN *** [4d Ks 8h] [2h]
jack5077999: checks
Gambler FZ: checks
*** RIVER *** [4d Ks 8h 2h] [5c]
jack5077999: bets $6
Gambler FZ: folds
Uncalled bet ($6) returned to jack5077999
jack5077999 collected $5.88 from pot
jack5077999: doesn't show hand
*** SUMMARY ***
Total pot $6 | Rake $0.12
Board [4d Ks 8h 2h 5c]
Seat 3: Gambler FZ (button) (small blind) folded on the River
Seat 6: jack5077999 (big blind) collected ($5.88)


PokerStars Hand #173687654108:  Hold'em Limit ($3/$6 USD) - 2017/07/30 0:47:41 ET
Table 'Hirundo' 6-max Seat #6 is the button
Seat 3: Gambler FZ ($114.77 in chips)
Seat 6: jack5077999 ($506.42 in chips)
jack5077999: posts small blind $1
Gambler FZ: posts big blind $3
*** HOLE CARDS ***
jack5077999: raises $3 to $6
Gambler FZ: calls $3
*** FLOP *** [9d 6s Js]
Gambler FZ: checks
jack5077999: bets $3
Gambler FZ: folds
Uncalled bet ($3) returned to jack5077999
jack5077999 collected $11.76 from pot
jack5077999: doesn't show hand
*** SUMMARY ***
Total pot $12 | Rake $0.24
Board [9d 6s Js]
Seat 3: Gambler FZ (big blind) folded on the Flop
Seat 6: jack5077999 (button) (small blind) collected ($11.76)


PokerStars Hand #173687652676:  Hold'em Limit ($3/$6 USD) - 2017/07/30 0:47:35 ET
Table 'Hirundo' 6-max Seat #3 is the button
Seat 3: Gambler FZ ($115.77 in chips)
Seat 6: jack5077999 ($505.42 in chips)
Gambler FZ: posts small blind $1
jack5077999: posts big blind $3
*** HOLE CARDS ***
Gambler FZ: folds
Uncalled bet ($2) returned to jack5077999
jack5077999 collected $2 from pot
jack5077999: doesn't show hand
*** SUMMARY ***
Total pot $2 | Rake $0
Seat 3: Gambler FZ (button) (small blind) folded before Flop
Seat 6: jack5077999 (big blind) collected ($2)


PokerStars Hand #173687651456:  Hold'em Limit ($3/$6 USD) - 2017/07/30 0:47:30 ET
Table 'Hirundo' 6-max Seat #6 is the button
Seat 3: Gambler FZ ($114.77 in chips)
Seat 6: jack5077999 ($506.42 in chips)
jack5077999: posts small blind $1
Gambler FZ: posts big blind $3
*** HOLE CARDS ***
jack5077999: folds
Uncalled bet ($2) returned to Gambler FZ
Gambler FZ collected $2 from pot
Gambler FZ: doesn't show hand
*** SUMMARY ***
Total pot $2 | Rake $0
Seat 3: Gambler FZ (big blind) collected ($2)
Seat 6: jack5077999 (button) (small blind) folded before Flop


PokerStars Hand #173687670088:  Hold'em Limit ($3/$6 USD) - 2017/07/30 0:48:48 ET
Table 'Hirundo' 6-max Seat #6 is the button
Seat 3: Gambler FZ ($102.41 in chips)
Seat 6: jack5077999 ($517.70 in chips)
jack5077999: posts small blind $1
Gambler FZ: posts big blind $3
*** HOLE CARDS ***
jack5077999: raises $3 to $6
Gambler FZ: folds
Uncalled bet ($3) returned to jack5077999
jack5077999 collected $6 from pot
jack5077999: doesn't show hand
*** SUMMARY ***
Total pot $6 | Rake $0
Seat 3: Gambler FZ (big blind) folded before Flop
Seat 6: jack5077999 (button) (small blind) collected ($6)


PokerStars Hand #173687664757:  Hold'em Limit ($3/$6 USD) - 2017/07/30 0:48:25 ET
Table 'Hirundo' 6-max Seat #6 is the button
Seat 3: Gambler FZ ($117.41 in chips)
Seat 6: jack5077999 ($503.18 in chips)
jack5077999: posts small blind $1
Gambler FZ: posts big blind $3
*** HOLE CARDS ***
jack5077999: raises $3 to $6
Gambler FZ: folds
Uncalled bet ($3) returned to jack5077999
jack5077999 collected $6 from pot
jack5077999: doesn't show hand
*** SUMMARY ***
Total pot $6 | Rake $0
Seat 3: Gambler FZ (big blind) folded before Flop
Seat 6: jack5077999 (button) (small blind) collected ($6)


PokerStars Hand #173687660288:  Hold'em Limit ($3/$6 USD) - 2017/07/30 0:48:07 ET
Table 'Hirundo' 6-max Seat #3 is the button
Seat 3: Gambler FZ ($108.77 in chips)
Seat 6: jack5077999 ($512.18 in chips)
Gambler FZ: posts small blind $1
jack5077999: posts big blind $3
*** HOLE CARDS ***
Gambler FZ: raises $3 to $6
jack5077999: raises $3 to $9
Gambler FZ: calls $3
*** FLOP *** [6c 8d Jh]
jack5077999: checks
Gambler FZ: checks
*** TURN *** [6c 8d Jh] [9s]
jack5077999: checks
Gambler FZ: checks
*** RIVER *** [6c 8d Jh 9s] [Kh]
jack5077999: checks
Gambler FZ: checks
*** SHOW DOWN ***
jack5077999: shows [Ad 4d] (high card Ace)
Gambler FZ: shows [As Qd] (high card Ace - King+Queen kicker)
Gambler FZ collected $17.64 from pot
*** SUMMARY ***
Total pot $18 | Rake $0.36
Board [6c 8d Jh 9s Kh]
Seat 3: Gambler FZ (button) (small blind) showed [As Qd] and won ($17.64) with high card Ace
Seat 6: jack5077999 (big blind) showed [Ad 4d] and lost with high card Ace


PokerStars Hand #173687666673:  Hold'em Limit ($3/$6 USD) - 2017/07/30 0:48:33 ET
Table 'Hirundo' 6-max Seat #3 is the button
Seat 3: Gambler FZ ($114.41 in chips)
Seat 6: jack5077999 ($506.18 in chips)
Gambler FZ: posts small blind $1
jack5077999: posts big blind $3
*** HOLE CARDS ***
Gambler FZ: raises $3 to $6
jack5077999: raises $3 to $9
Gambler FZ: calls $3
*** FLOP *** [8c Qs 5d]
jack5077999: bets $3
Gambler FZ: calls $3
*** TURN *** [8c Qs 5d] [7h]
jack5077999: bets $6
Gambler FZ: folds
Uncalled bet ($6) returned to jack5077999
jack5077999 collected $23.52 from pot
jack5077999: doesn't show hand
*** SUMMARY ***
Total pot $24 | Rake $0.48
Board [8c Qs 5d 7h]
Seat 3: Gambler FZ (button) (small blind) folded on the Turn
Seat 6: jack5077999 (big blind) collected ($23.52)


PokerStars Hand #173687688415:  Hold'em Limit ($3/$6 USD) - 2017/07/30 0:50:04 ET
Table 'Hirundo' 6-max Seat #6 is the button
Seat 3: Gambler FZ ($87.29 in chips)
Seat 6: jack5077999 ($532.10 in chips)
jack5077999: posts small blind $1
Gambler FZ: posts big blind $3
*** HOLE CARDS ***
jack5077999: raises $3 to $6
Gambler FZ: folds
Uncalled bet ($3) returned to jack5077999
jack5077999 collected $6 from pot
jack5077999: doesn't show hand
*** SUMMARY ***
Total pot $6 | Rake $0
Seat 3: Gambler FZ (big blind) folded before Flop
Seat 6: jack5077999 (button) (small blind) collected ($6)


PokerStars Hand #173687687137:  Hold'em Limit ($3/$6 USD) - 2017/07/30 0:49:58 ET
Table 'Hirundo' 6-max Seat #3 is the button
Seat 3: Gambler FZ ($88.29 in chips)
Seat 6: jack5077999 ($531.10 in chips)
Gambler FZ: posts small blind $1
jack5077999: posts big blind $3
*** HOLE CARDS ***
Gambler FZ: folds
Uncalled bet ($2) returned to jack5077999
jack5077999 collected $2 from pot
jack5077999: doesn't show hand
*** SUMMARY ***
Total pot $2 | Rake $0
Seat 3: Gambler FZ (button) (small blind) folded before Flop
Seat 6: jack5077999 (big blind) collected ($2)


PokerStars Hand #173687683563:  Hold'em Limit ($3/$6 USD) - 2017/07/30 0:49:43 ET
Table 'Hirundo' 6-max Seat #6 is the button
Seat 3: Gambler FZ ($91.29 in chips)
Seat 6: jack5077999 ($528.22 in chips)
jack5077999: posts small blind $1
Gambler FZ: posts big blind $3
*** HOLE CARDS ***
jack5077999: calls $2
Gambler FZ: checks
*** FLOP *** [6h 2d 7c]
Gambler FZ: checks
jack5077999: bets $3
Gambler FZ: folds
Uncalled bet ($3) returned to jack5077999
jack5077999 collected $5.88 from pot
jack5077999: doesn't show hand
*** SUMMARY ***
Total pot $6 | Rake $0.12
Board [6h 2d 7c]
Seat 3: Gambler FZ (big blind) folded on the Flop
Seat 6: jack5077999 (button) (small blind) collected ($5.88)


PokerStars Hand #173687677039:  Hold'em Limit ($3/$6 USD) - 2017/07/30 0:49:17 ET
Table 'Hirundo' 6-max Seat #6 is the button
Seat 3: Gambler FZ ($102.29 in chips)
Seat 6: jack5077999 ($517.70 in chips)
jack5077999: posts small blind $1
Gambler FZ: posts big blind $3
*** HOLE CARDS ***
jack5077999: folds
Uncalled bet ($2) returned to Gambler FZ
Gambler FZ collected $2 from pot
Gambler FZ: doesn't show hand
*** SUMMARY ***
Total pot $2 | Rake $0
Seat 3: Gambler FZ (big blind) collected ($2)
Seat 6: jack5077999 (button) (small blind) folded before Flop


PokerStars Hand #173687673006:  Hold'em Limit ($3/$6 USD) - 2017/07/30 0:49:00 ET
Table 'Hirundo' 6-max Seat #3 is the button
Seat 3: Gambler FZ ($99.41 in chips)
Seat 6: jack5077999 ($520.70 in chips)
Gambler FZ: posts small blind $1
jack5077999: posts big blind $3
*** HOLE CARDS ***
Gambler FZ: calls $2
jack5077999: checks
*** FLOP *** [3c 5h 3d]
jack5077999: checks
Gambler FZ: checks
*** TURN *** [3c 5h 3d] [Js]
jack5077999: checks
Gambler FZ: checks
*** RIVER *** [3c 5h 3d Js] [Ah]
jack5077999: checks
Gambler FZ: checks
*** SHOW DOWN ***
jack5077999: shows [4d Th] (a pair of Threes)
Gambler FZ: shows [8s Ks] (a pair of Threes - Ace+King kicker)
Gambler FZ collected $5.88 from pot
*** SUMMARY ***
Total pot $6 | Rake $0.12
Board [3c 5h 3d Js Ah]
Seat 3: Gambler FZ (button) (small blind) showed [8s Ks] and won ($5.88) with a pair of Threes
Seat 6: jack5077999 (big blind) showed [4d Th] and lost with a pair of Threes


PokerStars Hand #173687678237:  Hold'em Limit ($3/$6 USD) - 2017/07/30 0:49:21 ET
Table 'Hirundo' 6-max Seat #3 is the button
Seat 3: Gambler FZ ($103.29 in chips)
Seat 6: jack5077999 ($516.70 in chips)
Gambler FZ: posts small blind $1
jack5077999: posts big blind $3
*** HOLE CARDS ***
Gambler FZ: calls $2
jack5077999: checks
*** FLOP *** [5d 9c Jc]
jack5077999: bets $3
Gambler FZ: raises $3 to $6
jack5077999: raises $3 to $9
Gambler FZ: calls $3
*** TURN *** [5d 9c Jc] [7c]
jack5077999: checks
Gambler FZ: checks
*** RIVER *** [5d 9c Jc 7c] [4c]
jack5077999: checks
Gambler FZ: checks
*** SHOW DOWN ***
jack5077999: shows [5c 9s] (a flush, Jack high)
Gambler FZ: mucks hand
jack5077999 collected $23.52 from pot
*** SUMMARY ***
Total pot $24 | Rake $0.48
Board [5d 9c Jc 7c 4c]
Seat 3: Gambler FZ (button) (small blind) mucked
Seat 6: jack5077999 (big blind) showed [5c 9s] and won ($23.52) with a flush, Jack high


PokerStars Hand #173687690563:  Hold'em Limit ($3/$6 USD) - 2017/07/30 0:50:13 ET
Table 'Hirundo' 6-max Seat #3 is the button
Seat 3: Gambler FZ ($84.29 in chips)
Seat 6: jack5077999 ($535.10 in chips)
Gambler FZ: posts small blind $1
jack5077999: posts big blind $3
*** HOLE CARDS ***
Gambler FZ: raises $3 to $6
jack5077999: raises $3 to $9
Gambler FZ: raises $3 to $12
Betting is capped
jack5077999: calls $3
*** FLOP *** [7d 7s Qs]
jack5077999: checks
Gambler FZ: bets $3
jack5077999: calls $3
*** TURN *** [7d 7s Qs] [5c]
jack5077999: checks
Gambler FZ: bets $6
jack5077999: raises $6 to $12
14benzo joins the table at seat #1
Gambler FZ: calls $6
*** RIVER *** [7d 7s Qs 5c] [9h]
jack5077999: bets $6
Gambler FZ: calls $6
*** SHOW DOWN ***
jack5077999: shows [5h 5d] (a full house, Fives full of Sevens)
Gambler FZ: mucks hand
jack5077999 collected $65.50 from pot
*** SUMMARY ***
Total pot $66 | Rake $0.50
Board [7d 7s Qs 5c 9h]
Seat 3: Gambler FZ (button) (small blind) mucked
Seat 6: jack5077999 (big blind) showed [5h 5d] and won ($65.50) with a full house, Fives full of Sevens


PokerStars Hand #173687744291:  Hold'em Limit ($3/$6 USD) - 2017/07/30 0:53:57 ET
Table 'Hirundo' 6-max Seat #1 is the button
Seat 1: 14benzo ($69.60 in chips)
Seat 6: jack5077999 ($597.72 in chips)
14benzo: posts small blind $1
jack5077999: posts big blind $3
*** HOLE CARDS ***
14benzo: raises $3 to $6
jack5077999: calls $3
*** FLOP *** [Js 4s Qh]
jack5077999: checks
14benzo: bets $3
jack5077999: calls $3
*** TURN *** [Js 4s Qh] [Td]
jack5077999: checks
14benzo: checks
*** RIVER *** [Js 4s Qh Td] [6c]
jack5077999: checks
14benzo: checks
*** SHOW DOWN ***
jack5077999: shows [5d Kc] (high card King)
14benzo: shows [Ac 9h] (high card Ace)
14benzo collected $17.64 from pot
*** SUMMARY ***
Total pot $18 | Rake $0.36
Board [Js 4s Qh Td 6c]
Seat 1: 14benzo (button) (small blind) showed [Ac 9h] and won ($17.64) with high card Ace
Seat 6: jack5077999 (big blind) showed [5d Kc] and lost with high card King


PokerStars Hand #173687755531:  Hold'em Limit ($3/$6 USD) - 2017/07/30 0:54:44 ET
Table 'Hirundo' 6-max Seat #1 is the button
Seat 1: 14benzo ($60.24 in chips)
Seat 6: jack5077999 ($606.12 in chips)
14benzo: posts small blind $1
jack5077999: posts big blind $3
*** HOLE CARDS ***
14benzo: raises $3 to $6
jack5077999: calls $3
*** FLOP *** [6c 4c Jd]
jack5077999: bets $3
14benzo: raises $3 to $6
jack5077999: calls $3
*** TURN *** [6c 4c Jd] [4s]
jack5077999: checks
14benzo: bets $6
jack5077999: calls $6
*** RIVER *** [6c 4c Jd 4s] [Kc]
jack5077999: checks
14benzo: bets $6
jack5077999: raises $6 to $12
14benzo: folds
Uncalled bet ($6) returned to jack5077999
jack5077999 collected $47.50 from pot
jack5077999: doesn't show hand
*** SUMMARY ***
Total pot $48 | Rake $0.50
Board [6c 4c Jd 4s Kc]
Seat 1: 14benzo (button) (small blind) folded on the River
Seat 6: jack5077999 (big blind) collected ($47.50)


PokerStars Hand #173687754068:  Hold'em Limit ($3/$6 USD) - 2017/07/30 0:54:38 ET
Table 'Hirundo' 6-max Seat #6 is the button
Seat 1: 14benzo ($63.24 in chips)
Seat 6: jack5077999 ($603.12 in chips)
jack5077999: posts small blind $1
14benzo: posts big blind $3
*** HOLE CARDS ***
jack5077999: raises $3 to $6
14benzo: folds
Uncalled bet ($3) returned to jack5077999
jack5077999 collected $6 from pot
jack5077999: doesn't show hand
*** SUMMARY ***
Total pot $6 | Rake $0
Seat 1: 14benzo (big blind) folded before Flop
Seat 6: jack5077999 (button) (small blind) collected ($6)


PokerStars Hand #173687751592:  Hold'em Limit ($3/$6 USD) - 2017/07/30 0:54:27 ET
Table 'Hirundo' 6-max Seat #1 is the button
Seat 1: 14benzo ($72.24 in chips)
Seat 6: jack5077999 ($594.48 in chips)
14benzo: posts small blind $1
jack5077999: posts big blind $3
*** HOLE CARDS ***
14benzo: raises $3 to $6
jack5077999: raises $3 to $9
14benzo: calls $3
*** FLOP *** [Kd 7d 4d]
jack5077999: bets $3
14benzo: folds
Uncalled bet ($3) returned to jack5077999
jack5077999 collected $17.64 from pot
jack5077999: doesn't show hand
*** SUMMARY ***
Total pot $18 | Rake $0.36
Board [Kd 7d 4d]
Seat 1: 14benzo (button) (small blind) folded on the Flop
Seat 6: jack5077999 (big blind) collected ($17.64)


PokerStars Hand #173687748260:  Hold'em Limit ($3/$6 USD) - 2017/07/30 0:54:14 ET
Table 'Hirundo' 6-max Seat #6 is the button
Seat 1: 14benzo ($78.24 in chips)
Seat 6: jack5077999 ($588.72 in chips)
jack5077999: posts small blind $1
14benzo: posts big blind $3
*** HOLE CARDS ***
jack5077999: raises $3 to $6
14benzo: calls $3
*** FLOP *** [Qs Qd 7h]
14benzo: checks
jack5077999: checks
*** TURN *** [Qs Qd 7h] [Kc]
14benzo: checks
jack5077999: bets $6
14benzo: folds
Uncalled bet ($6) returned to jack5077999
jack5077999 collected $11.76 from pot
jack5077999: doesn't show hand
*** SUMMARY ***
Total pot $12 | Rake $0.24
Board [Qs Qd 7h Kc]
Seat 1: 14benzo (big blind) folded on the Turn
Seat 6: jack5077999 (button) (small blind) collected ($11.76)


PokerStars Hand #173687768000:  Hold'em Limit ($3/$6 USD) - 2017/07/30 0:55:38 ET
Table 'Hirundo' 6-max Seat #6 is the button
Seat 1: 14benzo ($6.24 in chips)
Seat 6: jack5077999 ($658.88 in chips)
jack5077999: posts small blind $1
14benzo: posts big blind $3
*** HOLE CARDS ***
jack5077999: raises $3 to $6
14benzo: raises $0.24 to $6.24 and is all-in
jack5077999: calls $0.24
*** FLOP *** [9h Ts Js]
*** TURN *** [9h Ts Js] [Qc]
*** RIVER *** [9h Ts Js Qc] [Qh]
*** SHOW DOWN ***
14benzo: shows [Ac 8d] (a straight, Eight to Queen)
jack5077999: shows [8c 6s] (a straight, Eight to Queen)
14benzo collected $6.12 from pot
jack5077999 collected $6.11 from pot
*** SUMMARY ***
Total pot $12.48 | Rake $0.25
Board [9h Ts Js Qc Qh]
Seat 1: 14benzo (big blind) showed [Ac 8d] and won ($6.12) with a straight, Eight to Queen
Seat 6: jack5077999 (button) (small blind) showed [8c 6s] and won ($6.11) with a straight, Eight to Queen


PokerStars Hand #173687764466:  Hold'em Limit ($3/$6 USD) - 2017/07/30 0:55:22 ET
Table 'Hirundo' 6-max Seat #1 is the button
Seat 1: 14benzo ($30.24 in chips)
Seat 6: jack5077999 ($635.38 in chips)
14benzo: posts small blind $1
jack5077999: posts big blind $3
*** HOLE CARDS ***
14benzo: raises $3 to $6
jack5077999: raises $3 to $9
14benzo: calls $3
*** FLOP *** [Th 7h 2h]
jack5077999: bets $3
14benzo: calls $3
*** TURN *** [Th 7h 2h] [3c]
jack5077999: bets $6
14benzo: calls $6
*** RIVER *** [Th 7h 2h 3c] [9d]
jack5077999: bets $6
14benzo: calls $6
*** SHOW DOWN ***
jack5077999: shows [Ts Kd] (a pair of Tens)
14benzo: mucks hand
jack5077999 collected $47.50 from pot
*** SUMMARY ***
Total pot $48 | Rake $0.50
Board [Th 7h 2h 3c 9d]
Seat 1: 14benzo (button) (small blind) mucked
Seat 6: jack5077999 (big blind) showed [Ts Kd] and won ($47.50) with a pair of Tens


PokerStars Hand #173687761318:  Hold'em Limit ($3/$6 USD) - 2017/07/30 0:55:07 ET
Table 'Hirundo' 6-max Seat #6 is the button
Seat 1: 14benzo ($36.24 in chips)
Seat 6: jack5077999 ($629.62 in chips)
jack5077999: posts small blind $1
14benzo: posts big blind $3
*** HOLE CARDS ***
jack5077999: raises $3 to $6
14benzo: calls $3
*** FLOP *** [Js 2h 7d]
14benzo: checks
jack5077999: checks
*** TURN *** [Js 2h 7d] [Qs]
14benzo: checks
jack5077999: bets $6
14benzo: folds
Uncalled bet ($6) returned to jack5077999
jack5077999 collected $11.76 from pot
jack5077999: doesn't show hand
*** SUMMARY ***
Total pot $12 | Rake $0.24
Board [Js 2h 7d Qs]
Seat 1: 14benzo (big blind) folded on the Turn
Seat 6: jack5077999 (button) (small blind) collected ($11.76)


PokerStars Hand #173687770901:  Hold'em Limit ($3/$6 USD) - 2017/07/30 0:55:52 ET
Table 'Hirundo' 6-max Seat #1 is the button
Seat 1: 14benzo ($6.12 in chips)
Seat 6: jack5077999 ($658.75 in chips)
14benzo: posts small blind $1
jack5077999: posts big blind $3
*** HOLE CARDS ***
14benzo: folds
Uncalled bet ($2) returned to jack5077999
jack5077999 collected $2 from pot
jack5077999: doesn't show hand
*** SUMMARY ***
Total pot $2 | Rake $0
Seat 1: 14benzo (button) (small blind) folded before Flop
Seat 6: jack5077999 (big blind) collected ($2)


PokerStars Hand #173687772054:  Hold'em Limit ($3/$6 USD) - 2017/07/30 0:55:57 ET
Table 'Hirundo' 6-max Seat #6 is the button
Seat 1: 14benzo ($5.12 in chips)
Seat 6: jack5077999 ($659.75 in chips)
jack5077999: posts small blind $1
14benzo: posts big blind $3
*** HOLE CARDS ***
jack5077999: raises $3 to $6
14benzo: calls $2.12 and is all-in
Uncalled bet ($0.88) returned to jack5077999
*** FLOP *** [Th 6c 5h]
*** TURN *** [Th 6c 5h] [8d]
*** RIVER *** [Th 6c 5h 8d] [Td]
*** SHOW DOWN ***
14benzo: shows [Js 2s] (a pair of Tens)
jack5077999: shows [Jd As] (a pair of Tens - Ace kicker)
jack5077999 collected $10.04 from pot
*** SUMMARY ***
Total pot $10.24 | Rake $0.20
Board [Th 6c 5h 8d Td]
Seat 1: 14benzo (big blind) showed [Js 2s] and lost with a pair of Tens
Seat 6: jack5077999 (button) (small blind) showed [Jd As] and won ($10.04) with a pair of Tens


