PokerStars Hand #147168518311:  Hold'em Limit ($3/$6 USD) - 2016/01/16 19:49:42 ET
Table 'Hispania II' 10-max Seat #1 is the button
Seat 1: SmellyToes4u ($134.50 in chips)
Seat 8: perten ($27.03 in chips)
SmellyToes4u: posts small blind $1
perten: posts big blind $3
*** HOLE CARDS ***
SmellyToes4u: raises $3 to $6
perten: folds
Uncalled bet ($3) returned to SmellyToes4u
SmellyToes4u collected $6 from pot
*** SUMMARY ***
Total pot $6 | Rake $0
Seat 1: SmellyToes4u (button) (small blind) collected ($6)
Seat 8: perten (big blind) folded before Flop


PokerStars Hand #147168522168:  Hold'em Limit ($3/$6 USD) - 2016/01/16 19:49:48 ET
Table 'Hispania II' 10-max Seat #8 is the button
Seat 1: SmellyToes4u ($137.50 in chips)
Seat 8: perten ($24.03 in chips)
perten: posts small blind $1
SmellyToes4u: posts big blind $3
*** HOLE CARDS ***
perten: folds
Uncalled bet ($2) returned to SmellyToes4u
SmellyToes4u collected $2 from pot
*** SUMMARY ***
Total pot $2 | Rake $0
Seat 1: SmellyToes4u (big blind) collected ($2)
Seat 8: perten (button) (small blind) folded before Flop


PokerStars Hand #147168525429:  Hold'em Limit ($3/$6 USD) - 2016/01/16 19:49:53 ET
Table 'Hispania II' 10-max Seat #1 is the button
Seat 1: SmellyToes4u ($138.50 in chips)
Seat 8: perten ($23.03 in chips)
SmellyToes4u: posts small blind $1
perten: posts big blind $3
*** HOLE CARDS ***
SmellyToes4u: raises $3 to $6
perten: calls $3
*** FLOP *** [5s 6c 7d]
perten: checks
SmellyToes4u: checks
*** TURN *** [5s 6c 7d] [Kh]
perten: checks
SmellyToes4u: bets $6
perten: calls $6
*** RIVER *** [5s 6c 7d Kh] [Ks]
perten: checks
SmellyToes4u: bets $6
perten: calls $6
*** SHOW DOWN ***
SmellyToes4u: shows [2h Th] (a pair of Kings)
perten: shows [3c 5d] (two pair, Kings and Fives)
perten collected $35.50 from pot
*** SUMMARY ***
Total pot $36 | Rake $0.50
Board [5s 6c 7d Kh Ks]
Seat 1: SmellyToes4u (button) (small blind) showed [2h Th] and lost with a pair of Kings
Seat 8: perten (big blind) showed [3c 5d] and won ($35.50) with two pair, Kings and Fives


PokerStars Hand #147168537529:  Hold'em Limit ($3/$6 USD) - 2016/01/16 19:50:11 ET
Table 'Hispania II' 10-max Seat #8 is the button
Seat 1: SmellyToes4u ($120.50 in chips)
Seat 8: perten ($40.53 in chips)
perten: posts small blind $1
SmellyToes4u: posts big blind $3
*** HOLE CARDS ***
perten: raises $3 to $6
SmellyToes4u: calls $3
*** FLOP *** [9h 2h 3h]
SmellyToes4u: checks
perten: bets $3
SmellyToes4u: raises $3 to $6
perten: calls $3
*** TURN *** [9h 2h 3h] [Kd]
SmellyToes4u: bets $6
perten: calls $6
*** RIVER *** [9h 2h 3h Kd] [6c]
SmellyToes4u: bets $6
perten: folds
Uncalled bet ($6) returned to SmellyToes4u
SmellyToes4u collected $35.50 from pot
SmellyToes4u: doesn't show hand
*** SUMMARY ***
Total pot $36 | Rake $0.50
Board [9h 2h 3h Kd 6c]
Seat 1: SmellyToes4u (big blind) collected ($35.50)
Seat 8: perten (button) (small blind) folded on the River


PokerStars Hand #147168586627:  Hold'em Limit ($3/$6 USD) - 2016/01/16 19:51:25 ET
Table 'Hispania II' 10-max Seat #8 is the button
Seat 1: SmellyToes4u ($146.40 in chips)
Seat 8: perten ($13.29 in chips)
perten: posts small blind $1
SmellyToes4u: posts big blind $3
*** HOLE CARDS ***
perten: folds
Uncalled bet ($2) returned to SmellyToes4u
SmellyToes4u collected $2 from pot
SmellyToes4u: doesn't show hand
*** SUMMARY ***
Total pot $2 | Rake $0
Seat 1: SmellyToes4u (big blind) collected ($2)
Seat 8: perten (button) (small blind) folded before Flop


PokerStars Hand #147168578366:  Hold'em Limit ($3/$6 USD) - 2016/01/16 19:51:13 ET
Table 'Hispania II' 10-max Seat #1 is the button
Seat 1: SmellyToes4u ($140.64 in chips)
Seat 8: perten ($19.29 in chips)
SmellyToes4u: posts small blind $1
perten: posts big blind $3
*** HOLE CARDS ***
SmellyToes4u: raises $3 to $6
perten: calls $3
*** FLOP *** [8c 4s 3c]
perten: checks
SmellyToes4u: bets $3
perten: folds
Uncalled bet ($3) returned to SmellyToes4u
SmellyToes4u collected $11.76 from pot
SmellyToes4u: doesn't show hand
*** SUMMARY ***
Total pot $12 | Rake $0.24
Board [8c 4s 3c]
Seat 1: SmellyToes4u (button) (small blind) collected ($11.76)
Seat 8: perten (big blind) folded on the Flop


PokerStars Hand #147168564897:  Hold'em Limit ($3/$6 USD) - 2016/01/16 19:50:52 ET
Table 'Hispania II' 10-max Seat #8 is the button
Seat 1: SmellyToes4u ($146.64 in chips)
Seat 8: perten ($13.53 in chips)
perten: posts small blind $1
SmellyToes4u: posts big blind $3
*** HOLE CARDS ***
perten: raises $3 to $6
SmellyToes4u: calls $3
*** FLOP *** [Jh 5c 4h]
SmellyToes4u: checks
perten: bets $3
SmellyToes4u: folds
Uncalled bet ($3) returned to perten
perten collected $11.76 from pot
perten: doesn't show hand
*** SUMMARY ***
Total pot $12 | Rake $0.24
Board [Jh 5c 4h]
Seat 1: SmellyToes4u (big blind) folded on the Flop
Seat 8: perten (button) (small blind) collected ($11.76)


PokerStars Hand #147168552125:  Hold'em Limit ($3/$6 USD) - 2016/01/16 19:50:33 ET
Table 'Hispania II' 10-max Seat #1 is the button
Seat 1: SmellyToes4u ($138 in chips)
Seat 8: perten ($22.53 in chips)
SmellyToes4u: posts small blind $1
perten: posts big blind $3
*** HOLE CARDS ***
SmellyToes4u: raises $3 to $6
perten: calls $3
*** FLOP *** [Ts 5c 9c]
perten: checks
SmellyToes4u: bets $3
perten: calls $3
*** TURN *** [Ts 5c 9c] [Ad]
perten: checks
SmellyToes4u: bets $6
perten: folds
Uncalled bet ($6) returned to SmellyToes4u
SmellyToes4u collected $17.64 from pot
SmellyToes4u: doesn't show hand
*** SUMMARY ***
Total pot $18 | Rake $0.36
Board [Ts 5c 9c Ad]
Seat 1: SmellyToes4u (button) (small blind) collected ($17.64)
Seat 8: perten (big blind) folded on the Turn


PokerStars Hand #147176217075:  Hold'em Limit ($3/$6 USD) - 2016/01/17 0:51:25 ET
Table 'Hispania II' 10-max Seat #1 is the button
Seat 1: Masqb ($136.52 in chips)
Seat 10: Bastable86 ($29 in chips)
Masqb: posts small blind $1
Bastable86: posts big blind $3
*** HOLE CARDS ***
Masqb: raises $3 to $6
Bastable86: calls $3
*** FLOP *** [Jh 7h Qh]
Bastable86: checks
Masqb: bets $3
Bastable86: folds
Uncalled bet ($3) returned to Masqb
Masqb collected $11.76 from pot
Masqb: doesn't show hand
*** SUMMARY ***
Total pot $12 | Rake $0.24
Board [Jh 7h Qh]
Seat 1: Masqb (button) (small blind) collected ($11.76)
Seat 10: Bastable86 (big blind) folded on the Flop


PokerStars Hand #147176207492:  Hold'em Limit ($3/$6 USD) - 2016/01/17 0:50:54 ET
Table 'Hispania II' 10-max Seat #10 is the button
Seat 1: Masqb ($125 in chips)
Seat 10: Bastable86 ($41 in chips)
Bastable86: posts small blind $1
Masqb: posts big blind $3
*** HOLE CARDS ***
Bastable86: calls $2
Masqb: checks
*** FLOP *** [4c Ts 3d]
Masqb: bets $3
Bastable86: calls $3
*** TURN *** [4c Ts 3d] [7d]
Masqb: bets $6
Bastable86: calls $6
*** RIVER *** [4c Ts 3d 7d] [2s]
Masqb: checks
Bastable86: checks
*** SHOW DOWN ***
Masqb: shows [3c 5d] (a pair of Threes)
Bastable86: mucks hand
Masqb collected $23.52 from pot
*** SUMMARY ***
Total pot $24 | Rake $0.48
Board [4c Ts 3d 7d 2s]
Seat 1: Masqb (big blind) showed [3c 5d] and won ($23.52) with a pair of Threes
Seat 10: Bastable86 (button) (small blind) mucked


PokerStars Hand #147176199871:  Hold'em Limit ($3/$6 USD) - 2016/01/17 0:50:29 ET
Table 'Hispania II' 10-max Seat #1 is the button
Seat 1: Masqb ($126 in chips)
Seat 10: Bastable86 ($40 in chips)
Masqb: posts small blind $1
Bastable86: posts big blind $3
*** HOLE CARDS ***
Masqb: folds
Uncalled bet ($2) returned to Bastable86
Bastable86 collected $2 from pot
Bastable86: doesn't show hand
*** SUMMARY ***
Total pot $2 | Rake $0
Seat 1: Masqb (button) (small blind) folded before Flop
Seat 10: Bastable86 (big blind) collected ($2)


PokerStars Hand #147176230111:  Hold'em Limit ($3/$6 USD) - 2016/01/17 0:52:07 ET
Table 'Hispania II' 10-max Seat #1 is the button
Seat 1: Masqb ($133.28 in chips)
Seat 10: Bastable86 ($31.64 in chips)
Masqb: posts small blind $1
Bastable86: posts big blind $3
*** HOLE CARDS ***
Masqb: raises $3 to $6
Bastable86: calls $3
*** FLOP *** [6s 7c 3d]
Bastable86: checks
Masqb: bets $3
Bastable86: calls $3
*** TURN *** [6s 7c 3d] [Kd]
Bastable86: checks
Masqb: bets $6
Bastable86: folds
Uncalled bet ($6) returned to Masqb
Masqb collected $17.64 from pot
Masqb: doesn't show hand
*** SUMMARY ***
Total pot $18 | Rake $0.36
Board [6s 7c 3d Kd]
Seat 1: Masqb (button) (small blind) collected ($17.64)
Seat 10: Bastable86 (big blind) folded on the Turn


PokerStars Hand #147176222029:  Hold'em Limit ($3/$6 USD) - 2016/01/17 0:51:41 ET
Table 'Hispania II' 10-max Seat #10 is the button
Seat 1: Masqb ($142.28 in chips)
Seat 10: Bastable86 ($23 in chips)
Bastable86: posts small blind $1
Masqb: posts big blind $3
*** HOLE CARDS ***
Bastable86: calls $2
Masqb: raises $3 to $6
Bastable86: calls $3
*** FLOP *** [6d 3s 5s]
Masqb: bets $3
Bastable86: raises $3 to $6
Masqb: folds
Uncalled bet ($3) returned to Bastable86
Bastable86 collected $17.64 from pot
Bastable86: doesn't show hand
*** SUMMARY ***
Total pot $18 | Rake $0.36
Board [6d 3s 5s]
Seat 1: Masqb (big blind) folded on the Flop
Seat 10: Bastable86 (button) (small blind) collected ($17.64)


PokerStars Hand #147176250070:  Hold'em Limit ($3/$6 USD) - 2016/01/17 0:53:12 ET
Table 'Hispania II' 10-max Seat #1 is the button
Seat 1: Masqb ($120.92 in chips)
Seat 10: Bastable86 ($43.14 in chips)
Masqb: posts small blind $1
Bastable86: posts big blind $3
*** HOLE CARDS ***
Masqb: raises $3 to $6
Bastable86: calls $3
*** FLOP *** [8s 9d Qd]
Bastable86: checks
Masqb: bets $3
Bastable86: calls $3
*** TURN *** [8s 9d Qd] [2s]
Bastable86: checks
Masqb: checks
*** RIVER *** [8s 9d Qd 2s] [Td]
Bastable86: checks
Masqb: checks
*** SHOW DOWN ***
Bastable86: shows [6s 6h] (a pair of Sixes)
Masqb: mucks hand
Bastable86 collected $17.64 from pot
*** SUMMARY ***
Total pot $18 | Rake $0.36
Board [8s 9d Qd 2s Td]
Seat 1: Masqb (button) (small blind) mucked
Seat 10: Bastable86 (big blind) showed [6s 6h] and won ($17.64) with a pair of Sixes


PokerStars Hand #147176238491:  Hold'em Limit ($3/$6 USD) - 2016/01/17 0:52:34 ET
Table 'Hispania II' 10-max Seat #10 is the button
Seat 1: Masqb ($141.92 in chips)
Seat 10: Bastable86 ($22.64 in chips)
Bastable86: posts small blind $1
Masqb: posts big blind $3
*** HOLE CARDS ***
Bastable86: calls $2
Masqb: raises $3 to $6
Bastable86: calls $3
*** FLOP *** [9h Jc 6s]
Masqb: bets $3
Bastable86: calls $3
*** TURN *** [9h Jc 6s] [6d]
Masqb: checks
Bastable86: bets $6
Masqb: calls $6
*** RIVER *** [9h Jc 6s 6d] [5d]
Masqb: checks
Bastable86: bets $6
Masqb: calls $6
*** SHOW DOWN ***
Bastable86: shows [Jh 8d] (two pair, Jacks and Sixes)
Masqb: mucks hand
Bastable86 collected $41.50 from pot
*** SUMMARY ***
Total pot $42 | Rake $0.50
Board [9h Jc 6s 6d 5d]
Seat 1: Masqb (big blind) mucked
Seat 10: Bastable86 (button) (small blind) showed [Jh 8d] and won ($41.50) with two pair, Jacks and Sixes


PokerStars Hand #147176268928:  Hold'em Limit ($3/$6 USD) - 2016/01/17 0:54:13 ET
Table 'Hispania II' 10-max Seat #10 is the button
Seat 1: Masqb ($96.92 in chips)
Seat 10: Bastable86 ($66.18 in chips)
Bastable86: posts small blind $1
Masqb: posts big blind $3
*** HOLE CARDS ***
Bastable86: raises $3 to $6
Masqb: calls $3
*** FLOP *** [2s 8c 7s]
Masqb: checks
Bastable86: bets $3
Masqb: calls $3
*** TURN *** [2s 8c 7s] [4d]
Masqb: checks
Bastable86: bets $6
Masqb: folds
Uncalled bet ($6) returned to Bastable86
Bastable86 collected $17.64 from pot
Bastable86: doesn't show hand
*** SUMMARY ***
Total pot $18 | Rake $0.36
Board [2s 8c 7s 4d]
Seat 1: Masqb (big blind) folded on the Turn
Seat 10: Bastable86 (button) (small blind) collected ($17.64)


PokerStars Hand #147176263856:  Hold'em Limit ($3/$6 USD) - 2016/01/17 0:53:56 ET
Table 'Hispania II' 10-max Seat #1 is the button
Seat 1: Masqb ($105.92 in chips)
Seat 10: Bastable86 ($57.54 in chips)
Masqb: posts small blind $1
Bastable86: posts big blind $3
*** HOLE CARDS ***
Masqb: raises $3 to $6
Bastable86: raises $3 to $9
Masqb: calls $3
*** FLOP *** [8h Ad 2c]
Bastable86: bets $3
Masqb: folds
Uncalled bet ($3) returned to Bastable86
Bastable86 collected $17.64 from pot
Bastable86: doesn't show hand
*** SUMMARY ***
Total pot $18 | Rake $0.36
Board [8h Ad 2c]
Seat 1: Masqb (button) (small blind) folded on the Flop
Seat 10: Bastable86 (big blind) collected ($17.64)


PokerStars Hand #147176257597:  Hold'em Limit ($3/$6 USD) - 2016/01/17 0:53:36 ET
Table 'Hispania II' 10-max Seat #10 is the button
Seat 1: Masqb ($111.92 in chips)
Seat 10: Bastable86 ($51.78 in chips)
Bastable86: posts small blind $1
Masqb: posts big blind $3
*** HOLE CARDS ***
Bastable86: raises $3 to $6
Masqb: calls $3
*** FLOP *** [7d Jc Ts]
Masqb: checks
Bastable86: bets $3
Masqb: folds
Uncalled bet ($3) returned to Bastable86
Bastable86 collected $11.76 from pot
Bastable86: doesn't show hand
*** SUMMARY ***
Total pot $12 | Rake $0.24
Board [7d Jc Ts]
Seat 1: Masqb (big blind) folded on the Flop
Seat 10: Bastable86 (button) (small blind) collected ($11.76)


PokerStars Hand #147176280482:  Hold'em Limit ($3/$6 USD) - 2016/01/17 0:54:50 ET
Table 'Hispania II' 10-max Seat #10 is the button
Seat 1: Masqb ($93.68 in chips)
Seat 10: Bastable86 ($68.82 in chips)
Bastable86: posts small blind $1
Masqb: posts big blind $3
*** HOLE CARDS ***
Bastable86: raises $3 to $6
Masqb: calls $3
*** FLOP *** [7c 8c 2s]
Masqb: checks
Bastable86: bets $3
Masqb: calls $3
*** TURN *** [7c 8c 2s] [3s]
gracetime joins the table at seat #5
Masqb: checks
Bastable86: bets $6
Masqb: calls $6
*** RIVER *** [7c 8c 2s 3s] [3d]
Masqb: checks
Bastable86: checks
*** SHOW DOWN ***
Masqb: shows [Ah 4d] (a pair of Threes)
Bastable86: shows [Ac Kd] (a pair of Threes - Ace+King kicker)
Bastable86 collected $29.50 from pot
*** SUMMARY ***
Total pot $30 | Rake $0.50
Board [7c 8c 2s 3s 3d]
Seat 1: Masqb (big blind) showed [Ah 4d] and lost with a pair of Threes
Seat 10: Bastable86 (button) (small blind) showed [Ac Kd] and won ($29.50) with a pair of Threes


PokerStars Hand #147176276457:  Hold'em Limit ($3/$6 USD) - 2016/01/17 0:54:37 ET
Table 'Hispania II' 10-max Seat #1 is the button
Seat 1: Masqb ($87.92 in chips)
Seat 10: Bastable86 ($74.82 in chips)
Masqb: posts small blind $1
Bastable86: posts big blind $3
*** HOLE CARDS ***
Masqb: raises $3 to $6
Bastable86: calls $3
*** FLOP *** [8c As 5s]
Bastable86: checks
Masqb: bets $3
Bastable86: folds
Uncalled bet ($3) returned to Masqb
Masqb collected $11.76 from pot
Masqb: doesn't show hand
*** SUMMARY ***
Total pot $12 | Rake $0.24
Board [8c As 5s]
Seat 1: Masqb (button) (small blind) collected ($11.76)
Seat 10: Bastable86 (big blind) folded on the Flop


PokerStars Hand #147177150426:  Hold'em Limit ($3/$6 USD) - 2016/01/17 1:42:37 ET
Table 'Hispania II' 10-max Seat #6 is the button
Seat 5: Sunny1022 ($68 in chips)
Seat 6: grabaz ($131.52 in chips)
grabaz: posts small blind $1
Sunny1022: posts big blind $3
*** HOLE CARDS ***
grabaz: raises $3 to $6
Sunny1022: calls $3
*** FLOP *** [8d 2s 4s]
Sunny1022: checks
grabaz: bets $3
Sunny1022: folds
Uncalled bet ($3) returned to grabaz
grabaz collected $11.76 from pot
grabaz: doesn't show hand
*** SUMMARY ***
Total pot $12 | Rake $0.24
Board [8d 2s 4s]
Seat 5: Sunny1022 (big blind) folded on the Flop
Seat 6: grabaz (button) (small blind) collected ($11.76)


PokerStars Hand #147177141383:  Hold'em Limit ($3/$6 USD) - 2016/01/17 1:42:06 ET
Table 'Hispania II' 10-max Seat #5 is the button
Seat 5: Sunny1022 ($74 in chips)
Seat 6: grabaz ($125.76 in chips)
Sunny1022: posts small blind $1
grabaz: posts big blind $3
*** HOLE CARDS ***
Sunny1022: raises $3 to $6
Masqb leaves the table
grabaz: calls $3
*** FLOP *** [3s 7h Qc]
grabaz: checks
Sunny1022: checks
*** TURN *** [3s 7h Qc] [2h]
grabaz: bets $6
Sunny1022: folds
Uncalled bet ($6) returned to grabaz
grabaz collected $11.76 from pot
grabaz: doesn't show hand
*** SUMMARY ***
Total pot $12 | Rake $0.24
Board [3s 7h Qc 2h]
Seat 5: Sunny1022 (button) (small blind) folded on the Turn
Seat 6: grabaz (big blind) collected ($11.76)


PokerStars Hand #147177135032:  Hold'em Limit ($3/$6 USD) - 2016/01/17 1:41:45 ET
Table 'Hispania II' 10-max Seat #6 is the button
Seat 5: Sunny1022 ($80 in chips)
Seat 6: grabaz ($120 in chips)
grabaz: posts small blind $1
Masqb: is sitting out
Sunny1022: posts big blind $3
*** HOLE CARDS ***
grabaz: raises $3 to $6
Sunny1022: calls $3
*** FLOP *** [7c 7s Jh]
Sunny1022: checks
grabaz: bets $3
Sunny1022: folds
Uncalled bet ($3) returned to grabaz
grabaz collected $11.76 from pot
grabaz: doesn't show hand
*** SUMMARY ***
Total pot $12 | Rake $0.24
Board [7c 7s Jh]
Seat 5: Sunny1022 (big blind) folded on the Flop
Seat 6: grabaz (button) (small blind) collected ($11.76)


PokerStars Hand #147177155211:  Hold'em Limit ($3/$6 USD) - 2016/01/17 1:42:53 ET
Table 'Hispania II' 10-max Seat #5 is the button
Seat 5: Sunny1022 ($62 in chips)
Seat 6: grabaz ($137.28 in chips)
Sunny1022: posts small blind $1
grabaz: posts big blind $3
*** HOLE CARDS ***
Sunny1022: raises $3 to $6
grabaz: calls $3
*** FLOP *** [Tc 7h 5d]
grabaz: checks
Sunny1022: checks
*** TURN *** [Tc 7h 5d] [5s]
grabaz: checks
Sunny1022: bets $6
grabaz: calls $6
*** RIVER *** [Tc 7h 5d 5s] [9c]
treeleaves27 joins the table at seat #10
grabaz: checks
Sunny1022: bets $6
grabaz: folds
Uncalled bet ($6) returned to Sunny1022
Sunny1022 collected $23.52 from pot
*** SUMMARY ***
Total pot $24 | Rake $0.48
Board [Tc 7h 5d 5s 9c]
Seat 5: Sunny1022 (button) (small blind) collected ($23.52)
Seat 6: grabaz (big blind) folded on the River


