PokerStars Hand #156428045234:  Hold'em Limit ($3/$6 USD) - 2016/07/25 12:15:38 ET
Table 'Hodios' 10-max Seat #10 is the button
Seat 6: moveoverover ($116 in chips)
Seat 10: MTails ($124 in chips)
MTails: posts small blind $1
moveoverover: posts big blind $3
*** HOLE CARDS ***
MTails: raises $3 to $6
moveoverover: calls $3
*** FLOP *** [Ac Kc Ks]
moveoverover: checks
MTails: bets $3
moveoverover: folds
Uncalled bet ($3) returned to MTails
MTails collected $11.76 from pot
*** SUMMARY ***
Total pot $12 | Rake $0.24
Board [Ac Kc Ks]
Seat 6: moveoverover (big blind) folded on the Flop
Seat 10: MTails (button) (small blind) collected ($11.76)


PokerStars Hand #156428042375:  Hold'em Limit ($3/$6 USD) - 2016/07/25 12:15:33 ET
Table 'Hodios' 10-max Seat #6 is the button
Seat 6: moveoverover ($117 in chips)
Seat 10: MTails ($123 in chips)
moveoverover: posts small blind $1
MTails: posts big blind $3
*** HOLE CARDS ***
moveoverover: folds
Uncalled bet ($2) returned to MTails
MTails collected $2 from pot
MTails: doesn't show hand
*** SUMMARY ***
Total pot $2 | Rake $0
Seat 6: moveoverover (button) (small blind) folded before Flop
Seat 10: MTails (big blind) collected ($2)


PokerStars Hand #156428030591:  Hold'em Limit ($3/$6 USD) - 2016/07/25 12:15:15 ET
Table 'Hodios' 10-max Seat #10 is the button
Seat 6: moveoverover ($120 in chips)
Seat 10: MTails ($120 in chips)
MTails: posts small blind $1
moveoverover: posts big blind $3
*** HOLE CARDS ***
MTails: raises $3 to $6
moveoverover: folds
Uncalled bet ($3) returned to MTails
MTails collected $6 from pot
*** SUMMARY ***
Total pot $6 | Rake $0
Seat 6: moveoverover (big blind) folded before Flop
Seat 10: MTails (button) (small blind) collected ($6)


PokerStars Hand #156428073498:  Hold'em Limit ($3/$6 USD) - 2016/07/25 12:16:23 ET
Table 'Hodios' 10-max Seat #10 is the button
Seat 6: moveoverover ($67 in chips)
Seat 10: MTails ($171.76 in chips)
MTails: posts small blind $1
moveoverover: posts big blind $3
*** HOLE CARDS ***
MTails: raises $3 to $6
moveoverover: raises $3 to $9
MTails: calls $3
*** FLOP *** [6s Kh 3h]
moveoverover: bets $3
MTails: calls $3
*** TURN *** [6s Kh 3h] [8s]
moveoverover: bets $6
MTails: raises $6 to $12
moveoverover: calls $6
*** RIVER *** [6s Kh 3h 8s] [Ad]
moveoverover: checks
MTails: bets $6
moveoverover: calls $6
*** SHOW DOWN ***
MTails: shows [3d Kc] (two pair, Kings and Threes)
moveoverover: mucks hand
MTails collected $59.50 from pot
*** SUMMARY ***
Total pot $60 | Rake $0.50
Board [6s Kh 3h 8s Ad]
Seat 6: moveoverover (big blind) mucked
Seat 10: MTails (button) (small blind) showed [3d Kc] and won ($59.50) with two pair, Kings and Threes


PokerStars Hand #156428070503:  Hold'em Limit ($3/$6 USD) - 2016/07/25 12:16:18 ET
Table 'Hodios' 10-max Seat #6 is the button
Seat 6: moveoverover ($68 in chips)
Seat 10: MTails ($170.76 in chips)
moveoverover: posts small blind $1
MTails: posts big blind $3
*** HOLE CARDS ***
moveoverover: folds
Uncalled bet ($2) returned to MTails
MTails collected $2 from pot
MTails: doesn't show hand
*** SUMMARY ***
Total pot $2 | Rake $0
Seat 6: moveoverover (button) (small blind) folded before Flop
Seat 10: MTails (big blind) collected ($2)


PokerStars Hand #156428062631:  Hold'em Limit ($3/$6 USD) - 2016/07/25 12:16:06 ET
Table 'Hodios' 10-max Seat #10 is the button
Seat 6: moveoverover ($86 in chips)
Seat 10: MTails ($153.26 in chips)
MTails: posts small blind $1
moveoverover: posts big blind $3
*** HOLE CARDS ***
MTails: raises $3 to $6
moveoverover: raises $3 to $9
MTails: calls $3
*** FLOP *** [6c 2c 8h]
moveoverover: bets $3
MTails: calls $3
*** TURN *** [6c 2c 8h] [As]
moveoverover: bets $6
MTails: raises $6 to $12
moveoverover: folds
Uncalled bet ($6) returned to MTails
MTails collected $35.50 from pot
*** SUMMARY ***
Total pot $36 | Rake $0.50
Board [6c 2c 8h As]
Seat 6: moveoverover (big blind) folded on the Turn
Seat 10: MTails (button) (small blind) collected ($35.50)


PokerStars Hand #156428050781:  Hold'em Limit ($3/$6 USD) - 2016/07/25 12:15:47 ET
Table 'Hodios' 10-max Seat #6 is the button
Seat 6: moveoverover ($110 in chips)
Seat 10: MTails ($129.76 in chips)
moveoverover: posts small blind $1
MTails: posts big blind $3
*** HOLE CARDS ***
moveoverover: raises $3 to $6
MTails: raises $3 to $9
moveoverover: calls $3
*** FLOP *** [Kc 4h 8h]
MTails: bets $3
moveoverover: calls $3
*** TURN *** [Kc 4h 8h] [Ac]
MTails: checks
moveoverover: bets $6
MTails: raises $6 to $12
moveoverover: calls $6
*** RIVER *** [Kc 4h 8h Ac] [6s]
MTails: bets $6
moveoverover: folds
Uncalled bet ($6) returned to MTails
MTails collected $47.50 from pot
*** SUMMARY ***
Total pot $48 | Rake $0.50
Board [Kc 4h 8h Ac 6s]
Seat 6: moveoverover (button) (small blind) folded on the River
Seat 10: MTails (big blind) collected ($47.50)


PokerStars Hand #156428107577:  Hold'em Limit ($3/$6 USD) - 2016/07/25 12:17:16 ET
Table 'Hodios' 10-max Seat #10 is the button
Seat 6: moveoverover ($49.50 in chips)
Seat 10: MTails ($187.90 in chips)
MTails: posts small blind $1
moveoverover: posts big blind $3
*** HOLE CARDS ***
MTails: raises $3 to $6
moveoverover: raises $3 to $9
MTails: calls $3
*** FLOP *** [5c 6c Kd]
moveoverover: bets $3
MTails: calls $3
*** TURN *** [5c 6c Kd] [Ts]
moveoverover: bets $6
MTails: raises $6 to $12
moveoverover: raises $6 to $18
MTails: calls $6
*** RIVER *** [5c 6c Kd Ts] [4h]
moveoverover: bets $6
MTails: calls $6
*** SHOW DOWN ***
moveoverover: shows [As Ah] (a pair of Aces)
MTails: mucks hand
moveoverover collected $71.50 from pot
*** SUMMARY ***
Total pot $72 | Rake $0.50
Board [5c 6c Kd Ts 4h]
Seat 6: moveoverover (big blind) showed [As Ah] and won ($71.50) with a pair of Aces
Seat 10: MTails (button) (small blind) mucked


PokerStars Hand #156428097190:  Hold'em Limit ($3/$6 USD) - 2016/07/25 12:17:00 ET
Table 'Hodios' 10-max Seat #6 is the button
Seat 6: moveoverover ($25 in chips)
Seat 10: MTails ($212.90 in chips)
moveoverover: posts small blind $1
MTails: posts big blind $3
*** HOLE CARDS ***
moveoverover: raises $3 to $6
MTails: calls $3
*** FLOP *** [9c 6h Ks]
MTails: checks
moveoverover: bets $3
MTails: calls $3
*** TURN *** [9c 6h Ks] [Jc]
MTails: checks
moveoverover: bets $6
MTails: raises $6 to $12
moveoverover: raises $4 to $16 and is all-in
MTails: calls $4
*** RIVER *** [9c 6h Ks Jc] [Ts]
*** SHOW DOWN ***
MTails: shows [Th 7h] (a pair of Tens)
moveoverover: shows [Js Kc] (two pair, Kings and Jacks)
moveoverover collected $49.50 from pot
*** SUMMARY ***
Total pot $50 | Rake $0.50
Board [9c 6h Ks Jc Ts]
Seat 6: moveoverover (button) (small blind) showed [Js Kc] and won ($49.50) with two pair, Kings and Jacks
Seat 10: MTails (big blind) showed [Th 7h] and lost with a pair of Tens


PokerStars Hand #156428093571:  Hold'em Limit ($3/$6 USD) - 2016/07/25 12:16:54 ET
Table 'Hodios' 10-max Seat #10 is the button
Seat 6: moveoverover ($28 in chips)
Seat 10: MTails ($209.90 in chips)
MTails: posts small blind $1
moveoverover: posts big blind $3
*** HOLE CARDS ***
MTails: raises $3 to $6
moveoverover: folds
Uncalled bet ($3) returned to MTails
MTails collected $6 from pot
MTails: doesn't show hand
*** SUMMARY ***
Total pot $6 | Rake $0
Seat 6: moveoverover (big blind) folded before Flop
Seat 10: MTails (button) (small blind) collected ($6)


PokerStars Hand #156428084974:  Hold'em Limit ($3/$6 USD) - 2016/07/25 12:16:41 ET
Table 'Hodios' 10-max Seat #6 is the button
Seat 6: moveoverover ($37 in chips)
Seat 10: MTails ($201.26 in chips)
moveoverover: posts small blind $1
MTails: posts big blind $3
*** HOLE CARDS ***
moveoverover: raises $3 to $6
MTails: calls $3
*** FLOP *** [4c Jd 6h]
MTails: checks
moveoverover: bets $3
MTails: calls $3
*** TURN *** [4c Jd 6h] [3c]
MTails: checks
moveoverover: checks
*** RIVER *** [4c Jd 6h 3c] [6c]
MTails: bets $6
moveoverover: folds
Uncalled bet ($6) returned to MTails
MTails collected $17.64 from pot
*** SUMMARY ***
Total pot $18 | Rake $0.36
Board [4c Jd 6h 3c 6c]
Seat 6: moveoverover (button) (small blind) folded on the River
Seat 10: MTails (big blind) collected ($17.64)


PokerStars Hand #156440841999:  Hold'em Limit ($3/$6 USD) - 2016/07/25 16:56:24 ET
Table 'Hodios' 10-max Seat #5 is the button
Seat 5: simper11 ($140.50 in chips)
Seat 6: asino222 ($39 in chips)
simper11: posts small blind $1
asino222: posts big blind $3
*** HOLE CARDS ***
simper11: raises $3 to $6
asino222: calls $3
*** FLOP *** [8d Js 5h]
asino222: checks
simper11: bets $3
asino222: folds
Uncalled bet ($3) returned to simper11
simper11 collected $11.76 from pot
simper11: doesn't show hand
*** SUMMARY ***
Total pot $12 | Rake $0.24
Board [8d Js 5h]
Seat 5: simper11 (button) (small blind) collected ($11.76)
Seat 6: asino222 (big blind) folded on the Flop


PokerStars Hand #156440814579:  Hold'em Limit ($3/$6 USD) - 2016/07/25 16:55:40 ET
Table 'Hodios' 10-max Seat #6 is the button
Seat 5: simper11 ($120 in chips)
Seat 6: asino222 ($60 in chips)
asino222: posts small blind $1
simper11: posts big blind $3
*** HOLE CARDS ***
asino222: raises $3 to $6
simper11: calls $3
*** FLOP *** [2d 8h Ah]
simper11: checks
asino222: bets $3
simper11: calls $3
*** TURN *** [2d 8h Ah] [9s]
simper11: checks
asino222: bets $6
simper11: calls $6
*** RIVER *** [2d 8h Ah 9s] [3s]
simper11: checks
asino222: bets $6
simper11: calls $6
*** SHOW DOWN ***
asino222: shows [8s 4s] (a pair of Eights)
simper11: shows [Jc 8d] (a pair of Eights - Ace+Jack kicker)
simper11 collected $41.50 from pot
*** SUMMARY ***
Total pot $42 | Rake $0.50
Board [2d 8h Ah 9s 3s]
Seat 5: simper11 (big blind) showed [Jc 8d] and won ($41.50) with a pair of Eights
Seat 6: asino222 (button) (small blind) showed [8s 4s] and lost with a pair of Eights


PokerStars Hand #156440887085:  Hold'em Limit ($3/$6 USD) - 2016/07/25 16:57:35 ET
Table 'Hodios' 10-max Seat #6 is the button
Seat 5: simper11 ($178.52 in chips)
Seat 6: asino222 ($40.92 in chips)
asino222: posts small blind $1
simper11: posts big blind $3
*** HOLE CARDS ***
asino222: raises $3 to $6
simper11: raises $3 to $9
asino222: raises $3 to $12
Betting is capped
simper11: calls $3
*** FLOP *** [4d 7h 9c]
simper11: checks
asino222: bets $3
simper11: calls $3
*** TURN *** [4d 7h 9c] [Qh]
simper11: checks
asino222: bets $6
simper11: raises $6 to $12
asino222: raises $6 to $18
simper11: raises $6 to $24
Betting is capped
asino222: calls $6
*** RIVER *** [4d 7h 9c Qh] [8h]
simper11: bets $6
asino222: calls $1.92 and is all-in
Uncalled bet ($4.08) returned to simper11
*** SHOW DOWN ***
simper11: shows [Qc Js] (a pair of Queens)
asino222: shows [Jh Jd] (a pair of Jacks)
simper11 collected $81.34 from pot
asino222 leaves the table
*** SUMMARY ***
Total pot $81.84 | Rake $0.50
Board [4d 7h 9c Qh 8h]
Seat 5: simper11 (big blind) showed [Qc Js] and won ($81.34) with a pair of Queens
Seat 6: asino222 (button) (small blind) showed [Jh Jd] and lost with a pair of Jacks


PokerStars Hand #156440877839:  Hold'em Limit ($3/$6 USD) - 2016/07/25 16:57:21 ET
Table 'Hodios' 10-max Seat #5 is the button
Seat 5: simper11 ($172.76 in chips)
Seat 6: asino222 ($6 in chips)
simper11: posts small blind $1
asino222: posts big blind $3
*** HOLE CARDS ***
simper11: raises $3 to $6
asino222: calls $3 and is all-in
*** FLOP *** [Tc 2c Ac]
*** TURN *** [Tc 2c Ac] [Kh]
*** RIVER *** [Tc 2c Ac Kh] [Js]
*** SHOW DOWN ***
asino222: shows [Ts 7d] (a pair of Tens)
simper11: shows [Jd 9d] (a pair of Jacks)
simper11 collected $11.76 from pot
*** SUMMARY ***
Total pot $12 | Rake $0.24
Board [Tc 2c Ac Kh Js]
Seat 5: simper11 (button) (small blind) showed [Jd 9d] and won ($11.76) with a pair of Jacks
Seat 6: asino222 (big blind) showed [Ts 7d] and lost with a pair of Tens


PokerStars Hand #156440854566:  Hold'em Limit ($3/$6 USD) - 2016/07/25 16:56:44 ET
Table 'Hodios' 10-max Seat #6 is the button
Seat 5: simper11 ($146.26 in chips)
Seat 6: asino222 ($33 in chips)
asino222: posts small blind $1
simper11: posts big blind $3
*** HOLE CARDS ***
asino222: raises $3 to $6
simper11: calls $3
*** FLOP *** [5h As 4h]
simper11: checks
asino222: bets $3
simper11: raises $3 to $6
asino222: raises $3 to $9
simper11: calls $3
*** TURN *** [5h As 4h] [6c]
simper11: checks
asino222: bets $6
simper11: calls $6
*** RIVER *** [5h As 4h 6c] [4c]
simper11: checks
asino222: bets $6
simper11: calls $6
*** SHOW DOWN ***
asino222: shows [Qh 2h] (a pair of Fours)
simper11: shows [7h Kh] (a pair of Fours - Ace+King kicker)
simper11 collected $53.50 from pot
*** SUMMARY ***
Total pot $54 | Rake $0.50
Board [5h As 4h 6c 4c]
Seat 5: simper11 (big blind) showed [7h Kh] and won ($53.50) with a pair of Fours
Seat 6: asino222 (button) (small blind) showed [Qh 2h] and lost with a pair of Fours


PokerStars Hand #156441003869:  Hold'em Limit ($3/$6 USD) - 2016/07/25 17:00:34 ET
Table 'Hodios' 10-max Seat #5 is the button
Seat 5: simper11 ($218.94 in chips)
Seat 6: asino222 ($60 in chips)
simper11: posts small blind $1
asino222: posts big blind $3
*** HOLE CARDS ***
simper11: raises $3 to $6
asino222: calls $3
*** FLOP *** [7s 4d 3d]
asino222: checks
simper11: bets $3
asino222: calls $3
*** TURN *** [7s 4d 3d] [Kh]
asino222: checks
simper11: checks
*** RIVER *** [7s 4d 3d Kh] [7h]
asino222: bets $6
simper11: calls $6
*** SHOW DOWN ***
asino222: shows [8d Kc] (two pair, Kings and Sevens)
simper11: mucks hand
asino222 collected $29.50 from pot
*** SUMMARY ***
Total pot $30 | Rake $0.50
Board [7s 4d 3d Kh 7h]
Seat 5: simper11 (button) (small blind) mucked
Seat 6: asino222 (big blind) showed [8d Kc] and won ($29.50) with two pair, Kings and Sevens


PokerStars Hand #156441059428:  Hold'em Limit ($3/$6 USD) - 2016/07/25 17:01:49 ET
Table 'Hodios' 10-max Seat #5 is the button
Seat 5: simper11 ($186.94 in chips)
Seat 6: asino222 ($109.06 in chips)
simper11: posts small blind $1
asino222: posts big blind $3
*** HOLE CARDS ***
simper11: raises $3 to $6
asino222: folds
Uncalled bet ($3) returned to simper11
simper11 collected $6 from pot
simper11: doesn't show hand
*** SUMMARY ***
Total pot $6 | Rake $0
Seat 5: simper11 (button) (small blind) collected ($6)
Seat 6: asino222 (big blind) folded before Flop


PokerStars Hand #156441055118:  Hold'em Limit ($3/$6 USD) - 2016/07/25 17:01:44 ET
Table 'Hodios' 10-max Seat #6 is the button
Seat 5: simper11 ($185.94 in chips)
Seat 6: asino222 ($110.06 in chips)
asino222: posts small blind $1
simper11: posts big blind $3
*** HOLE CARDS ***
asino222: folds
Uncalled bet ($2) returned to simper11
simper11 collected $2 from pot
simper11: doesn't show hand
*** SUMMARY ***
Total pot $2 | Rake $0
Seat 5: simper11 (big blind) collected ($2)
Seat 6: asino222 (button) (small blind) folded before Flop


PokerStars Hand #156441050105:  Hold'em Limit ($3/$6 USD) - 2016/07/25 17:01:37 ET
Table 'Hodios' 10-max Seat #5 is the button
Seat 5: simper11 ($182.94 in chips)
Seat 6: asino222 ($113.06 in chips)
simper11: posts small blind $1
asino222: posts big blind $3
*** HOLE CARDS ***
simper11: raises $3 to $6
asino222: folds
Uncalled bet ($3) returned to simper11
simper11 collected $6 from pot
simper11: doesn't show hand
*** SUMMARY ***
Total pot $6 | Rake $0
Seat 5: simper11 (button) (small blind) collected ($6)
Seat 6: asino222 (big blind) folded before Flop


PokerStars Hand #156441028903:  Hold'em Limit ($3/$6 USD) - 2016/07/25 17:01:09 ET
Table 'Hodios' 10-max Seat #6 is the button
Seat 5: simper11 ($203.94 in chips)
Seat 6: asino222 ($92.56 in chips)
asino222: posts small blind $1
simper11: posts big blind $3
*** HOLE CARDS ***
asino222: raises $3 to $6
simper11: calls $3
*** FLOP *** [2h 2s 4s]
simper11: checks
asino222: bets $3
simper11: calls $3
*** TURN *** [2h 2s 4s] [6c]
simper11: checks
asino222: checks
*** RIVER *** [2h 2s 4s 6c] [7c]
simper11: bets $6
asino222: raises $6 to $12
simper11: calls $6
*** SHOW DOWN ***
asino222: shows [Kh 7d] (two pair, Sevens and Deuces)
simper11: mucks hand
asino222 collected $41.50 from pot
*** SUMMARY ***
Total pot $42 | Rake $0.50
Board [2h 2s 4s 6c 7c]
Seat 5: simper11 (big blind) mucked
Seat 6: asino222 (button) (small blind) showed [Kh 7d] and won ($41.50) with two pair, Sevens and Deuces


PokerStars Hand #156441103211:  Hold'em Limit ($3/$6 USD) - 2016/07/25 17:02:41 ET
Table 'Hodios' 10-max Seat #5 is the button
Seat 5: simper11 ($221.94 in chips)
Seat 6: asino222 ($72.70 in chips)
simper11: posts small blind $1
asino222: posts big blind $3
*** HOLE CARDS ***
simper11: raises $3 to $6
asino222: raises $3 to $9
simper11: calls $3
*** FLOP *** [Kh 2s 6d]
asino222: bets $3
simper11: calls $3
*** TURN *** [Kh 2s 6d] [Jd]
asino222: checks
simper11: bets $6
asino222: calls $6
*** RIVER *** [Kh 2s 6d Jd] [9h]
asino222: checks
simper11: bets $6
asino222: calls $6
*** SHOW DOWN ***
simper11: shows [Jh Kd] (two pair, Kings and Jacks)
asino222: mucks hand
simper11 collected $47.50 from pot
*** SUMMARY ***
Total pot $48 | Rake $0.50
Board [Kh 2s 6d Jd 9h]
Seat 5: simper11 (button) (small blind) showed [Jh Kd] and won ($47.50) with two pair, Kings and Jacks
Seat 6: asino222 (big blind) mucked


PokerStars Hand #156441090614:  Hold'em Limit ($3/$6 USD) - 2016/07/25 17:02:25 ET
Table 'Hodios' 10-max Seat #6 is the button
Seat 5: simper11 ($198.44 in chips)
Seat 6: asino222 ($96.70 in chips)
asino222: posts small blind $1
simper11: posts big blind $3
*** HOLE CARDS ***
asino222: raises $3 to $6
simper11: calls $3
*** FLOP *** [Jd 5d 3c]
simper11: checks
asino222: bets $3
simper11: raises $3 to $6
asino222: calls $3
*** TURN *** [Jd 5d 3c] [5h]
simper11: bets $6
asino222: calls $6
*** RIVER *** [Jd 5d 3c 5h] [Th]
simper11: bets $6
asino222: calls $6
*** SHOW DOWN ***
simper11: shows [8d Js] (two pair, Jacks and Fives)
asino222: mucks hand
simper11 collected $47.50 from pot
*** SUMMARY ***
Total pot $48 | Rake $0.50
Board [Jd 5d 3c 5h Th]
Seat 5: simper11 (big blind) showed [8d Js] and won ($47.50) with two pair, Jacks and Fives
Seat 6: asino222 (button) (small blind) mucked


PokerStars Hand #156441079198:  Hold'em Limit ($3/$6 USD) - 2016/07/25 17:02:12 ET
Table 'Hodios' 10-max Seat #5 is the button
Seat 5: simper11 ($207.44 in chips)
Seat 6: asino222 ($88.06 in chips)
simper11: posts small blind $1
asino222: posts big blind $3
*** HOLE CARDS ***
simper11: raises $3 to $6
asino222: calls $3
*** FLOP *** [Jh Kh 3h]
asino222: checks
simper11: bets $3
asino222: raises $3 to $6
simper11: folds
Uncalled bet ($3) returned to asino222
asino222 collected $17.64 from pot
asino222: doesn't show hand
*** SUMMARY ***
Total pot $18 | Rake $0.36
Board [Jh Kh 3h]
Seat 5: simper11 (button) (small blind) folded on the Flop
Seat 6: asino222 (big blind) collected ($17.64)


PokerStars Hand #156441064452:  Hold'em Limit ($3/$6 USD) - 2016/07/25 17:01:55 ET
Table 'Hodios' 10-max Seat #6 is the button
Seat 5: simper11 ($189.94 in chips)
Seat 6: asino222 ($106.06 in chips)
asino222: posts small blind $1
simper11: posts big blind $3
*** HOLE CARDS ***
asino222: raises $3 to $6
simper11: calls $3
*** FLOP *** [6s 3s Jc]
simper11: checks
asino222: bets $3
simper11: raises $3 to $6
asino222: calls $3
*** TURN *** [6s 3s Jc] [Ts]
simper11: bets $6
asino222: calls $6
*** RIVER *** [6s 3s Jc Ts] [8d]
simper11: bets $6
asino222: folds
Uncalled bet ($6) returned to simper11
simper11 collected $35.50 from pot
simper11: doesn't show hand
*** SUMMARY ***
Total pot $36 | Rake $0.50
Board [6s 3s Jc Ts 8d]
Seat 5: simper11 (big blind) collected ($35.50)
Seat 6: asino222 (button) (small blind) folded on the River


PokerStars Hand #156441158370:  Hold'em Limit ($3/$6 USD) - 2016/07/25 17:03:47 ET
Table 'Hodios' 10-max Seat #5 is the button
Seat 5: simper11 ($226.94 in chips)
Seat 6: asino222 ($65.84 in chips)
simper11: posts small blind $1
asino222: posts big blind $3
*** HOLE CARDS ***
simper11: raises $3 to $6
asino222: raises $3 to $9
simper11: calls $3
*** FLOP *** [6d Th 3c]
asino222: bets $3
simper11: calls $3
*** TURN *** [6d Th 3c] [7d]
asino222: bets $6
simper11: calls $6
*** RIVER *** [6d Th 3c 7d] [2s]
asino222: checks
simper11: checks
*** SHOW DOWN ***
asino222: shows [As 5d] (high card Ace)
simper11: mucks hand
asino222 collected $35.50 from pot
*** SUMMARY ***
Total pot $36 | Rake $0.50
Board [6d Th 3c 7d 2s]
Seat 5: simper11 (button) (small blind) mucked
Seat 6: asino222 (big blind) showed [As 5d] and won ($35.50) with high card Ace


PokerStars Hand #156441143309:  Hold'em Limit ($3/$6 USD) - 2016/07/25 17:03:29 ET
Table 'Hodios' 10-max Seat #6 is the button
Seat 5: simper11 ($206.44 in chips)
Seat 6: asino222 ($86.84 in chips)
asino222: posts small blind $1
simper11: posts big blind $3
*** HOLE CARDS ***
asino222: raises $3 to $6
simper11: raises $3 to $9
asino222: calls $3
*** FLOP *** [Js 9s 2s]
simper11: bets $3
asino222: raises $3 to $6
simper11: calls $3
*** TURN *** [Js 9s 2s] [Jh]
simper11: checks
asino222: bets $6
simper11: calls $6
*** RIVER *** [Js 9s 2s Jh] [5h]
simper11: checks
asino222: checks
*** SHOW DOWN ***
simper11: shows [7d 7s] (two pair, Jacks and Sevens)
asino222: mucks hand
simper11 collected $41.50 from pot
*** SUMMARY ***
Total pot $42 | Rake $0.50
Board [Js 9s 2s Jh 5h]
Seat 5: simper11 (big blind) showed [7d 7s] and won ($41.50) with two pair, Jacks and Sevens
Seat 6: asino222 (button) (small blind) mucked


PokerStars Hand #156441131591:  Hold'em Limit ($3/$6 USD) - 2016/07/25 17:03:15 ET
Table 'Hodios' 10-max Seat #5 is the button
Seat 5: simper11 ($215.44 in chips)
Seat 6: asino222 ($78.20 in chips)
simper11: posts small blind $1
asino222: posts big blind $3
*** HOLE CARDS ***
simper11: raises $3 to $6
asino222: calls $3
*** FLOP *** [2d 2s Qh]
asino222: checks
simper11: bets $3
asino222: calls $3
*** TURN *** [2d 2s Qh] [Jd]
asino222: checks
simper11: checks
*** RIVER *** [2d 2s Qh Jd] [4h]
asino222: bets $6
simper11: folds
Uncalled bet ($6) returned to asino222
asino222 collected $17.64 from pot
asino222: doesn't show hand
*** SUMMARY ***
Total pot $18 | Rake $0.36
Board [2d 2s Qh Jd 4h]
Seat 5: simper11 (button) (small blind) folded on the River
Seat 6: asino222 (big blind) collected ($17.64)


PokerStars Hand #156441116708:  Hold'em Limit ($3/$6 USD) - 2016/07/25 17:02:57 ET
Table 'Hodios' 10-max Seat #6 is the button
Seat 5: simper11 ($245.44 in chips)
Seat 6: asino222 ($48.70 in chips)
asino222: posts small blind $1
simper11: posts big blind $3
*** HOLE CARDS ***
asino222: raises $3 to $6
simper11: raises $3 to $9
asino222: calls $3
*** FLOP *** [8s 7h Td]
simper11: bets $3
asino222: calls $3
*** TURN *** [8s 7h Td] [5d]
simper11: bets $6
asino222: raises $6 to $12
simper11: calls $6
*** RIVER *** [8s 7h Td 5d] [Qc]
simper11: checks
asino222: bets $6
simper11: calls $6
*** SHOW DOWN ***
asino222: shows [4c 6d] (a straight, Four to Eight)
simper11: mucks hand
asino222 collected $59.50 from pot
*** SUMMARY ***
Total pot $60 | Rake $0.50
Board [8s 7h Td 5d Qc]
Seat 5: simper11 (big blind) mucked
Seat 6: asino222 (button) (small blind) showed [4c 6d] and won ($59.50) with a straight, Four to Eight


PokerStars Hand #156441214723:  Hold'em Limit ($3/$6 USD) - 2016/07/25 17:04:54 ET
Table 'Hodios' 10-max Seat #6 is the button
Seat 5: simper11 ($225.86 in chips)
Seat 6: asino222 ($64.98 in chips)
asino222: posts small blind $1
simper11: posts big blind $3
*** HOLE CARDS ***
asino222: raises $3 to $6
simper11: calls $3
*** FLOP *** [3s 6s 4d]
simper11: checks
asino222: bets $3
simper11: calls $3
*** TURN *** [3s 6s 4d] [Ac]
simper11: checks
asino222: bets $6
simper11: calls $6
*** RIVER *** [3s 6s 4d Ac] [Ad]
simper11: checks
asino222: bets $6
simper11: calls $6
*** SHOW DOWN ***
asino222: shows [7d 7s] (two pair, Aces and Sevens)
simper11: mucks hand
asino222 collected $41.50 from pot
*** SUMMARY ***
Total pot $42 | Rake $0.50
Board [3s 6s 4d Ac Ad]
Seat 5: simper11 (big blind) mucked
Seat 6: asino222 (button) (small blind) showed [7d 7s] and won ($41.50) with two pair, Aces and Sevens


PokerStars Hand #156441207693:  Hold'em Limit ($3/$6 USD) - 2016/07/25 17:04:46 ET
Table 'Hodios' 10-max Seat #5 is the button
Seat 5: simper11 ($220.10 in chips)
Seat 6: asino222 ($70.98 in chips)
simper11: posts small blind $1
asino222: posts big blind $3
*** HOLE CARDS ***
simper11: raises $3 to $6
asino222: calls $3
*** FLOP *** [Tc Ac 8c]
asino222: checks
simper11: bets $3
asino222: folds
Uncalled bet ($3) returned to simper11
simper11 collected $11.76 from pot
simper11: doesn't show hand
*** SUMMARY ***
Total pot $12 | Rake $0.24
Board [Tc Ac 8c]
Seat 5: simper11 (button) (small blind) collected ($11.76)
Seat 6: asino222 (big blind) folded on the Flop


PokerStars Hand #156441193112:  Hold'em Limit ($3/$6 USD) - 2016/07/25 17:04:29 ET
Table 'Hodios' 10-max Seat #6 is the button
Seat 5: simper11 ($229.10 in chips)
Seat 6: asino222 ($62.34 in chips)
asino222: posts small blind $1
simper11: posts big blind $3
*** HOLE CARDS ***
asino222: raises $3 to $6
simper11: calls $3
*** FLOP *** [5h 7d Ts]
simper11: checks
asino222: bets $3
simper11: calls $3
*** TURN *** [5h 7d Ts] [Qh]
simper11: checks
asino222: bets $6
simper11: folds
Uncalled bet ($6) returned to asino222
asino222 collected $17.64 from pot
asino222: doesn't show hand
*** SUMMARY ***
Total pot $18 | Rake $0.36
Board [5h 7d Ts Qh]
Seat 5: simper11 (big blind) folded on the Turn
Seat 6: asino222 (button) (small blind) collected ($17.64)


PokerStars Hand #156441183629:  Hold'em Limit ($3/$6 USD) - 2016/07/25 17:04:17 ET
Table 'Hodios' 10-max Seat #5 is the button
Seat 5: simper11 ($220.46 in chips)
Seat 6: asino222 ($71.34 in chips)
simper11: posts small blind $1
asino222: posts big blind $3
*** HOLE CARDS ***
simper11: raises $3 to $6
asino222: calls $3
*** FLOP *** [9d Js 8c]
asino222: checks
simper11: bets $3
asino222: calls $3
*** TURN *** [9d Js 8c] [Ks]
asino222: checks
simper11: bets $6
asino222: folds
Uncalled bet ($6) returned to simper11
simper11 collected $17.64 from pot
simper11: doesn't show hand
*** SUMMARY ***
Total pot $18 | Rake $0.36
Board [9d Js 8c Ks]
Seat 5: simper11 (button) (small blind) collected ($17.64)
Seat 6: asino222 (big blind) folded on the Turn


PokerStars Hand #156441169455:  Hold'em Limit ($3/$6 USD) - 2016/07/25 17:04:00 ET
Table 'Hodios' 10-max Seat #6 is the button
Seat 5: simper11 ($208.94 in chips)
Seat 6: asino222 ($83.34 in chips)
asino222: posts small blind $1
simper11: posts big blind $3
*** HOLE CARDS ***
asino222: raises $3 to $6
simper11: calls $3
*** FLOP *** [Ks 3h 2d]
simper11: checks
asino222: bets $3
simper11: raises $3 to $6
asino222: calls $3
*** TURN *** [Ks 3h 2d] [Ah]
simper11: bets $6
asino222: folds
Uncalled bet ($6) returned to simper11
simper11 collected $23.52 from pot
simper11: doesn't show hand
*** SUMMARY ***
Total pot $24 | Rake $0.48
Board [Ks 3h 2d Ah]
Seat 5: simper11 (big blind) collected ($23.52)
Seat 6: asino222 (button) (small blind) folded on the Turn


PokerStars Hand #156441259888:  Hold'em Limit ($3/$6 USD) - 2016/07/25 17:05:48 ET
Table 'Hodios' 10-max Seat #6 is the button
Seat 5: simper11 ($189.38 in chips)
Seat 6: asino222 ($99.98 in chips)
asino222: posts small blind $1
simper11: posts big blind $3
*** HOLE CARDS ***
asino222: raises $3 to $6
simper11: calls $3
*** FLOP *** [Ah As 3h]
simper11: checks
asino222: bets $3
simper11: calls $3
*** TURN *** [Ah As 3h] [4d]
simper11: checks
asino222: bets $6
simper11: calls $6
*** RIVER *** [Ah As 3h 4d] [4h]
simper11: checks
asino222: checks
*** SHOW DOWN ***
simper11: shows [Qs 6d] (two pair, Aces and Fours)
asino222: mucks hand
simper11 collected $29.50 from pot
*** SUMMARY ***
Total pot $30 | Rake $0.50
Board [Ah As 3h 4d 4h]
Seat 5: simper11 (big blind) showed [Qs 6d] and won ($29.50) with two pair, Aces and Fours
Seat 6: asino222 (button) (small blind) mucked


PokerStars Hand #156441245452:  Hold'em Limit ($3/$6 USD) - 2016/07/25 17:05:30 ET
Table 'Hodios' 10-max Seat #5 is the button
Seat 5: simper11 ($219.38 in chips)
Seat 6: asino222 ($70.48 in chips)
simper11: posts small blind $1
asino222: posts big blind $3
*** HOLE CARDS ***
simper11: raises $3 to $6
asino222: raises $3 to $9
simper11: calls $3
*** FLOP *** [Tc 6h 9s]
asino222: bets $3
simper11: calls $3
*** TURN *** [Tc 6h 9s] [5d]
asino222: checks
simper11: bets $6
asino222: raises $6 to $12
simper11: calls $6
*** RIVER *** [Tc 6h 9s 5d] [8c]
asino222: bets $6
simper11: calls $6
*** SHOW DOWN ***
asino222: shows [6s 6c] (three of a kind, Sixes)
simper11: mucks hand
asino222 collected $59.50 from pot
*** SUMMARY ***
Total pot $60 | Rake $0.50
Board [Tc 6h 9s 5d 8c]
Seat 5: simper11 (button) (small blind) mucked
Seat 6: asino222 (big blind) showed [6s 6c] and won ($59.50) with three of a kind, Sixes


PokerStars Hand #156441231773:  Hold'em Limit ($3/$6 USD) - 2016/07/25 17:05:14 ET
Table 'Hodios' 10-max Seat #6 is the button
Seat 5: simper11 ($207.86 in chips)
Seat 6: asino222 ($82.48 in chips)
asino222: posts small blind $1
simper11: posts big blind $3
*** HOLE CARDS ***
asino222: raises $3 to $6
simper11: raises $3 to $9
asino222: calls $3
*** FLOP *** [5c Qh 2d]
simper11: bets $3
asino222: calls $3
*** TURN *** [5c Qh 2d] [6d]
simper11: bets $6
asino222: folds
Uncalled bet ($6) returned to simper11
simper11 collected $23.52 from pot
simper11: doesn't show hand
*** SUMMARY ***
Total pot $24 | Rake $0.48
Board [5c Qh 2d 6d]
Seat 5: simper11 (big blind) collected ($23.52)
Seat 6: asino222 (button) (small blind) folded on the Turn


PokerStars Hand #156441227171:  Hold'em Limit ($3/$6 USD) - 2016/07/25 17:05:08 ET
Table 'Hodios' 10-max Seat #5 is the button
Seat 5: simper11 ($204.86 in chips)
Seat 6: asino222 ($85.48 in chips)
simper11: posts small blind $1
asino222: posts big blind $3
*** HOLE CARDS ***
simper11: raises $3 to $6
asino222: folds
Uncalled bet ($3) returned to simper11
simper11 collected $6 from pot
simper11: doesn't show hand
*** SUMMARY ***
Total pot $6 | Rake $0
Seat 5: simper11 (button) (small blind) collected ($6)
Seat 6: asino222 (big blind) folded before Flop


PokerStars Hand #156441313965:  Hold'em Limit ($3/$6 USD) - 2016/07/25 17:06:52 ET
Table 'Hodios' 10-max Seat #5 is the button
Seat 5: simper11 ($220.90 in chips)
Seat 6: asino222 ($66.62 in chips)
simper11: posts small blind $1
asino222: posts big blind $3
*** HOLE CARDS ***
simper11: raises $3 to $6
asino222: calls $3
*** FLOP *** [3h 5h Ts]
asino222: checks
vestimokrec joins the table at seat #7
simper11: bets $3
asino222: calls $3
*** TURN *** [3h 5h Ts] [7c]
asino222: checks
simper11: bets $6
asino222: calls $6
*** RIVER *** [3h 5h Ts 7c] [8d]
asino222: checks
simper11: bets $6
asino222: calls $6
*** SHOW DOWN ***
simper11: shows [Qs 7h] (a pair of Sevens)
asino222: shows [8s Kd] (a pair of Eights)
asino222 collected $41.50 from pot
*** SUMMARY ***
Total pot $42 | Rake $0.50
Board [3h 5h Ts 7c 8d]
Seat 5: simper11 (button) (small blind) showed [Qs 7h] and lost with a pair of Sevens
Seat 6: asino222 (big blind) showed [8s Kd] and won ($41.50) with a pair of Eights


PokerStars Hand #156441300275:  Hold'em Limit ($3/$6 USD) - 2016/07/25 17:06:35 ET
Table 'Hodios' 10-max Seat #6 is the button
Seat 5: simper11 ($206.40 in chips)
Seat 6: asino222 ($81.62 in chips)
asino222: posts small blind $1
Piparipoker joins the table at seat #4
simper11: posts big blind $3
*** HOLE CARDS ***
asino222: raises $3 to $6
simper11: calls $3
*** FLOP *** [6h Th 7d]
simper11: checks
asino222: bets $3
simper11: calls $3
*** TURN *** [6h Th 7d] [8h]
simper11: checks
asino222: bets $6
simper11: calls $6
*** RIVER *** [6h Th 7d 8h] [4h]
simper11: checks
asino222: checks
*** SHOW DOWN ***
simper11: shows [8c Ah] (a flush, Ace high)
asino222: mucks hand
simper11 collected $29.50 from pot
*** SUMMARY ***
Total pot $30 | Rake $0.50
Board [6h Th 7d 8h 4h]
Seat 5: simper11 (big blind) showed [8c Ah] and won ($29.50) with a flush, Ace high
Seat 6: asino222 (button) (small blind) mucked


PokerStars Hand #156441291978:  Hold'em Limit ($3/$6 USD) - 2016/07/25 17:06:26 ET
Table 'Hodios' 10-max Seat #5 is the button
Seat 5: simper11 ($200.64 in chips)
Seat 6: asino222 ($87.62 in chips)
simper11: posts small blind $1
asino222: posts big blind $3
*** HOLE CARDS ***
simper11: raises $3 to $6
asino222: calls $3
*** FLOP *** [Js Ah 2c]
asino222: checks
simper11: bets $3
asino222: folds
Uncalled bet ($3) returned to simper11
simper11 collected $11.76 from pot
simper11: doesn't show hand
*** SUMMARY ***
Total pot $12 | Rake $0.24
Board [Js Ah 2c]
Seat 5: simper11 (button) (small blind) collected ($11.76)
Seat 6: asino222 (big blind) folded on the Flop


PokerStars Hand #156441279433:  Hold'em Limit ($3/$6 USD) - 2016/07/25 17:06:11 ET
Table 'Hodios' 10-max Seat #6 is the button
Seat 5: simper11 ($209.64 in chips)
Seat 6: asino222 ($78.98 in chips)
asino222: posts small blind $1
simper11: posts big blind $3
*** HOLE CARDS ***
asino222: raises $3 to $6
simper11: calls $3
*** FLOP *** [5c Ad 6c]
simper11: checks
asino222: bets $3
simper11: calls $3
*** TURN *** [5c Ad 6c] [Td]
simper11: checks
asino222: checks
*** RIVER *** [5c Ad 6c Td] [8d]
simper11: checks
asino222: checks
*** SHOW DOWN ***
simper11: shows [Qc 4h] (high card Ace)
asino222: shows [7s Qh] (high card Ace - Queen+Ten+Eight+Seven kicker)
asino222 collected $17.64 from pot
*** SUMMARY ***
Total pot $18 | Rake $0.36
Board [5c Ad 6c Td 8d]
Seat 5: simper11 (big blind) showed [Qc 4h] and lost with high card Ace
Seat 6: asino222 (button) (small blind) showed [7s Qh] and won ($17.64) with high card Ace


PokerStars Hand #156441271964:  Hold'em Limit ($3/$6 USD) - 2016/07/25 17:06:02 ET
Table 'Hodios' 10-max Seat #5 is the button
Seat 5: simper11 ($203.88 in chips)
Seat 6: asino222 ($84.98 in chips)
simper11: posts small blind $1
asino222: posts big blind $3
*** HOLE CARDS ***
simper11: raises $3 to $6
asino222: calls $3
*** FLOP *** [Qh 7h Jd]
asino222: checks
simper11: bets $3
asino222: folds
Uncalled bet ($3) returned to simper11
simper11 collected $11.76 from pot
simper11: doesn't show hand
*** SUMMARY ***
Total pot $12 | Rake $0.24
Board [Qh 7h Jd]
Seat 5: simper11 (button) (small blind) collected ($11.76)
Seat 6: asino222 (big blind) folded on the Flop


PokerStars Hand #156445270527:  Hold'em Limit ($3/$6 USD) - 2016/07/25 18:35:53 ET
Table 'Hodios' 10-max Seat #5 is the button
Seat 5: putgang ($128.85 in chips)
Seat 8: MissEKAmouse ($120 in chips)
putgang: posts small blind $1
MissEKAmouse: posts big blind $3
*** HOLE CARDS ***
putgang: folds
Uncalled bet ($2) returned to MissEKAmouse
MissEKAmouse collected $2 from pot
MissEKAmouse: doesn't show hand
*** SUMMARY ***
Total pot $2 | Rake $0
Seat 5: putgang (button) (small blind) folded before Flop
Seat 8: MissEKAmouse (big blind) collected ($2)


