PokerStars Hand #146603674277:  Hold'em Limit ($3/$6 USD) - 2016/01/06 22:18:42 ET
Table 'Hodios II' 2-max Seat #1 is the button
Seat 1: Truelove13 ($134.50 in chips)
Seat 2: HARDGURU ($183 in chips)
Truelove13: posts small blind $1
HARDGURU: posts big blind $3
*** HOLE CARDS ***
Truelove13: raises $3 to $6
HARDGURU: folds
Uncalled bet ($3) returned to Truelove13
Truelove13 collected $6 from pot
*** SUMMARY ***
Total pot $6 | Rake $0
Seat 1: Truelove13 (button) (small blind) collected ($6)
Seat 2: HARDGURU (big blind) folded before Flop


PokerStars Hand #146603661153:  Hold'em Limit ($3/$6 USD) - 2016/01/06 22:18:11 ET
Table 'Hodios II' 2-max Seat #2 is the button
Seat 1: Truelove13 ($120 in chips)
Seat 2: HARDGURU ($198 in chips)
HARDGURU: posts small blind $1
Truelove13: posts big blind $3
*** HOLE CARDS ***
HARDGURU: raises $3 to $6
Truelove13: calls $3
*** FLOP *** [Ah 3c 8s]
Truelove13: checks
HARDGURU: bets $3
Truelove13: calls $3
*** TURN *** [Ah 3c 8s] [2c]
Truelove13: checks
HARDGURU: bets $6
Truelove13: calls $6
*** RIVER *** [Ah 3c 8s 2c] [9h]
Truelove13: checks
HARDGURU: checks
*** SHOW DOWN ***
Truelove13: shows [Th 8h] (a pair of Eights)
HARDGURU: mucks hand
Truelove13 collected $29.50 from pot
*** SUMMARY ***
Total pot $30 | Rake $0.50
Board [Ah 3c 8s 2c 9h]
Seat 1: Truelove13 (big blind) showed [Th 8h] and won ($29.50) with a pair of Eights
Seat 2: HARDGURU (button) (small blind) mucked


PokerStars Hand #146603676728:  Hold'em Limit ($3/$6 USD) - 2016/01/06 22:18:48 ET
Table 'Hodios II' 2-max Seat #2 is the button
Seat 1: Truelove13 ($137.50 in chips)
Seat 2: HARDGURU ($180 in chips)
HARDGURU: posts small blind $1
Truelove13: posts big blind $3
*** HOLE CARDS ***
HARDGURU: raises $3 to $6
Truelove13: calls $3
*** FLOP *** [9s 4h 6h]
Truelove13: checks
HARDGURU: bets $3
Truelove13: calls $3
*** TURN *** [9s 4h 6h] [6d]
Truelove13: checks
HARDGURU: checks
*** RIVER *** [9s 4h 6h 6d] [Jd]
Truelove13: bets $6
HARDGURU: folds
Uncalled bet ($6) returned to Truelove13
Truelove13 collected $17.64 from pot
*** SUMMARY ***
Total pot $18 | Rake $0.36
Board [9s 4h 6h 6d Jd]
Seat 1: Truelove13 (big blind) collected ($17.64)
Seat 2: HARDGURU (button) (small blind) folded on the River


PokerStars Hand #146603700092:  Hold'em Limit ($3/$6 USD) - 2016/01/06 22:19:46 ET
Table 'Hodios II' 2-max Seat #2 is the button
Seat 1: Truelove13 ($160.64 in chips)
Seat 2: HARDGURU ($156 in chips)
HARDGURU: posts small blind $1
Truelove13: posts big blind $3
*** HOLE CARDS ***
HARDGURU: raises $3 to $6
Truelove13: folds
Uncalled bet ($3) returned to HARDGURU
HARDGURU collected $6 from pot
HARDGURU: doesn't show hand
*** SUMMARY ***
Total pot $6 | Rake $0
Seat 1: Truelove13 (big blind) folded before Flop
Seat 2: HARDGURU (button) (small blind) collected ($6)


PokerStars Hand #146603697792:  Hold'em Limit ($3/$6 USD) - 2016/01/06 22:19:40 ET
Table 'Hodios II' 2-max Seat #1 is the button
Seat 1: Truelove13 ($161.64 in chips)
Seat 2: HARDGURU ($155 in chips)
Truelove13: posts small blind $1
HARDGURU: posts big blind $3
*** HOLE CARDS ***
Truelove13: folds
Uncalled bet ($2) returned to HARDGURU
HARDGURU collected $2 from pot
HARDGURU: doesn't show hand
*** SUMMARY ***
Total pot $2 | Rake $0
Seat 1: Truelove13 (button) (small blind) folded before Flop
Seat 2: HARDGURU (big blind) collected ($2)


PokerStars Hand #146603694940:  Hold'em Limit ($3/$6 USD) - 2016/01/06 22:19:33 ET
Table 'Hodios II' 2-max Seat #2 is the button
Seat 1: Truelove13 ($160.64 in chips)
Seat 2: HARDGURU ($156 in chips)
HARDGURU: posts small blind $1
Truelove13: posts big blind $3
*** HOLE CARDS ***
HARDGURU: folds
Uncalled bet ($2) returned to Truelove13
Truelove13 collected $2 from pot
*** SUMMARY ***
Total pot $2 | Rake $0
Seat 1: Truelove13 (big blind) collected ($2)
Seat 2: HARDGURU (button) (small blind) folded before Flop


PokerStars Hand #146603685727:  Hold'em Limit ($3/$6 USD) - 2016/01/06 22:19:10 ET
Table 'Hodios II' 2-max Seat #1 is the button
Seat 1: Truelove13 ($146.14 in chips)
Seat 2: HARDGURU ($171 in chips)
Truelove13: posts small blind $1
HARDGURU: posts big blind $3
*** HOLE CARDS ***
Truelove13: raises $3 to $6
HARDGURU: calls $3
*** FLOP *** [2d 9d Jh]
HARDGURU: checks
Truelove13: bets $3
HARDGURU: calls $3
*** TURN *** [2d 9d Jh] [Tc]
HARDGURU: checks
Truelove13: checks
*** RIVER *** [2d 9d Jh Tc] [Td]
HARDGURU: bets $6
Truelove13: calls $6
*** SHOW DOWN ***
HARDGURU: shows [7h Ad] (a pair of Tens)
Truelove13: shows [5c 5d] (two pair, Tens and Fives)
Truelove13 collected $29.50 from pot
*** SUMMARY ***
Total pot $30 | Rake $0.50
Board [2d 9d Jh Tc Td]
Seat 1: Truelove13 (button) (small blind) showed [5c 5d] and won ($29.50) with two pair, Tens and Fives
Seat 2: HARDGURU (big blind) showed [7h Ad] and lost with a pair of Tens


PokerStars Hand #146603702768:  Hold'em Limit ($3/$6 USD) - 2016/01/06 22:19:52 ET
Table 'Hodios II' 2-max Seat #1 is the button
Seat 1: Truelove13 ($157.64 in chips)
Seat 2: HARDGURU ($159 in chips)
Truelove13: posts small blind $1
HARDGURU: posts big blind $3
*** HOLE CARDS ***
Truelove13: raises $3 to $6
HARDGURU: calls $3
*** FLOP *** [5c 3s Ac]
HARDGURU: checks
Truelove13: bets $3
HARDGURU: calls $3
*** TURN *** [5c 3s Ac] [3d]
HARDGURU: checks
Truelove13: bets $6
HARDGURU: calls $6
*** RIVER *** [5c 3s Ac 3d] [Js]
HARDGURU: checks
Truelove13: bets $6
HARDGURU: folds
Uncalled bet ($6) returned to Truelove13
Truelove13 collected $29.50 from pot
*** SUMMARY ***
Total pot $30 | Rake $0.50
Board [5c 3s Ac 3d Js]
Seat 1: Truelove13 (button) (small blind) collected ($29.50)
Seat 2: HARDGURU (big blind) folded on the River


PokerStars Hand #146603711339:  Hold'em Limit ($3/$6 USD) - 2016/01/06 22:20:13 ET
Table 'Hodios II' 2-max Seat #2 is the button
Seat 1: Truelove13 ($172.14 in chips)
Seat 2: HARDGURU ($144 in chips)
HARDGURU: posts small blind $1
Truelove13: posts big blind $3
*** HOLE CARDS ***
HARDGURU: raises $3 to $6
Truelove13: raises $3 to $9
HARDGURU: calls $3
*** FLOP *** [Qc 4c 3h]
Truelove13: bets $3
HARDGURU: calls $3
*** TURN *** [Qc 4c 3h] [8c]
Truelove13: checks
HARDGURU: checks
*** RIVER *** [Qc 4c 3h 8c] [8s]
Truelove13: checks
HARDGURU: checks
*** SHOW DOWN ***
Truelove13: shows [Kd Td] (a pair of Eights)
HARDGURU: shows [Qh Ts] (two pair, Queens and Eights)
HARDGURU collected $23.52 from pot
*** SUMMARY ***
Total pot $24 | Rake $0.48
Board [Qc 4c 3h 8c 8s]
Seat 1: Truelove13 (big blind) showed [Kd Td] and lost with a pair of Eights
Seat 2: HARDGURU (button) (small blind) showed [Qh Ts] and won ($23.52) with two pair, Queens and Eights


PokerStars Hand #146603731059:  Hold'em Limit ($3/$6 USD) - 2016/01/06 22:21:01 ET
Table 'Hodios II' 2-max Seat #1 is the button
Seat 1: Truelove13 ($169.78 in chips)
Seat 2: HARDGURU ($145.52 in chips)
Truelove13: posts small blind $1
HARDGURU: posts big blind $3
*** HOLE CARDS ***
Truelove13: raises $3 to $6
HARDGURU: calls $3
*** FLOP *** [7h 7c Js]
HARDGURU: checks
Truelove13: bets $3
HARDGURU: folds
Uncalled bet ($3) returned to Truelove13
Truelove13 collected $11.76 from pot
*** SUMMARY ***
Total pot $12 | Rake $0.24
Board [7h 7c Js]
Seat 1: Truelove13 (button) (small blind) collected ($11.76)
Seat 2: HARDGURU (big blind) folded on the Flop


PokerStars Hand #146603728396:  Hold'em Limit ($3/$6 USD) - 2016/01/06 22:20:55 ET
Table 'Hodios II' 2-max Seat #2 is the button
Seat 1: Truelove13 ($168.78 in chips)
Seat 2: HARDGURU ($146.52 in chips)
HARDGURU: posts small blind $1
Truelove13: posts big blind $3
*** HOLE CARDS ***
HARDGURU: folds
Uncalled bet ($2) returned to Truelove13
Truelove13 collected $2 from pot
*** SUMMARY ***
Total pot $2 | Rake $0
Seat 1: Truelove13 (big blind) collected ($2)
Seat 2: HARDGURU (button) (small blind) folded before Flop


PokerStars Hand #146603720816:  Hold'em Limit ($3/$6 USD) - 2016/01/06 22:20:36 ET
Table 'Hodios II' 2-max Seat #1 is the button
Seat 1: Truelove13 ($160.14 in chips)
Seat 2: HARDGURU ($155.52 in chips)
Truelove13: posts small blind $1
HARDGURU: posts big blind $3
*** HOLE CARDS ***
Truelove13: raises $3 to $6
HARDGURU: calls $3
*** FLOP *** [2d 4s Ac]
HARDGURU: checks
Truelove13: bets $3
HARDGURU: calls $3
*** TURN *** [2d 4s Ac] [9s]
HARDGURU: checks
Truelove13: bets $6
HARDGURU: folds
Uncalled bet ($6) returned to Truelove13
Truelove13 collected $17.64 from pot
*** SUMMARY ***
Total pot $18 | Rake $0.36
Board [2d 4s Ac 9s]
Seat 1: Truelove13 (button) (small blind) collected ($17.64)
Seat 2: HARDGURU (big blind) folded on the Turn


PokerStars Hand #146603744360:  Hold'em Limit ($3/$6 USD) - 2016/01/06 22:21:34 ET
Table 'Hodios II' 2-max Seat #1 is the button
Seat 1: Truelove13 ($184.18 in chips)
Seat 2: HARDGURU ($130.52 in chips)
Truelove13: posts small blind $1
HARDGURU: posts big blind $3
*** HOLE CARDS ***
Truelove13: raises $3 to $6
HARDGURU: folds
Uncalled bet ($3) returned to Truelove13
Truelove13 collected $6 from pot
*** SUMMARY ***
Total pot $6 | Rake $0
Seat 1: Truelove13 (button) (small blind) collected ($6)
Seat 2: HARDGURU (big blind) folded before Flop


PokerStars Hand #146603736086:  Hold'em Limit ($3/$6 USD) - 2016/01/06 22:21:14 ET
Table 'Hodios II' 2-max Seat #2 is the button
Seat 1: Truelove13 ($175.54 in chips)
Seat 2: HARDGURU ($139.52 in chips)
HARDGURU: posts small blind $1
Truelove13: posts big blind $3
*** HOLE CARDS ***
HARDGURU: raises $3 to $6
Truelove13: calls $3
*** FLOP *** [Jc 2h 2c]
Truelove13: checks
HARDGURU: bets $3
Truelove13: raises $3 to $6
HARDGURU: folds
Uncalled bet ($3) returned to Truelove13
Truelove13 collected $17.64 from pot
*** SUMMARY ***
Total pot $18 | Rake $0.36
Board [Jc 2h 2c]
Seat 1: Truelove13 (big blind) collected ($17.64)
Seat 2: HARDGURU (button) (small blind) folded on the Flop


PokerStars Hand #146603757764:  Hold'em Limit ($3/$6 USD) - 2016/01/06 22:22:06 ET
Table 'Hodios II' 2-max Seat #1 is the button
Seat 1: Truelove13 ($198.70 in chips)
Seat 2: HARDGURU ($115.52 in chips)
Truelove13: posts small blind $1
HARDGURU: posts big blind $3
*** HOLE CARDS ***
Truelove13: folds
Uncalled bet ($2) returned to HARDGURU
HARDGURU collected $2 from pot
HARDGURU: doesn't show hand
*** SUMMARY ***
Total pot $2 | Rake $0
Seat 1: Truelove13 (button) (small blind) folded before Flop
Seat 2: HARDGURU (big blind) collected ($2)


PokerStars Hand #146603747275:  Hold'em Limit ($3/$6 USD) - 2016/01/06 22:21:41 ET
Table 'Hodios II' 2-max Seat #2 is the button
Seat 1: Truelove13 ($187.18 in chips)
Seat 2: HARDGURU ($127.52 in chips)
HARDGURU: posts small blind $1
Truelove13: posts big blind $3
*** HOLE CARDS ***
HARDGURU: raises $3 to $6
Truelove13: calls $3
*** FLOP *** [3c Qs 8s]
Truelove13: checks
HARDGURU: bets $3
Truelove13: raises $3 to $6
HARDGURU: calls $3
*** TURN *** [3c Qs 8s] [5s]
Truelove13: bets $6
HARDGURU: folds
Uncalled bet ($6) returned to Truelove13
Truelove13 collected $23.52 from pot
*** SUMMARY ***
Total pot $24 | Rake $0.48
Board [3c Qs 8s 5s]
Seat 1: Truelove13 (big blind) collected ($23.52)
Seat 2: HARDGURU (button) (small blind) folded on the Turn


PokerStars Hand #146603760615:  Hold'em Limit ($3/$6 USD) - 2016/01/06 22:22:13 ET
Table 'Hodios II' 2-max Seat #2 is the button
Seat 1: Truelove13 ($197.70 in chips)
Seat 2: HARDGURU ($116.52 in chips)
HARDGURU: posts small blind $1
Truelove13: posts big blind $3
*** HOLE CARDS ***
HARDGURU: raises $3 to $6
Truelove13: calls $3
*** FLOP *** [8c Js Kh]
Truelove13: checks
HARDGURU: bets $3
Truelove13: folds
Uncalled bet ($3) returned to HARDGURU
HARDGURU collected $11.76 from pot
HARDGURU: doesn't show hand
*** SUMMARY ***
Total pot $12 | Rake $0.24
Board [8c Js Kh]
Seat 1: Truelove13 (big blind) folded on the Flop
Seat 2: HARDGURU (button) (small blind) collected ($11.76)


PokerStars Hand #146603792542:  Hold'em Limit ($3/$6 USD) - 2016/01/06 22:23:31 ET
Table 'Hodios II' 2-max Seat #1 is the button
Seat 1: Truelove13 ($176.70 in chips)
Seat 2: HARDGURU ($136.68 in chips)
Truelove13: posts small blind $1
HARDGURU: posts big blind $3
*** HOLE CARDS ***
Truelove13: raises $3 to $6
HARDGURU: folds
Uncalled bet ($3) returned to Truelove13
Truelove13 collected $6 from pot
*** SUMMARY ***
Total pot $6 | Rake $0
Seat 1: Truelove13 (button) (small blind) collected ($6)
Seat 2: HARDGURU (big blind) folded before Flop


PokerStars Hand #146603767076:  Hold'em Limit ($3/$6 USD) - 2016/01/06 22:22:29 ET
Table 'Hodios II' 2-max Seat #1 is the button
Seat 1: Truelove13 ($191.70 in chips)
Seat 2: HARDGURU ($122.28 in chips)
Truelove13: posts small blind $1
HARDGURU: posts big blind $3
*** HOLE CARDS ***
Truelove13: raises $3 to $6
HARDGURU: calls $3
*** FLOP *** [2h 3s 8h]
HARDGURU: checks
Truelove13: bets $3
HARDGURU: calls $3
*** TURN *** [2h 3s 8h] [5h]
HARDGURU: checks
Truelove13: checks
*** RIVER *** [2h 3s 8h 5h] [Tc]
HARDGURU: bets $6
Truelove13: folds
Uncalled bet ($6) returned to HARDGURU
HARDGURU collected $17.64 from pot
HARDGURU: doesn't show hand
*** SUMMARY ***
Total pot $18 | Rake $0.36
Board [2h 3s 8h 5h Tc]
Seat 1: Truelove13 (button) (small blind) folded on the River
Seat 2: HARDGURU (big blind) collected ($17.64)


PokerStars Hand #146603785261:  Hold'em Limit ($3/$6 USD) - 2016/01/06 22:23:13 ET
Table 'Hodios II' 2-max Seat #2 is the button
Seat 1: Truelove13 ($182.70 in chips)
Seat 2: HARDGURU ($130.92 in chips)
HARDGURU: posts small blind $1
Truelove13: posts big blind $3
*** HOLE CARDS ***
HARDGURU: raises $3 to $6
Truelove13: calls $3
*** FLOP *** [4d 5d 8d]
Truelove13: checks
HARDGURU: bets $3
Truelove13: folds
Uncalled bet ($3) returned to HARDGURU
HARDGURU collected $11.76 from pot
HARDGURU: doesn't show hand
*** SUMMARY ***
Total pot $12 | Rake $0.24
Board [4d 5d 8d]
Seat 1: Truelove13 (big blind) folded on the Flop
Seat 2: HARDGURU (button) (small blind) collected ($11.76)


PokerStars Hand #146603803908:  Hold'em Limit ($3/$6 USD) - 2016/01/06 22:23:59 ET
Table 'Hodios II' 2-max Seat #1 is the button
Seat 1: Truelove13 ($173.70 in chips)
Seat 2: HARDGURU ($139.44 in chips)
Truelove13: posts small blind $1
HARDGURU: posts big blind $3
*** HOLE CARDS ***
Truelove13: raises $3 to $6
HARDGURU: calls $3
*** FLOP *** [4s 3c 6s]
HARDGURU: checks
Truelove13: bets $3
HARDGURU: calls $3
*** TURN *** [4s 3c 6s] [8d]
HARDGURU: checks
Truelove13: bets $6
HARDGURU: calls $6
*** RIVER *** [4s 3c 6s 8d] [As]
HARDGURU: checks
Truelove13: bets $6
HARDGURU: calls $6
*** SHOW DOWN ***
Truelove13: shows [8s Ks] (a flush, Ace high)
HARDGURU: mucks hand
Truelove13 collected $41.50 from pot
*** SUMMARY ***
Total pot $42 | Rake $0.50
Board [4s 3c 6s 8d As]
Seat 1: Truelove13 (button) (small blind) showed [8s Ks] and won ($41.50) with a flush, Ace high
Seat 2: HARDGURU (big blind) mucked


PokerStars Hand #146603795409:  Hold'em Limit ($3/$6 USD) - 2016/01/06 22:23:38 ET
Table 'Hodios II' 2-max Seat #2 is the button
Seat 1: Truelove13 ($179.70 in chips)
Seat 2: HARDGURU ($133.68 in chips)
HARDGURU: posts small blind $1
Truelove13: posts big blind $3
*** HOLE CARDS ***
HARDGURU: raises $3 to $6
Truelove13: calls $3
*** FLOP *** [Ah 8s Kh]
Truelove13: checks
HARDGURU: bets $3
Truelove13: folds
Uncalled bet ($3) returned to HARDGURU
HARDGURU collected $11.76 from pot
HARDGURU: doesn't show hand
*** SUMMARY ***
Total pot $12 | Rake $0.24
Board [Ah 8s Kh]
Seat 1: Truelove13 (big blind) folded on the Flop
Seat 2: HARDGURU (button) (small blind) collected ($11.76)


PokerStars Hand #146603828347:  Hold'em Limit ($3/$6 USD) - 2016/01/06 22:25:00 ET
Table 'Hodios II' 2-max Seat #1 is the button
Seat 1: Truelove13 ($179.20 in chips)
Seat 2: HARDGURU ($132.94 in chips)
Truelove13: posts small blind $1
HARDGURU: posts big blind $3
*** HOLE CARDS ***
Truelove13: raises $3 to $6
HARDGURU: calls $3
*** FLOP *** [2s Qh 5h]
HARDGURU: checks
Truelove13: bets $3
HARDGURU: folds
Uncalled bet ($3) returned to Truelove13
Truelove13 collected $11.76 from pot
*** SUMMARY ***
Total pot $12 | Rake $0.24
Board [2s Qh 5h]
Seat 1: Truelove13 (button) (small blind) collected ($11.76)
Seat 2: HARDGURU (big blind) folded on the Flop


PokerStars Hand #146603816538:  Hold'em Limit ($3/$6 USD) - 2016/01/06 22:24:30 ET
Table 'Hodios II' 2-max Seat #2 is the button
Seat 1: Truelove13 ($194.20 in chips)
Seat 2: HARDGURU ($118.44 in chips)
HARDGURU: posts small blind $1
Truelove13: posts big blind $3
*** HOLE CARDS ***
HARDGURU: raises $3 to $6
Truelove13: calls $3
*** FLOP *** [2d 3s 8d]
Truelove13: checks
HARDGURU: bets $3
Truelove13: calls $3
*** TURN *** [2d 3s 8d] [Qh]
Truelove13: checks
HARDGURU: bets $6
Truelove13: calls $6
*** RIVER *** [2d 3s 8d Qh] [2s]
Truelove13: checks
HARDGURU: bets $6
Truelove13: folds
Uncalled bet ($6) returned to HARDGURU
HARDGURU collected $29.50 from pot
HARDGURU: doesn't show hand
*** SUMMARY ***
Total pot $30 | Rake $0.50
Board [2d 3s 8d Qh 2s]
Seat 1: Truelove13 (big blind) folded on the River
Seat 2: HARDGURU (button) (small blind) collected ($29.50)


PokerStars Hand #146603926629:  Hold'em Limit ($3/$6 USD) - 2016/01/06 22:29:07 ET
Table 'Hodios II' 2-max Seat #1 is the button
Seat 1: Truelove13 ($200.46 in chips)
Seat 2: HARDGURU ($110.70 in chips)
Truelove13: posts small blind $1
HARDGURU: posts big blind $3
*** HOLE CARDS ***
Truelove13: raises $3 to $6
HARDGURU: calls $3
*** FLOP *** [2s 8s 6c]
HARDGURU: checks
Truelove13: bets $3
HARDGURU: calls $3
*** TURN *** [2s 8s 6c] [2c]
HARDGURU: checks
Truelove13: bets $6
HARDGURU: calls $6
*** RIVER *** [2s 8s 6c 2c] [2h]
HARDGURU: checks
Truelove13: checks
*** SHOW DOWN ***
HARDGURU: shows [2d 6s] (four of a kind, Deuces)
Truelove13: mucks hand
HARDGURU collected $29.50 from pot
*** SUMMARY ***
Total pot $30 | Rake $0.50
Board [2s 8s 6c 2c 2h]
Seat 1: Truelove13 (button) (small blind) mucked
Seat 2: HARDGURU (big blind) showed [2d 6s] and won ($29.50) with four of a kind, Deuces


PokerStars Hand #146603938440:  Hold'em Limit ($3/$6 USD) - 2016/01/06 22:29:37 ET
Table 'Hodios II' 2-max Seat #2 is the button
Seat 1: Truelove13 ($185.46 in chips)
Seat 2: HARDGURU ($125.20 in chips)
HARDGURU: posts small blind $1
Truelove13: posts big blind $3
*** HOLE CARDS ***
HARDGURU: raises $3 to $6
Truelove13: calls $3
*** FLOP *** [Jc 5c Kd]
Truelove13: checks
HARDGURU: bets $3
Truelove13: folds
Uncalled bet ($3) returned to HARDGURU
HARDGURU collected $11.76 from pot
HARDGURU: doesn't show hand
*** SUMMARY ***
Total pot $12 | Rake $0.24
Board [Jc 5c Kd]
Seat 1: Truelove13 (big blind) folded on the Flop
Seat 2: HARDGURU (button) (small blind) collected ($11.76)


PokerStars Hand #146603944429:  Hold'em Limit ($3/$6 USD) - 2016/01/06 22:29:52 ET
Table 'Hodios II' 2-max Seat #1 is the button
Seat 1: Truelove13 ($179.46 in chips)
Seat 2: HARDGURU ($130.96 in chips)
Truelove13: posts small blind $1
HARDGURU: posts big blind $3
*** HOLE CARDS ***
Truelove13: raises $3 to $6
HARDGURU: calls $3
*** FLOP *** [Jc 6s 6d]
HARDGURU: checks
Truelove13: bets $3
HARDGURU: calls $3
*** TURN *** [Jc 6s 6d] [Qs]
HARDGURU: checks
Truelove13: bets $6
HARDGURU: calls $6
*** RIVER *** [Jc 6s 6d Qs] [8s]
HARDGURU: checks
Truelove13: bets $6
HARDGURU: calls $6
*** SHOW DOWN ***
Truelove13: shows [Kc 6c] (three of a kind, Sixes)
HARDGURU: mucks hand
Truelove13 collected $41.50 from pot
*** SUMMARY ***
Total pot $42 | Rake $0.50
Board [Jc 6s 6d Qs 8s]
Seat 1: Truelove13 (button) (small blind) showed [Kc 6c] and won ($41.50) with three of a kind, Sixes
Seat 2: HARDGURU (big blind) mucked


PokerStars Hand #146603957031:  Hold'em Limit ($3/$6 USD) - 2016/01/06 22:30:24 ET
Table 'Hodios II' 2-max Seat #2 is the button
Seat 1: Truelove13 ($199.96 in chips)
Seat 2: HARDGURU ($109.96 in chips)
HARDGURU: posts small blind $1
Truelove13: posts big blind $3
*** HOLE CARDS ***
HARDGURU: raises $3 to $6
Truelove13: folds
Uncalled bet ($3) returned to HARDGURU
HARDGURU collected $6 from pot
HARDGURU: doesn't show hand
*** SUMMARY ***
Total pot $6 | Rake $0
Seat 1: Truelove13 (big blind) folded before Flop
Seat 2: HARDGURU (button) (small blind) collected ($6)


PokerStars Hand #146603960541:  Hold'em Limit ($3/$6 USD) - 2016/01/06 22:30:33 ET
Table 'Hodios II' 2-max Seat #1 is the button
Seat 1: Truelove13 ($196.96 in chips)
Seat 2: HARDGURU ($112.96 in chips)
Truelove13: posts small blind $1
HARDGURU: posts big blind $3
*** HOLE CARDS ***
Truelove13: raises $3 to $6
HARDGURU: calls $3
*** FLOP *** [2s 6s 2d]
HARDGURU: checks
Truelove13: bets $3
HARDGURU: calls $3
*** TURN *** [2s 6s 2d] [Ts]
HARDGURU: checks
Truelove13: checks
*** RIVER *** [2s 6s 2d Ts] [2h]
HARDGURU: bets $6
Truelove13: folds
Uncalled bet ($6) returned to HARDGURU
HARDGURU collected $17.64 from pot
HARDGURU: doesn't show hand
*** SUMMARY ***
Total pot $18 | Rake $0.36
Board [2s 6s 2d Ts 2h]
Seat 1: Truelove13 (button) (small blind) folded on the River
Seat 2: HARDGURU (big blind) collected ($17.64)


PokerStars Hand #146603985563:  Hold'em Limit ($3/$6 USD) - 2016/01/06 22:31:36 ET
Table 'Hodios II' 2-max Seat #2 is the button
Seat 1: Truelove13 ($203.46 in chips)
Seat 2: HARDGURU ($105.60 in chips)
HARDGURU: posts small blind $1
Truelove13: posts big blind $3
*** HOLE CARDS ***
HARDGURU: raises $3 to $6
Truelove13: folds
Uncalled bet ($3) returned to HARDGURU
HARDGURU collected $6 from pot
HARDGURU: doesn't show hand
*** SUMMARY ***
Total pot $6 | Rake $0
Seat 1: Truelove13 (big blind) folded before Flop
Seat 2: HARDGURU (button) (small blind) collected ($6)


PokerStars Hand #146603973084:  Hold'em Limit ($3/$6 USD) - 2016/01/06 22:31:05 ET
Table 'Hodios II' 2-max Seat #1 is the button
Seat 1: Truelove13 ($188.96 in chips)
Seat 2: HARDGURU ($120.60 in chips)
Truelove13: posts small blind $1
HARDGURU: posts big blind $3
*** HOLE CARDS ***
Truelove13: raises $3 to $6
HARDGURU: calls $3
*** FLOP *** [Td 7d Ad]
HARDGURU: checks
Truelove13: bets $3
HARDGURU: calls $3
*** TURN *** [Td 7d Ad] [2c]
HARDGURU: checks
Truelove13: checks
*** RIVER *** [Td 7d Ad 2c] [8s]
HARDGURU: bets $6
Truelove13: raises $6 to $12
HARDGURU: folds
Uncalled bet ($6) returned to Truelove13
Truelove13 collected $29.50 from pot
*** SUMMARY ***
Total pot $30 | Rake $0.50
Board [Td 7d Ad 2c 8s]
Seat 1: Truelove13 (button) (small blind) collected ($29.50)
Seat 2: HARDGURU (big blind) folded on the River


PokerStars Hand #146603989060:  Hold'em Limit ($3/$6 USD) - 2016/01/06 22:31:45 ET
Table 'Hodios II' 2-max Seat #1 is the button
Seat 1: Truelove13 ($200.46 in chips)
Seat 2: HARDGURU ($108.60 in chips)
Truelove13: posts small blind $1
HARDGURU: posts big blind $3
*** HOLE CARDS ***
Truelove13: folds
Uncalled bet ($2) returned to HARDGURU
HARDGURU collected $2 from pot
HARDGURU: doesn't show hand
*** SUMMARY ***
Total pot $2 | Rake $0
Seat 1: Truelove13 (button) (small blind) folded before Flop
Seat 2: HARDGURU (big blind) collected ($2)


PokerStars Hand #146603969267:  Hold'em Limit ($3/$6 USD) - 2016/01/06 22:30:55 ET
Table 'Hodios II' 2-max Seat #2 is the button
Seat 1: Truelove13 ($187.96 in chips)
Seat 2: HARDGURU ($121.60 in chips)
HARDGURU: posts small blind $1
Truelove13: posts big blind $3
*** HOLE CARDS ***
HARDGURU: folds
Uncalled bet ($2) returned to Truelove13
Truelove13 collected $2 from pot
*** SUMMARY ***
Total pot $2 | Rake $0
Seat 1: Truelove13 (big blind) collected ($2)
Seat 2: HARDGURU (button) (small blind) folded before Flop


PokerStars Hand #146603991605:  Hold'em Limit ($3/$6 USD) - 2016/01/06 22:31:51 ET
Table 'Hodios II' 2-max Seat #2 is the button
Seat 1: Truelove13 ($199.46 in chips)
Seat 2: HARDGURU ($109.60 in chips)
HARDGURU: posts small blind $1
Truelove13: posts big blind $3
*** HOLE CARDS ***
HARDGURU: raises $3 to $6
Truelove13: calls $3
*** FLOP *** [Ac 3c 5d]
Truelove13: checks
HARDGURU: bets $3
Truelove13: calls $3
*** TURN *** [Ac 3c 5d] [Qs]
Truelove13: checks
HARDGURU: bets $6
Truelove13: calls $6
*** RIVER *** [Ac 3c 5d Qs] [2s]
Truelove13: checks
HARDGURU: checks
*** SHOW DOWN ***
Truelove13: shows [Kd 7c] (high card Ace)
HARDGURU: shows [Kh Qd] (a pair of Queens)
HARDGURU collected $29.50 from pot
*** SUMMARY ***
Total pot $30 | Rake $0.50
Board [Ac 3c 5d Qs 2s]
Seat 1: Truelove13 (big blind) showed [Kd 7c] and lost with high card Ace
Seat 2: HARDGURU (button) (small blind) showed [Kh Qd] and won ($29.50) with a pair of Queens


PokerStars Hand #146604003576:  Hold'em Limit ($3/$6 USD) - 2016/01/06 22:32:22 ET
Table 'Hodios II' 2-max Seat #1 is the button
Seat 1: Truelove13 ($184.46 in chips)
Seat 2: HARDGURU ($124.10 in chips)
Truelove13: posts small blind $1
HARDGURU: posts big blind $3
*** HOLE CARDS ***
Truelove13: raises $3 to $6
HARDGURU: calls $3
*** FLOP *** [9s 9c 2c]
HARDGURU: checks
Truelove13: bets $3
HARDGURU: calls $3
*** TURN *** [9s 9c 2c] [8s]
HARDGURU: checks
Truelove13: bets $6
HARDGURU: calls $6
*** RIVER *** [9s 9c 2c 8s] [5h]
HARDGURU: checks
Truelove13: checks
*** SHOW DOWN ***
HARDGURU: shows [Ac 9d] (three of a kind, Nines)
Truelove13: mucks hand
HARDGURU collected $29.50 from pot
*** SUMMARY ***
Total pot $30 | Rake $0.50
Board [9s 9c 2c 8s 5h]
Seat 1: Truelove13 (button) (small blind) mucked
Seat 2: HARDGURU (big blind) showed [Ac 9d] and won ($29.50) with three of a kind, Nines


PokerStars Hand #146604026303:  Hold'em Limit ($3/$6 USD) - 2016/01/06 22:33:20 ET
Table 'Hodios II' 2-max Seat #1 is the button
Seat 1: Truelove13 ($166.46 in chips)
Seat 2: HARDGURU ($141.48 in chips)
Truelove13: posts small blind $1
HARDGURU: posts big blind $3
*** HOLE CARDS ***
Truelove13: folds
Uncalled bet ($2) returned to HARDGURU
HARDGURU collected $2 from pot
HARDGURU: doesn't show hand
*** SUMMARY ***
Total pot $2 | Rake $0
Seat 1: Truelove13 (button) (small blind) folded before Flop
Seat 2: HARDGURU (big blind) collected ($2)


PokerStars Hand #146604029532:  Hold'em Limit ($3/$6 USD) - 2016/01/06 22:33:28 ET
Table 'Hodios II' 2-max Seat #2 is the button
Seat 1: Truelove13 ($165.46 in chips)
Seat 2: HARDGURU ($142.48 in chips)
HARDGURU: posts small blind $1
Truelove13: posts big blind $3
*** HOLE CARDS ***
HARDGURU: calls $2
Truelove13: raises $3 to $6
HARDGURU: calls $3
*** FLOP *** [Td Qh Ts]
Truelove13: bets $3
HARDGURU: folds
Uncalled bet ($3) returned to Truelove13
Truelove13 collected $11.76 from pot
*** SUMMARY ***
Total pot $12 | Rake $0.24
Board [Td Qh Ts]
Seat 1: Truelove13 (big blind) collected ($11.76)
Seat 2: HARDGURU (button) (small blind) folded on the Flop


PokerStars Hand #146604035763:  Hold'em Limit ($3/$6 USD) - 2016/01/06 22:33:43 ET
Table 'Hodios II' 2-max Seat #1 is the button
Seat 1: Truelove13 ($171.22 in chips)
Seat 2: HARDGURU ($136.48 in chips)
Truelove13: posts small blind $1
HARDGURU: posts big blind $3
*** HOLE CARDS ***
Truelove13: folds
Uncalled bet ($2) returned to HARDGURU
HARDGURU collected $2 from pot
HARDGURU: doesn't show hand
*** SUMMARY ***
Total pot $2 | Rake $0
Seat 1: Truelove13 (button) (small blind) folded before Flop
Seat 2: HARDGURU (big blind) collected ($2)


PokerStars Hand #146604016882:  Hold'em Limit ($3/$6 USD) - 2016/01/06 22:32:56 ET
Table 'Hodios II' 2-max Seat #2 is the button
Seat 1: Truelove13 ($169.46 in chips)
Seat 2: HARDGURU ($138.60 in chips)
HARDGURU: posts small blind $1
Truelove13: posts big blind $3
*** HOLE CARDS ***
HARDGURU: calls $2
Truelove13: checks
*** FLOP *** [Jh Jd 3s]
Truelove13: checks
HARDGURU: checks
*** TURN *** [Jh Jd 3s] [2s]
Truelove13: checks
HARDGURU: bets $6
Truelove13: folds
Uncalled bet ($6) returned to HARDGURU
HARDGURU collected $5.88 from pot
HARDGURU: doesn't show hand
*** SUMMARY ***
Total pot $6 | Rake $0.12
Board [Jh Jd 3s 2s]
Seat 1: Truelove13 (big blind) folded on the Turn
Seat 2: HARDGURU (button) (small blind) collected ($5.88)


PokerStars Hand #146604046000:  Hold'em Limit ($3/$6 USD) - 2016/01/06 22:34:10 ET
Table 'Hodios II' 2-max Seat #2 is the button
Seat 1: Truelove13 ($167.22 in chips)
Seat 2: HARDGURU ($140.24 in chips)
HARDGURU: posts small blind $1
Truelove13: posts big blind $3
*** HOLE CARDS ***
HARDGURU: calls $2
Truelove13: raises $3 to $6
HARDGURU: calls $3
*** FLOP *** [9c Jc 6d]
Truelove13: bets $3
HARDGURU: calls $3
*** TURN *** [9c Jc 6d] [Kc]
Truelove13: bets $6
HARDGURU: calls $6
*** RIVER *** [9c Jc 6d Kc] [3d]
Truelove13: bets $6
HARDGURU: folds
Uncalled bet ($6) returned to Truelove13
Truelove13 collected $29.50 from pot
*** SUMMARY ***
Total pot $30 | Rake $0.50
Board [9c Jc 6d Kc 3d]
Seat 1: Truelove13 (big blind) collected ($29.50)
Seat 2: HARDGURU (button) (small blind) folded on the River


PokerStars Hand #146604057514:  Hold'em Limit ($3/$6 USD) - 2016/01/06 22:34:40 ET
Table 'Hodios II' 2-max Seat #1 is the button
Seat 1: Truelove13 ($181.72 in chips)
Seat 2: HARDGURU ($125.24 in chips)
Truelove13: posts small blind $1
HARDGURU: posts big blind $3
*** HOLE CARDS ***
Truelove13: folds
Uncalled bet ($2) returned to HARDGURU
HARDGURU collected $2 from pot
HARDGURU: doesn't show hand
*** SUMMARY ***
Total pot $2 | Rake $0
Seat 1: Truelove13 (button) (small blind) folded before Flop
Seat 2: HARDGURU (big blind) collected ($2)


PokerStars Hand #146604038229:  Hold'em Limit ($3/$6 USD) - 2016/01/06 22:33:50 ET
Table 'Hodios II' 2-max Seat #2 is the button
Seat 1: Truelove13 ($170.22 in chips)
Seat 2: HARDGURU ($137.48 in chips)
HARDGURU: posts small blind $1
Truelove13: posts big blind $3
*** HOLE CARDS ***
HARDGURU: raises $3 to $6
Truelove13: calls $3
*** FLOP *** [8s 3d 5s]
Truelove13: checks
HARDGURU: bets $3
Truelove13: folds
Uncalled bet ($3) returned to HARDGURU
HARDGURU collected $11.76 from pot
HARDGURU: doesn't show hand
*** SUMMARY ***
Total pot $12 | Rake $0.24
Board [8s 3d 5s]
Seat 1: Truelove13 (big blind) folded on the Flop
Seat 2: HARDGURU (button) (small blind) collected ($11.76)


PokerStars Hand #146604043461:  Hold'em Limit ($3/$6 USD) - 2016/01/06 22:34:04 ET
Table 'Hodios II' 2-max Seat #1 is the button
Seat 1: Truelove13 ($164.22 in chips)
Seat 2: HARDGURU ($143.24 in chips)
Truelove13: posts small blind $1
HARDGURU: posts big blind $3
*** HOLE CARDS ***
Truelove13: raises $3 to $6
HARDGURU: folds
Uncalled bet ($3) returned to Truelove13
Truelove13 collected $6 from pot
*** SUMMARY ***
Total pot $6 | Rake $0
Seat 1: Truelove13 (button) (small blind) collected ($6)
Seat 2: HARDGURU (big blind) folded before Flop


PokerStars Hand #146604072722:  Hold'em Limit ($3/$6 USD) - 2016/01/06 22:35:19 ET
Table 'Hodios II' 2-max Seat #2 is the button
Seat 1: Truelove13 ($183.48 in chips)
Seat 2: HARDGURU ($123.24 in chips)
HARDGURU: posts small blind $1
Truelove13: posts big blind $3
*** HOLE CARDS ***
HARDGURU: raises $3 to $6
Truelove13: folds
Uncalled bet ($3) returned to HARDGURU
HARDGURU collected $6 from pot
*** SUMMARY ***
Total pot $6 | Rake $0
Seat 1: Truelove13 (big blind) folded before Flop
Seat 2: HARDGURU (button) (small blind) collected ($6)


PokerStars Hand #146604059928:  Hold'em Limit ($3/$6 USD) - 2016/01/06 22:34:46 ET
Table 'Hodios II' 2-max Seat #2 is the button
Seat 1: Truelove13 ($180.72 in chips)
Seat 2: HARDGURU ($126.24 in chips)
HARDGURU: posts small blind $1
Truelove13: posts big blind $3
*** HOLE CARDS ***
HARDGURU: raises $3 to $6
Truelove13: folds
Uncalled bet ($3) returned to HARDGURU
HARDGURU collected $6 from pot
HARDGURU: doesn't show hand
*** SUMMARY ***
Total pot $6 | Rake $0
Seat 1: Truelove13 (big blind) folded before Flop
Seat 2: HARDGURU (button) (small blind) collected ($6)


PokerStars Hand #146604063856:  Hold'em Limit ($3/$6 USD) - 2016/01/06 22:34:57 ET
Table 'Hodios II' 2-max Seat #1 is the button
Seat 1: Truelove13 ($177.72 in chips)
Seat 2: HARDGURU ($129.24 in chips)
Truelove13: posts small blind $1
HARDGURU: posts big blind $3
*** HOLE CARDS ***
Truelove13: raises $3 to $6
HARDGURU: calls $3
*** FLOP *** [2h Qs Ks]
HARDGURU: checks
Truelove13: bets $3
HARDGURU: folds
Uncalled bet ($3) returned to Truelove13
Truelove13 collected $11.76 from pot
*** SUMMARY ***
Total pot $12 | Rake $0.24
Board [2h Qs Ks]
Seat 1: Truelove13 (button) (small blind) collected ($11.76)
Seat 2: HARDGURU (big blind) folded on the Flop


