PokerStars Hand #160591489225:  Hold'em Limit ($3/$6 USD) - 2016/10/29 8:45:34 ET
Table 'Hodios' 6-max Seat #5 is the button
Seat 3: bandita747 ($119 in chips)
Seat 5: AzureCaper ($73 in chips)
AzureCaper: posts small blind $1
bandita747: posts big blind $3
*** HOLE CARDS ***
AzureCaper: folds
Uncalled bet ($2) returned to bandita747
bandita747 collected $2 from pot
bandita747: doesn't show hand
*** SUMMARY ***
Total pot $2 | Rake $0
Seat 3: bandita747 (big blind) collected ($2)
Seat 5: AzureCaper (button) (small blind) folded before Flop


PokerStars Hand #160591484100:  Hold'em Limit ($3/$6 USD) - 2016/10/29 8:45:25 ET
Table 'Hodios' 6-max Seat #3 is the button
Seat 3: bandita747 ($120 in chips)
Seat 5: AzureCaper ($72 in chips)
bandita747: posts small blind $1
AzureCaper: posts big blind $3
*** HOLE CARDS ***
bandita747: folds
Uncalled bet ($2) returned to AzureCaper
AzureCaper collected $2 from pot
AzureCaper: doesn't show hand
*** SUMMARY ***
Total pot $2 | Rake $0
Seat 3: bandita747 (button) (small blind) folded before Flop
Seat 5: AzureCaper (big blind) collected ($2)


PokerStars Hand #160591518537:  Hold'em Limit ($3/$6 USD) - 2016/10/29 8:46:27 ET
Table 'Hodios' 6-max Seat #5 is the button
Seat 3: bandita747 ($96 in chips)
Seat 5: AzureCaper ($95.50 in chips)
AzureCaper: posts small blind $1
bandita747: posts big blind $3
*** HOLE CARDS ***
AzureCaper: raises $3 to $6
bandita747: raises $3 to $9
AzureCaper: calls $3
*** FLOP *** [8s Kd 9d]
bandita747: checks
AzureCaper: bets $3
bandita747: calls $3
*** TURN *** [8s Kd 9d] [Kc]
bandita747: checks
AzureCaper: bets $6
bandita747: calls $6
*** RIVER *** [8s Kd 9d Kc] [4c]
bandita747: checks
AzureCaper: bets $6
bandita747: calls $6
*** SHOW DOWN ***
AzureCaper: shows [Ks Th] (three of a kind, Kings)
bandita747: mucks hand
AzureCaper collected $47.50 from pot
*** SUMMARY ***
Total pot $48 | Rake $0.50
Board [8s Kd 9d Kc 4c]
Seat 3: bandita747 (big blind) mucked
Seat 5: AzureCaper (button) (small blind) showed [Ks Th] and won ($47.50) with three of a kind, Kings


PokerStars Hand #160591492496:  Hold'em Limit ($3/$6 USD) - 2016/10/29 8:45:40 ET
Table 'Hodios' 6-max Seat #3 is the button
Seat 3: bandita747 ($120 in chips)
Seat 5: AzureCaper ($72 in chips)
bandita747: posts small blind $1
AzureCaper: posts big blind $3
*** HOLE CARDS ***
bandita747: raises $3 to $6
AzureCaper: calls $3
*** FLOP *** [6s Qh 5d]
AzureCaper: checks
Great_Kang joins the table at seat #4
bandita747: bets $3
AzureCaper: raises $3 to $6
bandita747: calls $3
*** TURN *** [6s Qh 5d] [2c]
AzureCaper: bets $6
bandita747: calls $6
*** RIVER *** [6s Qh 5d 2c] [5s]
AzureCaper: bets $6
bandita747: calls $6
*** SHOW DOWN ***
AzureCaper: shows [Qs Td] (two pair, Queens and Fives)
bandita747: mucks hand
AzureCaper collected $47.50 from pot
*** SUMMARY ***
Total pot $48 | Rake $0.50
Board [6s Qh 5d 2c 5s]
Seat 3: bandita747 (button) (small blind) mucked
Seat 5: AzureCaper (big blind) showed [Qs Td] and won ($47.50) with two pair, Queens and Fives


PokerStars Hand #160592485751:  Hold'em Limit ($3/$6 USD) - 2016/10/29 9:14:59 ET
Table 'Hodios' 6-max Seat #1 is the button
Seat 1: Koraseg ($165.11 in chips)
Seat 4: Chessnok ($171.42 in chips)
Koraseg: posts small blind $1
Chessnok: posts big blind $3
*** HOLE CARDS ***
tamnt10549 is disconnected
Koraseg: folds
Uncalled bet ($2) returned to Chessnok
Chessnok collected $2 from pot
Chessnok: doesn't show hand
*** SUMMARY ***
Total pot $2 | Rake $0
Seat 1: Koraseg (button) (small blind) folded before Flop
Seat 4: Chessnok (big blind) collected ($2)


