PokerStars Hand #166809568702:  Hold'em Limit ($3/$6 USD) - 2017/02/26 13:05:25 ET
Table 'Hodios' 10-max Seat #10 is the button
Seat 7: TinaTurner72 ($78 in chips)
Seat 10: perten ($120 in chips)
perten: posts small blind $1
TinaTurner72: posts big blind $3
*** HOLE CARDS ***
perten: raises $3 to $6
TinaTurner72: calls $3
*** FLOP *** [9h Kd 6s]
TinaTurner72: checks
perten: bets $3
TinaTurner72: calls $3
*** TURN *** [9h Kd 6s] [Kc]
TinaTurner72: checks
perten: checks
*** RIVER *** [9h Kd 6s Kc] [3h]
TinaTurner72: bets $6
perten: folds
Uncalled bet ($6) returned to TinaTurner72
TinaTurner72 collected $17.64 from pot
TinaTurner72: doesn't show hand
*** SUMMARY ***
Total pot $18 | Rake $0.36
Board [9h Kd 6s Kc 3h]
Seat 7: TinaTurner72 (big blind) collected ($17.64)
Seat 10: perten (button) (small blind) folded on the River


PokerStars Hand #166811483687:  Hold'em Limit ($3/$6 USD) - 2017/02/26 13:37:23 ET
Table 'Hodios' 10-max Seat #2 is the button
Seat 1: m.geckeler ($120 in chips)
Seat 2: vestimokrec ($120 in chips)
vestimokrec: posts small blind $1
Agrotait: is sitting out
m.geckeler: posts big blind $3
*** HOLE CARDS ***
Agrotait leaves the table
vestimokrec: raises $3 to $6
m.geckeler: calls $3
*** FLOP *** [7c As 4d]
m.geckeler: bets $3
vestimokrec: calls $3
*** TURN *** [7c As 4d] [4h]
m.geckeler: bets $6
vestimokrec: calls $6
*** RIVER *** [7c As 4d 4h] [Kd]
m.geckeler: checks
vestimokrec: checks
*** SHOW DOWN ***
m.geckeler: shows [Ts 7s] (two pair, Sevens and Fours)
vestimokrec: mucks hand
m.geckeler collected $29.50 from pot
*** SUMMARY ***
Total pot $30 | Rake $0.50
Board [7c As 4d 4h Kd]
Seat 1: m.geckeler (big blind) showed [Ts 7s] and won ($29.50) with two pair, Sevens and Fours
Seat 2: vestimokrec (button) (small blind) mucked


PokerStars Hand #166811526073:  Hold'em Limit ($3/$6 USD) - 2017/02/26 13:38:05 ET
Table 'Hodios' 10-max Seat #1 is the button
Seat 1: m.geckeler ($134.50 in chips)
Seat 2: vestimokrec ($105 in chips)
m.geckeler: posts small blind $1
vestimokrec: posts big blind $3
*** HOLE CARDS ***
m.geckeler: calls $2
vestimokrec: checks
*** FLOP *** [Tc 3s 2s]
vestimokrec: checks
m.geckeler: checks
*** TURN *** [Tc 3s 2s] [7d]
vestimokrec: bets $6
m.geckeler: calls $6
*** RIVER *** [Tc 3s 2s 7d] [Qc]
vestimokrec: bets $6
m.geckeler: calls $6
*** SHOW DOWN ***
vestimokrec: shows [6s Th] (a pair of Tens)
m.geckeler: mucks hand
vestimokrec collected $29.50 from pot
*** SUMMARY ***
Total pot $30 | Rake $0.50
Board [Tc 3s 2s 7d Qc]
Seat 1: m.geckeler (button) (small blind) mucked
Seat 2: vestimokrec (big blind) showed [6s Th] and won ($29.50) with a pair of Tens


PokerStars Hand #166811574331:  Hold'em Limit ($3/$6 USD) - 2017/02/26 13:38:53 ET
Table 'Hodios' 10-max Seat #2 is the button
Seat 1: m.geckeler ($119.50 in chips)
Seat 2: vestimokrec ($119.50 in chips)
vestimokrec: posts small blind $1
m.geckeler: posts big blind $3
*** HOLE CARDS ***
vestimokrec: raises $3 to $6
m.geckeler: calls $3
*** FLOP *** [9c 3c 7c]
m.geckeler: checks
vestimokrec: checks
*** TURN *** [9c 3c 7c] [Tc]
m.geckeler: bets $6
vestimokrec: calls $6
*** RIVER *** [9c 3c 7c Tc] [Js]
m.geckeler: checks
vestimokrec: checks
*** SHOW DOWN ***
m.geckeler: shows [9d Qh] (a pair of Nines)
vestimokrec: mucks hand
m.geckeler collected $23.52 from pot
*** SUMMARY ***
Total pot $24 | Rake $0.48
Board [9c 3c 7c Tc Js]
Seat 1: m.geckeler (big blind) showed [9d Qh] and won ($23.52) with a pair of Nines
Seat 2: vestimokrec (button) (small blind) mucked


PokerStars Hand #166811610438:  Hold'em Limit ($3/$6 USD) - 2017/02/26 13:39:29 ET
Table 'Hodios' 10-max Seat #1 is the button
Seat 1: m.geckeler ($131.02 in chips)
Seat 2: vestimokrec ($107.50 in chips)
m.geckeler: posts small blind $1
vestimokrec: posts big blind $3
*** HOLE CARDS ***
m.geckeler: folds
Uncalled bet ($2) returned to vestimokrec
vestimokrec collected $2 from pot
vestimokrec: doesn't show hand
Zubasa07 joins the table at seat #3
*** SUMMARY ***
Total pot $2 | Rake $0
Seat 1: m.geckeler (button) (small blind) folded before Flop
Seat 2: vestimokrec (big blind) collected ($2)


PokerStars Hand #166821676991:  Hold'em Limit ($3/$6 USD) - 2017/02/26 16:29:25 ET
Table 'Hodios' 10-max Seat #4 is the button
Seat 4: Sleeper007 ($197.74 in chips)
Seat 9: Larooo ($115.71 in chips)
Sleeper007: posts small blind $1
Great_Kang: is sitting out
TinaTurner72: is sitting out
Larooo: posts big blind $3
*** HOLE CARDS ***
Sleeper007: raises $3 to $6
TinaTurner72 leaves the table
Larooo has timed out
Larooo: folds
Uncalled bet ($3) returned to Sleeper007
Sleeper007 collected $6 from pot
Sleeper007: doesn't show hand
*** SUMMARY ***
Total pot $6 | Rake $0
Seat 4: Sleeper007 (button) (small blind) collected ($6)
Seat 9: Larooo (big blind) folded before Flop


