PokerStars Hand #144548890834:  Hold'em Limit ($3/$6 USD) - 2015/11/29 5:49:23 ET
Table 'Hodios II' 2-max Seat #2 is the button
Seat 1: MAGER911 ($82.76 in chips)
Seat 2: papusha81 ($89 in chips)
papusha81: posts small blind $1
MAGER911: posts big blind $3
*** HOLE CARDS ***
papusha81: folds
Uncalled bet ($2) returned to MAGER911
MAGER911 collected $2 from pot
MAGER911: doesn't show hand
*** SUMMARY ***
Total pot $2 | Rake $0
Seat 1: MAGER911 (big blind) collected ($2)
Seat 2: papusha81 (button) (small blind) folded before Flop


PokerStars Hand #144548881296:  Hold'em Limit ($3/$6 USD) - 2015/11/29 5:49:03 ET
Table 'Hodios II' 2-max Seat #1 is the button
Seat 1: MAGER911 ($77 in chips)
Seat 2: papusha81 ($95 in chips)
MAGER911: posts small blind $1
papusha81: posts big blind $3
*** HOLE CARDS ***
MAGER911: raises $3 to $6
papusha81: calls $3
*** FLOP *** [Td Jc 5s]
papusha81: checks
MAGER911: bets $3
papusha81: folds
Uncalled bet ($3) returned to MAGER911
MAGER911 collected $11.76 from pot
MAGER911: doesn't show hand
*** SUMMARY ***
Total pot $12 | Rake $0.24
Board [Td Jc 5s]
Seat 1: MAGER911 (button) (small blind) collected ($11.76)
Seat 2: papusha81 (big blind) folded on the Flop


PokerStars Hand #144548866563:  Hold'em Limit ($3/$6 USD) - 2015/11/29 5:48:33 ET
Table 'Hodios II' 2-max Seat #1 is the button
Seat 1: MAGER911 ($73 in chips)
Seat 2: papusha81 ($99 in chips)
MAGER911: posts small blind $1
papusha81: posts big blind $3
*** HOLE CARDS ***
MAGER911: raises $3 to $6
papusha81: folds
Uncalled bet ($3) returned to MAGER911
MAGER911 collected $6 from pot
MAGER911: doesn't show hand
*** SUMMARY ***
Total pot $6 | Rake $0
Seat 1: MAGER911 (button) (small blind) collected ($6)
Seat 2: papusha81 (big blind) folded before Flop


PokerStars Hand #144548877952:  Hold'em Limit ($3/$6 USD) - 2015/11/29 5:48:56 ET
Table 'Hodios II' 2-max Seat #2 is the button
Seat 1: MAGER911 ($76 in chips)
Seat 2: papusha81 ($96 in chips)
papusha81: posts small blind $1
MAGER911: posts big blind $3
*** HOLE CARDS ***
papusha81: folds
Uncalled bet ($2) returned to MAGER911
MAGER911 collected $2 from pot
MAGER911: doesn't show hand
*** SUMMARY ***
Total pot $2 | Rake $0
Seat 1: MAGER911 (big blind) collected ($2)
Seat 2: papusha81 (button) (small blind) folded before Flop


PokerStars Hand #144548893392:  Hold'em Limit ($3/$6 USD) - 2015/11/29 5:49:28 ET
Table 'Hodios II' 2-max Seat #1 is the button
Seat 1: MAGER911 ($83.76 in chips)
Seat 2: papusha81 ($88 in chips)
MAGER911: posts small blind $1
papusha81: posts big blind $3
*** HOLE CARDS ***
MAGER911: folds
Uncalled bet ($2) returned to papusha81
papusha81 collected $2 from pot
*** SUMMARY ***
Total pot $2 | Rake $0
Seat 1: MAGER911 (button) (small blind) folded before Flop
Seat 2: papusha81 (big blind) collected ($2)


PokerStars Hand #144548925679:  Hold'em Limit ($3/$6 USD) - 2015/11/29 5:50:35 ET
Table 'Hodios II' 2-max Seat #1 is the button
Seat 1: MAGER911 ($72 in chips)
Seat 2: papusha81 ($107.50 in chips)
MAGER911: posts small blind $1
papusha81: posts big blind $3
*** HOLE CARDS ***
MAGER911: folds
Uncalled bet ($2) returned to papusha81
papusha81 collected $2 from pot
*** SUMMARY ***
Total pot $2 | Rake $0
Seat 1: MAGER911 (button) (small blind) folded before Flop
Seat 2: papusha81 (big blind) collected ($2)


PokerStars Hand #144548922510:  Hold'em Limit ($3/$6 USD) - 2015/11/29 5:50:28 ET
Table 'Hodios II' 2-max Seat #2 is the button
Seat 1: MAGER911 ($72 in chips)
Seat 2: papusha81 ($104.50 in chips)
papusha81: posts small blind $1
MAGER911: posts big blind $3
*** HOLE CARDS ***
papusha81: raises $3 to $6
MAGER911: folds
Uncalled bet ($3) returned to papusha81
papusha81 collected $6 from pot
*** SUMMARY ***
Total pot $6 | Rake $0
Seat 1: MAGER911 (big blind) folded before Flop
Seat 2: papusha81 (button) (small blind) collected ($6)


PokerStars Hand #144548919923:  Hold'em Limit ($3/$6 USD) - 2015/11/29 5:50:23 ET
Table 'Hodios II' 2-max Seat #1 is the button
Seat 1: MAGER911 ($73 in chips)
Seat 2: papusha81 ($103.50 in chips)
MAGER911: posts small blind $1
papusha81: posts big blind $3
*** HOLE CARDS ***
MAGER911: folds
Uncalled bet ($2) returned to papusha81
papusha81 collected $2 from pot
*** SUMMARY ***
Total pot $2 | Rake $0
Seat 1: MAGER911 (button) (small blind) folded before Flop
Seat 2: papusha81 (big blind) collected ($2)


PokerStars Hand #144548917589:  Hold'em Limit ($3/$6 USD) - 2015/11/29 5:50:18 ET
Table 'Hodios II' 2-max Seat #2 is the button
Seat 1: MAGER911 ($72 in chips)
Seat 2: papusha81 ($104.50 in chips)
papusha81: posts small blind $1
MAGER911: posts big blind $3
*** HOLE CARDS ***
papusha81: folds
Uncalled bet ($2) returned to MAGER911
MAGER911 collected $2 from pot
MAGER911: doesn't show hand
*** SUMMARY ***
Total pot $2 | Rake $0
Seat 1: MAGER911 (big blind) collected ($2)
Seat 2: papusha81 (button) (small blind) folded before Flop


PokerStars Hand #144548914820:  Hold'em Limit ($3/$6 USD) - 2015/11/29 5:50:12 ET
Table 'Hodios II' 2-max Seat #1 is the button
Seat 1: MAGER911 ($72 in chips)
Seat 2: papusha81 ($103.50 in chips)
MAGER911: posts small blind $1
papusha81: posts big blind $3
*** HOLE CARDS ***
MAGER911: folds
Uncalled bet ($2) returned to papusha81
papusha81 collected $2 from pot
*** SUMMARY ***
Total pot $2 | Rake $0
Seat 1: MAGER911 (button) (small blind) folded before Flop
Seat 2: papusha81 (big blind) collected ($2)


PokerStars Hand #144548896321:  Hold'em Limit ($3/$6 USD) - 2015/11/29 5:49:34 ET
Table 'Hodios II' 2-max Seat #2 is the button
Seat 1: MAGER911 ($82.76 in chips)
Seat 2: papusha81 ($89 in chips)
papusha81: posts small blind $1
MAGER911: posts big blind $3
*** HOLE CARDS ***
papusha81: raises $3 to $6
MAGER911: raises $3 to $9
papusha81: calls $3
*** FLOP *** [Qh 4s 6s]
MAGER911: bets $3
papusha81: raises $3 to $6
MAGER911: calls $3
*** TURN *** [Qh 4s 6s] [7c]
MAGER911: checks
papusha81: bets $6
MAGER911: folds
Uncalled bet ($6) returned to papusha81
papusha81 collected $29.50 from pot
*** SUMMARY ***
Total pot $30 | Rake $0.50
Board [Qh 4s 6s 7c]
Seat 1: MAGER911 (big blind) folded on the Turn
Seat 2: papusha81 (button) (small blind) collected ($29.50)


PokerStars Hand #144548951317:  Hold'em Limit ($3/$6 USD) - 2015/11/29 5:51:28 ET
Table 'Hodios II' 2-max Seat #1 is the button
Seat 1: MAGER911 ($82.50 in chips)
Seat 2: papusha81 ($97.50 in chips)
MAGER911: posts small blind $1
papusha81: posts big blind $3
*** HOLE CARDS ***
MAGER911: folds
Uncalled bet ($2) returned to papusha81
papusha81 collected $2 from pot
*** SUMMARY ***
Total pot $2 | Rake $0
Seat 1: MAGER911 (button) (small blind) folded before Flop
Seat 2: papusha81 (big blind) collected ($2)


PokerStars Hand #144548949198:  Hold'em Limit ($3/$6 USD) - 2015/11/29 5:51:23 ET
Table 'Hodios II' 2-max Seat #2 is the button
Seat 1: MAGER911 ($81.50 in chips)
Seat 2: papusha81 ($98.50 in chips)
papusha81: posts small blind $1
MAGER911: posts big blind $3
*** HOLE CARDS ***
papusha81: folds
Uncalled bet ($2) returned to MAGER911
MAGER911 collected $2 from pot
MAGER911: doesn't show hand
*** SUMMARY ***
Total pot $2 | Rake $0
Seat 1: MAGER911 (big blind) collected ($2)
Seat 2: papusha81 (button) (small blind) folded before Flop


PokerStars Hand #144548946987:  Hold'em Limit ($3/$6 USD) - 2015/11/29 5:51:19 ET
Table 'Hodios II' 2-max Seat #1 is the button
Seat 1: MAGER911 ($82.50 in chips)
Seat 2: papusha81 ($97.50 in chips)
MAGER911: posts small blind $1
papusha81: posts big blind $3
*** HOLE CARDS ***
MAGER911: folds
Uncalled bet ($2) returned to papusha81
papusha81 collected $2 from pot
*** SUMMARY ***
Total pot $2 | Rake $0
Seat 1: MAGER911 (button) (small blind) folded before Flop
Seat 2: papusha81 (big blind) collected ($2)


PokerStars Hand #144548928013:  Hold'em Limit ($3/$6 USD) - 2015/11/29 5:50:39 ET
Table 'Hodios II' 2-max Seat #2 is the button
Seat 1: MAGER911 ($72 in chips)
Seat 2: papusha81 ($108.50 in chips)
papusha81: posts small blind $1
MAGER911: posts big blind $3
*** HOLE CARDS ***
papusha81: raises $3 to $6
MAGER911: calls $3
*** FLOP *** [Th 7h 6d]
MAGER911: bets $3
papusha81: calls $3
*** TURN *** [Th 7h 6d] [6c]
MAGER911: bets $6
papusha81: calls $6
*** RIVER *** [Th 7h 6d 6c] [Td]
MAGER911: bets $6
papusha81: folds
Uncalled bet ($6) returned to MAGER911
MAGER911 collected $29.50 from pot
MAGER911: doesn't show hand
*** SUMMARY ***
Total pot $30 | Rake $0.50
Board [Th 7h 6d 6c Td]
Seat 1: MAGER911 (big blind) collected ($29.50)
Seat 2: papusha81 (button) (small blind) folded on the River


PokerStars Hand #144548943343:  Hold'em Limit ($3/$6 USD) - 2015/11/29 5:51:11 ET
Table 'Hodios II' 2-max Seat #2 is the button
Seat 1: MAGER911 ($85.50 in chips)
Seat 2: papusha81 ($94.50 in chips)
papusha81: posts small blind $1
MAGER911: posts big blind $3
*** HOLE CARDS ***
papusha81: raises $3 to $6
MAGER911: folds
Uncalled bet ($3) returned to papusha81
papusha81 collected $6 from pot
*** SUMMARY ***
Total pot $6 | Rake $0
Seat 1: MAGER911 (big blind) folded before Flop
Seat 2: papusha81 (button) (small blind) collected ($6)


PokerStars Hand #144548940947:  Hold'em Limit ($3/$6 USD) - 2015/11/29 5:51:06 ET
Table 'Hodios II' 2-max Seat #1 is the button
Seat 1: MAGER911 ($86.50 in chips)
Seat 2: papusha81 ($93.50 in chips)
MAGER911: posts small blind $1
papusha81: posts big blind $3
*** HOLE CARDS ***
MAGER911: folds
Uncalled bet ($2) returned to papusha81
papusha81 collected $2 from pot
*** SUMMARY ***
Total pot $2 | Rake $0
Seat 1: MAGER911 (button) (small blind) folded before Flop
Seat 2: papusha81 (big blind) collected ($2)


PokerStars Hand #144548953710:  Hold'em Limit ($3/$6 USD) - 2015/11/29 5:51:33 ET
Table 'Hodios II' 2-max Seat #2 is the button
Seat 1: MAGER911 ($81.50 in chips)
Seat 2: papusha81 ($98.50 in chips)
papusha81: posts small blind $1
MAGER911: posts big blind $3
*** HOLE CARDS ***
papusha81: raises $3 to $6
MAGER911: raises $3 to $9
papusha81: calls $3
*** FLOP *** [7d 7c 3c]
MAGER911: bets $3
papusha81: calls $3
*** TURN *** [7d 7c 3c] [Qd]
MAGER911: bets $6
papusha81: raises $6 to $12
MAGER911: calls $6
*** RIVER *** [7d 7c 3c Qd] [4s]
MAGER911: checks
papusha81: bets $6
MAGER911: calls $6
*** SHOW DOWN ***
papusha81: shows [7h 6h] (three of a kind, Sevens)
MAGER911: mucks hand
papusha81 collected $59.50 from pot
*** SUMMARY ***
Total pot $60 | Rake $0.50
Board [7d 7c 3c Qd 4s]
Seat 1: MAGER911 (big blind) mucked
Seat 2: papusha81 (button) (small blind) showed [7h 6h] and won ($59.50) with three of a kind, Sevens


PokerStars Hand #144548978529:  Hold'em Limit ($3/$6 USD) - 2015/11/29 5:52:24 ET
Table 'Hodios II' 2-max Seat #2 is the button
Seat 1: MAGER911 ($72 in chips)
Seat 2: papusha81 ($129 in chips)
papusha81: posts small blind $1
MAGER911: posts big blind $3
*** HOLE CARDS ***
papusha81: raises $3 to $6
MAGER911: folds
Uncalled bet ($3) returned to papusha81
papusha81 collected $6 from pot
*** SUMMARY ***
Total pot $6 | Rake $0
Seat 1: MAGER911 (big blind) folded before Flop
Seat 2: papusha81 (button) (small blind) collected ($6)


PokerStars Hand #144548975646:  Hold'em Limit ($3/$6 USD) - 2015/11/29 5:52:18 ET
Table 'Hodios II' 2-max Seat #1 is the button
Seat 1: MAGER911 ($72 in chips)
Seat 2: papusha81 ($128 in chips)
MAGER911: posts small blind $1
papusha81: posts big blind $3
*** HOLE CARDS ***
MAGER911: folds
Uncalled bet ($2) returned to papusha81
papusha81 collected $2 from pot
*** SUMMARY ***
Total pot $2 | Rake $0
Seat 1: MAGER911 (button) (small blind) folded before Flop
Seat 2: papusha81 (big blind) collected ($2)


PokerStars Hand #144549002189:  Hold'em Limit ($3/$6 USD) - 2015/11/29 5:53:12 ET
Table 'Hodios II' 2-max Seat #1 is the button
Seat 1: MAGER911 ($90.26 in chips)
Seat 2: papusha81 ($113 in chips)
MAGER911: posts small blind $1
papusha81: posts big blind $3
*** HOLE CARDS ***
MAGER911: raises $3 to $6
papusha81: calls $3
*** FLOP *** [9c As 3d]
papusha81: checks
MAGER911: bets $3
papusha81: calls $3
*** TURN *** [9c As 3d] [Ah]
papusha81: checks
MAGER911: checks
*** RIVER *** [9c As 3d Ah] [Kh]
papusha81: bets $6
MAGER911: folds
Uncalled bet ($6) returned to papusha81
papusha81 collected $17.64 from pot
*** SUMMARY ***
Total pot $18 | Rake $0.36
Board [9c As 3d Ah Kh]
Seat 1: MAGER911 (button) (small blind) folded on the River
Seat 2: papusha81 (big blind) collected ($17.64)


PokerStars Hand #144548999876:  Hold'em Limit ($3/$6 USD) - 2015/11/29 5:53:07 ET
Table 'Hodios II' 2-max Seat #2 is the button
Seat 1: MAGER911 ($89.26 in chips)
Seat 2: papusha81 ($114 in chips)
papusha81: posts small blind $1
MAGER911: posts big blind $3
*** HOLE CARDS ***
papusha81: folds
Uncalled bet ($2) returned to MAGER911
MAGER911 collected $2 from pot
MAGER911: doesn't show hand
*** SUMMARY ***
Total pot $2 | Rake $0
Seat 1: MAGER911 (big blind) collected ($2)
Seat 2: papusha81 (button) (small blind) folded before Flop


PokerStars Hand #144548993403:  Hold'em Limit ($3/$6 USD) - 2015/11/29 5:52:54 ET
Table 'Hodios II' 2-max Seat #1 is the button
Seat 1: MAGER911 ($83.50 in chips)
Seat 2: papusha81 ($120 in chips)
MAGER911: posts small blind $1
papusha81: posts big blind $3
*** HOLE CARDS ***
MAGER911: raises $3 to $6
papusha81: calls $3
*** FLOP *** [9h 6s 7s]
papusha81: checks
MAGER911: bets $3
papusha81: folds
Uncalled bet ($3) returned to MAGER911
MAGER911 collected $11.76 from pot
MAGER911: doesn't show hand
*** SUMMARY ***
Total pot $12 | Rake $0.24
Board [9h 6s 7s]
Seat 1: MAGER911 (button) (small blind) collected ($11.76)
Seat 2: papusha81 (big blind) folded on the Flop


PokerStars Hand #144548983219:  Hold'em Limit ($3/$6 USD) - 2015/11/29 5:52:33 ET
Table 'Hodios II' 2-max Seat #1 is the button
Seat 1: MAGER911 ($72 in chips)
Seat 2: papusha81 ($132 in chips)
MAGER911: posts small blind $1
papusha81: posts big blind $3
*** HOLE CARDS ***
MAGER911: raises $3 to $6
papusha81: calls $3
*** FLOP *** [2c 2d Th]
papusha81: checks
MAGER911: bets $3
papusha81: calls $3
*** TURN *** [2c 2d Th] [8d]
papusha81: checks
MAGER911: checks
*** RIVER *** [2c 2d Th 8d] [6h]
papusha81: bets $6
MAGER911: calls $6
*** SHOW DOWN ***
papusha81: shows [Jd Qs] (a pair of Deuces)
MAGER911: shows [Kc 7h] (a pair of Deuces - King kicker)
MAGER911 collected $29.50 from pot
*** SUMMARY ***
Total pot $30 | Rake $0.50
Board [2c 2d Th 8d 6h]
Seat 1: MAGER911 (button) (small blind) showed [Kc 7h] and won ($29.50) with a pair of Deuces
Seat 2: papusha81 (big blind) showed [Jd Qs] and lost with a pair of Deuces


PokerStars Hand #144549031942:  Hold'em Limit ($3/$6 USD) - 2015/11/29 5:54:13 ET
Table 'Hodios II' 2-max Seat #2 is the button
Seat 1: MAGER911 ($108.40 in chips)
Seat 2: papusha81 ($93.64 in chips)
papusha81: posts small blind $1
MAGER911: posts big blind $3
*** HOLE CARDS ***
papusha81: folds
Uncalled bet ($2) returned to MAGER911
MAGER911 collected $2 from pot
MAGER911: doesn't show hand
*** SUMMARY ***
Total pot $2 | Rake $0
Seat 1: MAGER911 (big blind) collected ($2)
Seat 2: papusha81 (button) (small blind) folded before Flop


PokerStars Hand #144549029998:  Hold'em Limit ($3/$6 USD) - 2015/11/29 5:54:09 ET
Table 'Hodios II' 2-max Seat #1 is the button
Seat 1: MAGER911 ($109.40 in chips)
Seat 2: papusha81 ($92.64 in chips)
MAGER911: posts small blind $1
papusha81: posts big blind $3
*** HOLE CARDS ***
MAGER911: folds
Uncalled bet ($2) returned to papusha81
papusha81 collected $2 from pot
*** SUMMARY ***
Total pot $2 | Rake $0
Seat 1: MAGER911 (button) (small blind) folded before Flop
Seat 2: papusha81 (big blind) collected ($2)


PokerStars Hand #144549020352:  Hold'em Limit ($3/$6 USD) - 2015/11/29 5:53:49 ET
Table 'Hodios II' 2-max Seat #2 is the button
Seat 1: MAGER911 ($100.76 in chips)
Seat 2: papusha81 ($101.64 in chips)
papusha81: posts small blind $1
MAGER911: posts big blind $3
*** HOLE CARDS ***
papusha81: raises $3 to $6
MAGER911: calls $3
*** FLOP *** [Ac Qd Ad]
MAGER911: checks
papusha81: bets $3
MAGER911: calls $3
*** TURN *** [Ac Qd Ad] [9s]
MAGER911: checks
papusha81: checks
*** RIVER *** [Ac Qd Ad 9s] [5d]
MAGER911: bets $6
papusha81: folds
Uncalled bet ($6) returned to MAGER911
MAGER911 collected $17.64 from pot
MAGER911: doesn't show hand
*** SUMMARY ***
Total pot $18 | Rake $0.36
Board [Ac Qd Ad 9s 5d]
Seat 1: MAGER911 (big blind) collected ($17.64)
Seat 2: papusha81 (button) (small blind) folded on the River


PokerStars Hand #144549017404:  Hold'em Limit ($3/$6 USD) - 2015/11/29 5:53:43 ET
Table 'Hodios II' 2-max Seat #1 is the button
Seat 1: MAGER911 ($101.76 in chips)
Seat 2: papusha81 ($100.64 in chips)
MAGER911: posts small blind $1
papusha81: posts big blind $3
*** HOLE CARDS ***
MAGER911: folds
Uncalled bet ($2) returned to papusha81
papusha81 collected $2 from pot
*** SUMMARY ***
Total pot $2 | Rake $0
Seat 1: MAGER911 (button) (small blind) folded before Flop
Seat 2: papusha81 (big blind) collected ($2)


PokerStars Hand #144549010160:  Hold'em Limit ($3/$6 USD) - 2015/11/29 5:53:28 ET
Table 'Hodios II' 2-max Seat #2 is the button
Seat 1: MAGER911 ($81.26 in chips)
Seat 2: papusha81 ($121.64 in chips)
papusha81: posts small blind $1
MAGER911: posts big blind $3
*** HOLE CARDS ***
papusha81: raises $3 to $6
MAGER911: calls $3
*** FLOP *** [Js 9c 2s]
MAGER911: bets $3
papusha81: calls $3
*** TURN *** [Js 9c 2s] [5h]
MAGER911: bets $6
papusha81: calls $6
*** RIVER *** [Js 9c 2s 5h] [2c]
MAGER911: bets $6
papusha81: calls $6
*** SHOW DOWN ***
MAGER911: shows [2h Ah] (three of a kind, Deuces)
papusha81: mucks hand
MAGER911 collected $41.50 from pot
*** SUMMARY ***
Total pot $42 | Rake $0.50
Board [Js 9c 2s 5h 2c]
Seat 1: MAGER911 (big blind) showed [2h Ah] and won ($41.50) with three of a kind, Deuces
Seat 2: papusha81 (button) (small blind) mucked


PokerStars Hand #144549034948:  Hold'em Limit ($3/$6 USD) - 2015/11/29 5:54:19 ET
Table 'Hodios II' 2-max Seat #1 is the button
Seat 1: MAGER911 ($109.40 in chips)
Seat 2: papusha81 ($92.64 in chips)
MAGER911: posts small blind $1
papusha81: posts big blind $3
*** HOLE CARDS ***
MAGER911: raises $3 to $6
papusha81: calls $3
*** FLOP *** [5s Qs Jh]
papusha81: checks
MAGER911: bets $3
papusha81: calls $3
*** TURN *** [5s Qs Jh] [Kh]
papusha81: checks
MAGER911: bets $6
papusha81: raises $6 to $12
MAGER911: calls $6
*** RIVER *** [5s Qs Jh Kh] [4c]
papusha81: bets $6
MAGER911: calls $6
*** SHOW DOWN ***
papusha81: shows [Qh Kd] (two pair, Kings and Queens)
MAGER911: mucks hand
papusha81 collected $53.50 from pot
*** SUMMARY ***
Total pot $54 | Rake $0.50
Board [5s Qs Jh Kh 4c]
Seat 1: MAGER911 (button) (small blind) mucked
Seat 2: papusha81 (big blind) showed [Qh Kd] and won ($53.50) with two pair, Kings and Queens


PokerStars Hand #144549059087:  Hold'em Limit ($3/$6 USD) - 2015/11/29 5:55:09 ET
Table 'Hodios II' 2-max Seat #1 is the button
Seat 1: MAGER911 ($84.15 in chips)
Seat 2: papusha81 ($116.89 in chips)
MAGER911: posts small blind $1
papusha81: posts big blind $3
*** HOLE CARDS ***
MAGER911: raises $3 to $6
papusha81: calls $3
*** FLOP *** [2d Qd Td]
papusha81: checks
MAGER911: bets $3
papusha81: folds
Uncalled bet ($3) returned to MAGER911
MAGER911 collected $11.76 from pot
MAGER911: doesn't show hand
*** SUMMARY ***
Total pot $12 | Rake $0.24
Board [2d Qd Td]
Seat 1: MAGER911 (button) (small blind) collected ($11.76)
Seat 2: papusha81 (big blind) folded on the Flop


PokerStars Hand #144549056891:  Hold'em Limit ($3/$6 USD) - 2015/11/29 5:55:05 ET
Table 'Hodios II' 2-max Seat #2 is the button
Seat 1: MAGER911 ($83.15 in chips)
Seat 2: papusha81 ($117.89 in chips)
papusha81: posts small blind $1
MAGER911: posts big blind $3
*** HOLE CARDS ***
papusha81: folds
Uncalled bet ($2) returned to MAGER911
MAGER911 collected $2 from pot
MAGER911: doesn't show hand
*** SUMMARY ***
Total pot $2 | Rake $0
Seat 1: MAGER911 (big blind) collected ($2)
Seat 2: papusha81 (button) (small blind) folded before Flop


PokerStars Hand #144549047612:  Hold'em Limit ($3/$6 USD) - 2015/11/29 5:54:46 ET
Table 'Hodios II' 2-max Seat #1 is the button
Seat 1: MAGER911 ($83.40 in chips)
Seat 2: papusha81 ($118.14 in chips)
MAGER911: posts small blind $1
papusha81: posts big blind $3
*** HOLE CARDS ***
MAGER911: raises $3 to $6
papusha81: calls $3
*** FLOP *** [5s 6d 2d]
papusha81: checks
MAGER911: bets $3
papusha81: raises $3 to $6
MAGER911: calls $3
*** TURN *** [5s 6d 2d] [3h]
papusha81: bets $6
MAGER911: calls $6
*** RIVER *** [5s 6d 2d 3h] [4c]
papusha81: bets $6
MAGER911: calls $6
*** SHOW DOWN ***
papusha81: shows [5c Td] (a straight, Deuce to Six)
MAGER911: shows [Kd 4s] (a straight, Deuce to Six)
papusha81 collected $23.75 from pot
MAGER911 collected $23.75 from pot
*** SUMMARY ***
Total pot $48 | Rake $0.50
Board [5s 6d 2d 3h 4c]
Seat 1: MAGER911 (button) (small blind) showed [Kd 4s] and won ($23.75) with a straight, Deuce to Six
Seat 2: papusha81 (big blind) showed [5c Td] and won ($23.75) with a straight, Deuce to Six


PokerStars Hand #144549045389:  Hold'em Limit ($3/$6 USD) - 2015/11/29 5:54:41 ET
Table 'Hodios II' 2-max Seat #2 is the button
Seat 1: MAGER911 ($82.40 in chips)
Seat 2: papusha81 ($119.14 in chips)
papusha81: posts small blind $1
MAGER911: posts big blind $3
*** HOLE CARDS ***
papusha81: folds
Uncalled bet ($2) returned to MAGER911
MAGER911 collected $2 from pot
MAGER911: doesn't show hand
*** SUMMARY ***
Total pot $2 | Rake $0
Seat 1: MAGER911 (big blind) collected ($2)
Seat 2: papusha81 (button) (small blind) folded before Flop


PokerStars Hand #144549087355:  Hold'em Limit ($3/$6 USD) - 2015/11/29 5:56:18 ET
Table 'Hodios II' 2-max Seat #2 is the button
Seat 1: MAGER911 ($72 in chips)
Seat 2: papusha81 ($137.03 in chips)
papusha81: posts small blind $1
MAGER911: posts big blind $3
*** HOLE CARDS ***
papusha81: folds
Uncalled bet ($2) returned to MAGER911
MAGER911 collected $2 from pot
MAGER911: doesn't show hand
*** SUMMARY ***
Total pot $2 | Rake $0
Seat 1: MAGER911 (big blind) collected ($2)
Seat 2: papusha81 (button) (small blind) folded before Flop


PokerStars Hand #144549075938:  Hold'em Limit ($3/$6 USD) - 2015/11/29 5:55:50 ET
Table 'Hodios II' 2-max Seat #1 is the button
Seat 1: MAGER911 ($72 in chips)
Seat 2: papusha81 ($128.39 in chips)
MAGER911: posts small blind $1
papusha81: posts big blind $3
*** HOLE CARDS ***
MAGER911: raises $3 to $6
papusha81: calls $3
*** FLOP *** [Kd Ad 6h]
papusha81: checks
MAGER911: bets $3
papusha81: raises $3 to $6
MAGER911: folds
Uncalled bet ($3) returned to papusha81
papusha81 collected $17.64 from pot
*** SUMMARY ***
Total pot $18 | Rake $0.36
Board [Kd Ad 6h]
Seat 1: MAGER911 (button) (small blind) folded on the Flop
Seat 2: papusha81 (big blind) collected ($17.64)


PokerStars Hand #144549066294:  Hold'em Limit ($3/$6 USD) - 2015/11/29 5:55:27 ET
Table 'Hodios II' 2-max Seat #2 is the button
Seat 1: MAGER911 ($89.91 in chips)
Seat 2: papusha81 ($110.89 in chips)
papusha81: posts small blind $1
MAGER911: posts big blind $3
*** HOLE CARDS ***
papusha81: raises $3 to $6
MAGER911: raises $3 to $9
papusha81: calls $3
*** FLOP *** [7s Ks Js]
MAGER911: bets $3
papusha81: calls $3
*** TURN *** [7s Ks Js] [3d]
MAGER911: checks
papusha81: bets $6
MAGER911: calls $6
*** RIVER *** [7s Ks Js 3d] [Jc]
MAGER911: checks
papusha81: checks
*** SHOW DOWN ***
MAGER911: shows [9h Ah] (a pair of Jacks)
papusha81: shows [3c As] (two pair, Jacks and Threes)
papusha81 collected $35.50 from pot
*** SUMMARY ***
Total pot $36 | Rake $0.50
Board [7s Ks Js 3d Jc]
Seat 1: MAGER911 (big blind) showed [9h Ah] and lost with a pair of Jacks
Seat 2: papusha81 (button) (small blind) showed [3c As] and won ($35.50) with two pair, Jacks and Threes


PokerStars Hand #144549089690:  Hold'em Limit ($3/$6 USD) - 2015/11/29 5:56:24 ET
Table 'Hodios II' 2-max Seat #1 is the button
Seat 1: MAGER911 ($73 in chips)
Seat 2: papusha81 ($136.03 in chips)
MAGER911: posts small blind $1
papusha81: posts big blind $3
*** HOLE CARDS ***
MAGER911: calls $2
papusha81: raises $3 to $6
MAGER911: calls $3
*** FLOP *** [7h 9h Qh]
papusha81: bets $3
MAGER911: folds
Uncalled bet ($3) returned to papusha81
papusha81 collected $11.76 from pot
*** SUMMARY ***
Total pot $12 | Rake $0.24
Board [7h 9h Qh]
Seat 1: MAGER911 (button) (small blind) folded on the Flop
Seat 2: papusha81 (big blind) collected ($11.76)


PokerStars Hand #144549101649:  Hold'em Limit ($3/$6 USD) - 2015/11/29 5:56:53 ET
Table 'Hodios II' 2-max Seat #1 is the button
Seat 1: MAGER911 ($73 in chips)
Seat 2: papusha81 ($144.79 in chips)
MAGER911: posts small blind $1
papusha81: posts big blind $3
*** HOLE CARDS ***
MAGER911: raises $3 to $6
papusha81: calls $3
*** FLOP *** [8d 5h 6h]
papusha81: checks
MAGER911: bets $3
papusha81: calls $3
*** TURN *** [8d 5h 6h] [Jd]
papusha81: checks
MAGER911: checks
*** RIVER *** [8d 5h 6h Jd] [8s]
papusha81: bets $6
MAGER911: calls $6
*** SHOW DOWN ***
papusha81: shows [Tc 9d] (a pair of Eights)
MAGER911: shows [9c Kd] (a pair of Eights - King kicker)
MAGER911 collected $29.50 from pot
*** SUMMARY ***
Total pot $30 | Rake $0.50
Board [8d 5h 6h Jd 8s]
Seat 1: MAGER911 (button) (small blind) showed [9c Kd] and won ($29.50) with a pair of Eights
Seat 2: papusha81 (big blind) showed [Tc 9d] and lost with a pair of Eights


PokerStars Hand #144549099667:  Hold'em Limit ($3/$6 USD) - 2015/11/29 5:56:48 ET
Table 'Hodios II' 2-max Seat #2 is the button
Seat 1: MAGER911 ($72 in chips)
Seat 2: papusha81 ($145.79 in chips)
papusha81: posts small blind $1
MAGER911: posts big blind $3
*** HOLE CARDS ***
papusha81: folds
Uncalled bet ($2) returned to MAGER911
MAGER911 collected $2 from pot
MAGER911: doesn't show hand
*** SUMMARY ***
Total pot $2 | Rake $0
Seat 1: MAGER911 (big blind) collected ($2)
Seat 2: papusha81 (button) (small blind) folded before Flop


PokerStars Hand #144549110856:  Hold'em Limit ($3/$6 USD) - 2015/11/29 5:57:16 ET
Table 'Hodios II' 2-max Seat #2 is the button
Seat 1: MAGER911 ($87.50 in chips)
Seat 2: papusha81 ($129.79 in chips)
papusha81: posts small blind $1
MAGER911: posts big blind $3
*** HOLE CARDS ***
papusha81: raises $3 to $6
MAGER911: calls $3
*** FLOP *** [Qh 5c 4c]
MAGER911: bets $3
papusha81: calls $3
*** TURN *** [Qh 5c 4c] [Ac]
MAGER911: bets $6
papusha81: folds
Uncalled bet ($6) returned to MAGER911
MAGER911 collected $17.64 from pot
MAGER911: doesn't show hand
*** SUMMARY ***
Total pot $18 | Rake $0.36
Board [Qh 5c 4c Ac]
Seat 1: MAGER911 (big blind) collected ($17.64)
Seat 2: papusha81 (button) (small blind) folded on the Turn


PokerStars Hand #144549097353:  Hold'em Limit ($3/$6 USD) - 2015/11/29 5:56:42 ET
Table 'Hodios II' 2-max Seat #1 is the button
Seat 1: MAGER911 ($72 in chips)
Seat 2: papusha81 ($144.79 in chips)
MAGER911: posts small blind $1
papusha81: posts big blind $3
*** HOLE CARDS ***
MAGER911: folds
Uncalled bet ($2) returned to papusha81
papusha81 collected $2 from pot
*** SUMMARY ***
Total pot $2 | Rake $0
Seat 1: MAGER911 (button) (small blind) folded before Flop
Seat 2: papusha81 (big blind) collected ($2)


PokerStars Hand #144549094410:  Hold'em Limit ($3/$6 USD) - 2015/11/29 5:56:35 ET
Table 'Hodios II' 2-max Seat #2 is the button
Seat 1: MAGER911 ($72 in chips)
Seat 2: papusha81 ($141.79 in chips)
papusha81: posts small blind $1
MAGER911: posts big blind $3
*** HOLE CARDS ***
papusha81: raises $3 to $6
MAGER911: folds
Uncalled bet ($3) returned to papusha81
papusha81 collected $6 from pot
*** SUMMARY ***
Total pot $6 | Rake $0
Seat 1: MAGER911 (big blind) folded before Flop
Seat 2: papusha81 (button) (small blind) collected ($6)


PokerStars Hand #144549128572:  Hold'em Limit ($3/$6 USD) - 2015/11/29 5:57:58 ET
Table 'Hodios II' 2-max Seat #2 is the button
Seat 1: MAGER911 ($81.14 in chips)
Seat 2: papusha81 ($135.29 in chips)
papusha81: posts small blind $1
MAGER911: posts big blind $3
*** HOLE CARDS ***
papusha81: raises $3 to $6
MAGER911: raises $3 to $9
papusha81: calls $3
*** FLOP *** [4h 3c Qd]
MAGER911: bets $3
papusha81: calls $3
*** TURN *** [4h 3c Qd] [Kh]
MAGER911: checks
papusha81: bets $6
MAGER911: calls $6
*** RIVER *** [4h 3c Qd Kh] [As]
MAGER911: bets $6
papusha81: raises $6 to $12
MAGER911: calls $6
*** SHOW DOWN ***
papusha81: shows [3s 4s] (two pair, Fours and Threes)
MAGER911: mucks hand
papusha81 collected $59.50 from pot
*** SUMMARY ***
Total pot $60 | Rake $0.50
Board [4h 3c Qd Kh As]
Seat 1: MAGER911 (big blind) mucked
Seat 2: papusha81 (button) (small blind) showed [3s 4s] and won ($59.50) with two pair, Fours and Threes


PokerStars Hand #144549118735:  Hold'em Limit ($3/$6 USD) - 2015/11/29 5:57:35 ET
Table 'Hodios II' 2-max Seat #1 is the button
Seat 1: MAGER911 ($96.14 in chips)
Seat 2: papusha81 ($120.79 in chips)
MAGER911: posts small blind $1
papusha81: posts big blind $3
*** HOLE CARDS ***
MAGER911: raises $3 to $6
papusha81: calls $3
*** FLOP *** [3s 3c 2d]
papusha81: checks
MAGER911: bets $3
papusha81: calls $3
*** TURN *** [3s 3c 2d] [8d]
papusha81: checks
MAGER911: checks
*** RIVER *** [3s 3c 2d 8d] [5s]
papusha81: bets $6
MAGER911: calls $6
*** SHOW DOWN ***
papusha81: shows [9s 5h] (two pair, Fives and Threes)
MAGER911: mucks hand
papusha81 collected $29.50 from pot
*** SUMMARY ***
Total pot $30 | Rake $0.50
Board [3s 3c 2d 8d 5s]
Seat 1: MAGER911 (button) (small blind) mucked
Seat 2: papusha81 (big blind) showed [9s 5h] and won ($29.50) with two pair, Fives and Threes


PokerStars Hand #144549165140:  Hold'em Limit ($3/$6 USD) - 2015/11/29 5:59:26 ET
Table 'Hodios II' 2-max Seat #2 is the button
Seat 1: MAGER911 ($72 in chips)
Seat 2: papusha81 ($173.43 in chips)
papusha81: posts small blind $1
MAGER911: posts big blind $3
*** HOLE CARDS ***
papusha81: raises $3 to $6
MAGER911: raises $3 to $9
papusha81: calls $3
*** FLOP *** [4c Qd Th]
MAGER911: bets $3
papusha81: calls $3
*** TURN *** [4c Qd Th] [8s]
MAGER911: bets $6
papusha81: folds
Uncalled bet ($6) returned to MAGER911
MAGER911 collected $23.52 from pot
MAGER911: doesn't show hand
*** SUMMARY ***
Total pot $24 | Rake $0.48
Board [4c Qd Th 8s]
Seat 1: MAGER911 (big blind) collected ($23.52)
Seat 2: papusha81 (button) (small blind) folded on the Turn


PokerStars Hand #144549161490:  Hold'em Limit ($3/$6 USD) - 2015/11/29 5:59:17 ET
Table 'Hodios II' 2-max Seat #1 is the button
Seat 1: MAGER911 ($73 in chips)
Seat 2: papusha81 ($172.43 in chips)
MAGER911: posts small blind $1
papusha81: posts big blind $3
*** HOLE CARDS ***
MAGER911: folds
Uncalled bet ($2) returned to papusha81
papusha81 collected $2 from pot
*** SUMMARY ***
Total pot $2 | Rake $0
Seat 1: MAGER911 (button) (small blind) folded before Flop
Seat 2: papusha81 (big blind) collected ($2)


PokerStars Hand #144549157526:  Hold'em Limit ($3/$6 USD) - 2015/11/29 5:59:08 ET
Table 'Hodios II' 2-max Seat #1 is the button
Seat 1: MAGER911 ($73 in chips)
Seat 2: papusha81 ($172.43 in chips)
MAGER911: posts small blind $1
papusha81: posts big blind $3
*** HOLE CARDS ***
MAGER911: folds
Uncalled bet ($2) returned to papusha81
papusha81 collected $2 from pot
*** SUMMARY ***
Total pot $2 | Rake $0
Seat 1: MAGER911 (button) (small blind) folded before Flop
Seat 2: papusha81 (big blind) collected ($2)


PokerStars Hand #144549155628:  Hold'em Limit ($3/$6 USD) - 2015/11/29 5:59:03 ET
Table 'Hodios II' 2-max Seat #2 is the button
Seat 1: MAGER911 ($72 in chips)
Seat 2: papusha81 ($173.43 in chips)
papusha81: posts small blind $1
MAGER911: posts big blind $3
*** HOLE CARDS ***
MAGER911 said, "pidor"
papusha81: folds
Uncalled bet ($2) returned to MAGER911
MAGER911 collected $2 from pot
MAGER911: doesn't show hand
*** SUMMARY ***
Total pot $2 | Rake $0
Seat 1: MAGER911 (big blind) collected ($2)
Seat 2: papusha81 (button) (small blind) folded before Flop


PokerStars Hand #144549151330:  Hold'em Limit ($3/$6 USD) - 2015/11/29 5:58:53 ET
Table 'Hodios II' 2-max Seat #1 is the button
Seat 1: MAGER911 ($73 in chips)
Seat 2: papusha81 ($172.43 in chips)
MAGER911: posts small blind $1
papusha81: posts big blind $3
*** HOLE CARDS ***
MAGER911 said, "hyilo sranoe"
MAGER911: folds
Uncalled bet ($2) returned to papusha81
papusha81 collected $2 from pot
*** SUMMARY ***
Total pot $2 | Rake $0
Seat 1: MAGER911 (button) (small blind) folded before Flop
Seat 2: papusha81 (big blind) collected ($2)


PokerStars Hand #144549142716:  Hold'em Limit ($3/$6 USD) - 2015/11/29 5:58:33 ET
Table 'Hodios II' 2-max Seat #1 is the button
Seat 1: MAGER911 ($72 in chips)
Seat 2: papusha81 ($164.79 in chips)
MAGER911: posts small blind $1
papusha81: posts big blind $3
*** HOLE CARDS ***
MAGER911: raises $3 to $6
papusha81: calls $3
*** FLOP *** [8s 7d As]
papusha81: checks
MAGER911: bets $3
papusha81: calls $3
*** TURN *** [8s 7d As] [5d]
papusha81: checks
MAGER911: checks
*** RIVER *** [8s 7d As 5d] [2d]
papusha81: bets $6
MAGER911: folds
Uncalled bet ($6) returned to papusha81
papusha81 collected $17.64 from pot
*** SUMMARY ***
Total pot $18 | Rake $0.36
Board [8s 7d As 5d 2d]
Seat 1: MAGER911 (button) (small blind) folded on the River
Seat 2: papusha81 (big blind) collected ($17.64)


PokerStars Hand #144549149228:  Hold'em Limit ($3/$6 USD) - 2015/11/29 5:58:48 ET
Table 'Hodios II' 2-max Seat #2 is the button
Seat 1: MAGER911 ($72 in chips)
Seat 2: papusha81 ($173.43 in chips)
papusha81: posts small blind $1
MAGER911: posts big blind $3
*** HOLE CARDS ***
papusha81: folds
Uncalled bet ($2) returned to MAGER911
MAGER911 collected $2 from pot
MAGER911: doesn't show hand
*** SUMMARY ***
Total pot $2 | Rake $0
Seat 1: MAGER911 (big blind) collected ($2)
Seat 2: papusha81 (button) (small blind) folded before Flop


PokerStars Hand #144549171629:  Hold'em Limit ($3/$6 USD) - 2015/11/29 5:59:42 ET
Table 'Hodios II' 2-max Seat #1 is the button
Seat 1: MAGER911 ($83.52 in chips)
Seat 2: papusha81 ($161.43 in chips)
MAGER911: posts small blind $1
papusha81: posts big blind $3
*** HOLE CARDS ***
MAGER911: raises $3 to $6
papusha81: calls $3
*** FLOP *** [Ts Tc Qh]
papusha81: checks
MAGER911: bets $3
papusha81: calls $3
*** TURN *** [Ts Tc Qh] [4c]
papusha81: checks
MAGER911: bets $6
papusha81: raises $6 to $12
MAGER911: calls $6
*** RIVER *** [Ts Tc Qh 4c] [4d]
papusha81: bets $6
MAGER911: calls $6
*** SHOW DOWN ***
papusha81: shows [7s Th] (a full house, Tens full of Fours)
MAGER911: mucks hand
papusha81 collected $53.50 from pot
*** SUMMARY ***
Total pot $54 | Rake $0.50
Board [Ts Tc Qh 4c 4d]
Seat 1: MAGER911 (button) (small blind) mucked
Seat 2: papusha81 (big blind) showed [7s Th] and won ($53.50) with a full house, Tens full of Fours


PokerStars Hand #144549223641:  Hold'em Limit ($3/$6 USD) - 2015/11/29 6:01:38 ET
Table 'Hodios II' 2-max Seat #2 is the button
Seat 1: MAGER911 ($101 in chips)
Seat 2: papusha81 ($179.43 in chips)
papusha81: posts small blind $1
MAGER911: posts big blind $3
*** HOLE CARDS ***
papusha81: folds
Uncalled bet ($2) returned to MAGER911
MAGER911 collected $2 from pot
MAGER911: doesn't show hand
*** SUMMARY ***
Total pot $2 | Rake $0
Seat 1: MAGER911 (big blind) collected ($2)
Seat 2: papusha81 (button) (small blind) folded before Flop


PokerStars Hand #144549216740:  Hold'em Limit ($3/$6 USD) - 2015/11/29 6:01:23 ET
Table 'Hodios II' 2-max Seat #1 is the button
Seat 1: MAGER911 ($86.50 in chips)
Seat 2: papusha81 ($194.43 in chips)
MAGER911: posts small blind $1
papusha81: posts big blind $3
*** HOLE CARDS ***
MAGER911: raises $3 to $6
papusha81: calls $3
*** FLOP *** [Kh 6c 9c]
papusha81: checks
MAGER911: bets $3
papusha81: calls $3
*** TURN *** [Kh 6c 9c] [6h]
papusha81: checks
MAGER911: checks
*** RIVER *** [Kh 6c 9c 6h] [Td]
papusha81: checks
MAGER911: bets $6
papusha81: calls $6
*** SHOW DOWN ***
MAGER911: shows [7h 8d] (a straight, Six to Ten)
papusha81: mucks hand
MAGER911 collected $29.50 from pot
*** SUMMARY ***
Total pot $30 | Rake $0.50
Board [Kh 6c 9c 6h Td]
Seat 1: MAGER911 (button) (small blind) showed [7h 8d] and won ($29.50) with a straight, Six to Ten
Seat 2: papusha81 (big blind) mucked


PokerStars Hand #144549210054:  Hold'em Limit ($3/$6 USD) - 2015/11/29 6:01:09 ET
Table 'Hodios II' 2-max Seat #2 is the button
Seat 1: MAGER911 ($72 in chips)
Seat 2: papusha81 ($209.43 in chips)
papusha81: posts small blind $1
MAGER911: posts big blind $3
*** HOLE CARDS ***
papusha81: raises $3 to $6
MAGER911: calls $3
*** FLOP *** [8d 7h 7d]
MAGER911: bets $3
papusha81: calls $3
*** TURN *** [8d 7h 7d] [2h]
MAGER911: bets $6
papusha81: calls $6
*** RIVER *** [8d 7h 7d 2h] [4h]
MAGER911: bets $6
papusha81: folds
Uncalled bet ($6) returned to MAGER911
MAGER911 collected $29.50 from pot
MAGER911: doesn't show hand
*** SUMMARY ***
Total pot $30 | Rake $0.50
Board [8d 7h 7d 2h 4h]
Seat 1: MAGER911 (big blind) collected ($29.50)
Seat 2: papusha81 (button) (small blind) folded on the River


PokerStars Hand #144549202654:  Hold'em Limit ($3/$6 USD) - 2015/11/29 6:00:53 ET
Table 'Hodios II' 2-max Seat #1 is the button
Seat 1: MAGER911 ($73 in chips)
Seat 2: papusha81 ($208.43 in chips)
MAGER911: posts small blind $1
papusha81: posts big blind $3
*** HOLE CARDS ***
MAGER911: folds
Uncalled bet ($2) returned to papusha81
papusha81 collected $2 from pot
*** SUMMARY ***
Total pot $2 | Rake $0
Seat 1: MAGER911 (button) (small blind) folded before Flop
Seat 2: papusha81 (big blind) collected ($2)


PokerStars Hand #144549200450:  Hold'em Limit ($3/$6 USD) - 2015/11/29 6:00:48 ET
Table 'Hodios II' 2-max Seat #2 is the button
Seat 1: MAGER911 ($72 in chips)
Seat 2: papusha81 ($209.43 in chips)
papusha81: posts small blind $1
MAGER911: posts big blind $3
*** HOLE CARDS ***
papusha81: folds
Uncalled bet ($2) returned to MAGER911
MAGER911 collected $2 from pot
MAGER911: doesn't show hand
*** SUMMARY ***
Total pot $2 | Rake $0
Seat 1: MAGER911 (big blind) collected ($2)
Seat 2: papusha81 (button) (small blind) folded before Flop


PokerStars Hand #144549198446:  Hold'em Limit ($3/$6 USD) - 2015/11/29 6:00:44 ET
Table 'Hodios II' 2-max Seat #1 is the button
Seat 1: MAGER911 ($72 in chips)
Seat 2: papusha81 ($208.43 in chips)
MAGER911: posts small blind $1
papusha81: posts big blind $3
*** HOLE CARDS ***
MAGER911: folds
Uncalled bet ($2) returned to papusha81
papusha81 collected $2 from pot
*** SUMMARY ***
Total pot $2 | Rake $0
Seat 1: MAGER911 (button) (small blind) folded before Flop
Seat 2: papusha81 (big blind) collected ($2)


PokerStars Hand #144549186874:  Hold'em Limit ($3/$6 USD) - 2015/11/29 6:00:18 ET
Table 'Hodios II' 2-max Seat #2 is the button
Seat 1: MAGER911 ($72 in chips)
Seat 2: papusha81 ($187.93 in chips)
papusha81: posts small blind $1
MAGER911: posts big blind $3
*** HOLE CARDS ***
papusha81: raises $3 to $6
MAGER911: calls $3
*** FLOP *** [Ac Jh 2s]
MAGER911: checks
papusha81: bets $3
MAGER911: calls $3
*** TURN *** [Ac Jh 2s] [6h]
MAGER911: bets $6
papusha81: calls $6
*** RIVER *** [Ac Jh 2s 6h] [4h]
MAGER911: bets $6
papusha81: calls $6
*** SHOW DOWN ***
MAGER911: shows [Js 7h] (a pair of Jacks)
papusha81: shows [Jc Kh] (a pair of Jacks - Ace+King kicker)
papusha81 collected $41.50 from pot
*** SUMMARY ***
Total pot $42 | Rake $0.50
Board [Ac Jh 2s 6h 4h]
Seat 1: MAGER911 (big blind) showed [Js 7h] and lost with a pair of Jacks
Seat 2: papusha81 (button) (small blind) showed [Jc Kh] and won ($41.50) with a pair of Jacks


PokerStars Hand #144549252336:  Hold'em Limit ($3/$6 USD) - 2015/11/29 6:02:36 ET
Table 'Hodios II' 2-max Seat #2 is the button
Seat 1: MAGER911 ($96.26 in chips)
Seat 2: papusha81 ($182.93 in chips)
papusha81: posts small blind $1
MAGER911: posts big blind $3
*** HOLE CARDS ***
papusha81: raises $3 to $6
MAGER911: folds
Uncalled bet ($3) returned to papusha81
papusha81 collected $6 from pot
*** SUMMARY ***
Total pot $6 | Rake $0
Seat 1: MAGER911 (big blind) folded before Flop
Seat 2: papusha81 (button) (small blind) collected ($6)


PokerStars Hand #144549244666:  Hold'em Limit ($3/$6 USD) - 2015/11/29 6:02:20 ET
Table 'Hodios II' 2-max Seat #1 is the button
Seat 1: MAGER911 ($81.76 in chips)
Seat 2: papusha81 ($197.93 in chips)
MAGER911: posts small blind $1
papusha81: posts big blind $3
*** HOLE CARDS ***
MAGER911: raises $3 to $6
papusha81: calls $3
*** FLOP *** [5c 6c 3h]
papusha81: checks
MAGER911: bets $3
papusha81: calls $3
*** TURN *** [5c 6c 3h] [5h]
papusha81: checks
MAGER911: bets $6
papusha81: calls $6
*** RIVER *** [5c 6c 3h 5h] [8s]
papusha81: checks
MAGER911: checks
*** SHOW DOWN ***
papusha81: shows [Ac 9c] (a pair of Fives)
MAGER911: shows [Kc 6h] (two pair, Sixes and Fives)
MAGER911 collected $29.50 from pot
*** SUMMARY ***
Total pot $30 | Rake $0.50
Board [5c 6c 3h 5h 8s]
Seat 1: MAGER911 (button) (small blind) showed [Kc 6h] and won ($29.50) with two pair, Sixes and Fives
Seat 2: papusha81 (big blind) showed [Ac 9c] and lost with a pair of Fives


PokerStars Hand #144549238753:  Hold'em Limit ($3/$6 USD) - 2015/11/29 6:02:08 ET
Table 'Hodios II' 2-max Seat #2 is the button
Seat 1: MAGER911 ($76 in chips)
Seat 2: papusha81 ($203.93 in chips)
papusha81: posts small blind $1
MAGER911: posts big blind $3
*** HOLE CARDS ***
papusha81: raises $3 to $6
MAGER911: calls $3
*** FLOP *** [8c Qc 6c]
MAGER911: checks
papusha81: checks
*** TURN *** [8c Qc 6c] [Qh]
MAGER911: bets $6
papusha81: folds
Uncalled bet ($6) returned to MAGER911
MAGER911 collected $11.76 from pot
MAGER911: doesn't show hand
*** SUMMARY ***
Total pot $12 | Rake $0.24
Board [8c Qc 6c Qh]
Seat 1: MAGER911 (big blind) collected ($11.76)
Seat 2: papusha81 (button) (small blind) folded on the Turn


PokerStars Hand #144549228351:  Hold'em Limit ($3/$6 USD) - 2015/11/29 6:01:47 ET
Table 'Hodios II' 2-max Seat #2 is the button
Seat 1: MAGER911 ($101 in chips)
Seat 2: papusha81 ($179.43 in chips)
papusha81: posts small blind $1
MAGER911: posts big blind $3
*** HOLE CARDS ***
papusha81: raises $3 to $6
MAGER911: raises $3 to $9
papusha81: calls $3
*** FLOP *** [4h 2h Kc]
MAGER911: bets $3
papusha81: calls $3
*** TURN *** [4h 2h Kc] [As]
MAGER911: checks
papusha81: checks
*** RIVER *** [4h 2h Kc As] [2s]
MAGER911: bets $6
papusha81: raises $6 to $12
MAGER911: calls $6
*** SHOW DOWN ***
papusha81: shows [4c Ad] (two pair, Aces and Fours)
MAGER911: mucks hand
papusha81 collected $47.50 from pot
*** SUMMARY ***
Total pot $48 | Rake $0.50
Board [4h 2h Kc As 2s]
Seat 1: MAGER911 (big blind) mucked
Seat 2: papusha81 (button) (small blind) showed [4c Ad] and won ($47.50) with two pair, Aces and Fours


PokerStars Hand #144549226127:  Hold'em Limit ($3/$6 USD) - 2015/11/29 6:01:43 ET
Table 'Hodios II' 2-max Seat #1 is the button
Seat 1: MAGER911 ($102 in chips)
Seat 2: papusha81 ($178.43 in chips)
MAGER911: posts small blind $1
papusha81: posts big blind $3
*** HOLE CARDS ***
MAGER911: folds
Uncalled bet ($2) returned to papusha81
papusha81 collected $2 from pot
*** SUMMARY ***
Total pot $2 | Rake $0
Seat 1: MAGER911 (button) (small blind) folded before Flop
Seat 2: papusha81 (big blind) collected ($2)


PokerStars Hand #144549236648:  Hold'em Limit ($3/$6 USD) - 2015/11/29 6:02:03 ET
Table 'Hodios II' 2-max Seat #1 is the button
Seat 1: MAGER911 ($77 in chips)
Seat 2: papusha81 ($202.93 in chips)
MAGER911: posts small blind $1
papusha81: posts big blind $3
*** HOLE CARDS ***
MAGER911: folds
Uncalled bet ($2) returned to papusha81
papusha81 collected $2 from pot
*** SUMMARY ***
Total pot $2 | Rake $0
Seat 1: MAGER911 (button) (small blind) folded before Flop
Seat 2: papusha81 (big blind) collected ($2)


PokerStars Hand #144549281817:  Hold'em Limit ($3/$6 USD) - 2015/11/29 6:03:35 ET
Table 'Hodios II' 2-max Seat #2 is the button
Seat 1: MAGER911 ($78.88 in chips)
Seat 2: papusha81 ($211.07 in chips)
papusha81: posts small blind $1
MAGER911: posts big blind $3
*** HOLE CARDS ***
papusha81: folds
Uncalled bet ($2) returned to MAGER911
MAGER911 collected $2 from pot
MAGER911: doesn't show hand
*** SUMMARY ***
Total pot $2 | Rake $0
Seat 1: MAGER911 (big blind) collected ($2)
Seat 2: papusha81 (button) (small blind) folded before Flop


PokerStars Hand #144549276104:  Hold'em Limit ($3/$6 USD) - 2015/11/29 6:03:24 ET
Table 'Hodios II' 2-max Seat #1 is the button
Seat 1: MAGER911 ($76 in chips)
Seat 2: papusha81 ($214.07 in chips)
MAGER911: posts small blind $1
papusha81: posts big blind $3
*** HOLE CARDS ***
MAGER911: calls $2
papusha81: checks
*** FLOP *** [2d 8h Kc]
papusha81: checks
MAGER911: bets $3
papusha81: folds
Uncalled bet ($3) returned to MAGER911
MAGER911 collected $5.88 from pot
MAGER911: doesn't show hand
*** SUMMARY ***
Total pot $6 | Rake $0.12
Board [2d 8h Kc]
Seat 1: MAGER911 (button) (small blind) collected ($5.88)
Seat 2: papusha81 (big blind) folded on the Flop


PokerStars Hand #144549273437:  Hold'em Limit ($3/$6 USD) - 2015/11/29 6:03:18 ET
Table 'Hodios II' 2-max Seat #2 is the button
Seat 1: MAGER911 ($75 in chips)
Seat 2: papusha81 ($215.07 in chips)
papusha81: posts small blind $1
MAGER911: posts big blind $3
*** HOLE CARDS ***
papusha81: folds
Uncalled bet ($2) returned to MAGER911
MAGER911 collected $2 from pot
MAGER911: doesn't show hand
*** SUMMARY ***
Total pot $2 | Rake $0
Seat 1: MAGER911 (big blind) collected ($2)
Seat 2: papusha81 (button) (small blind) folded before Flop


PokerStars Hand #144549268577:  Hold'em Limit ($3/$6 USD) - 2015/11/29 6:03:08 ET
Table 'Hodios II' 2-max Seat #1 is the button
Seat 1: MAGER911 ($72 in chips)
Seat 2: papusha81 ($218.07 in chips)
MAGER911: posts small blind $1
papusha81: posts big blind $3
*** HOLE CARDS ***
MAGER911: raises $3 to $6
papusha81: folds
Uncalled bet ($3) returned to MAGER911
MAGER911 collected $6 from pot
MAGER911: doesn't show hand
*** SUMMARY ***
Total pot $6 | Rake $0
Seat 1: MAGER911 (button) (small blind) collected ($6)
Seat 2: papusha81 (big blind) folded before Flop


PokerStars Hand #144549255138:  Hold'em Limit ($3/$6 USD) - 2015/11/29 6:02:41 ET
Table 'Hodios II' 2-max Seat #1 is the button
Seat 1: MAGER911 ($93.26 in chips)
Seat 2: papusha81 ($185.93 in chips)
MAGER911: posts small blind $1
papusha81: posts big blind $3
*** HOLE CARDS ***
MAGER911: raises $3 to $6
papusha81: calls $3
*** FLOP *** [6d 8s 9h]
papusha81: checks
MAGER911: bets $3
papusha81: calls $3
*** TURN *** [6d 8s 9h] [4d]
papusha81: checks
MAGER911: checks
*** RIVER *** [6d 8s 9h 4d] [7c]
papusha81: checks
MAGER911: checks
*** SHOW DOWN ***
papusha81: shows [Qc 6h] (a pair of Sixes)
MAGER911: mucks hand
papusha81 collected $17.64 from pot
*** SUMMARY ***
Total pot $18 | Rake $0.36
Board [6d 8s 9h 4d 7c]
Seat 1: MAGER911 (button) (small blind) mucked
Seat 2: papusha81 (big blind) showed [Qc 6h] and won ($17.64) with a pair of Sixes


PokerStars Hand #144549260990:  Hold'em Limit ($3/$6 USD) - 2015/11/29 6:02:53 ET
Table 'Hodios II' 2-max Seat #2 is the button
Seat 1: MAGER911 ($84.26 in chips)
Seat 2: papusha81 ($194.57 in chips)
papusha81: posts small blind $1
MAGER911: posts big blind $3
*** HOLE CARDS ***
papusha81: raises $3 to $6
MAGER911: raises $3 to $9
papusha81: calls $3
*** FLOP *** [2h 6d 7h]
MAGER911: bets $3
papusha81: calls $3
*** TURN *** [2h 6d 7h] [2s]
MAGER911: bets $6
papusha81: calls $6
*** RIVER *** [2h 6d 7h 2s] [4c]
MAGER911: checks
papusha81: bets $6
MAGER911: calls $6
*** SHOW DOWN ***
papusha81: shows [3d As] (a pair of Deuces)
MAGER911: mucks hand
papusha81 collected $47.50 from pot
*** SUMMARY ***
Total pot $48 | Rake $0.50
Board [2h 6d 7h 2s 4c]
Seat 1: MAGER911 (big blind) mucked
Seat 2: papusha81 (button) (small blind) showed [3d As] and won ($47.50) with a pair of Deuces


PokerStars Hand #144549298337:  Hold'em Limit ($3/$6 USD) - 2015/11/29 6:04:07 ET
Table 'Hodios II' 2-max Seat #1 is the button
Seat 1: MAGER911 ($97.38 in chips)
Seat 2: papusha81 ($192.07 in chips)
MAGER911: posts small blind $1
papusha81: posts big blind $3
*** HOLE CARDS ***
MAGER911: raises $3 to $6
papusha81: calls $3
*** FLOP *** [Th 5s Qd]
papusha81: checks
MAGER911: bets $3
papusha81: calls $3
*** TURN *** [Th 5s Qd] [8h]
papusha81: checks
MAGER911: checks
*** RIVER *** [Th 5s Qd 8h] [8s]
papusha81: bets $6
MAGER911: folds
Uncalled bet ($6) returned to papusha81
papusha81 collected $17.64 from pot
*** SUMMARY ***
Total pot $18 | Rake $0.36
Board [Th 5s Qd 8h 8s]
Seat 1: MAGER911 (button) (small blind) folded on the River
Seat 2: papusha81 (big blind) collected ($17.64)


PokerStars Hand #144549284345:  Hold'em Limit ($3/$6 USD) - 2015/11/29 6:03:40 ET
Table 'Hodios II' 2-max Seat #1 is the button
Seat 1: MAGER911 ($79.88 in chips)
Seat 2: papusha81 ($210.07 in chips)
MAGER911: posts small blind $1
papusha81: posts big blind $3
*** HOLE CARDS ***
MAGER911: raises $3 to $6
papusha81: folds
Uncalled bet ($3) returned to MAGER911
MAGER911 collected $6 from pot
MAGER911: doesn't show hand
*** SUMMARY ***
Total pot $6 | Rake $0
Seat 1: MAGER911 (button) (small blind) collected ($6)
Seat 2: papusha81 (big blind) folded before Flop


PokerStars Hand #144549287299:  Hold'em Limit ($3/$6 USD) - 2015/11/29 6:03:46 ET
Table 'Hodios II' 2-max Seat #2 is the button
Seat 1: MAGER911 ($82.88 in chips)
Seat 2: papusha81 ($207.07 in chips)
papusha81: posts small blind $1
MAGER911: posts big blind $3
*** HOLE CARDS ***
papusha81: raises $3 to $6
MAGER911: calls $3
*** FLOP *** [Ts 4s 5s]
MAGER911: checks
papusha81: bets $3
MAGER911: calls $3
*** TURN *** [Ts 4s 5s] [4h]
MAGER911: checks
papusha81: checks
*** RIVER *** [Ts 4s 5s 4h] [2h]
MAGER911: bets $6
papusha81: calls $6
*** SHOW DOWN ***
MAGER911: shows [Jd 4d] (three of a kind, Fours)
papusha81: mucks hand
MAGER911 collected $29.50 from pot
*** SUMMARY ***
Total pot $30 | Rake $0.50
Board [Ts 4s 5s 4h 2h]
Seat 1: MAGER911 (big blind) showed [Jd 4d] and won ($29.50) with three of a kind, Fours
Seat 2: papusha81 (button) (small blind) mucked


PokerStars Hand #144549306137:  Hold'em Limit ($3/$6 USD) - 2015/11/29 6:04:23 ET
Table 'Hodios II' 2-max Seat #2 is the button
Seat 1: MAGER911 ($88.38 in chips)
Seat 2: papusha81 ($200.71 in chips)
papusha81: posts small blind $1
MAGER911: posts big blind $3
*** HOLE CARDS ***
papusha81: raises $3 to $6
MAGER911 said, "hyesos sranui"
MAGER911: raises $3 to $9
papusha81: calls $3
*** FLOP *** [7c Kh Jh]
MAGER911: bets $3
papusha81: calls $3
*** TURN *** [7c Kh Jh] [8s]
MAGER911: checks
papusha81: bets $6
MAGER911: calls $6
*** RIVER *** [7c Kh Jh 8s] [3c]
MAGER911: checks
papusha81: checks
*** SHOW DOWN ***
MAGER911: shows [8d As] (a pair of Eights)
papusha81: mucks hand
MAGER911 collected $35.50 from pot
*** SUMMARY ***
Total pot $36 | Rake $0.50
Board [7c Kh Jh 8s 3c]
Seat 1: MAGER911 (big blind) showed [8d As] and won ($35.50) with a pair of Eights
Seat 2: papusha81 (button) (small blind) mucked


PokerStars Hand #144549319146:  Hold'em Limit ($3/$6 USD) - 2015/11/29 6:04:49 ET
Table 'Hodios II' 2-max Seat #1 is the button
Seat 1: MAGER911 ($105.88 in chips)
Seat 2: papusha81 ($182.71 in chips)
MAGER911: posts small blind $1
papusha81: posts big blind $3
*** HOLE CARDS ***
MAGER911: raises $3 to $6
papusha81: calls $3
*** FLOP *** [5h 2s Kd]
papusha81: checks
MAGER911: bets $3
papusha81: calls $3
*** TURN *** [5h 2s Kd] [6s]
papusha81: checks
MAGER911: bets $6
papusha81: calls $6
*** RIVER *** [5h 2s Kd 6s] [As]
papusha81: checks
MAGER911: bets $6
papusha81: calls $6
*** SHOW DOWN ***
MAGER911: shows [8s 7c] (high card Ace)
papusha81: shows [6d Jd] (a pair of Sixes)
papusha81 collected $41.50 from pot
*** SUMMARY ***
Total pot $42 | Rake $0.50
Board [5h 2s Kd 6s As]
Seat 1: MAGER911 (button) (small blind) showed [8s 7c] and lost with high card Ace
Seat 2: papusha81 (big blind) showed [6d Jd] and won ($41.50) with a pair of Sixes


PokerStars Hand #144549344627:  Hold'em Limit ($3/$6 USD) - 2015/11/29 6:05:39 ET
Table 'Hodios II' 2-max Seat #1 is the button
Seat 1: MAGER911 ($91.52 in chips)
Seat 2: papusha81 ($196.21 in chips)
MAGER911: posts small blind $1
papusha81: posts big blind $3
*** HOLE CARDS ***
MAGER911: folds
Uncalled bet ($2) returned to papusha81
papusha81 collected $2 from pot
*** SUMMARY ***
Total pot $2 | Rake $0
Seat 1: MAGER911 (button) (small blind) folded before Flop
Seat 2: papusha81 (big blind) collected ($2)


PokerStars Hand #144549329129:  Hold'em Limit ($3/$6 USD) - 2015/11/29 6:05:08 ET
Table 'Hodios II' 2-max Seat #1 is the button
Seat 1: MAGER911 ($85.88 in chips)
Seat 2: papusha81 ($202.21 in chips)
MAGER911: posts small blind $1
papusha81: posts big blind $3
*** HOLE CARDS ***
MAGER911: raises $3 to $6
papusha81: calls $3
*** FLOP *** [5d 7d Td]
papusha81: checks
MAGER911: bets $3
papusha81: calls $3
*** TURN *** [5d 7d Td] [Jh]
papusha81: checks
MAGER911: bets $6
papusha81: folds
Uncalled bet ($6) returned to MAGER911
MAGER911 collected $17.64 from pot
MAGER911: doesn't show hand
*** SUMMARY ***
Total pot $18 | Rake $0.36
Board [5d 7d Td Jh]
Seat 1: MAGER911 (button) (small blind) collected ($17.64)
Seat 2: papusha81 (big blind) folded on the Turn


PokerStars Hand #144549326846:  Hold'em Limit ($3/$6 USD) - 2015/11/29 6:05:04 ET
Table 'Hodios II' 2-max Seat #2 is the button
Seat 1: MAGER911 ($84.88 in chips)
Seat 2: papusha81 ($203.21 in chips)
papusha81: posts small blind $1
MAGER911: posts big blind $3
*** HOLE CARDS ***
papusha81: folds
Uncalled bet ($2) returned to MAGER911
MAGER911 collected $2 from pot
MAGER911: doesn't show hand
*** SUMMARY ***
Total pot $2 | Rake $0
Seat 1: MAGER911 (big blind) collected ($2)
Seat 2: papusha81 (button) (small blind) folded before Flop


PokerStars Hand #144549346896:  Hold'em Limit ($3/$6 USD) - 2015/11/29 6:05:43 ET
Table 'Hodios II' 2-max Seat #2 is the button
Seat 1: MAGER911 ($90.52 in chips)
Seat 2: papusha81 ($197.21 in chips)
papusha81: posts small blind $1
MAGER911: posts big blind $3
*** HOLE CARDS ***
papusha81: raises $3 to $6
MAGER911: calls $3
*** FLOP *** [Qs 2c 2s]
MAGER911: bets $3
papusha81: calls $3
*** TURN *** [Qs 2c 2s] [4c]
MAGER911: bets $6
papusha81: calls $6
*** RIVER *** [Qs 2c 2s 4c] [5c]
MAGER911: bets $6
papusha81: raises $6 to $12
MAGER911: calls $6
*** SHOW DOWN ***
papusha81: shows [9c Kc] (a flush, King high)
MAGER911: mucks hand
papusha81 collected $53.50 from pot
*** SUMMARY ***
Total pot $54 | Rake $0.50
Board [Qs 2c 2s 4c 5c]
Seat 1: MAGER911 (big blind) mucked
Seat 2: papusha81 (button) (small blind) showed [9c Kc] and won ($53.50) with a flush, King high


PokerStars Hand #144549362941:  Hold'em Limit ($3/$6 USD) - 2015/11/29 6:06:15 ET
Table 'Hodios II' 2-max Seat #1 is the button
Seat 1: MAGER911 ($78.76 in chips)
Seat 2: papusha81 ($216.71 in chips)
MAGER911: posts small blind $1
papusha81: posts big blind $3
*** HOLE CARDS ***
MAGER911: raises $3 to $6
papusha81: folds
Uncalled bet ($3) returned to MAGER911
MAGER911 collected $6 from pot
MAGER911: doesn't show hand
*** SUMMARY ***
Total pot $6 | Rake $0
Seat 1: MAGER911 (button) (small blind) collected ($6)
Seat 2: papusha81 (big blind) folded before Flop


PokerStars Hand #144549360635:  Hold'em Limit ($3/$6 USD) - 2015/11/29 6:06:11 ET
Table 'Hodios II' 2-max Seat #2 is the button
Seat 1: MAGER911 ($77.76 in chips)
Seat 2: papusha81 ($217.71 in chips)
papusha81: posts small blind $1
MAGER911: posts big blind $3
*** HOLE CARDS ***
papusha81: folds
Uncalled bet ($2) returned to MAGER911
MAGER911 collected $2 from pot
MAGER911: doesn't show hand
*** SUMMARY ***
Total pot $2 | Rake $0
Seat 1: MAGER911 (big blind) collected ($2)
Seat 2: papusha81 (button) (small blind) folded before Flop


PokerStars Hand #144549356206:  Hold'em Limit ($3/$6 USD) - 2015/11/29 6:06:02 ET
Table 'Hodios II' 2-max Seat #1 is the button
Seat 1: MAGER911 ($72 in chips)
Seat 2: papusha81 ($223.71 in chips)
MAGER911: posts small blind $1
papusha81: posts big blind $3
*** HOLE CARDS ***
MAGER911: raises $3 to $6
papusha81: calls $3
*** FLOP *** [Kh As 3h]
papusha81: checks
MAGER911: bets $3
papusha81: folds
Uncalled bet ($3) returned to MAGER911
MAGER911 collected $11.76 from pot
MAGER911: doesn't show hand
*** SUMMARY ***
Total pot $12 | Rake $0.24
Board [Kh As 3h]
Seat 1: MAGER911 (button) (small blind) collected ($11.76)
Seat 2: papusha81 (big blind) folded on the Flop


PokerStars Hand #144549395885:  Hold'em Limit ($3/$6 USD) - 2015/11/29 6:07:20 ET
Table 'Hodios II' 2-max Seat #2 is the button
Seat 1: MAGER911 ($75.52 in chips)
Seat 2: papusha81 ($227.97 in chips)
papusha81: posts small blind $1
MAGER911: posts big blind $3
*** HOLE CARDS ***
papusha81: folds
Uncalled bet ($2) returned to MAGER911
MAGER911 collected $2 from pot
MAGER911: doesn't show hand
*** SUMMARY ***
Total pot $2 | Rake $0
Seat 1: MAGER911 (big blind) collected ($2)
Seat 2: papusha81 (button) (small blind) folded before Flop


PokerStars Hand #144549393731:  Hold'em Limit ($3/$6 USD) - 2015/11/29 6:07:16 ET
Table 'Hodios II' 2-max Seat #1 is the button
Seat 1: MAGER911 ($76.52 in chips)
Seat 2: papusha81 ($226.97 in chips)
MAGER911: posts small blind $1
papusha81: posts big blind $3
*** HOLE CARDS ***
MAGER911: folds
Uncalled bet ($2) returned to papusha81
papusha81 collected $2 from pot
*** SUMMARY ***
Total pot $2 | Rake $0
Seat 1: MAGER911 (button) (small blind) folded before Flop
Seat 2: papusha81 (big blind) collected ($2)


PokerStars Hand #144549385504:  Hold'em Limit ($3/$6 USD) - 2015/11/29 6:07:00 ET
Table 'Hodios II' 2-max Seat #2 is the button
Seat 1: MAGER911 ($82.52 in chips)
Seat 2: papusha81 ($221.21 in chips)
papusha81: posts small blind $1
MAGER911: posts big blind $3
*** HOLE CARDS ***
papusha81: raises $3 to $6
MAGER911: calls $3
*** FLOP *** [Td 8s Js]
MAGER911: checks
papusha81: checks
*** TURN *** [Td 8s Js] [5h]
MAGER911: checks
papusha81: checks
*** RIVER *** [Td 8s Js 5h] [Ks]
MAGER911: checks
papusha81: checks
*** SHOW DOWN ***
MAGER911: shows [7d 3d] (high card King)
papusha81: shows [6d 6s] (a pair of Sixes)
papusha81 collected $11.76 from pot
*** SUMMARY ***
Total pot $12 | Rake $0.24
Board [Td 8s Js 5h Ks]
Seat 1: MAGER911 (big blind) showed [7d 3d] and lost with high card King
Seat 2: papusha81 (button) (small blind) showed [6d 6s] and won ($11.76) with a pair of Sixes


PokerStars Hand #144549383292:  Hold'em Limit ($3/$6 USD) - 2015/11/29 6:06:55 ET
Table 'Hodios II' 2-max Seat #1 is the button
Seat 1: MAGER911 ($83.52 in chips)
Seat 2: papusha81 ($220.21 in chips)
MAGER911: posts small blind $1
papusha81: posts big blind $3
*** HOLE CARDS ***
MAGER911: folds
Uncalled bet ($2) returned to papusha81
papusha81 collected $2 from pot
*** SUMMARY ***
Total pot $2 | Rake $0
Seat 1: MAGER911 (button) (small blind) folded before Flop
Seat 2: papusha81 (big blind) collected ($2)


PokerStars Hand #144549373566:  Hold'em Limit ($3/$6 USD) - 2015/11/29 6:06:36 ET
Table 'Hodios II' 2-max Seat #1 is the button
Seat 1: MAGER911 ($72 in chips)
Seat 2: papusha81 ($231.21 in chips)
MAGER911: posts small blind $1
papusha81: posts big blind $3
*** HOLE CARDS ***
MAGER911: folds
Uncalled bet ($2) returned to papusha81
papusha81 collected $2 from pot
*** SUMMARY ***
Total pot $2 | Rake $0
Seat 1: MAGER911 (button) (small blind) folded before Flop
Seat 2: papusha81 (big blind) collected ($2)


PokerStars Hand #144549365713:  Hold'em Limit ($3/$6 USD) - 2015/11/29 6:06:21 ET
Table 'Hodios II' 2-max Seat #2 is the button
Seat 1: MAGER911 ($81.76 in chips)
Seat 2: papusha81 ($213.71 in chips)
papusha81: posts small blind $1
MAGER911: posts big blind $3
*** HOLE CARDS ***
papusha81: raises $3 to $6
MAGER911: calls $3
*** FLOP *** [As Qc 6s]
MAGER911: checks
papusha81: bets $3
MAGER911: raises $3 to $6
papusha81: calls $3
*** TURN *** [As Qc 6s] [Qs]
MAGER911: bets $6
papusha81: calls $6
*** RIVER *** [As Qc 6s Qs] [Qd]
MAGER911: checks
papusha81: checks
*** SHOW DOWN ***
MAGER911: shows [8s Jd] (three of a kind, Queens)
papusha81: shows [3s 3c] (a full house, Queens full of Threes)
papusha81 collected $35.50 from pot
*** SUMMARY ***
Total pot $36 | Rake $0.50
Board [As Qc 6s Qs Qd]
Seat 1: MAGER911 (big blind) showed [8s Jd] and lost with three of a kind, Queens
Seat 2: papusha81 (button) (small blind) showed [3s 3c] and won ($35.50) with a full house, Queens full of Threes


PokerStars Hand #144549375904:  Hold'em Limit ($3/$6 USD) - 2015/11/29 6:06:41 ET
Table 'Hodios II' 2-max Seat #2 is the button
Seat 1: MAGER911 ($72 in chips)
Seat 2: papusha81 ($232.21 in chips)
papusha81: posts small blind $1
MAGER911: posts big blind $3
*** HOLE CARDS ***
papusha81: raises $3 to $6
MAGER911: calls $3
*** FLOP *** [3h 5s Jh]
MAGER911: checks
papusha81: checks
*** TURN *** [3h 5s Jh] [6s]
MAGER911: checks
papusha81: bets $6
MAGER911: calls $6
*** RIVER *** [3h 5s Jh 6s] [3s]
MAGER911: checks
papusha81: checks
*** SHOW DOWN ***
MAGER911: shows [2h Ad] (a pair of Threes)
papusha81: mucks hand
MAGER911 collected $23.52 from pot
*** SUMMARY ***
Total pot $24 | Rake $0.48
Board [3h 5s Jh 6s 3s]
Seat 1: MAGER911 (big blind) showed [2h Ad] and won ($23.52) with a pair of Threes
Seat 2: papusha81 (button) (small blind) mucked


PokerStars Hand #144578408431:  Hold'em Limit ($3/$6 USD) - 2015/11/29 16:03:28 ET
Table 'Hodios II' 2-max Seat #2 is the button
Seat 1: MAGER911 ($72 in chips)
Seat 2: ChicagoBull4 ($69.33 in chips)
ChicagoBull4: posts small blind $1
MAGER911: posts big blind $3
*** HOLE CARDS ***
ChicagoBull4: raises $3 to $6
MAGER911: folds
Uncalled bet ($3) returned to ChicagoBull4
ChicagoBull4 collected $6 from pot
ChicagoBull4: doesn't show hand
*** SUMMARY ***
Total pot $6 | Rake $0
Seat 1: MAGER911 (big blind) folded before Flop
Seat 2: ChicagoBull4 (button) (small blind) collected ($6)


PokerStars Hand #144578464111:  Hold'em Limit ($3/$6 USD) - 2015/11/29 16:04:18 ET
Table 'Hodios II' 2-max Seat #1 is the button
Seat 1: MAGER911 ($72 in chips)
Seat 2: ChicagoBull4 ($89.83 in chips)
MAGER911: posts small blind $1
ChicagoBull4: posts big blind $3
*** HOLE CARDS ***
MAGER911: raises $3 to $6
ChicagoBull4: folds
Uncalled bet ($3) returned to MAGER911
MAGER911 collected $6 from pot
MAGER911: doesn't show hand
*** SUMMARY ***
Total pot $6 | Rake $0
Seat 1: MAGER911 (button) (small blind) collected ($6)
Seat 2: ChicagoBull4 (big blind) folded before Flop


PokerStars Hand #144578435094:  Hold'em Limit ($3/$6 USD) - 2015/11/29 16:03:52 ET
Table 'Hodios II' 2-max Seat #2 is the button
Seat 1: MAGER911 ($77.76 in chips)
Seat 2: ChicagoBull4 ($66.33 in chips)
ChicagoBull4: posts small blind $1
MAGER911: posts big blind $3
*** HOLE CARDS ***
ChicagoBull4: raises $3 to $6
MAGER911: raises $3 to $9
ChicagoBull4: calls $3
*** FLOP *** [5s 8s 7s]
MAGER911: bets $3
ChicagoBull4: calls $3
*** TURN *** [5s 8s 7s] [Jh]
MAGER911: checks
ChicagoBull4: bets $6
MAGER911: calls $6
*** RIVER *** [5s 8s 7s Jh] [Qc]
MAGER911: checks
ChicagoBull4: bets $6
MAGER911: calls $6
*** SHOW DOWN ***
ChicagoBull4: shows [8c Th] (a pair of Eights)
MAGER911: mucks hand
ChicagoBull4 collected $47.50 from pot
*** SUMMARY ***
Total pot $48 | Rake $0.50
Board [5s 8s 7s Jh Qc]
Seat 1: MAGER911 (big blind) mucked
Seat 2: ChicagoBull4 (button) (small blind) showed [8c Th] and won ($47.50) with a pair of Eights


PokerStars Hand #144578422470:  Hold'em Limit ($3/$6 USD) - 2015/11/29 16:03:41 ET
Table 'Hodios II' 2-max Seat #1 is the button
Seat 1: MAGER911 ($72 in chips)
Seat 2: ChicagoBull4 ($72.33 in chips)
MAGER911: posts small blind $1
ChicagoBull4: posts big blind $3
*** HOLE CARDS ***
MAGER911: raises $3 to $6
ChicagoBull4: calls $3
*** FLOP *** [3d 4s Ah]
ChicagoBull4: checks
MAGER911: bets $3
ChicagoBull4: folds
Uncalled bet ($3) returned to MAGER911
MAGER911 collected $11.76 from pot
MAGER911: doesn't show hand
*** SUMMARY ***
Total pot $12 | Rake $0.24
Board [3d 4s Ah]
Seat 1: MAGER911 (button) (small blind) collected ($11.76)
Seat 2: ChicagoBull4 (big blind) folded on the Flop


PokerStars Hand #144578528822:  Hold'em Limit ($3/$6 USD) - 2015/11/29 16:05:16 ET
Table 'Hodios II' 2-max Seat #1 is the button
Seat 1: MAGER911 ($73 in chips)
Seat 2: ChicagoBull4 ($88.33 in chips)
MAGER911: posts small blind $1
ChicagoBull4: posts big blind $3
*** HOLE CARDS ***
MAGER911: raises $3 to $6
ChicagoBull4: calls $3
*** FLOP *** [Jd Kd 7s]
ChicagoBull4: bets $3
MAGER911: raises $3 to $6
ChicagoBull4: folds
Uncalled bet ($3) returned to MAGER911
MAGER911 collected $17.64 from pot
MAGER911: doesn't show hand
*** SUMMARY ***
Total pot $18 | Rake $0.36
Board [Jd Kd 7s]
Seat 1: MAGER911 (button) (small blind) collected ($17.64)
Seat 2: ChicagoBull4 (big blind) folded on the Flop


PokerStars Hand #144578523801:  Hold'em Limit ($3/$6 USD) - 2015/11/29 16:05:12 ET
Table 'Hodios II' 2-max Seat #2 is the button
Seat 1: MAGER911 ($72 in chips)
Seat 2: ChicagoBull4 ($89.33 in chips)
ChicagoBull4: posts small blind $1
MAGER911: posts big blind $3
*** HOLE CARDS ***
ChicagoBull4: folds
Uncalled bet ($2) returned to MAGER911
MAGER911 collected $2 from pot
MAGER911: doesn't show hand
*** SUMMARY ***
Total pot $2 | Rake $0
Seat 1: MAGER911 (big blind) collected ($2)
Seat 2: ChicagoBull4 (button) (small blind) folded before Flop


PokerStars Hand #144578489069:  Hold'em Limit ($3/$6 USD) - 2015/11/29 16:04:41 ET
Table 'Hodios II' 2-max Seat #1 is the button
Seat 1: MAGER911 ($86.52 in chips)
Seat 2: ChicagoBull4 ($74.83 in chips)
MAGER911: posts small blind $1
ChicagoBull4: posts big blind $3
*** HOLE CARDS ***
MAGER911: raises $3 to $6
ChicagoBull4: calls $3
*** FLOP *** [5d 9h 7s]
ChicagoBull4: checks
MAGER911: bets $3
ChicagoBull4: calls $3
*** TURN *** [5d 9h 7s] [8h]
ChicagoBull4: checks
MAGER911: bets $6
ChicagoBull4: raises $6 to $12
MAGER911: folds
Uncalled bet ($6) returned to ChicagoBull4
ChicagoBull4 collected $29.50 from pot
ChicagoBull4: doesn't show hand
*** SUMMARY ***
Total pot $30 | Rake $0.50
Board [5d 9h 7s 8h]
Seat 1: MAGER911 (button) (small blind) folded on the Turn
Seat 2: ChicagoBull4 (big blind) collected ($29.50)


PokerStars Hand #144578470571:  Hold'em Limit ($3/$6 USD) - 2015/11/29 16:04:24 ET
Table 'Hodios II' 2-max Seat #2 is the button
Seat 1: MAGER911 ($75 in chips)
Seat 2: ChicagoBull4 ($86.83 in chips)
ChicagoBull4: posts small blind $1
MAGER911: posts big blind $3
*** HOLE CARDS ***
ChicagoBull4: raises $3 to $6
MAGER911: calls $3
*** FLOP *** [Kd Ks 5h]
MAGER911: checks
ChicagoBull4: bets $3
MAGER911: raises $3 to $6
ChicagoBull4: calls $3
*** TURN *** [Kd Ks 5h] [5c]
MAGER911: bets $6
ChicagoBull4: folds
Uncalled bet ($6) returned to MAGER911
MAGER911 collected $23.52 from pot
MAGER911: doesn't show hand
*** SUMMARY ***
Total pot $24 | Rake $0.48
Board [Kd Ks 5h 5c]
Seat 1: MAGER911 (big blind) collected ($23.52)
Seat 2: ChicagoBull4 (button) (small blind) folded on the Turn


PokerStars Hand #144578601386:  Hold'em Limit ($3/$6 USD) - 2015/11/29 16:06:22 ET
Table 'Hodios II' 2-max Seat #2 is the button
Seat 1: MAGER911 ($72 in chips)
Seat 2: ChicagoBull4 ($113.11 in chips)
ChicagoBull4: posts small blind $1
MAGER911: posts big blind $3
*** HOLE CARDS ***
ChicagoBull4: raises $3 to $6
MAGER911: calls $3
*** FLOP *** [Ts 8c Jh]
MAGER911: checks
ChicagoBull4: checks
*** TURN *** [Ts 8c Jh] [2s]
MAGER911: bets $6
ChicagoBull4: folds
Uncalled bet ($6) returned to MAGER911
MAGER911 collected $11.76 from pot
MAGER911: doesn't show hand
*** SUMMARY ***
Total pot $12 | Rake $0.24
Board [Ts 8c Jh 2s]
Seat 1: MAGER911 (big blind) collected ($11.76)
Seat 2: ChicagoBull4 (button) (small blind) folded on the Turn


PokerStars Hand #144578587540:  Hold'em Limit ($3/$6 USD) - 2015/11/29 16:06:09 ET
Table 'Hodios II' 2-max Seat #1 is the button
Seat 1: MAGER911 ($72 in chips)
Seat 2: ChicagoBull4 ($104.47 in chips)
MAGER911: posts small blind $1
ChicagoBull4: posts big blind $3
*** HOLE CARDS ***
MAGER911: raises $3 to $6
ChicagoBull4: raises $3 to $9
MAGER911: calls $3
*** FLOP *** [Tc Ac 5s]
ChicagoBull4: bets $3
MAGER911: folds
Uncalled bet ($3) returned to ChicagoBull4
ChicagoBull4 collected $17.64 from pot
ChicagoBull4: doesn't show hand
*** SUMMARY ***
Total pot $18 | Rake $0.36
Board [Tc Ac 5s]
Seat 1: MAGER911 (button) (small blind) folded on the Flop
Seat 2: ChicagoBull4 (big blind) collected ($17.64)


PokerStars Hand #144578565056:  Hold'em Limit ($3/$6 USD) - 2015/11/29 16:05:49 ET
Table 'Hodios II' 2-max Seat #2 is the button
Seat 1: MAGER911 ($73.64 in chips)
Seat 2: ChicagoBull4 ($86.97 in chips)
ChicagoBull4: posts small blind $1
MAGER911: posts big blind $3
*** HOLE CARDS ***
ChicagoBull4: raises $3 to $6
MAGER911: calls $3
*** FLOP *** [2d 3h Jc]
MAGER911: checks
ChicagoBull4: bets $3
MAGER911: raises $3 to $6
ChicagoBull4: calls $3
*** TURN *** [2d 3h Jc] [3d]
MAGER911: bets $6
ChicagoBull4: calls $6
*** RIVER *** [2d 3h Jc 3d] [5s]
MAGER911: checks
ChicagoBull4: checks
*** SHOW DOWN ***
MAGER911: shows [6d 9c] (a pair of Threes)
ChicagoBull4: shows [9s Ks] (a pair of Threes - King kicker)
ChicagoBull4 collected $35.50 from pot
*** SUMMARY ***
Total pot $36 | Rake $0.50
Board [2d 3h Jc 3d 5s]
Seat 1: MAGER911 (big blind) showed [6d 9c] and lost with a pair of Threes
Seat 2: ChicagoBull4 (button) (small blind) showed [9s Ks] and won ($35.50) with a pair of Threes


PokerStars Hand #144578551111:  Hold'em Limit ($3/$6 USD) - 2015/11/29 16:05:37 ET
Table 'Hodios II' 2-max Seat #1 is the button
Seat 1: MAGER911 ($82.64 in chips)
Seat 2: ChicagoBull4 ($78.33 in chips)
MAGER911: posts small blind $1
ChicagoBull4: posts big blind $3
*** HOLE CARDS ***
MAGER911: raises $3 to $6
ChicagoBull4: raises $3 to $9
MAGER911: calls $3
*** FLOP *** [Qs 6c Ad]
ChicagoBull4: bets $3
MAGER911: folds
Uncalled bet ($3) returned to ChicagoBull4
ChicagoBull4 collected $17.64 from pot
ChicagoBull4: doesn't show hand
*** SUMMARY ***
Total pot $18 | Rake $0.36
Board [Qs 6c Ad]
Seat 1: MAGER911 (button) (small blind) folded on the Flop
Seat 2: ChicagoBull4 (big blind) collected ($17.64)


PokerStars Hand #144578545928:  Hold'em Limit ($3/$6 USD) - 2015/11/29 16:05:32 ET
Table 'Hodios II' 2-max Seat #2 is the button
Seat 1: MAGER911 ($81.64 in chips)
Seat 2: ChicagoBull4 ($79.33 in chips)
ChicagoBull4: posts small blind $1
MAGER911: posts big blind $3
*** HOLE CARDS ***
ChicagoBull4: folds
Uncalled bet ($2) returned to MAGER911
MAGER911 collected $2 from pot
MAGER911: doesn't show hand
*** SUMMARY ***
Total pot $2 | Rake $0
Seat 1: MAGER911 (big blind) collected ($2)
Seat 2: ChicagoBull4 (button) (small blind) folded before Flop


PokerStars Hand #144578645107:  Hold'em Limit ($3/$6 USD) - 2015/11/29 16:07:01 ET
Table 'Hodios II' 2-max Seat #2 is the button
Seat 1: MAGER911 ($72 in chips)
Seat 2: ChicagoBull4 ($121.61 in chips)
ChicagoBull4: posts small blind $1
MAGER911: posts big blind $3
*** HOLE CARDS ***
ChicagoBull4: raises $3 to $6
MAGER911: folds
Uncalled bet ($3) returned to ChicagoBull4
ChicagoBull4 collected $6 from pot
ChicagoBull4: doesn't show hand
*** SUMMARY ***
Total pot $6 | Rake $0
Seat 1: MAGER911 (big blind) folded before Flop
Seat 2: ChicagoBull4 (button) (small blind) collected ($6)


PokerStars Hand #144578624250:  Hold'em Limit ($3/$6 USD) - 2015/11/29 16:06:42 ET
Table 'Hodios II' 2-max Seat #1 is the button
Seat 1: MAGER911 ($77.76 in chips)
Seat 2: ChicagoBull4 ($107.11 in chips)
MAGER911: posts small blind $1
ChicagoBull4: posts big blind $3
*** HOLE CARDS ***
MAGER911: raises $3 to $6
ChicagoBull4: calls $3
*** FLOP *** [2d Tc As]
ChicagoBull4: checks
MAGER911: bets $3
ChicagoBull4: calls $3
*** TURN *** [2d Tc As] [3d]
ChicagoBull4: checks
MAGER911: checks
*** RIVER *** [2d Tc As 3d] [Jc]
ChicagoBull4: bets $6
MAGER911: calls $6
*** SHOW DOWN ***
ChicagoBull4: shows [Ac 3h] (two pair, Aces and Threes)
MAGER911: mucks hand
ChicagoBull4 collected $29.50 from pot
*** SUMMARY ***
Total pot $30 | Rake $0.50
Board [2d Tc As 3d Jc]
Seat 1: MAGER911 (button) (small blind) mucked
Seat 2: ChicagoBull4 (big blind) showed [Ac 3h] and won ($29.50) with two pair, Aces and Threes


PokerStars Hand #144578619306:  Hold'em Limit ($3/$6 USD) - 2015/11/29 16:06:38 ET
Table 'Hodios II' 2-max Seat #2 is the button
Seat 1: MAGER911 ($76.76 in chips)
Seat 2: ChicagoBull4 ($108.11 in chips)
ChicagoBull4: posts small blind $1
MAGER911: posts big blind $3
*** HOLE CARDS ***
ChicagoBull4: folds
Uncalled bet ($2) returned to MAGER911
MAGER911 collected $2 from pot
MAGER911: doesn't show hand
*** SUMMARY ***
Total pot $2 | Rake $0
Seat 1: MAGER911 (big blind) collected ($2)
Seat 2: ChicagoBull4 (button) (small blind) folded before Flop


PokerStars Hand #144578614068:  Hold'em Limit ($3/$6 USD) - 2015/11/29 16:06:33 ET
Table 'Hodios II' 2-max Seat #1 is the button
Seat 1: MAGER911 ($77.76 in chips)
Seat 2: ChicagoBull4 ($107.11 in chips)
MAGER911: posts small blind $1
ChicagoBull4: posts big blind $3
*** HOLE CARDS ***
MAGER911: folds
Uncalled bet ($2) returned to ChicagoBull4
ChicagoBull4 collected $2 from pot
ChicagoBull4: doesn't show hand
*** SUMMARY ***
Total pot $2 | Rake $0
Seat 1: MAGER911 (button) (small blind) folded before Flop
Seat 2: ChicagoBull4 (big blind) collected ($2)


PokerStars Hand #144578653035:  Hold'em Limit ($3/$6 USD) - 2015/11/29 16:07:08 ET
Table 'Hodios II' 2-max Seat #1 is the button
Seat 1: MAGER911 ($72 in chips)
Seat 2: ChicagoBull4 ($124.61 in chips)
MAGER911: posts small blind $1
ChicagoBull4: posts big blind $3
*** HOLE CARDS ***
MAGER911: raises $3 to $6
ChicagoBull4: calls $3
*** FLOP *** [Kh 3h 5s]
ChicagoBull4: checks
MAGER911: bets $3
ChicagoBull4: calls $3
*** TURN *** [Kh 3h 5s] [Jc]
ChicagoBull4: checks
MAGER911: checks
*** RIVER *** [Kh 3h 5s Jc] [6c]
ChicagoBull4: checks
MAGER911: checks
*** SHOW DOWN ***
ChicagoBull4: shows [Ad 9h] (high card Ace)
MAGER911: mucks hand
ChicagoBull4 collected $17.64 from pot
*** SUMMARY ***
Total pot $18 | Rake $0.36
Board [Kh 3h 5s Jc 6c]
Seat 1: MAGER911 (button) (small blind) mucked
Seat 2: ChicagoBull4 (big blind) showed [Ad 9h] and won ($17.64) with high card Ace


PokerStars Hand #144578704527:  Hold'em Limit ($3/$6 USD) - 2015/11/29 16:07:54 ET
Table 'Hodios II' 2-max Seat #1 is the button
Seat 1: MAGER911 ($72 in chips)
Seat 2: ChicagoBull4 ($165.75 in chips)
MAGER911: posts small blind $1
ChicagoBull4: posts big blind $3
*** HOLE CARDS ***
MAGER911: raises $3 to $6
ChicagoBull4: calls $3
*** FLOP *** [Qh 4s 3h]
ChicagoBull4: checks
MAGER911: bets $3
ChicagoBull4: folds
Uncalled bet ($3) returned to MAGER911
MAGER911 collected $11.76 from pot
MAGER911: doesn't show hand
*** SUMMARY ***
Total pot $12 | Rake $0.24
Board [Qh 4s 3h]
Seat 1: MAGER911 (button) (small blind) collected ($11.76)
Seat 2: ChicagoBull4 (big blind) folded on the Flop


PokerStars Hand #144578672241:  Hold'em Limit ($3/$6 USD) - 2015/11/29 16:07:25 ET
Table 'Hodios II' 2-max Seat #2 is the button
Seat 1: MAGER911 ($72 in chips)
Seat 2: ChicagoBull4 ($133.25 in chips)
ChicagoBull4: posts small blind $1
MAGER911: posts big blind $3
*** HOLE CARDS ***
ChicagoBull4: raises $3 to $6
MAGER911: calls $3
*** FLOP *** [9h 8c 6c]
MAGER911: bets $3
ChicagoBull4: raises $3 to $6
MAGER911: raises $3 to $9
ChicagoBull4: calls $3
*** TURN *** [9h 8c 6c] [Qs]
MAGER911: bets $6
ChicagoBull4: calls $6
*** RIVER *** [9h 8c 6c Qs] [7s]
MAGER911: bets $6
ChicagoBull4: raises $6 to $12
MAGER911: calls $6
*** SHOW DOWN ***
ChicagoBull4: shows [8d Th] (a straight, Six to Ten)
MAGER911: mucks hand
ChicagoBull4 collected $65.50 from pot
*** SUMMARY ***
Total pot $66 | Rake $0.50
Board [9h 8c 6c Qs 7s]
Seat 1: MAGER911 (big blind) mucked
Seat 2: ChicagoBull4 (button) (small blind) showed [8d Th] and won ($65.50) with a straight, Six to Ten


PokerStars Hand #144580685652:  Hold'em Limit ($3/$6 USD) - 2015/11/29 16:39:19 ET
Table 'Hodios II' 2-max Seat #1 is the button
Seat 1: MAGER911 ($72 in chips)
Seat 2: parconxxx ($76.96 in chips)
MAGER911: posts small blind $1
parconxxx: posts big blind $3
*** HOLE CARDS ***
MAGER911: raises $3 to $6
parconxxx: raises $3 to $9
MAGER911: calls $3
*** FLOP *** [7d 9c 7h]
parconxxx: bets $3
MAGER911: calls $3
*** TURN *** [7d 9c 7h] [Qh]
parconxxx: bets $6
MAGER911: raises $6 to $12
parconxxx: calls $6
*** RIVER *** [7d 9c 7h Qh] [Qs]
parconxxx: bets $6
MAGER911: raises $6 to $12
parconxxx: calls $6
*** SHOW DOWN ***
MAGER911: shows [8h 6s] (two pair, Queens and Sevens)
parconxxx: shows [Kc Th] (two pair, Queens and Sevens - King kicker)
parconxxx collected $71.50 from pot
*** SUMMARY ***
Total pot $72 | Rake $0.50
Board [7d 9c 7h Qh Qs]
Seat 1: MAGER911 (button) (small blind) showed [8h 6s] and lost with two pair, Queens and Sevens
Seat 2: parconxxx (big blind) showed [Kc Th] and won ($71.50) with two pair, Queens and Sevens


PokerStars Hand #144580625684:  Hold'em Limit ($3/$6 USD) - 2015/11/29 16:38:20 ET
Table 'Hodios II' 2-max Seat #2 is the button
Seat 1: MAGER911 ($77.76 in chips)
Seat 2: parconxxx ($71.20 in chips)
parconxxx is disconnected
parconxxx is connected
parconxxx: posts small blind $1
MAGER911: posts big blind $3
*** HOLE CARDS ***
parconxxx: raises $3 to $6
MAGER911: calls $3
*** FLOP *** [Ks 4c Td]
MAGER911: checks
parconxxx: bets $3
MAGER911: folds
Uncalled bet ($3) returned to parconxxx
parconxxx collected $11.76 from pot
parconxxx: doesn't show hand
*** SUMMARY ***
Total pot $12 | Rake $0.24
Board [Ks 4c Td]
Seat 1: MAGER911 (big blind) folded on the Flop
Seat 2: parconxxx (button) (small blind) collected ($11.76)


PokerStars Hand #144580722729:  Hold'em Limit ($3/$6 USD) - 2015/11/29 16:39:55 ET
Table 'Hodios II' 2-max Seat #1 is the button
Seat 1: MAGER911 ($86.50 in chips)
Seat 2: parconxxx ($97.46 in chips)
MAGER911: posts small blind $1
parconxxx: posts big blind $3
*** HOLE CARDS ***
MAGER911: folds
Uncalled bet ($2) returned to parconxxx
parconxxx collected $2 from pot
*** SUMMARY ***
Total pot $2 | Rake $0
Seat 1: MAGER911 (button) (small blind) folded before Flop
Seat 2: parconxxx (big blind) collected ($2)


PokerStars Hand #144580704486:  Hold'em Limit ($3/$6 USD) - 2015/11/29 16:39:37 ET
Table 'Hodios II' 2-max Seat #2 is the button
Seat 1: MAGER911 ($72 in chips)
Seat 2: parconxxx ($112.46 in chips)
parconxxx: posts small blind $1
MAGER911: posts big blind $3
*** HOLE CARDS ***
parconxxx: calls $2
MAGER911: checks
*** FLOP *** [6d Td Ad]
MAGER911: checks
parconxxx: checks
*** TURN *** [6d Td Ad] [As]
MAGER911: checks
parconxxx: bets $6
MAGER911: calls $6
*** RIVER *** [6d Td Ad As] [2d]
MAGER911: checks
parconxxx: bets $6
MAGER911: calls $6
*** SHOW DOWN ***
parconxxx: shows [8s Ac] (three of a kind, Aces)
MAGER911: shows [4d 6c] (a flush, Ace high)
MAGER911 collected $29.50 from pot
*** SUMMARY ***
Total pot $30 | Rake $0.50
Board [6d Td Ad As 2d]
Seat 1: MAGER911 (big blind) showed [4d 6c] and won ($29.50) with a flush, Ace high
Seat 2: parconxxx (button) (small blind) showed [8s Ac] and lost with three of a kind, Aces


PokerStars Hand #144580804461:  Hold'em Limit ($3/$6 USD) - 2015/11/29 16:41:15 ET
Table 'Hodios II' 2-max Seat #2 is the button
Seat 1: MAGER911 ($100 in chips)
Seat 2: parconxxx ($83.34 in chips)
parconxxx: posts small blind $1
MAGER911: posts big blind $3
*** HOLE CARDS ***
parconxxx: calls $2
MAGER911: checks
*** FLOP *** [Tc 3d 7c]
MAGER911: checks
parconxxx: checks
*** TURN *** [Tc 3d 7c] [8h]
MAGER911: checks
parconxxx: checks
*** RIVER *** [Tc 3d 7c 8h] [Ah]
MAGER911: checks
parconxxx: checks
*** SHOW DOWN ***
MAGER911: shows [6s Qh] (high card Ace)
parconxxx: shows [9c Qs] (high card Ace - Queen+Ten+Nine kicker)
parconxxx collected $5.88 from pot
*** SUMMARY ***
Total pot $6 | Rake $0.12
Board [Tc 3d 7c 8h Ah]
Seat 1: MAGER911 (big blind) showed [6s Qh] and lost with high card Ace
Seat 2: parconxxx (button) (small blind) showed [9c Qs] and won ($5.88) with high card Ace


PokerStars Hand #144580784393:  Hold'em Limit ($3/$6 USD) - 2015/11/29 16:40:55 ET
Table 'Hodios II' 2-max Seat #1 is the button
Seat 1: MAGER911 ($82.50 in chips)
Seat 2: parconxxx ($101.34 in chips)
MAGER911: posts small blind $1
parconxxx: posts big blind $3
*** HOLE CARDS ***
MAGER911: raises $3 to $6
parconxxx: calls $3
*** FLOP *** [Jc 8d 6c]
parconxxx: checks
MAGER911: checks
*** TURN *** [Jc 8d 6c] [Ac]
parconxxx: checks
MAGER911: bets $6
parconxxx: calls $6
*** RIVER *** [Jc 8d 6c Ac] [9d]
parconxxx: checks
MAGER911: bets $6
parconxxx: calls $6
*** SHOW DOWN ***
MAGER911: shows [9s 6s] (two pair, Nines and Sixes)
parconxxx: mucks hand
MAGER911 collected $35.50 from pot
*** SUMMARY ***
Total pot $36 | Rake $0.50
Board [Jc 8d 6c Ac 9d]
Seat 1: MAGER911 (button) (small blind) showed [9s 6s] and won ($35.50) with two pair, Nines and Sixes
Seat 2: parconxxx (big blind) mucked


PokerStars Hand #144580728026:  Hold'em Limit ($3/$6 USD) - 2015/11/29 16:40:00 ET
Table 'Hodios II' 2-max Seat #2 is the button
Seat 1: MAGER911 ($85.50 in chips)
Seat 2: parconxxx ($98.46 in chips)
parconxxx: posts small blind $1
MAGER911: posts big blind $3
*** HOLE CARDS ***
MAGER911 said, "zzzzzzzzzzzzzzzz"
parconxxx: calls $2
MAGER911: checks
*** FLOP *** [Kh 5d Qs]
MAGER911: checks
parconxxx: bets $3
MAGER911: folds
Uncalled bet ($3) returned to parconxxx
parconxxx collected $5.88 from pot
parconxxx: doesn't show hand
*** SUMMARY ***
Total pot $6 | Rake $0.12
Board [Kh 5d Qs]
Seat 1: MAGER911 (big blind) folded on the Flop
Seat 2: parconxxx (button) (small blind) collected ($5.88)


PokerStars Hand #144580872681:  Hold'em Limit ($3/$6 USD) - 2015/11/29 16:42:20 ET
Table 'Hodios II' 2-max Seat #1 is the button
Seat 1: MAGER911 ($135.14 in chips)
Seat 2: parconxxx ($47.22 in chips)
MAGER911: posts small blind $1
parconxxx: posts big blind $3
*** HOLE CARDS ***
MAGER911: folds
Uncalled bet ($2) returned to parconxxx
parconxxx collected $2 from pot
parconxxx: doesn't show hand
*** SUMMARY ***
Total pot $2 | Rake $0
Seat 1: MAGER911 (button) (small blind) folded before Flop
Seat 2: parconxxx (big blind) collected ($2)


PokerStars Hand #144580838236:  Hold'em Limit ($3/$6 USD) - 2015/11/29 16:41:48 ET
Table 'Hodios II' 2-max Seat #2 is the button
Seat 1: MAGER911 ($126.50 in chips)
Seat 2: parconxxx ($56.22 in chips)
parconxxx: posts small blind $1
MAGER911: posts big blind $3
*** HOLE CARDS ***
parconxxx: calls $2
MAGER911: checks
*** FLOP *** [Kd 2c Tc]
MAGER911: checks
parconxxx: bets $3
MAGER911: raises $3 to $6
parconxxx: calls $3
*** TURN *** [Kd 2c Tc] [6s]
MAGER911: bets $6
parconxxx: folds
Uncalled bet ($6) returned to MAGER911
MAGER911 collected $17.64 from pot
MAGER911: doesn't show hand
*** SUMMARY ***
Total pot $18 | Rake $0.36
Board [Kd 2c Tc 6s]
Seat 1: MAGER911 (big blind) collected ($17.64)
Seat 2: parconxxx (button) (small blind) folded on the Turn


PokerStars Hand #144580819564:  Hold'em Limit ($3/$6 USD) - 2015/11/29 16:41:30 ET
Table 'Hodios II' 2-max Seat #1 is the button
Seat 1: MAGER911 ($97 in chips)
Seat 2: parconxxx ($86.22 in chips)
MAGER911: posts small blind $1
parconxxx: posts big blind $3
*** HOLE CARDS ***
MAGER911: raises $3 to $6
parconxxx: raises $3 to $9
MAGER911: calls $3
*** FLOP *** [Jd 6d As]
parconxxx: bets $3
MAGER911: calls $3
*** TURN *** [Jd 6d As] [Js]
parconxxx: bets $6
MAGER911: calls $6
*** RIVER *** [Jd 6d As Js] [Ts]
parconxxx: bets $6
MAGER911: raises $6 to $12
parconxxx: calls $6
*** SHOW DOWN ***
MAGER911: shows [Jh 5h] (three of a kind, Jacks)
parconxxx: mucks hand
MAGER911 collected $59.50 from pot
*** SUMMARY ***
Total pot $60 | Rake $0.50
Board [Jd 6d As Js Ts]
Seat 1: MAGER911 (button) (small blind) showed [Jh 5h] and won ($59.50) with three of a kind, Jacks
Seat 2: parconxxx (big blind) mucked


PokerStars Hand #144580882471:  Hold'em Limit ($3/$6 USD) - 2015/11/29 16:42:30 ET
Table 'Hodios II' 2-max Seat #2 is the button
Seat 1: MAGER911 ($134.14 in chips)
Seat 2: parconxxx ($48.22 in chips)
parconxxx: posts small blind $1
MAGER911: posts big blind $3
*** HOLE CARDS ***
parconxxx: calls $2
MAGER911: checks
*** FLOP *** [7s 5d Kh]
MAGER911: checks
parconxxx: checks
*** TURN *** [7s 5d Kh] [4h]
MAGER911: bets $6
parconxxx is disconnected
parconxxx has timed out while disconnected
parconxxx: folds
Uncalled bet ($6) returned to MAGER911
MAGER911 collected $5.88 from pot
MAGER911: doesn't show hand
*** SUMMARY ***
Total pot $6 | Rake $0.12
Board [7s 5d Kh 4h]
Seat 1: MAGER911 (big blind) collected ($5.88)
Seat 2: parconxxx (button) (small blind) folded on the Turn


