PokerStars Hand #153592493852:  Hold'em Limit ($3/$6 USD) - 2016/05/20 13:42:50 ET
Table 'Hodios' 6-max Seat #2 is the button
Seat 2: ZinZar ($72 in chips)
Seat 3: Jordanovvv ($97.44 in chips)
ZinZar: posts small blind $1
Jordanovvv: posts big blind $3
*** HOLE CARDS ***
ZinZar: raises $3 to $6
Jordanovvv: calls $3
*** FLOP *** [7c 8d Kc]
Jordanovvv: bets $3
ZinZar: calls $3
*** TURN *** [7c 8d Kc] [Ks]
Jordanovvv: checks
ZinZar: checks
*** RIVER *** [7c 8d Kc Ks] [Jc]
Jordanovvv: bets $6
ZinZar: calls $6
*** SHOW DOWN ***
Jordanovvv: shows [3d Qc] (a pair of Kings)
ZinZar: shows [Jh Th] (two pair, Kings and Jacks)
ZinZar collected $29.50 from pot
*** SUMMARY ***
Total pot $30 | Rake $0.50
Board [7c 8d Kc Ks Jc]
Seat 2: ZinZar (button) (small blind) showed [Jh Th] and won ($29.50) with two pair, Kings and Jacks
Seat 3: Jordanovvv (big blind) showed [3d Qc] and lost with a pair of Kings


PokerStars Hand #153592516634:  Hold'em Limit ($3/$6 USD) - 2016/05/20 13:43:19 ET
Table 'Hodios' 6-max Seat #3 is the button
Seat 2: ZinZar ($86.50 in chips)
Seat 3: Jordanovvv ($82.44 in chips)
Jordanovvv: posts small blind $1
ZinZar: posts big blind $3
*** HOLE CARDS ***
Jordanovvv: raises $3 to $6
ZinZar: raises $3 to $9
Jordanovvv: calls $3
*** FLOP *** [5c Ks 3d]
ZinZar: bets $3
Jordanovvv: calls $3
*** TURN *** [5c Ks 3d] [6d]
ZinZar: bets $6
Jordanovvv: folds
Uncalled bet ($6) returned to ZinZar
ZinZar collected $23.52 from pot
ZinZar: doesn't show hand
*** SUMMARY ***
Total pot $24 | Rake $0.48
Board [5c Ks 3d 6d]
Seat 2: ZinZar (big blind) collected ($23.52)
Seat 3: Jordanovvv (button) (small blind) folded on the Turn


PokerStars Hand #153594857675:  Hold'em Limit ($3/$6 USD) - 2016/05/20 14:33:23 ET
Table 'Hodios' 6-max Seat #4 is the button
Seat 2: ZinZar ($97.02 in chips)
Seat 4: turtlespit ($73 in chips)
turtlespit: posts small blind $1
ZinZar: posts big blind $3
*** HOLE CARDS ***
turtlespit: calls $2
ZinZar: checks
*** FLOP *** [Ac Ks Jc]
ZinZar: checks
turtlespit: bets $3
ZinZar: folds
Uncalled bet ($3) returned to turtlespit
turtlespit collected $5.88 from pot
turtlespit: doesn't show hand
*** SUMMARY ***
Total pot $6 | Rake $0.12
Board [Ac Ks Jc]
Seat 2: ZinZar (big blind) folded on the Flop
Seat 4: turtlespit (button) (small blind) collected ($5.88)


PokerStars Hand #153602780154:  Hold'em Limit ($3/$6 USD) - 2016/05/20 16:57:25 ET
Table 'Hodios' 6-max Seat #6 is the button
Seat 3: Alan The For ($90.22 in chips)
Seat 6: Chessnok ($73.76 in chips)
Chessnok: posts small blind $1
Alan The For: posts big blind $3
*** HOLE CARDS ***
Chessnok: raises $3 to $6
Alan The For: calls $3
*** FLOP *** [2c 3s 6d]
Alan The For: checks
Chessnok: bets $3
Alan The For: calls $3
*** TURN *** [2c 3s 6d] [6s]
Alan The For: checks
Chessnok: bets $6
Alan The For: folds
Uncalled bet ($6) returned to Chessnok
Chessnok collected $17.64 from pot
Chessnok: doesn't show hand
*** SUMMARY ***
Total pot $18 | Rake $0.36
Board [2c 3s 6d 6s]
Seat 3: Alan The For (big blind) folded on the Turn
Seat 6: Chessnok (button) (small blind) collected ($17.64)


PokerStars Hand #153602793627:  Hold'em Limit ($3/$6 USD) - 2016/05/20 16:57:45 ET
Table 'Hodios' 6-max Seat #3 is the button
Seat 3: Alan The For ($81.22 in chips)
Seat 6: Chessnok ($82.40 in chips)
Alan The For: posts small blind $1
Chessnok: posts big blind $3
*** HOLE CARDS ***
Alan The For: calls $2
Chessnok: raises $3 to $6
Alan The For: calls $3
*** FLOP *** [2h Qc 5s]
Chessnok: bets $3
Alan The For: calls $3
*** TURN *** [2h Qc 5s] [2s]
Chessnok: checks
Alan The For: bets $6
bd1956@bk.ru joins the table at seat #2
Chessnok: calls $6
*** RIVER *** [2h Qc 5s 2s] [3d]
Chessnok: checks
Alan The For: bets $6
Chessnok: calls $6
*** SHOW DOWN ***
Alan The For: shows [Ac As] (two pair, Aces and Deuces)
Chessnok: mucks hand
Alan The For collected $41.50 from pot
*** SUMMARY ***
Total pot $42 | Rake $0.50
Board [2h Qc 5s 2s 3d]
Seat 3: Alan The For (button) (small blind) showed [Ac As] and won ($41.50) with two pair, Aces and Deuces
Seat 6: Chessnok (big blind) mucked


PokerStars Hand #153602971191:  Hold'em Limit ($3/$6 USD) - 2016/05/20 17:01:48 ET
Table 'Hodios' 6-max Seat #4 is the button
Seat 3: Alan The For ($100.48 in chips)
Seat 4: kdcl ($36 in chips)
kdcl: posts small blind $1
Alan The For: posts big blind $3
*** HOLE CARDS ***
kdcl: raises $3 to $6
Alan The For: calls $3
*** FLOP *** [2s 9h Jc]
Alan The For: checks
kdcl: bets $3
Alan The For: calls $3
*** TURN *** [2s 9h Jc] [6h]
Alan The For: checks
kdcl: bets $6
Alan The For: folds
Uncalled bet ($6) returned to kdcl
kdcl collected $17.64 from pot
*** SUMMARY ***
Total pot $18 | Rake $0.36
Board [2s 9h Jc 6h]
Seat 3: Alan The For (big blind) folded on the Turn
Seat 4: kdcl (button) (small blind) collected ($17.64)


PokerStars Hand #153602960068:  Hold'em Limit ($3/$6 USD) - 2016/05/20 17:01:36 ET
Table 'Hodios' 6-max Seat #3 is the button
Seat 3: Alan The For ($94.72 in chips)
Seat 4: kdcl ($42 in chips)
Alan The For: posts small blind $1
kdcl: posts big blind $3
*** HOLE CARDS ***
Alan The For: raises $3 to $6
kdcl: calls $3
*** FLOP *** [Qh 4s 9s]
kdcl: checks
Alan The For: bets $3
kdcl: folds
Uncalled bet ($3) returned to Alan The For
Alan The For collected $11.76 from pot
*** SUMMARY ***
Total pot $12 | Rake $0.24
Board [Qh 4s 9s]
Seat 3: Alan The For (button) (small blind) collected ($11.76)
Seat 4: kdcl (big blind) folded on the Flop


PokerStars Hand #153603029856:  Hold'em Limit ($3/$6 USD) - 2016/05/20 17:02:50 ET
Table 'Hodios' 6-max Seat #3 is the button
Seat 3: Alan The For ($43.48 in chips)
Seat 4: kdcl ($91.64 in chips)
Alan The For: posts small blind $1
kdcl: posts big blind $3
*** HOLE CARDS ***
Alan The For: raises $3 to $6
kdcl: calls $3
*** FLOP *** [2d 9h Qs]
kdcl: checks
Alan The For: bets $3
kdcl: folds
Uncalled bet ($3) returned to Alan The For
Alan The For collected $11.76 from pot
*** SUMMARY ***
Total pot $12 | Rake $0.24
Board [2d 9h Qs]
Seat 3: Alan The For (button) (small blind) collected ($11.76)
Seat 4: kdcl (big blind) folded on the Flop


PokerStars Hand #153603008907:  Hold'em Limit ($3/$6 USD) - 2016/05/20 17:02:28 ET
Table 'Hodios' 6-max Seat #4 is the button
Seat 3: Alan The For ($67.48 in chips)
Seat 4: kdcl ($68.14 in chips)
kdcl: posts small blind $1
Alan The For: posts big blind $3
*** HOLE CARDS ***
kdcl: raises $3 to $6
Alan The For: calls $3
*** FLOP *** [8c 7c 4d]
Alan The For: checks
kdcl: bets $3
Alan The For: raises $3 to $6
kdcl: calls $3
*** TURN *** [8c 7c 4d] [Kd]
Alan The For: bets $6
kdcl: calls $6
*** RIVER *** [8c 7c 4d Kd] [Qd]
Alan The For: bets $6
kdcl: calls $6
*** SHOW DOWN ***
Alan The For: shows [Tc 2c] (high card King)
kdcl: shows [As 7h] (a pair of Sevens)
kdcl collected $47.50 from pot
*** SUMMARY ***
Total pot $48 | Rake $0.50
Board [8c 7c 4d Kd Qd]
Seat 3: Alan The For (big blind) showed [Tc 2c] and lost with high card King
Seat 4: kdcl (button) (small blind) showed [As 7h] and won ($47.50) with a pair of Sevens


PokerStars Hand #153602989684:  Hold'em Limit ($3/$6 USD) - 2016/05/20 17:02:07 ET
Table 'Hodios' 6-max Seat #3 is the button
Seat 3: Alan The For ($91.48 in chips)
Seat 4: kdcl ($44.64 in chips)
Alan The For: posts small blind $1
kdcl: posts big blind $3
*** HOLE CARDS ***
Alan The For: raises $3 to $6
kdcl: raises $3 to $9
Alan The For: calls $3
*** FLOP *** [Ks Jc 2d]
kdcl: bets $3
Alan The For: calls $3
*** TURN *** [Ks Jc 2d] [4s]
kdcl: bets $6
Alan The For: calls $6
*** RIVER *** [Ks Jc 2d 4s] [3c]
kdcl: bets $6
Alan The For: calls $6
*** SHOW DOWN ***
kdcl: shows [7d 7s] (a pair of Sevens)
Alan The For: mucks hand
kdcl collected $47.50 from pot
*** SUMMARY ***
Total pot $48 | Rake $0.50
Board [Ks Jc 2d 4s 3c]
Seat 3: Alan The For (button) (small blind) mucked
Seat 4: kdcl (big blind) showed [7d 7s] and won ($47.50) with a pair of Sevens


PokerStars Hand #153603099085:  Hold'em Limit ($3/$6 USD) - 2016/05/20 17:03:59 ET
Table 'Hodios' 6-max Seat #3 is the button
Seat 3: Alan The For ($77.50 in chips)
Seat 4: kdcl ($56.64 in chips)
Alan The For: posts small blind $1
kdcl: posts big blind $3
*** HOLE CARDS ***
Alan The For: raises $3 to $6
kdcl: calls $3
*** FLOP *** [7s Ad 2h]
kdcl: checks
Alan The For: checks
*** TURN *** [7s Ad 2h] [6d]
kdcl: bets $6
Alan The For: calls $6
*** RIVER *** [7s Ad 2h 6d] [9h]
kdcl: bets $6
Alan The For: raises $6 to $12
kdcl: calls $6
*** SHOW DOWN ***
Alan The For: shows [Ac 7h] (two pair, Aces and Sevens)
kdcl: mucks hand
Alan The For collected $47.50 from pot
*** SUMMARY ***
Total pot $48 | Rake $0.50
Board [7s Ad 2h 6d 9h]
Seat 3: Alan The For (button) (small blind) showed [Ac 7h] and won ($47.50) with two pair, Aces and Sevens
Seat 4: kdcl (big blind) mucked


PokerStars Hand #153603085535:  Hold'em Limit ($3/$6 USD) - 2016/05/20 17:03:46 ET
Table 'Hodios' 6-max Seat #4 is the button
Seat 3: Alan The For ($71.74 in chips)
Seat 4: kdcl ($62.64 in chips)
kdcl: posts small blind $1
Alan The For: posts big blind $3
*** HOLE CARDS ***
kdcl: raises $3 to $6
Alan The For: calls $3
*** FLOP *** [8c 7d 9h]
Alan The For: checks
kdcl: checks
*** TURN *** [8c 7d 9h] [2s]
Alan The For: bets $6
kdcl: folds
Uncalled bet ($6) returned to Alan The For
Alan The For collected $11.76 from pot
*** SUMMARY ***
Total pot $12 | Rake $0.24
Board [8c 7d 9h 2s]
Seat 3: Alan The For (big blind) collected ($11.76)
Seat 4: kdcl (button) (small blind) folded on the Turn


PokerStars Hand #153603078648:  Hold'em Limit ($3/$6 USD) - 2016/05/20 17:03:39 ET
Table 'Hodios' 6-max Seat #3 is the button
Seat 3: Alan The For ($72.74 in chips)
Seat 4: kdcl ($61.64 in chips)
Alan The For: posts small blind $1
kdcl: posts big blind $3
*** HOLE CARDS ***
Alan The For: folds
Uncalled bet ($2) returned to kdcl
kdcl collected $2 from pot
*** SUMMARY ***
Total pot $2 | Rake $0
Seat 3: Alan The For (button) (small blind) folded before Flop
Seat 4: kdcl (big blind) collected ($2)


PokerStars Hand #153603072489:  Hold'em Limit ($3/$6 USD) - 2016/05/20 17:03:33 ET
Table 'Hodios' 6-max Seat #4 is the button
Seat 3: Alan The For ($71.74 in chips)
Seat 4: kdcl ($62.64 in chips)
kdcl: posts small blind $1
Alan The For: posts big blind $3
*** HOLE CARDS ***
kdcl: folds
Uncalled bet ($2) returned to Alan The For
Alan The For collected $2 from pot
*** SUMMARY ***
Total pot $2 | Rake $0
Seat 3: Alan The For (big blind) collected ($2)
Seat 4: kdcl (button) (small blind) folded before Flop


PokerStars Hand #153603066274:  Hold'em Limit ($3/$6 USD) - 2016/05/20 17:03:27 ET
Table 'Hodios' 6-max Seat #3 is the button
Seat 3: Alan The For ($72.74 in chips)
Seat 4: kdcl ($61.64 in chips)
Alan The For: posts small blind $1
kdcl: posts big blind $3
*** HOLE CARDS ***
Alan The For: folds
Uncalled bet ($2) returned to kdcl
kdcl collected $2 from pot
*** SUMMARY ***
Total pot $2 | Rake $0
Seat 3: Alan The For (button) (small blind) folded before Flop
Seat 4: kdcl (big blind) collected ($2)


PokerStars Hand #153603043185:  Hold'em Limit ($3/$6 USD) - 2016/05/20 17:03:04 ET
Table 'Hodios' 6-max Seat #4 is the button
Seat 3: Alan The For ($49.24 in chips)
Seat 4: kdcl ($85.64 in chips)
kdcl: posts small blind $1
Alan The For: posts big blind $3
*** HOLE CARDS ***
kdcl: raises $3 to $6
Alan The For: calls $3
*** FLOP *** [Kc 6h Jd]
Alan The For: checks
kdcl: bets $3
Alan The For: raises $3 to $6
kdcl: calls $3
*** TURN *** [Kc 6h Jd] [4d]
Alan The For: bets $6
kdcl: calls $6
*** RIVER *** [Kc 6h Jd 4d] [2s]
Alan The For: bets $6
kdcl: calls $6
*** SHOW DOWN ***
Alan The For: shows [Kd 9c] (a pair of Kings)
kdcl: mucks hand
Alan The For collected $47.50 from pot
*** SUMMARY ***
Total pot $48 | Rake $0.50
Board [Kc 6h Jd 4d 2s]
Seat 3: Alan The For (big blind) showed [Kd 9c] and won ($47.50) with a pair of Kings
Seat 4: kdcl (button) (small blind) mucked


PokerStars Hand #153603156198:  Hold'em Limit ($3/$6 USD) - 2016/05/20 17:04:57 ET
Table 'Hodios' 6-max Seat #4 is the button
Seat 3: Alan The For ($102 in chips)
Seat 4: kdcl ($31.40 in chips)
kdcl: posts small blind $1
Alan The For: posts big blind $3
*** HOLE CARDS ***
kdcl: raises $3 to $6
Alan The For: raises $3 to $9
kdcl: calls $3
*** FLOP *** [Ac Jd 4h]
Alan The For: bets $3
kdcl: calls $3
*** TURN *** [Ac Jd 4h] [4s]
Alan The For: checks
kdcl: bets $6
Alan The For: calls $6
*** RIVER *** [Ac Jd 4h 4s] [4d]
Alan The For: checks
kdcl: bets $6
Alan The For: folds
Uncalled bet ($6) returned to kdcl
kdcl collected $35.50 from pot
*** SUMMARY ***
Total pot $36 | Rake $0.50
Board [Ac Jd 4h 4s 4d]
Seat 3: Alan The For (big blind) folded on the River
Seat 4: kdcl (button) (small blind) collected ($35.50)


PokerStars Hand #153603148732:  Hold'em Limit ($3/$6 USD) - 2016/05/20 17:04:49 ET
Table 'Hodios' 6-max Seat #3 is the button
Seat 3: Alan The For ($99 in chips)
Seat 4: kdcl ($34.40 in chips)
Alan The For: posts small blind $1
kdcl: posts big blind $3
*** HOLE CARDS ***
Alan The For: raises $3 to $6
kdcl: folds
Uncalled bet ($3) returned to Alan The For
Alan The For collected $6 from pot
*** SUMMARY ***
Total pot $6 | Rake $0
Seat 3: Alan The For (button) (small blind) collected ($6)
Seat 4: kdcl (big blind) folded before Flop


PokerStars Hand #153603135143:  Hold'em Limit ($3/$6 USD) - 2016/05/20 17:04:36 ET
Table 'Hodios' 6-max Seat #4 is the button
Seat 3: Alan The For ($105 in chips)
Seat 4: kdcl ($28.64 in chips)
kdcl: posts small blind $1
Alan The For: posts big blind $3
*** HOLE CARDS ***
kdcl: raises $3 to $6
Alan The For: calls $3
*** FLOP *** [Kc Ks 3h]
Alan The For: checks
kdcl: bets $3
Alan The For: folds
Uncalled bet ($3) returned to kdcl
kdcl collected $11.76 from pot
*** SUMMARY ***
Total pot $12 | Rake $0.24
Board [Kc Ks 3h]
Seat 3: Alan The For (big blind) folded on the Flop
Seat 4: kdcl (button) (small blind) collected ($11.76)


PokerStars Hand #153603127634:  Hold'em Limit ($3/$6 USD) - 2016/05/20 17:04:28 ET
Table 'Hodios' 6-max Seat #3 is the button
Seat 3: Alan The For ($102 in chips)
Seat 4: kdcl ($31.64 in chips)
Alan The For: posts small blind $1
kdcl: posts big blind $3
*** HOLE CARDS ***
Alan The For: raises $3 to $6
kdcl: folds
Uncalled bet ($3) returned to Alan The For
Alan The For collected $6 from pot
*** SUMMARY ***
Total pot $6 | Rake $0
Seat 3: Alan The For (button) (small blind) collected ($6)
Seat 4: kdcl (big blind) folded before Flop


PokerStars Hand #153603122352:  Hold'em Limit ($3/$6 USD) - 2016/05/20 17:04:23 ET
Table 'Hodios' 6-max Seat #4 is the button
Seat 3: Alan The For ($101 in chips)
Seat 4: kdcl ($32.64 in chips)
kdcl: posts small blind $1
Alan The For: posts big blind $3
*** HOLE CARDS ***
kdcl: folds
Uncalled bet ($2) returned to Alan The For
Alan The For collected $2 from pot
*** SUMMARY ***
Total pot $2 | Rake $0
Seat 3: Alan The For (big blind) collected ($2)
Seat 4: kdcl (button) (small blind) folded before Flop


PokerStars Hand #153603235921:  Hold'em Limit ($3/$6 USD) - 2016/05/20 17:06:17 ET
Table 'Hodios' 6-max Seat #3 is the button
Seat 3: Alan The For ($30 in chips)
Seat 4: kdcl ($101.90 in chips)
Alan The For: posts small blind $1
kdcl: posts big blind $3
*** HOLE CARDS ***
Alan The For: folds
Uncalled bet ($2) returned to kdcl
kdcl collected $2 from pot
*** SUMMARY ***
Total pot $2 | Rake $0
Seat 3: Alan The For (button) (small blind) folded before Flop
Seat 4: kdcl (big blind) collected ($2)


PokerStars Hand #153603213287:  Hold'em Limit ($3/$6 USD) - 2016/05/20 17:05:55 ET
Table 'Hodios' 6-max Seat #4 is the button
Seat 3: Alan The For ($54 in chips)
Seat 4: kdcl ($78.40 in chips)
kdcl: posts small blind $1
Alan The For: posts big blind $3
*** HOLE CARDS ***
kdcl: raises $3 to $6
Alan The For: calls $3
*** FLOP *** [5d 9d 6d]
Chessnok leaves the table
Alan The For: checks
kdcl: checks
*** TURN *** [5d 9d 6d] [2s]
Alan The For: bets $6
kdcl: raises $6 to $12
Alan The For: calls $6
*** RIVER *** [5d 9d 6d 2s] [9c]
Alan The For: checks
kdcl: bets $6
Alan The For: calls $6
*** SHOW DOWN ***
kdcl: shows [3s 4c] (a straight, Deuce to Six)
Alan The For: mucks hand
kdcl collected $47.50 from pot
*** SUMMARY ***
Total pot $48 | Rake $0.50
Board [5d 9d 6d 2s 9c]
Seat 3: Alan The For (big blind) mucked
Seat 4: kdcl (button) (small blind) showed [3s 4c] and won ($47.50) with a straight, Deuce to Six


PokerStars Hand #153603180691:  Hold'em Limit ($3/$6 USD) - 2016/05/20 17:05:23 ET
Table 'Hodios' 6-max Seat #3 is the button
Seat 3: Alan The For ($84 in chips)
Seat 4: kdcl ($48.90 in chips)
Alan The For: posts small blind $1
kdcl: posts big blind $3
*** HOLE CARDS ***
Alan The For: calls $2
kdcl: raises $3 to $6
Alan The For: raises $3 to $9
kdcl: calls $3
*** FLOP *** [5h 6c 3c]
kdcl: checks
Alan The For: bets $3
kdcl: calls $3
*** TURN *** [5h 6c 3c] [5d]
kdcl: checks
Alan The For: bets $6
kdcl: raises $6 to $12
Alan The For: calls $6
*** RIVER *** [5h 6c 3c 5d] [2d]
kdcl: bets $6
Alan The For: calls $6
*** SHOW DOWN ***
kdcl: shows [Ad 5c] (three of a kind, Fives)
Alan The For: mucks hand
kdcl collected $59.50 from pot
*** SUMMARY ***
Total pot $60 | Rake $0.50
Board [5h 6c 3c 5d 2d]
Seat 3: Alan The For (button) (small blind) mucked
Seat 4: kdcl (big blind) showed [Ad 5c] and won ($59.50) with three of a kind, Fives


PokerStars Hand #153603256262:  Hold'em Limit ($3/$6 USD) - 2016/05/20 17:06:38 ET
Table 'Hodios' 6-max Seat #4 is the button
Seat 2: Tibike966 ($120 in chips)
Seat 4: kdcl ($102.90 in chips)
kdcl: posts small blind $1
Tibike966: posts big blind $3
*** HOLE CARDS ***
kdcl: raises $3 to $6
Tibike966: calls $3
*** FLOP *** [2h Kd 5c]
Tibike966: checks
kdcl: bets $3
Tibike966: calls $3
*** TURN *** [2h Kd 5c] [7d]
Tibike966: checks
kdcl: bets $6
Tibike966: calls $6
*** RIVER *** [2h Kd 5c 7d] [6s]
vestimokrec joins the table at seat #3
Tibike966: checks
kdcl: bets $6
Tibike966: raises $6 to $12
kdcl: calls $6
*** SHOW DOWN ***
Tibike966: shows [8s Kc] (a pair of Kings)
kdcl: mucks hand
Tibike966 collected $53.50 from pot
*** SUMMARY ***
Total pot $54 | Rake $0.50
Board [2h Kd 5c 7d 6s]
Seat 2: Tibike966 (big blind) showed [8s Kc] and won ($53.50) with a pair of Kings
Seat 4: kdcl (button) (small blind) mucked


PokerStars Hand #153606000096:  Hold'em Limit ($3/$6 USD) - 2016/05/20 17:56:13 ET
Table 'Hodios' 6-max Seat #4 is the button
Seat 1: lin1rabbit ($121.40 in chips)
Seat 4: Paavo_Nurmi ($108.07 in chips)
Paavo_Nurmi: posts small blind $1
jvc336: is sitting out
lin1rabbit: posts big blind $3
*** HOLE CARDS ***
Paavo_Nurmi: folds
Uncalled bet ($2) returned to lin1rabbit
lin1rabbit collected $2 from pot
lin1rabbit: doesn't show hand
*** SUMMARY ***
Total pot $2 | Rake $0
Seat 1: lin1rabbit (big blind) collected ($2)
Seat 4: Paavo_Nurmi (button) (small blind) folded before Flop


PokerStars Hand #153606004235:  Hold'em Limit ($3/$6 USD) - 2016/05/20 17:56:19 ET
Table 'Hodios' 6-max Seat #1 is the button
Seat 1: lin1rabbit ($122.40 in chips)
Seat 4: Paavo_Nurmi ($107.07 in chips)
lin1rabbit: posts small blind $1
Paavo_Nurmi: posts big blind $3
*** HOLE CARDS ***
lin1rabbit: raises $3 to $6
Paavo_Nurmi: calls $3
*** FLOP *** [7c Qs Tc]
jvc336 leaves the table
Paavo_Nurmi: checks
lin1rabbit: bets $3
Paavo_Nurmi: folds
Uncalled bet ($3) returned to lin1rabbit
lin1rabbit collected $11.76 from pot
lin1rabbit: doesn't show hand
*** SUMMARY ***
Total pot $12 | Rake $0.24
Board [7c Qs Tc]
Seat 1: lin1rabbit (button) (small blind) collected ($11.76)
Seat 4: Paavo_Nurmi (big blind) folded on the Flop


PokerStars Hand #153606014545:  Hold'em Limit ($3/$6 USD) - 2016/05/20 17:56:35 ET
Table 'Hodios' 6-max Seat #4 is the button
Seat 1: lin1rabbit ($128.16 in chips)
Seat 4: Paavo_Nurmi ($101.07 in chips)
Paavo_Nurmi: posts small blind $1
lin1rabbit: posts big blind $3
*** HOLE CARDS ***
Paavo_Nurmi: raises $3 to $6
lin1rabbit: calls $3
*** FLOP *** [3h 8c 8s]
lin1rabbit: checks
Paavo_Nurmi: bets $3
lin1rabbit: calls $3
*** TURN *** [3h 8c 8s] [Kc]
lin1rabbit: checks
Paavo_Nurmi: checks
*** RIVER *** [3h 8c 8s Kc] [9s]
lin1rabbit: checks
Paavo_Nurmi: checks
*** SHOW DOWN ***
lin1rabbit: shows [Qd 5h] (a pair of Eights)
Paavo_Nurmi: shows [Jh As] (a pair of Eights - Ace kicker)
Paavo_Nurmi collected $17.64 from pot
*** SUMMARY ***
Total pot $18 | Rake $0.36
Board [3h 8c 8s Kc 9s]
Seat 1: lin1rabbit (big blind) showed [Qd 5h] and lost with a pair of Eights
Seat 4: Paavo_Nurmi (button) (small blind) showed [Jh As] and won ($17.64) with a pair of Eights


PokerStars Hand #153606069168:  Hold'em Limit ($3/$6 USD) - 2016/05/20 17:57:58 ET
Table 'Hodios' 6-max Seat #4 is the button
Seat 1: lin1rabbit ($95.16 in chips)
Seat 4: Paavo_Nurmi ($133.21 in chips)
Paavo_Nurmi: posts small blind $1
lin1rabbit: posts big blind $3
*** HOLE CARDS ***
Paavo_Nurmi: folds
Uncalled bet ($2) returned to lin1rabbit
lin1rabbit collected $2 from pot
lin1rabbit: doesn't show hand
*** SUMMARY ***
Total pot $2 | Rake $0
Seat 1: lin1rabbit (big blind) collected ($2)
Seat 4: Paavo_Nurmi (button) (small blind) folded before Flop


PokerStars Hand #153606047136:  Hold'em Limit ($3/$6 USD) - 2016/05/20 17:57:25 ET
Table 'Hodios' 6-max Seat #1 is the button
Seat 1: lin1rabbit ($119.16 in chips)
Seat 4: Paavo_Nurmi ($109.71 in chips)
lin1rabbit: posts small blind $1
Paavo_Nurmi: posts big blind $3
*** HOLE CARDS ***
lin1rabbit: raises $3 to $6
Paavo_Nurmi: calls $3
*** FLOP *** [4c Js 5c]
Paavo_Nurmi: checks
lin1rabbit: bets $3
Paavo_Nurmi: raises $3 to $6
lin1rabbit: calls $3
*** TURN *** [4c Js 5c] [3c]
Paavo_Nurmi: bets $6
lin1rabbit: calls $6
*** RIVER *** [4c Js 5c 3c] [8h]
Paavo_Nurmi: bets $6
lin1rabbit: calls $6
*** SHOW DOWN ***
Paavo_Nurmi: shows [6c Kc] (a flush, King high)
lin1rabbit: mucks hand
Paavo_Nurmi collected $47.50 from pot
*** SUMMARY ***
Total pot $48 | Rake $0.50
Board [4c Js 5c 3c 8h]
Seat 1: lin1rabbit (button) (small blind) mucked
Seat 4: Paavo_Nurmi (big blind) showed [6c Kc] and won ($47.50) with a flush, King high


PokerStars Hand #153606075903:  Hold'em Limit ($3/$6 USD) - 2016/05/20 17:58:09 ET
Table 'Hodios' 6-max Seat #1 is the button
Seat 1: lin1rabbit ($96.16 in chips)
Seat 4: Paavo_Nurmi ($132.21 in chips)
lin1rabbit: posts small blind $1
Paavo_Nurmi: posts big blind $3
*** HOLE CARDS ***
lin1rabbit: raises $3 to $6
Paavo_Nurmi: calls $3
*** FLOP *** [6d 7c 9d]
Paavo_Nurmi: checks
lin1rabbit: bets $3
Paavo_Nurmi: calls $3
*** TURN *** [6d 7c 9d] [3d]
Paavo_Nurmi: checks
lin1rabbit: bets $6
Paavo_Nurmi: calls $6
*** RIVER *** [6d 7c 9d 3d] [2s]
Paavo_Nurmi: checks
lin1rabbit: bets $6
Paavo_Nurmi: calls $6
*** SHOW DOWN ***
lin1rabbit: shows [Ad 7s] (a pair of Sevens)
Paavo_Nurmi: mucks hand
lin1rabbit collected $41.50 from pot
*** SUMMARY ***
Total pot $42 | Rake $0.50
Board [6d 7c 9d 3d 2s]
Seat 1: lin1rabbit (button) (small blind) showed [Ad 7s] and won ($41.50) with a pair of Sevens
Seat 4: Paavo_Nurmi (big blind) mucked


PokerStars Hand #153606110912:  Hold'em Limit ($3/$6 USD) - 2016/05/20 17:59:04 ET
Table 'Hodios' 6-max Seat #4 is the button
Seat 1: lin1rabbit ($119.18 in chips)
Seat 4: Paavo_Nurmi ($107.85 in chips)
Paavo_Nurmi: posts small blind $1
lin1rabbit: posts big blind $3
*** HOLE CARDS ***
Paavo_Nurmi: raises $3 to $6
lin1rabbit: raises $3 to $9
Paavo_Nurmi: calls $3
*** FLOP *** [5s 3s Tc]
lin1rabbit: bets $3
Paavo_Nurmi: calls $3
*** TURN *** [5s 3s Tc] [8h]
lin1rabbit: bets $6
Paavo_Nurmi: calls $6
*** RIVER *** [5s 3s Tc 8h] [4h]
lin1rabbit: bets $6
Paavo_Nurmi: calls $6
*** SHOW DOWN ***
lin1rabbit: shows [8d 8s] (three of a kind, Eights)
Paavo_Nurmi: mucks hand
lin1rabbit collected $47.50 from pot
*** SUMMARY ***
Total pot $48 | Rake $0.50
Board [5s 3s Tc 8h 4h]
Seat 1: lin1rabbit (big blind) showed [8d 8s] and won ($47.50) with three of a kind, Eights
Seat 4: Paavo_Nurmi (button) (small blind) mucked


PokerStars Hand #153606103605:  Hold'em Limit ($3/$6 USD) - 2016/05/20 17:58:53 ET
Table 'Hodios' 6-max Seat #1 is the button
Seat 1: lin1rabbit ($128.18 in chips)
Seat 4: Paavo_Nurmi ($99.21 in chips)
lin1rabbit: posts small blind $1
Paavo_Nurmi: posts big blind $3
*** HOLE CARDS ***
lin1rabbit: raises $3 to $6
Paavo_Nurmi: raises $3 to $9
lin1rabbit: calls $3
*** FLOP *** [Qc 7s Kh]
Paavo_Nurmi: bets $3
lin1rabbit: folds
Uncalled bet ($3) returned to Paavo_Nurmi
Paavo_Nurmi collected $17.64 from pot
Paavo_Nurmi: doesn't show hand
*** SUMMARY ***
Total pot $18 | Rake $0.36
Board [Qc 7s Kh]
Seat 1: lin1rabbit (button) (small blind) folded on the Flop
Seat 4: Paavo_Nurmi (big blind) collected ($17.64)


PokerStars Hand #153606090767:  Hold'em Limit ($3/$6 USD) - 2016/05/20 17:58:33 ET
Table 'Hodios' 6-max Seat #4 is the button
Seat 1: lin1rabbit ($116.66 in chips)
Seat 4: Paavo_Nurmi ($111.21 in chips)
Paavo_Nurmi: posts small blind $1
lin1rabbit: posts big blind $3
*** HOLE CARDS ***
Paavo_Nurmi: raises $3 to $6
lin1rabbit: raises $3 to $9
Paavo_Nurmi: calls $3
*** FLOP *** [9d Js Jc]
lin1rabbit: bets $3
Paavo_Nurmi: calls $3
*** TURN *** [9d Js Jc] [8s]
lin1rabbit: bets $6
Paavo_Nurmi: folds
Uncalled bet ($6) returned to lin1rabbit
lin1rabbit collected $23.52 from pot
lin1rabbit: doesn't show hand
*** SUMMARY ***
Total pot $24 | Rake $0.48
Board [9d Js Jc 8s]
Seat 1: lin1rabbit (big blind) collected ($23.52)
Seat 4: Paavo_Nurmi (button) (small blind) folded on the Turn


PokerStars Hand #153606152942:  Hold'em Limit ($3/$6 USD) - 2016/05/20 18:00:08 ET
Table 'Hodios' 6-max Seat #1 is the button
Seat 1: lin1rabbit ($161.96 in chips)
Seat 4: Paavo_Nurmi ($63.85 in chips)
lin1rabbit: posts small blind $1
Paavo_Nurmi: posts big blind $3
*** HOLE CARDS ***
lin1rabbit: raises $3 to $6
Paavo_Nurmi: folds
Uncalled bet ($3) returned to lin1rabbit
lin1rabbit collected $6 from pot
lin1rabbit: doesn't show hand
*** SUMMARY ***
Total pot $6 | Rake $0
Seat 1: lin1rabbit (button) (small blind) collected ($6)
Seat 4: Paavo_Nurmi (big blind) folded before Flop


PokerStars Hand #153606149228:  Hold'em Limit ($3/$6 USD) - 2016/05/20 18:00:03 ET
Table 'Hodios' 6-max Seat #4 is the button
Seat 1: lin1rabbit ($160.96 in chips)
Seat 4: Paavo_Nurmi ($64.85 in chips)
Paavo_Nurmi: posts small blind $1
lin1rabbit: posts big blind $3
*** HOLE CARDS ***
Paavo_Nurmi: folds
Uncalled bet ($2) returned to lin1rabbit
lin1rabbit collected $2 from pot
lin1rabbit: doesn't show hand
*** SUMMARY ***
Total pot $2 | Rake $0
Seat 1: lin1rabbit (big blind) collected ($2)
Seat 4: Paavo_Nurmi (button) (small blind) folded before Flop


PokerStars Hand #153606139253:  Hold'em Limit ($3/$6 USD) - 2016/05/20 17:59:48 ET
Table 'Hodios' 6-max Seat #1 is the button
Seat 1: lin1rabbit ($152.32 in chips)
Seat 4: Paavo_Nurmi ($73.85 in chips)
lin1rabbit: posts small blind $1
Paavo_Nurmi: posts big blind $3
*** HOLE CARDS ***
lin1rabbit: raises $3 to $6
Paavo_Nurmi: calls $3
*** FLOP *** [5h Ad 8d]
Paavo_Nurmi: checks
lin1rabbit: bets $3
Paavo_Nurmi: calls $3
*** TURN *** [5h Ad 8d] [5s]
Paavo_Nurmi: checks
lin1rabbit: bets $6
Paavo_Nurmi: folds
Uncalled bet ($6) returned to lin1rabbit
lin1rabbit collected $17.64 from pot
lin1rabbit: doesn't show hand
*** SUMMARY ***
Total pot $18 | Rake $0.36
Board [5h Ad 8d 5s]
Seat 1: lin1rabbit (button) (small blind) collected ($17.64)
Seat 4: Paavo_Nurmi (big blind) folded on the Turn


PokerStars Hand #153606135832:  Hold'em Limit ($3/$6 USD) - 2016/05/20 17:59:43 ET
Table 'Hodios' 6-max Seat #4 is the button
Seat 1: lin1rabbit ($151.32 in chips)
Seat 4: Paavo_Nurmi ($74.85 in chips)
Paavo_Nurmi: posts small blind $1
lin1rabbit: posts big blind $3
*** HOLE CARDS ***
Paavo_Nurmi: folds
Uncalled bet ($2) returned to lin1rabbit
lin1rabbit collected $2 from pot
lin1rabbit: doesn't show hand
*** SUMMARY ***
Total pot $2 | Rake $0
Seat 1: lin1rabbit (big blind) collected ($2)
Seat 4: Paavo_Nurmi (button) (small blind) folded before Flop


PokerStars Hand #153606121248:  Hold'em Limit ($3/$6 USD) - 2016/05/20 17:59:20 ET
Table 'Hodios' 6-max Seat #1 is the button
Seat 1: lin1rabbit ($142.68 in chips)
Seat 4: Paavo_Nurmi ($83.85 in chips)
lin1rabbit: posts small blind $1
Paavo_Nurmi: posts big blind $3
*** HOLE CARDS ***
lin1rabbit: raises $3 to $6
Paavo_Nurmi: calls $3
*** FLOP *** [5c 5h Jh]
Paavo_Nurmi: checks
lin1rabbit: bets $3
Paavo_Nurmi: calls $3
*** TURN *** [5c 5h Jh] [2s]
Paavo_Nurmi: checks
lin1rabbit: bets $6
Paavo_Nurmi: folds
Uncalled bet ($6) returned to lin1rabbit
lin1rabbit collected $17.64 from pot
lin1rabbit: doesn't show hand
*** SUMMARY ***
Total pot $18 | Rake $0.36
Board [5c 5h Jh 2s]
Seat 1: lin1rabbit (button) (small blind) collected ($17.64)
Seat 4: Paavo_Nurmi (big blind) folded on the Turn


PokerStars Hand #153606158617:  Hold'em Limit ($3/$6 USD) - 2016/05/20 18:00:16 ET
Table 'Hodios' 6-max Seat #4 is the button
Seat 1: lin1rabbit ($164.96 in chips)
Seat 4: Paavo_Nurmi ($60.85 in chips)
Paavo_Nurmi: posts small blind $1
lin1rabbit: posts big blind $3
*** HOLE CARDS ***
Paavo_Nurmi: raises $3 to $6
lin1rabbit: calls $3
*** FLOP *** [8h 9h 9c]
lin1rabbit: checks
Paavo_Nurmi: bets $3
lin1rabbit: folds
Uncalled bet ($3) returned to Paavo_Nurmi
Paavo_Nurmi collected $11.76 from pot
Paavo_Nurmi: doesn't show hand
*** SUMMARY ***
Total pot $12 | Rake $0.24
Board [8h 9h 9c]
Seat 1: lin1rabbit (big blind) folded on the Flop
Seat 4: Paavo_Nurmi (button) (small blind) collected ($11.76)


PokerStars Hand #153606168993:  Hold'em Limit ($3/$6 USD) - 2016/05/20 18:00:31 ET
Table 'Hodios' 6-max Seat #1 is the button
Seat 1: lin1rabbit ($158.96 in chips)
Seat 4: Paavo_Nurmi ($66.61 in chips)
lin1rabbit: posts small blind $1
Paavo_Nurmi: posts big blind $3
*** HOLE CARDS ***
lin1rabbit: raises $3 to $6
Paavo_Nurmi: calls $3
*** FLOP *** [2h Ah 2s]
Paavo_Nurmi: checks
lin1rabbit: bets $3
Paavo_Nurmi: calls $3
*** TURN *** [2h Ah 2s] [Js]
Paavo_Nurmi: checks
lin1rabbit: bets $6
Paavo_Nurmi: folds
Uncalled bet ($6) returned to lin1rabbit
lin1rabbit collected $17.64 from pot
lin1rabbit: doesn't show hand
*** SUMMARY ***
Total pot $18 | Rake $0.36
Board [2h Ah 2s Js]
Seat 1: lin1rabbit (button) (small blind) collected ($17.64)
Seat 4: Paavo_Nurmi (big blind) folded on the Turn


PokerStars Hand #153607061580:  Hold'em Limit ($3/$6 USD) - 2016/05/20 18:18:18 ET
Table 'Hodios' 6-max Seat #1 is the button
Seat 1: lin1rabbit ($168.60 in chips)
Seat 5: Cigarete94 ($119 in chips)
lin1rabbit: posts small blind $1
Cigarete94: posts big blind $3
*** HOLE CARDS ***
lin1rabbit: raises $3 to $6
Cigarete94: folds
Uncalled bet ($3) returned to lin1rabbit
lin1rabbit collected $6 from pot
lin1rabbit: doesn't show hand
*** SUMMARY ***
Total pot $6 | Rake $0
Seat 1: lin1rabbit (button) (small blind) collected ($6)
Seat 5: Cigarete94 (big blind) folded before Flop


PokerStars Hand #153607067898:  Hold'em Limit ($3/$6 USD) - 2016/05/20 18:18:26 ET
Table 'Hodios' 6-max Seat #5 is the button
Seat 1: lin1rabbit ($171.60 in chips)
Seat 5: Cigarete94 ($116 in chips)
Cigarete94: posts small blind $1
lin1rabbit: posts big blind $3
*** HOLE CARDS ***
Cigarete94: raises $3 to $6
lin1rabbit: calls $3
*** FLOP *** [4c Th Jc]
lin1rabbit: checks
Cigarete94: checks
*** TURN *** [4c Th Jc] [Ad]
lin1rabbit: checks
Cigarete94: bets $6
lin1rabbit: folds
Uncalled bet ($6) returned to Cigarete94
Cigarete94 collected $11.76 from pot
Cigarete94: doesn't show hand
*** SUMMARY ***
Total pot $12 | Rake $0.24
Board [4c Th Jc Ad]
Seat 1: lin1rabbit (big blind) folded on the Turn
Seat 5: Cigarete94 (button) (small blind) collected ($11.76)


PokerStars Hand #153607085722:  Hold'em Limit ($3/$6 USD) - 2016/05/20 18:18:48 ET
Table 'Hodios' 6-max Seat #5 is the button
Seat 1: lin1rabbit ($168.60 in chips)
Seat 5: Cigarete94 ($118.76 in chips)
Cigarete94: posts small blind $1
lin1rabbit: posts big blind $3
*** HOLE CARDS ***
Cigarete94: folds
Uncalled bet ($2) returned to lin1rabbit
lin1rabbit collected $2 from pot
lin1rabbit: doesn't show hand
*** SUMMARY ***
Total pot $2 | Rake $0
Seat 1: lin1rabbit (big blind) collected ($2)
Seat 5: Cigarete94 (button) (small blind) folded before Flop


PokerStars Hand #153607080693:  Hold'em Limit ($3/$6 USD) - 2016/05/20 18:18:41 ET
Table 'Hodios' 6-max Seat #1 is the button
Seat 1: lin1rabbit ($165.60 in chips)
Seat 5: Cigarete94 ($121.76 in chips)
lin1rabbit: posts small blind $1
Cigarete94: posts big blind $3
*** HOLE CARDS ***
lin1rabbit: raises $3 to $6
Cigarete94: folds
Uncalled bet ($3) returned to lin1rabbit
lin1rabbit collected $6 from pot
lin1rabbit: doesn't show hand
*** SUMMARY ***
Total pot $6 | Rake $0
Seat 1: lin1rabbit (button) (small blind) collected ($6)
Seat 5: Cigarete94 (big blind) folded before Flop


PokerStars Hand #153607106734:  Hold'em Limit ($3/$6 USD) - 2016/05/20 18:19:14 ET
Table 'Hodios' 6-max Seat #5 is the button
Seat 1: lin1rabbit ($154.60 in chips)
Seat 5: Cigarete94 ($132.26 in chips)
Cigarete94: posts small blind $1
lin1rabbit: posts big blind $3
*** HOLE CARDS ***
Cigarete94: raises $3 to $6
lin1rabbit: raises $3 to $9
Cigarete94: calls $3
*** FLOP *** [Ah Kh 5d]
ValeryRon joins the table at seat #3
lin1rabbit: bets $3
Cigarete94: calls $3
*** TURN *** [Ah Kh 5d] [6d]
lin1rabbit: bets $6
Cigarete94: calls $6
*** RIVER *** [Ah Kh 5d 6d] [8c]
lin1rabbit: checks
Cigarete94: checks
*** SHOW DOWN ***
lin1rabbit: shows [9c 9h] (a pair of Nines)
Cigarete94: shows [Jd Jh] (a pair of Jacks)
Cigarete94 collected $35.50 from pot
*** SUMMARY ***
Total pot $36 | Rake $0.50
Board [Ah Kh 5d 6d 8c]
Seat 1: lin1rabbit (big blind) showed [9c 9h] and lost with a pair of Nines
Seat 5: Cigarete94 (button) (small blind) showed [Jd Jh] and won ($35.50) with a pair of Jacks


PokerStars Hand #153607089918:  Hold'em Limit ($3/$6 USD) - 2016/05/20 18:18:53 ET
Table 'Hodios' 6-max Seat #1 is the button
Seat 1: lin1rabbit ($169.60 in chips)
Seat 5: Cigarete94 ($117.76 in chips)
lin1rabbit: posts small blind $1
Cigarete94: posts big blind $3
*** HOLE CARDS ***
lin1rabbit: raises $3 to $6
Cigarete94: calls $3
*** FLOP *** [6s 4c 6c]
Cigarete94: checks
lin1rabbit: bets $3
Cigarete94: calls $3
*** TURN *** [6s 4c 6c] [3d]
Cigarete94: checks
lin1rabbit: checks
*** RIVER *** [6s 4c 6c 3d] [3h]
Cigarete94: bets $6
hespes4 joins the table at seat #2
lin1rabbit: calls $6
*** SHOW DOWN ***
Cigarete94: shows [As 8d] (two pair, Sixes and Threes)
lin1rabbit: mucks hand
Cigarete94 collected $29.50 from pot
*** SUMMARY ***
Total pot $30 | Rake $0.50
Board [6s 4c 6c 3d 3h]
Seat 1: lin1rabbit (button) (small blind) mucked
Seat 5: Cigarete94 (big blind) showed [As 8d] and won ($29.50) with two pair, Sixes and Threes


PokerStars Hand #153608818878:  Hold'em Limit ($3/$6 USD) - 2016/05/20 18:57:23 ET
Table 'Hodios' 6-max Seat #1 is the button
Seat 1: lin1rabbit ($83 in chips)
Seat 5: LolDnkaments ($83.52 in chips)
lin1rabbit: posts small blind $1
LolDnkaments: posts big blind $3
*** HOLE CARDS ***
lin1rabbit: raises $3 to $6
LolDnkaments: calls $3
*** FLOP *** [Qh 7c Qd]
LolDnkaments: checks
BuzovaPro leaves the table
lin1rabbit: bets $3
LolDnkaments: calls $3
*** TURN *** [Qh 7c Qd] [2s]
LolDnkaments: checks
lin1rabbit: bets $6
LolDnkaments: calls $6
*** RIVER *** [Qh 7c Qd 2s] [5h]
LolDnkaments: checks
lin1rabbit: bets $6
LolDnkaments: folds
Uncalled bet ($6) returned to lin1rabbit
lin1rabbit collected $29.50 from pot
lin1rabbit: doesn't show hand
*** SUMMARY ***
Total pot $30 | Rake $0.50
Board [Qh 7c Qd 2s 5h]
Seat 1: lin1rabbit (button) (small blind) collected ($29.50)
Seat 5: LolDnkaments (big blind) folded on the River


PokerStars Hand #153608801150:  Hold'em Limit ($3/$6 USD) - 2016/05/20 18:56:52 ET
Table 'Hodios' 6-max Seat #5 is the button
Seat 1: lin1rabbit ($95 in chips)
Seat 5: LolDnkaments ($72 in chips)
LolDnkaments: posts small blind $1
BuzovaPro: is sitting out
lin1rabbit: posts big blind $3
*** HOLE CARDS ***
ValeryRon leaves the table
LolDnkaments: raises $3 to $6
lin1rabbit: raises $3 to $9
LolDnkaments: calls $3
*** FLOP *** [As Ad Kd]
lin1rabbit: bets $3
LolDnkaments: calls $3
*** TURN *** [As Ad Kd] [6d]
lin1rabbit: checks
LolDnkaments: bets $6
lin1rabbit: folds
Uncalled bet ($6) returned to LolDnkaments
LolDnkaments collected $23.52 from pot
LolDnkaments: doesn't show hand
*** SUMMARY ***
Total pot $24 | Rake $0.48
Board [As Ad Kd 6d]
Seat 1: lin1rabbit (big blind) folded on the Turn
Seat 5: LolDnkaments (button) (small blind) collected ($23.52)


PokerStars Hand #153608849219:  Hold'em Limit ($3/$6 USD) - 2016/05/20 18:58:15 ET
Table 'Hodios' 6-max Seat #1 is the button
Seat 1: lin1rabbit ($115 in chips)
Seat 5: LolDnkaments ($72 in chips)
lin1rabbit: posts small blind $1
LolDnkaments: posts big blind $3
*** HOLE CARDS ***
lin1rabbit: raises $3 to $6
LolDnkaments: raises $3 to $9
lin1rabbit: raises $3 to $12
Betting is capped
LolDnkaments: calls $3
*** FLOP *** [9s 7d Ah]
LolDnkaments: checks
lin1rabbit: bets $3
LolDnkaments: calls $3
*** TURN *** [9s 7d Ah] [2c]
LolDnkaments: checks
lin1rabbit: bets $6
LolDnkaments: calls $6
*** RIVER *** [9s 7d Ah 2c] [Kh]
LolDnkaments: checks
lin1rabbit: bets $6
LolDnkaments: calls $6
*** SHOW DOWN ***
lin1rabbit: shows [Ad 4d] (a pair of Aces)
LolDnkaments: shows [Ac 3c] (a pair of Aces)
LolDnkaments collected $26.75 from pot
lin1rabbit collected $26.75 from pot
*** SUMMARY ***
Total pot $54 | Rake $0.50
Board [9s 7d Ah 2c Kh]
Seat 1: lin1rabbit (button) (small blind) showed [Ad 4d] and won ($26.75) with a pair of Aces
Seat 5: LolDnkaments (big blind) showed [Ac 3c] and won ($26.75) with a pair of Aces


PokerStars Hand #153608831888:  Hold'em Limit ($3/$6 USD) - 2016/05/20 18:57:45 ET
Table 'Hodios' 6-max Seat #5 is the button
Seat 1: lin1rabbit ($97.50 in chips)
Seat 5: LolDnkaments ($72 in chips)
LolDnkaments: posts small blind $1
lin1rabbit: posts big blind $3
*** HOLE CARDS ***
LolDnkaments: raises $3 to $6
lin1rabbit: raises $3 to $9
LolDnkaments: calls $3
*** FLOP *** [2h 2d Kc]
lin1rabbit: bets $3
LolDnkaments: calls $3
*** TURN *** [2h 2d Kc] [9c]
lin1rabbit: checks
LolDnkaments: bets $6
lin1rabbit: calls $6
*** RIVER *** [2h 2d Kc 9c] [8h]
lin1rabbit: checks
LolDnkaments: checks
*** SHOW DOWN ***
lin1rabbit: shows [9d Th] (two pair, Nines and Deuces)
LolDnkaments: mucks hand
lin1rabbit collected $35.50 from pot
*** SUMMARY ***
Total pot $36 | Rake $0.50
Board [2h 2d Kc 9c 8h]
Seat 1: lin1rabbit (big blind) showed [9d Th] and won ($35.50) with two pair, Nines and Deuces
Seat 5: LolDnkaments (button) (small blind) mucked


PokerStars Hand #153608889120:  Hold'em Limit ($3/$6 USD) - 2016/05/20 18:59:25 ET
Table 'Hodios' 6-max Seat #1 is the button
Seat 1: lin1rabbit ($90.75 in chips)
Seat 5: LolDnkaments ($95.50 in chips)
lin1rabbit: posts small blind $1
LolDnkaments: posts big blind $3
*** HOLE CARDS ***
lin1rabbit: raises $3 to $6
LolDnkaments: calls $3
*** FLOP *** [2h 6d 5c]
LolDnkaments: checks
lin1rabbit: bets $3
LolDnkaments: raises $3 to $6
lin1rabbit: calls $3
*** TURN *** [2h 6d 5c] [As]
LolDnkaments: bets $6
lin1rabbit: calls $6
*** RIVER *** [2h 6d 5c As] [9s]
LolDnkaments: checks
lin1rabbit: bets $6
LolDnkaments: calls $6
*** SHOW DOWN ***
lin1rabbit: shows [9c 6h] (two pair, Nines and Sixes)
LolDnkaments: mucks hand
lin1rabbit collected $47.50 from pot
*** SUMMARY ***
Total pot $48 | Rake $0.50
Board [2h 6d 5c As 9s]
Seat 1: lin1rabbit (button) (small blind) showed [9c 6h] and won ($47.50) with two pair, Nines and Sixes
Seat 5: LolDnkaments (big blind) mucked


PokerStars Hand #153608866334:  Hold'em Limit ($3/$6 USD) - 2016/05/20 18:58:45 ET
Table 'Hodios' 6-max Seat #5 is the button
Seat 1: lin1rabbit ($114.75 in chips)
Seat 5: LolDnkaments ($72 in chips)
LolDnkaments: posts small blind $1
lin1rabbit: posts big blind $3
*** HOLE CARDS ***
LolDnkaments: raises $3 to $6
lin1rabbit: raises $3 to $9
LolDnkaments: calls $3
*** FLOP *** [3h Tc 4d]
lin1rabbit: bets $3
LolDnkaments: calls $3
*** TURN *** [3h Tc 4d] [3d]
lin1rabbit: checks
LolDnkaments: bets $6
lin1rabbit: calls $6
*** RIVER *** [3h Tc 4d 3d] [9s]
lin1rabbit: checks
LolDnkaments: bets $6
lin1rabbit: calls $6
*** SHOW DOWN ***
LolDnkaments: shows [6s Td] (two pair, Tens and Threes)
lin1rabbit: mucks hand
LolDnkaments collected $47.50 from pot
*** SUMMARY ***
Total pot $48 | Rake $0.50
Board [3h Tc 4d 3d 9s]
Seat 1: lin1rabbit (big blind) mucked
Seat 5: LolDnkaments (button) (small blind) showed [6s Td] and won ($47.50) with two pair, Tens and Threes


PokerStars Hand #153608923159:  Hold'em Limit ($3/$6 USD) - 2016/05/20 19:00:23 ET
Table 'Hodios' 6-max Seat #1 is the button
Seat 1: lin1rabbit ($131.75 in chips)
Seat 5: LolDnkaments ($72 in chips)
lin1rabbit: posts small blind $1
LolDnkaments: posts big blind $3
*** HOLE CARDS ***
lin1rabbit: raises $3 to $6
LolDnkaments: calls $3
*** FLOP *** [Kc 5c 7c]
LolDnkaments: checks
lin1rabbit: bets $3
LolDnkaments: calls $3
*** TURN *** [Kc 5c 7c] [3d]
LolDnkaments: checks
lin1rabbit: bets $6
LolDnkaments: calls $6
*** RIVER *** [Kc 5c 7c 3d] [6c]
LolDnkaments: checks
lin1rabbit: bets $6
LolDnkaments: raises $6 to $12
lin1rabbit: calls $6
*** SHOW DOWN ***
LolDnkaments: shows [Ac 3s] (a flush, Ace high)
lin1rabbit: mucks hand
LolDnkaments collected $53.50 from pot
*** SUMMARY ***
Total pot $54 | Rake $0.50
Board [Kc 5c 7c 3d 6c]
Seat 1: lin1rabbit (button) (small blind) mucked
Seat 5: LolDnkaments (big blind) showed [Ac 3s] and won ($53.50) with a flush, Ace high


PokerStars Hand #153608912784:  Hold'em Limit ($3/$6 USD) - 2016/05/20 19:00:05 ET
Table 'Hodios' 6-max Seat #5 is the button
Seat 1: lin1rabbit ($114.25 in chips)
Seat 5: LolDnkaments ($72 in chips)
LolDnkaments: posts small blind $1
lin1rabbit: posts big blind $3
*** HOLE CARDS ***
LolDnkaments: raises $3 to $6
lin1rabbit: raises $3 to $9
LolDnkaments: calls $3
*** FLOP *** [3s 2d Kh]
lin1rabbit: bets $3
LolDnkaments: calls $3
*** TURN *** [3s 2d Kh] [4c]
lin1rabbit: bets $6
LolDnkaments: calls $6
*** RIVER *** [3s 2d Kh 4c] [Jh]
lin1rabbit: bets $6
LolDnkaments: folds
Uncalled bet ($6) returned to lin1rabbit
lin1rabbit collected $35.50 from pot
lin1rabbit: doesn't show hand
*** SUMMARY ***
Total pot $36 | Rake $0.50
Board [3s 2d Kh 4c Jh]
Seat 1: lin1rabbit (big blind) collected ($35.50)
Seat 5: LolDnkaments (button) (small blind) folded on the River


