PokerStars Hand #176536903268:  Hold'em Limit ($3/$6 USD) - 2017/10/05 16:51:00 ET
Table 'Hohensteina' 6-max Seat #4 is the button
Seat 2: uglyghost101 ($122.14 in chips)
Seat 4: Actionni13 ($158.50 in chips)
Actionni13: posts small blind $1
uglyghost101: posts big blind $3
*** HOLE CARDS ***
Actionni13: raises $3 to $6
uglyghost101: calls $3
*** FLOP *** [Ah As 4c]
uglyghost101: bets $3
Actionni13: calls $3
*** TURN *** [Ah As 4c] [Qs]
uglyghost101: checks
Actionni13: bets $6
uglyghost101: folds
Uncalled bet ($6) returned to Actionni13
Actionni13 collected $17.64 from pot
Actionni13: doesn't show hand
*** SUMMARY ***
Total pot $18 | Rake $0.36
Board [Ah As 4c Qs]
Seat 2: uglyghost101 (big blind) folded on the Turn
Seat 4: Actionni13 (button) (small blind) collected ($17.64)


PokerStars Hand #176536879255:  Hold'em Limit ($3/$6 USD) - 2017/10/05 16:50:29 ET
Table 'Hohensteina' 6-max Seat #2 is the button
Seat 2: uglyghost101 ($107.64 in chips)
Seat 4: Actionni13 ($173.50 in chips)
uglyghost101: posts small blind $1
Actionni13: posts big blind $3
*** HOLE CARDS ***
uglyghost101: raises $3 to $6
Actionni13: calls $3
*** FLOP *** [Qs 5d Qc]
Actionni13: checks
uglyghost101: bets $3
Actionni13: calls $3
*** TURN *** [Qs 5d Qc] [Ks]
Actionni13: checks
uglyghost101: bets $6
Actionni13: calls $6
*** RIVER *** [Qs 5d Qc Ks] [4c]
Actionni13: checks
uglyghost101: bets $6
Actionni13: folds
Uncalled bet ($6) returned to uglyghost101
uglyghost101 collected $29.50 from pot
uglyghost101: doesn't show hand
*** SUMMARY ***
Total pot $30 | Rake $0.50
Board [Qs 5d Qc Ks 4c]
Seat 2: uglyghost101 (button) (small blind) collected ($29.50)
Seat 4: Actionni13 (big blind) folded on the River


PokerStars Hand #176536943435:  Hold'em Limit ($3/$6 USD) - 2017/10/05 16:51:52 ET
Table 'Hohensteina' 6-max Seat #4 is the button
Seat 2: uglyghost101 ($104.14 in chips)
Seat 4: Actionni13 ($175.78 in chips)
Actionni13: posts small blind $1
uglyghost101: posts big blind $3
*** HOLE CARDS ***
Actionni13: raises $3 to $6
uglyghost101: calls $3
*** FLOP *** [5h 5s 4s]
uglyghost101: checks
Actionni13: bets $3
uglyghost101: calls $3
*** TURN *** [5h 5s 4s] [2h]
uglyghost101: checks
Actionni13: bets $6
uglyghost101: folds
Uncalled bet ($6) returned to Actionni13
Actionni13 collected $17.64 from pot
Actionni13: doesn't show hand
*** SUMMARY ***
Total pot $18 | Rake $0.36
Board [5h 5s 4s 2h]
Seat 2: uglyghost101 (big blind) folded on the Turn
Seat 4: Actionni13 (button) (small blind) collected ($17.64)


PokerStars Hand #176536920385:  Hold'em Limit ($3/$6 USD) - 2017/10/05 16:51:22 ET
Table 'Hohensteina' 6-max Seat #2 is the button
Seat 2: uglyghost101 ($113.14 in chips)
Seat 4: Actionni13 ($167.14 in chips)
uglyghost101: posts small blind $1
Actionni13: posts big blind $3
*** HOLE CARDS ***
uglyghost101: raises $3 to $6
Actionni13: calls $3
*** FLOP *** [Th 4h Ks]
Actionni13: checks
uglyghost101: bets $3
Actionni13: calls $3
*** TURN *** [Th 4h Ks] [7d]
Actionni13: checks
uglyghost101: checks
*** RIVER *** [Th 4h Ks 7d] [5d]
Actionni13: checks
uglyghost101: checks
*** SHOW DOWN ***
Actionni13: shows [6d 4d] (a pair of Fours)
uglyghost101: mucks hand
Actionni13 collected $17.64 from pot
*** SUMMARY ***
Total pot $18 | Rake $0.36
Board [Th 4h Ks 7d 5d]
Seat 2: uglyghost101 (button) (small blind) mucked
Seat 4: Actionni13 (big blind) showed [6d 4d] and won ($17.64) with a pair of Fours


PokerStars Hand #176536971674:  Hold'em Limit ($3/$6 USD) - 2017/10/05 16:52:28 ET
Table 'Hohensteina' 6-max Seat #4 is the button
Seat 2: uglyghost101 ($98.14 in chips)
Seat 4: Actionni13 ($181.42 in chips)
Actionni13: posts small blind $1
uglyghost101: posts big blind $3
*** HOLE CARDS ***
Actionni13: raises $3 to $6
uglyghost101: folds
Uncalled bet ($3) returned to Actionni13
Actionni13 collected $6 from pot
Actionni13: doesn't show hand
*** SUMMARY ***
Total pot $6 | Rake $0
Seat 2: uglyghost101 (big blind) folded before Flop
Seat 4: Actionni13 (button) (small blind) collected ($6)


PokerStars Hand #176536962308:  Hold'em Limit ($3/$6 USD) - 2017/10/05 16:52:16 ET
Table 'Hohensteina' 6-max Seat #2 is the button
Seat 2: uglyghost101 ($95.14 in chips)
Seat 4: Actionni13 ($184.42 in chips)
Iswarm1 joins the table at seat #3
uglyghost101: posts small blind $1
Actionni13: posts big blind $3
*** HOLE CARDS ***
uglyghost101: raises $3 to $6
Actionni13: folds
Uncalled bet ($3) returned to uglyghost101
uglyghost101 collected $6 from pot
uglyghost101: doesn't show hand
*** SUMMARY ***
Total pot $6 | Rake $0
Seat 2: uglyghost101 (button) (small blind) collected ($6)
Seat 4: Actionni13 (big blind) folded before Flop


PokerStars Hand #176537796224:  Hold'em Limit ($3/$6 USD) - 2017/10/05 17:11:10 ET
Table 'Hohensteina' 6-max Seat #5 is the button
Seat 2: uglyghost101 ($250.65 in chips)
Seat 5: vestimokrec ($116.46 in chips)
vestimokrec: posts small blind $1
uglyghost101: posts big blind $3
*** HOLE CARDS ***
vestimokrec: raises $3 to $6
uglyghost101: calls $3
*** FLOP *** [5c 7c Ad]
uglyghost101: checks
Lobelt55 joins the table at seat #6
vestimokrec: checks
*** TURN *** [5c 7c Ad] [Kh]
uglyghost101: checks
vestimokrec: checks
*** RIVER *** [5c 7c Ad Kh] [Kd]
uglyghost101: checks
vestimokrec: checks
*** SHOW DOWN ***
uglyghost101: shows [6d Qd] (a pair of Kings)
vestimokrec: shows [9h 5h] (two pair, Kings and Fives)
vestimokrec collected $11.76 from pot
*** SUMMARY ***
Total pot $12 | Rake $0.24
Board [5c 7c Ad Kh Kd]
Seat 2: uglyghost101 (big blind) showed [6d Qd] and lost with a pair of Kings
Seat 5: vestimokrec (button) (small blind) showed [9h 5h] and won ($11.76) with two pair, Kings and Fives


PokerStars Hand #176537856122:  Hold'em Limit ($3/$6 USD) - 2017/10/05 17:12:27 ET
Table 'Hohensteina' 6-max Seat #2 is the button
Seat 1: vestimokrec ($139.74 in chips)
Seat 2: uglyghost101 ($223.65 in chips)
uglyghost101: posts small blind $1
Lobelt55: is sitting out
vestimokrec: posts big blind $3
*** HOLE CARDS ***
Lobelt55 leaves the table
uglyghost101: raises $3 to $6
vestimokrec: calls $3
*** FLOP *** [7s 3c Td]
vestimokrec: checks
uglyghost101: bets $3
vestimokrec: folds
Uncalled bet ($3) returned to uglyghost101
uglyghost101 collected $11.76 from pot
uglyghost101: doesn't show hand
*** SUMMARY ***
Total pot $12 | Rake $0.24
Board [7s 3c Td]
Seat 1: vestimokrec (big blind) folded on the Flop
Seat 2: uglyghost101 (button) (small blind) collected ($11.76)


