PokerStars Hand #150972440834:  Hold'em Limit ($3/$6 USD) - 2016/03/26 15:43:30 ET
Table 'Hollandia' 6-max Seat #2 is the button
Seat 1: Velbor107 ($291 in chips)
Seat 2: erlinho89 ($39.63 in chips)
erlinho89: posts small blind $1
Velbor107: posts big blind $3
*** HOLE CARDS ***
erlinho89: raises $3 to $6
Velbor107: calls $3
*** FLOP *** [Ad Kc Ks]
Velbor107: checks
erlinho89: bets $3
Velbor107: folds
Uncalled bet ($3) returned to erlinho89
erlinho89 collected $11.76 from pot
erlinho89: doesn't show hand
*** SUMMARY ***
Total pot $12 | Rake $0.24
Board [Ad Kc Ks]
Seat 1: Velbor107 (big blind) folded on the Flop
Seat 2: erlinho89 (button) (small blind) collected ($11.76)


PokerStars Hand #150972421509:  Hold'em Limit ($3/$6 USD) - 2016/03/26 15:43:09 ET
Table 'Hollandia' 6-max Seat #1 is the button
Seat 1: Velbor107 ($300 in chips)
Seat 2: erlinho89 ($30.99 in chips)
Velbor107: posts small blind $1
erlinho89: posts big blind $3
*** HOLE CARDS ***
Velbor107: raises $3 to $6
erlinho89: raises $3 to $9
Velbor107: calls $3
*** FLOP *** [Th 9d 9s]
erlinho89: bets $3
Velbor107: folds
Uncalled bet ($3) returned to erlinho89
erlinho89 collected $17.64 from pot
erlinho89: doesn't show hand
*** SUMMARY ***
Total pot $18 | Rake $0.36
Board [Th 9d 9s]
Seat 1: Velbor107 (button) (small blind) folded on the Flop
Seat 2: erlinho89 (big blind) collected ($17.64)


PokerStars Hand #150972404457:  Hold'em Limit ($3/$6 USD) - 2016/03/26 15:42:50 ET
Table 'Hollandia' 6-max Seat #2 is the button
Seat 1: Velbor107 ($303 in chips)
Seat 2: erlinho89 ($27.99 in chips)
erlinho89: posts small blind $1
Velbor107: posts big blind $3
*** HOLE CARDS ***
erlinho89: raises $3 to $6
vestimokrec joins the table at seat #3
Velbor107: folds
Uncalled bet ($3) returned to erlinho89
erlinho89 collected $6 from pot
erlinho89: doesn't show hand
*** SUMMARY ***
Total pot $6 | Rake $0
Seat 1: Velbor107 (big blind) folded before Flop
Seat 2: erlinho89 (button) (small blind) collected ($6)


PokerStars Hand #150972449278:  Hold'em Limit ($3/$6 USD) - 2016/03/26 15:43:39 ET
Table 'Hollandia' 6-max Seat #1 is the button
Seat 1: Velbor107 ($285 in chips)
Seat 2: erlinho89 ($45.39 in chips)
Velbor107: posts small blind $1
erlinho89: posts big blind $3
*** HOLE CARDS ***
Velbor107: raises $3 to $6
william5656 joins the table at seat #6
erlinho89: folds
Uncalled bet ($3) returned to Velbor107
Velbor107 collected $6 from pot
*** SUMMARY ***
Total pot $6 | Rake $0
Seat 1: Velbor107 (button) (small blind) collected ($6)
Seat 2: erlinho89 (big blind) folded before Flop


PokerStars Hand #150977481273:  Hold'em Limit ($3/$6 USD) - 2016/03/26 17:13:55 ET
Table 'Hollandia' 6-max Seat #1 is the button
Seat 1: Velbor107 ($266.66 in chips)
Seat 6: william5656 ($333.40 in chips)
Velbor107: posts small blind $1
GRAILKO: is sitting out
Actionni13: is sitting out
william5656: posts big blind $3
*** HOLE CARDS ***
Velbor107: folds
Uncalled bet ($2) returned to william5656
william5656 collected $2 from pot
william5656: doesn't show hand
*** SUMMARY ***
Total pot $2 | Rake $0
Seat 1: Velbor107 (button) (small blind) folded before Flop
Seat 6: william5656 (big blind) collected ($2)


