PokerStars Hand #156782764895:  Hold'em Limit ($3/$6 USD) - 2016/08/02 16:33:08 ET
Table 'Hollandia' 6-max Seat #1 is the button
Seat 1: Zubasa07 ($500 in chips)
Seat 2: gorcea_vs ($67.15 in chips)
ValeryRon joins the table at seat #3
Zubasa07: posts small blind $1
gorcea_vs: posts big blind $3
*** HOLE CARDS ***
Zubasa07: raises $3 to $6
gorcea_vs: calls $3
*** FLOP *** [9h 6s 2c]
gorcea_vs: checks
Zubasa07: bets $3
gorcea_vs: folds
Uncalled bet ($3) returned to Zubasa07
Zubasa07 collected $11.76 from pot
Zubasa07: doesn't show hand
*** SUMMARY ***
Total pot $12 | Rake $0.24
Board [9h 6s 2c]
Seat 1: Zubasa07 (button) (small blind) collected ($11.76)
Seat 2: gorcea_vs (big blind) folded on the Flop


PokerStars Hand #156788847813:  Hold'em Limit ($3/$6 USD) - 2016/08/02 18:44:11 ET
Table 'Hollandia' 6-max Seat #3 is the button
Seat 3: zischepc ($167.55 in chips)
Seat 6: Chessnok ($150.85 in chips)
zischepc: posts small blind $1
Zubasa07: is sitting out
Chessnok: posts big blind $3
*** HOLE CARDS ***
zischepc: raises $3 to $6
Zubasa07 leaves the table
Chessnok: folds
Uncalled bet ($3) returned to zischepc
zischepc collected $6 from pot
zischepc: doesn't show hand
7moneymaster leaves the table
*** SUMMARY ***
Total pot $6 | Rake $0
Seat 3: zischepc (button) (small blind) collected ($6)
Seat 6: Chessnok (big blind) folded before Flop


PokerStars Hand #156788882179:  Hold'em Limit ($3/$6 USD) - 2016/08/02 18:45:02 ET
Table 'Hollandia' 6-max Seat #6 is the button
Seat 3: zischepc ($182.05 in chips)
Seat 6: Chessnok ($135.61 in chips)
Chessnok: posts small blind $1
zischepc: posts big blind $3
*** HOLE CARDS ***
Chessnok: raises $3 to $6
zischepc: calls $3
*** FLOP *** [Ks As 5d]
zischepc: bets $3
Chessnok: folds
Uncalled bet ($3) returned to zischepc
zischepc collected $11.76 from pot
zischepc: doesn't show hand
*** SUMMARY ***
Total pot $12 | Rake $0.24
Board [Ks As 5d]
Seat 3: zischepc (big blind) collected ($11.76)
Seat 6: Chessnok (button) (small blind) folded on the Flop


PokerStars Hand #156788864217:  Hold'em Limit ($3/$6 USD) - 2016/08/02 18:44:36 ET
Table 'Hollandia' 6-max Seat #3 is the button
Seat 3: zischepc ($164.55 in chips)
Seat 6: Chessnok ($153.61 in chips)
zischepc: posts small blind $1
Chessnok: posts big blind $3
*** HOLE CARDS ***
zischepc: raises $3 to $6
Chessnok: calls $3
*** FLOP *** [Ks Qc 3s]
Chessnok: checks
Necromadx leaves the table
zischepc: bets $3
Chessnok: raises $3 to $6
zischepc: calls $3
*** TURN *** [Ks Qc 3s] [Ah]
Chessnok: checks
zischepc: checks
*** RIVER *** [Ks Qc 3s Ah] [7h]
Chessnok: checks
zischepc: bets $6
Chessnok: calls $6
*** SHOW DOWN ***
zischepc: shows [9s Kc] (a pair of Kings)
Chessnok: mucks hand
zischepc collected $35.50 from pot
*** SUMMARY ***
Total pot $36 | Rake $0.50
Board [Ks Qc 3s Ah 7h]
Seat 3: zischepc (button) (small blind) showed [9s Kc] and won ($35.50) with a pair of Kings
Seat 6: Chessnok (big blind) mucked


PokerStars Hand #156788852915:  Hold'em Limit ($3/$6 USD) - 2016/08/02 18:44:18 ET
Table 'Hollandia' 6-max Seat #6 is the button
Seat 3: zischepc ($170.55 in chips)
Seat 6: Chessnok ($147.85 in chips)
Chessnok: posts small blind $1
zischepc: posts big blind $3
*** HOLE CARDS ***
Chessnok: raises $3 to $6
zischepc: calls $3
*** FLOP *** [Qc 7s 3c]
zischepc: checks
Chessnok: bets $3
zischepc: folds
Uncalled bet ($3) returned to Chessnok
Chessnok collected $11.76 from pot
Chessnok: doesn't show hand
*** SUMMARY ***
Total pot $12 | Rake $0.24
Board [Qc 7s 3c]
Seat 3: zischepc (big blind) folded on the Flop
Seat 6: Chessnok (button) (small blind) collected ($11.76)


