PokerStars Hand #144302070550:  Hold'em Limit ($3/$6 USD) - 2015/11/24 4:41:02 ET
Table 'Hollandia' 6-max Seat #2 is the button
Seat 1: AndrewCan ($111 in chips)
Seat 2: TbIP-TbIP 88 ($80.64 in chips)
TbIP-TbIP 88: posts small blind $1
AndrewCan: posts big blind $3
*** HOLE CARDS ***
TbIP-TbIP 88: raises $3 to $6
AndrewCan: raises $3 to $9
TbIP-TbIP 88: calls $3
*** FLOP *** [7d 6c 2h]
chipsdigme86 joins the table at seat #6
AndrewCan: bets $3
TbIP-TbIP 88: calls $3
*** TURN *** [7d 6c 2h] [2d]
AndrewCan: bets $6
TbIP-TbIP 88: folds
Uncalled bet ($6) returned to AndrewCan
AndrewCan collected $23.52 from pot
AndrewCan: doesn't show hand
*** SUMMARY ***
Total pot $24 | Rake $0.48
Board [7d 6c 2h 2d]
Seat 1: AndrewCan (big blind) collected ($23.52)
Seat 2: TbIP-TbIP 88 (button) (small blind) folded on the Turn


PokerStars Hand #144302057095:  Hold'em Limit ($3/$6 USD) - 2015/11/24 4:40:24 ET
Table 'Hollandia' 6-max Seat #1 is the button
Seat 1: AndrewCan ($120 in chips)
Seat 2: TbIP-TbIP 88 ($72 in chips)
AndrewCan: posts small blind $1
TbIP-TbIP 88: posts big blind $3
*** HOLE CARDS ***
AndrewCan: calls $2
TbIP-TbIP 88: checks
*** FLOP *** [2c 7h Ts]
TbIP-TbIP 88: checks
AndrewCan: checks
*** TURN *** [2c 7h Ts] [8s]
TbIP-TbIP 88: checks
AndrewCan: checks
*** RIVER *** [2c 7h Ts 8s] [Jc]
TbIP-TbIP 88: bets $6
AndrewCan: calls $6
*** SHOW DOWN ***
TbIP-TbIP 88: shows [9s 3h] (a straight, Seven to Jack)
AndrewCan: mucks hand
TbIP-TbIP 88 collected $17.64 from pot
*** SUMMARY ***
Total pot $18 | Rake $0.36
Board [2c 7h Ts 8s Jc]
Seat 1: AndrewCan (button) (small blind) mucked
Seat 2: TbIP-TbIP 88 (big blind) showed [9s 3h] and won ($17.64) with a straight, Seven to Jack


PokerStars Hand #144302080339:  Hold'em Limit ($3/$6 USD) - 2015/11/24 4:41:30 ET
Table 'Hollandia' 6-max Seat #1 is the button
Seat 1: AndrewCan ($122.52 in chips)
Seat 2: TbIP-TbIP 88 ($72 in chips)
AndrewCan: posts small blind $1
TbIP-TbIP 88: posts big blind $3
*** HOLE CARDS ***
swarfiga755 joins the table at seat #3
AndrewCan: raises $3 to $6
TbIP-TbIP 88: calls $3
*** FLOP *** [6h 5s Td]
TbIP-TbIP 88: checks
AndrewCan: bets $3
TbIP-TbIP 88: calls $3
*** TURN *** [6h 5s Td] [7h]
TbIP-TbIP 88: checks
AndrewCan: checks
*** RIVER *** [6h 5s Td 7h] [8h]
TbIP-TbIP 88: checks
AndrewCan: bets $6
TbIP-TbIP 88: calls $6
*** SHOW DOWN ***
AndrewCan: shows [9c 9d] (a straight, Six to Ten)
TbIP-TbIP 88: mucks hand
AndrewCan collected $29.50 from pot
*** SUMMARY ***
Total pot $30 | Rake $0.50
Board [6h 5s Td 7h 8h]
Seat 1: AndrewCan (button) (small blind) showed [9c 9d] and won ($29.50) with a straight, Six to Ten
Seat 2: TbIP-TbIP 88 (big blind) mucked


PokerStars Hand #144302601798:  Hold'em Limit ($3/$6 USD) - 2015/11/24 5:05:21 ET
Table 'Hollandia' 6-max Seat #5 is the button
Seat 4: schnizm ($121.20 in chips)
Seat 5: Actionni13 ($179.96 in chips)
Actionni13: posts small blind $1
TbIP-TbIP 88: is sitting out
swarfiga755: is sitting out
schnizm: posts big blind $3
*** HOLE CARDS ***
Actionni13: raises $3 to $6
swarfiga755 leaves the table
schnizm: calls $3
*** FLOP *** [Qc 9c 2c]
TbIP-TbIP 88 leaves the table
schnizm: checks
Actionni13: bets $3
schnizm: raises $3 to $6
Actionni13: folds
Uncalled bet ($3) returned to schnizm
schnizm collected $17.64 from pot
schnizm: doesn't show hand
*** SUMMARY ***
Total pot $18 | Rake $0.36
Board [Qc 9c 2c]
Seat 4: schnizm (big blind) collected ($17.64)
Seat 5: Actionni13 (button) (small blind) folded on the Flop


PokerStars Hand #144302611791:  Hold'em Limit ($3/$6 USD) - 2015/11/24 5:05:46 ET
Table 'Hollandia' 6-max Seat #4 is the button
Seat 4: schnizm ($129.84 in chips)
Seat 5: Actionni13 ($170.96 in chips)
schnizm: posts small blind $1
Actionni13: posts big blind $3
*** HOLE CARDS ***
schnizm: folds
Uncalled bet ($2) returned to Actionni13
Actionni13 collected $2 from pot
Actionni13: doesn't show hand
*** SUMMARY ***
Total pot $2 | Rake $0
Seat 4: schnizm (button) (small blind) folded before Flop
Seat 5: Actionni13 (big blind) collected ($2)


PokerStars Hand #144303581289:  Hold'em Limit ($3/$6 USD) - 2015/11/24 5:45:11 ET
Table 'Hollandia' 6-max Seat #4 is the button
Seat 3: MuurahaisJoe ($103.50 in chips)
Seat 4: TbIP-TbIP 88 ($86.60 in chips)
TbIP-TbIP 88: posts small blind $1
alexslep: is sitting out
MuurahaisJoe: posts big blind $3
*** HOLE CARDS ***
alexslep leaves the table
TbIP-TbIP 88: raises $3 to $6
MuurahaisJoe: folds
Uncalled bet ($3) returned to TbIP-TbIP 88
TbIP-TbIP 88 collected $6 from pot
TbIP-TbIP 88: doesn't show hand
*** SUMMARY ***
Total pot $6 | Rake $0
Seat 3: MuurahaisJoe (big blind) folded before Flop
Seat 4: TbIP-TbIP 88 (button) (small blind) collected ($6)


PokerStars Hand #144303587364:  Hold'em Limit ($3/$6 USD) - 2015/11/24 5:45:25 ET
Table 'Hollandia' 6-max Seat #4 is the button
Seat 3: MuurahaisJoe ($99.50 in chips)
Seat 4: TbIP-TbIP 88 ($90.60 in chips)
TbIP-TbIP 88: posts small blind $1
MuurahaisJoe: posts big blind $3
*** HOLE CARDS ***
TbIP-TbIP 88: raises $3 to $6
MuurahaisJoe: folds
Uncalled bet ($3) returned to TbIP-TbIP 88
TbIP-TbIP 88 collected $6 from pot
TbIP-TbIP 88: doesn't show hand
*** SUMMARY ***
Total pot $6 | Rake $0
Seat 3: MuurahaisJoe (big blind) folded before Flop
Seat 4: TbIP-TbIP 88 (button) (small blind) collected ($6)


PokerStars Hand #144303585395:  Hold'em Limit ($3/$6 USD) - 2015/11/24 5:45:21 ET
Table 'Hollandia' 6-max Seat #3 is the button
Seat 3: MuurahaisJoe ($100.50 in chips)
Seat 4: TbIP-TbIP 88 ($89.60 in chips)
MuurahaisJoe: posts small blind $1
TbIP-TbIP 88: posts big blind $3
*** HOLE CARDS ***
MuurahaisJoe: folds
Uncalled bet ($2) returned to TbIP-TbIP 88
TbIP-TbIP 88 collected $2 from pot
TbIP-TbIP 88: doesn't show hand
*** SUMMARY ***
Total pot $2 | Rake $0
Seat 3: MuurahaisJoe (button) (small blind) folded before Flop
Seat 4: TbIP-TbIP 88 (big blind) collected ($2)


PokerStars Hand #144303610884:  Hold'em Limit ($3/$6 USD) - 2015/11/24 5:46:21 ET
Table 'Hollandia' 6-max Seat #4 is the button
Seat 3: MuurahaisJoe ($90.50 in chips)
Seat 4: TbIP-TbIP 88 ($99.36 in chips)
TbIP-TbIP 88: posts small blind $1
MuurahaisJoe: posts big blind $3
*** HOLE CARDS ***
TbIP-TbIP 88: raises $3 to $6
MuurahaisJoe said, "eismon divebike"
MuurahaisJoe: raises $3 to $9
TbIP-TbIP 88: calls $3
*** FLOP *** [4c Td Qd]
MuurahaisJoe: bets $3
TbIP-TbIP 88: calls $3
*** TURN *** [4c Td Qd] [6c]
MuurahaisJoe: bets $6
TbIP-TbIP 88: calls $6
*** RIVER *** [4c Td Qd 6c] [Qs]
MuurahaisJoe: bets $6
TbIP-TbIP 88: calls $6
*** SHOW DOWN ***
MuurahaisJoe: shows [7h 4h] (two pair, Queens and Fours)
TbIP-TbIP 88: mucks hand
MuurahaisJoe collected $47.50 from pot
*** SUMMARY ***
Total pot $48 | Rake $0.50
Board [4c Td Qd 6c Qs]
Seat 3: MuurahaisJoe (big blind) showed [7h 4h] and won ($47.50) with two pair, Queens and Fours
Seat 4: TbIP-TbIP 88 (button) (small blind) mucked


PokerStars Hand #144303590441:  Hold'em Limit ($3/$6 USD) - 2015/11/24 5:45:33 ET
Table 'Hollandia' 6-max Seat #3 is the button
Seat 3: MuurahaisJoe ($96.50 in chips)
Seat 4: TbIP-TbIP 88 ($93.60 in chips)
MuurahaisJoe: posts small blind $1
TbIP-TbIP 88: posts big blind $3
*** HOLE CARDS ***
MuurahaisJoe: raises $3 to $6
TbIP-TbIP 88: calls $3
*** FLOP *** [4d Td 6s]
TbIP-TbIP 88: checks
MuurahaisJoe: checks
*** TURN *** [4d Td 6s] [Kh]
TbIP-TbIP 88: bets $6
MuurahaisJoe: folds
Uncalled bet ($6) returned to TbIP-TbIP 88
TbIP-TbIP 88 collected $11.76 from pot
TbIP-TbIP 88: doesn't show hand
*** SUMMARY ***
Total pot $12 | Rake $0.24
Board [4d Td 6s Kh]
Seat 3: MuurahaisJoe (button) (small blind) folded on the Turn
Seat 4: TbIP-TbIP 88 (big blind) collected ($11.76)


PokerStars Hand #144303619079:  Hold'em Limit ($3/$6 USD) - 2015/11/24 5:46:40 ET
Table 'Hollandia' 6-max Seat #3 is the button
Seat 3: MuurahaisJoe ($114 in chips)
Seat 4: TbIP-TbIP 88 ($75.36 in chips)
MuurahaisJoe: posts small blind $1
TbIP-TbIP 88: posts big blind $3
*** HOLE CARDS ***
MuurahaisJoe: raises $3 to $6
TbIP-TbIP 88: calls $3
*** FLOP *** [3h Kh Ad]
TbIP-TbIP 88: checks
MuurahaisJoe: bets $3
TbIP-TbIP 88: raises $3 to $6
MuurahaisJoe: calls $3
*** TURN *** [3h Kh Ad] [Jd]
TbIP-TbIP 88: checks
MuurahaisJoe: bets $6
TbIP-TbIP 88: folds
Uncalled bet ($6) returned to MuurahaisJoe
MuurahaisJoe collected $23.52 from pot
MuurahaisJoe: doesn't show hand
*** SUMMARY ***
Total pot $24 | Rake $0.48
Board [3h Kh Ad Jd]
Seat 3: MuurahaisJoe (button) (small blind) collected ($23.52)
Seat 4: TbIP-TbIP 88 (big blind) folded on the Turn


PokerStars Hand #144303625702:  Hold'em Limit ($3/$6 USD) - 2015/11/24 5:46:56 ET
Table 'Hollandia' 6-max Seat #4 is the button
Seat 3: MuurahaisJoe ($125.52 in chips)
Seat 4: TbIP-TbIP 88 ($72 in chips)
TbIP-TbIP 88: posts small blind $1
MuurahaisJoe: posts big blind $3
*** HOLE CARDS ***
TbIP-TbIP 88: raises $3 to $6
MuurahaisJoe: raises $3 to $9
TbIP-TbIP 88: calls $3
*** FLOP *** [Kh Tc 6h]
MuurahaisJoe: bets $3
TbIP-TbIP 88: calls $3
*** TURN *** [Kh Tc 6h] [9h]
MuurahaisJoe: checks
TbIP-TbIP 88: bets $6
MuurahaisJoe: calls $6
*** RIVER *** [Kh Tc 6h 9h] [2d]
MuurahaisJoe: checks
TbIP-TbIP 88: bets $6
MuurahaisJoe: calls $6
*** SHOW DOWN ***
TbIP-TbIP 88: shows [6d Th] (two pair, Tens and Sixes)
MuurahaisJoe: mucks hand
TbIP-TbIP 88 collected $47.50 from pot
*** SUMMARY ***
Total pot $48 | Rake $0.50
Board [Kh Tc 6h 9h 2d]
Seat 3: MuurahaisJoe (big blind) mucked
Seat 4: TbIP-TbIP 88 (button) (small blind) showed [6d Th] and won ($47.50) with two pair, Tens and Sixes


PokerStars Hand #144303651508:  Hold'em Limit ($3/$6 USD) - 2015/11/24 5:47:57 ET
Table 'Hollandia' 6-max Seat #3 is the button
Seat 3: MuurahaisJoe ($72.52 in chips)
Seat 4: TbIP-TbIP 88 ($124 in chips)
MuurahaisJoe: posts small blind $1
TbIP-TbIP 88: posts big blind $3
*** HOLE CARDS ***
MuurahaisJoe: folds
Uncalled bet ($2) returned to TbIP-TbIP 88
TbIP-TbIP 88 collected $2 from pot
TbIP-TbIP 88: doesn't show hand
*** SUMMARY ***
Total pot $2 | Rake $0
Seat 3: MuurahaisJoe (button) (small blind) folded before Flop
Seat 4: TbIP-TbIP 88 (big blind) collected ($2)


PokerStars Hand #144303635849:  Hold'em Limit ($3/$6 USD) - 2015/11/24 5:47:19 ET
Table 'Hollandia' 6-max Seat #3 is the button
Seat 3: MuurahaisJoe ($101.52 in chips)
Seat 4: TbIP-TbIP 88 ($95.50 in chips)
MuurahaisJoe: posts small blind $1
TbIP-TbIP 88: posts big blind $3
*** HOLE CARDS ***
MuurahaisJoe: raises $3 to $6
TbIP-TbIP 88: raises $3 to $9
MuurahaisJoe: raises $3 to $12
Betting is capped
TbIP-TbIP 88: calls $3
*** FLOP *** [8d 7s Js]
TbIP-TbIP 88: bets $3
MuurahaisJoe: raises $3 to $6
TbIP-TbIP 88: calls $3
*** TURN *** [8d 7s Js] [3s]
TbIP-TbIP 88: checks
MuurahaisJoe: bets $6
TbIP-TbIP 88: calls $6
*** RIVER *** [8d 7s Js 3s] [3c]
TbIP-TbIP 88: checks
MuurahaisJoe: bets $6
TbIP-TbIP 88: calls $6
*** SHOW DOWN ***
MuurahaisJoe: shows [8s Ah] (two pair, Eights and Threes)
TbIP-TbIP 88: shows [Jd Ac] (two pair, Jacks and Threes)
TbIP-TbIP 88 collected $59.50 from pot
*** SUMMARY ***
Total pot $60 | Rake $0.50
Board [8d 7s Js 3s 3c]
Seat 3: MuurahaisJoe (button) (small blind) showed [8s Ah] and lost with two pair, Eights and Threes
Seat 4: TbIP-TbIP 88 (big blind) showed [Jd Ac] and won ($59.50) with two pair, Jacks and Threes


PokerStars Hand #144303649357:  Hold'em Limit ($3/$6 USD) - 2015/11/24 5:47:51 ET
Table 'Hollandia' 6-max Seat #4 is the button
Seat 3: MuurahaisJoe ($71.52 in chips)
Seat 4: TbIP-TbIP 88 ($125 in chips)
TbIP-TbIP 88: posts small blind $1
MuurahaisJoe: posts big blind $3
*** HOLE CARDS ***
TbIP-TbIP 88: folds
Uncalled bet ($2) returned to MuurahaisJoe
MuurahaisJoe collected $2 from pot
MuurahaisJoe: doesn't show hand
*** SUMMARY ***
Total pot $2 | Rake $0
Seat 3: MuurahaisJoe (big blind) collected ($2)
Seat 4: TbIP-TbIP 88 (button) (small blind) folded before Flop


