PokerStars Hand #158314345902:  Hold'em Limit ($3/$6 USD) - 2016/09/08 1:22:56 ET
Table 'Hollandia' 6-max Seat #2 is the button
Seat 2: Darts ($117.85 in chips)
Seat 3: LifeisagameX ($87 in chips)
Darts: posts small blind $1
LifeisagameX: posts big blind $3
*** HOLE CARDS ***
Darts: folds
Uncalled bet ($2) returned to LifeisagameX
LifeisagameX collected $2 from pot
LifeisagameX: doesn't show hand
*** SUMMARY ***
Total pot $2 | Rake $0
Seat 2: Darts (button) (small blind) folded before Flop
Seat 3: LifeisagameX (big blind) collected ($2)


PokerStars Hand #158314343698:  Hold'em Limit ($3/$6 USD) - 2016/09/08 1:22:47 ET
Table 'Hollandia' 6-max Seat #3 is the button
Seat 2: Darts ($120.85 in chips)
Seat 3: LifeisagameX ($84 in chips)
LifeisagameX: posts small blind $1
Darts: posts big blind $3
*** HOLE CARDS ***
LifeisagameX: raises $3 to $6
Darts: folds
Uncalled bet ($3) returned to LifeisagameX
LifeisagameX collected $6 from pot
LifeisagameX: doesn't show hand
*** SUMMARY ***
Total pot $6 | Rake $0
Seat 2: Darts (big blind) folded before Flop
Seat 3: LifeisagameX (button) (small blind) collected ($6)


PokerStars Hand #158314330375:  Hold'em Limit ($3/$6 USD) - 2016/09/08 1:21:50 ET
Table 'Hollandia' 6-max Seat #2 is the button
Seat 2: Darts ($115.09 in chips)
Seat 3: LifeisagameX ($84 in chips)
Darts: posts small blind $1
Agrotait leaves the table
LifeisagameX: posts big blind $3
*** HOLE CARDS ***
Darts: calls $2
LifeisagameX: raises $3 to $6
Darts: calls $3
*** FLOP *** [5d 2s Jd]
LifeisagameX: checks
Darts: checks
*** TURN *** [5d 2s Jd] [2c]
LifeisagameX: checks
Darts: bets $6
LifeisagameX: folds
Uncalled bet ($6) returned to Darts
Darts collected $11.76 from pot
Darts: doesn't show hand
*** SUMMARY ***
Total pot $12 | Rake $0.24
Board [5d 2s Jd 2c]
Seat 2: Darts (button) (small blind) collected ($11.76)
Seat 3: LifeisagameX (big blind) folded on the Turn


PokerStars Hand #158314367102:  Hold'em Limit ($3/$6 USD) - 2016/09/08 1:24:28 ET
Table 'Hollandia' 6-max Seat #2 is the button
Seat 2: Darts ($92.85 in chips)
Seat 3: LifeisagameX ($111.50 in chips)
Darts: posts small blind $1
LifeisagameX: posts big blind $3
*** HOLE CARDS ***
Darts: folds
Uncalled bet ($2) returned to LifeisagameX
LifeisagameX collected $2 from pot
LifeisagameX: doesn't show hand
*** SUMMARY ***
Total pot $2 | Rake $0
Seat 2: Darts (button) (small blind) folded before Flop
Seat 3: LifeisagameX (big blind) collected ($2)


PokerStars Hand #158314347295:  Hold'em Limit ($3/$6 USD) - 2016/09/08 1:23:03 ET
Table 'Hollandia' 6-max Seat #3 is the button
Seat 2: Darts ($116.85 in chips)
Seat 3: LifeisagameX ($88 in chips)
LifeisagameX: posts small blind $1
Darts: posts big blind $3
*** HOLE CARDS ***
ixstill joins the table at seat #4
Agrotait joins the table at seat #5
LifeisagameX: raises $3 to $6
Darts: calls $3
*** FLOP *** [6h Qs 3d]
Darts: checks
LifeisagameX: bets $3
Darts: raises $3 to $6
LifeisagameX: calls $3
*** TURN *** [6h Qs 3d] [Tc]
Darts: bets $6
LifeisagameX: calls $6
*** RIVER *** [6h Qs 3d Tc] [Qd]
Darts: bets $6
LifeisagameX: calls $6
*** SHOW DOWN ***
Darts: shows [7h 5d] (a pair of Queens)
LifeisagameX: shows [Td 9c] (two pair, Queens and Tens)
LifeisagameX collected $47.50 from pot
*** SUMMARY ***
Total pot $48 | Rake $0.50
Board [6h Qs 3d Tc Qd]
Seat 2: Darts (big blind) showed [7h 5d] and lost with a pair of Queens
Seat 3: LifeisagameX (button) (small blind) showed [Td 9c] and won ($47.50) with two pair, Queens and Tens


PokerStars Hand #158314385938:  Hold'em Limit ($3/$6 USD) - 2016/09/08 1:25:48 ET
Table 'Hollandia' 6-max Seat #2 is the button
Seat 2: Darts ($91.85 in chips)
Seat 4: ixstill ($9 in chips)
Agrotait will be allowed to play after the button
Darts: posts small blind $1
ixstill: posts big blind $3
*** HOLE CARDS ***
LifeisagameX leaves the table
Darts: raises $3 to $6
ixstill: folds
Uncalled bet ($3) returned to Darts
Darts collected $6 from pot
Darts: doesn't show hand
*** SUMMARY ***
Total pot $6 | Rake $0
Seat 2: Darts (button) (small blind) collected ($6)
Seat 4: ixstill (big blind) folded before Flop


PokerStars Hand #158314405611:  Hold'em Limit ($3/$6 USD) - 2016/09/08 1:27:12 ET
Table 'Hollandia' 6-max Seat #2 is the button
Seat 2: Darts ($102.95 in chips)
Seat 5: Agrotait ($72 in chips)
Darts: posts small blind $1
Agrotait: posts big blind $3
*** HOLE CARDS ***
Darts: raises $3 to $6
Agrotait: raises $3 to $9
Darts: raises $3 to $12
Betting is capped
Agrotait: calls $3
*** FLOP *** [Qc Qd Ad]
Agrotait: checks
Darts: checks
*** TURN *** [Qc Qd Ad] [8c]
Agrotait: checks
Darts: bets $6
Agrotait: folds
Uncalled bet ($6) returned to Darts
Darts collected $23.52 from pot
Darts: doesn't show hand
*** SUMMARY ***
Total pot $24 | Rake $0.48
Board [Qc Qd Ad 8c]
Seat 2: Darts (button) (small blind) collected ($23.52)
Seat 5: Agrotait (big blind) folded on the Turn


PokerStars Hand #158314416788:  Hold'em Limit ($3/$6 USD) - 2016/09/08 1:27:59 ET
Table 'Hollandia' 6-max Seat #5 is the button
Seat 2: Darts ($114.47 in chips)
Seat 5: Agrotait ($60 in chips)
Agrotait: posts small blind $1
Darts: posts big blind $3
*** HOLE CARDS ***
Agrotait: raises $3 to $6
Darts: calls $3
*** FLOP *** [5d 2s 8d]
Darts: checks
Agrotait: bets $3
Darts: raises $3 to $6
Agrotait: calls $3
*** TURN *** [5d 2s 8d] [Jh]
Darts: checks
Agrotait: checks
*** RIVER *** [5d 2s 8d Jh] [7c]
Darts: bets $6
Agrotait: folds
Uncalled bet ($6) returned to Darts
Darts collected $23.52 from pot
Darts: doesn't show hand
*** SUMMARY ***
Total pot $24 | Rake $0.48
Board [5d 2s 8d Jh 7c]
Seat 2: Darts (big blind) collected ($23.52)
Seat 5: Agrotait (button) (small blind) folded on the River


PokerStars Hand #158314427225:  Hold'em Limit ($3/$6 USD) - 2016/09/08 1:28:44 ET
Table 'Hollandia' 6-max Seat #2 is the button
Seat 2: Darts ($125.99 in chips)
Seat 5: Agrotait ($72 in chips)
Darts: posts small blind $1
Agrotait: posts big blind $3
*** HOLE CARDS ***
Darts: calls $2
Agrotait: checks
*** FLOP *** [Ks Qd 8d]
Agrotait: bets $3
Darts: folds
Uncalled bet ($3) returned to Agrotait
Agrotait collected $5.88 from pot
Agrotait: doesn't show hand
*** SUMMARY ***
Total pot $6 | Rake $0.12
Board [Ks Qd 8d]
Seat 2: Darts (button) (small blind) folded on the Flop
Seat 5: Agrotait (big blind) collected ($5.88)


PokerStars Hand #158314432690:  Hold'em Limit ($3/$6 USD) - 2016/09/08 1:29:08 ET
Table 'Hollandia' 6-max Seat #5 is the button
Seat 2: Darts ($122.99 in chips)
Seat 5: Agrotait ($74.88 in chips)
Agrotait: posts small blind $1
Darts: posts big blind $3
*** HOLE CARDS ***
Agrotait: raises $3 to $6
Darts: calls $3
*** FLOP *** [Ts Jc Qs]
Darts: checks
Agrotait: bets $3
Darts: calls $3
*** TURN *** [Ts Jc Qs] [4s]
Darts: checks
Agrotait: bets $6
Darts: calls $6
*** RIVER *** [Ts Jc Qs 4s] [2d]
Darts: checks
Agrotait: bets $6
Darts: raises $6 to $12
Agrotait: calls $6
*** SHOW DOWN ***
Darts: shows [9s 6s] (a flush, Queen high)
Agrotait: mucks hand
Darts collected $53.50 from pot
*** SUMMARY ***
Total pot $54 | Rake $0.50
Board [Ts Jc Qs 4s 2d]
Seat 2: Darts (big blind) showed [9s 6s] and won ($53.50) with a flush, Queen high
Seat 5: Agrotait (button) (small blind) mucked


