PokerStars Hand #171535936105:  Hold'em Limit ($3/$6 USD) - 2017/06/09 0:13:28 ET
Table 'Holmia' 10-max Seat #3 is the button
Seat 3: B_loJkl ($166.76 in chips)
Seat 4: turtlespit ($66.39 in chips)
B_loJkl: posts small blind $1
turtlespit: posts big blind $3
*** HOLE CARDS ***
B_loJkl: raises $3 to $6
turtlespit: calls $3
*** FLOP *** [2d 4h 6c]
turtlespit: checks
B_loJkl: bets $3
turtlespit: calls $3
*** TURN *** [2d 4h 6c] [4d]
turtlespit: checks
B_loJkl: checks
*** RIVER *** [2d 4h 6c 4d] [Th]
turtlespit: bets $6
B_loJkl: calls $6
*** SHOW DOWN ***
turtlespit: shows [Qd 4c] (three of a kind, Fours)
B_loJkl: mucks hand
turtlespit collected $29.50 from pot
*** SUMMARY ***
Total pot $30 | Rake $0.50
Board [2d 4h 6c 4d Th]
Seat 3: B_loJkl (button) (small blind) mucked
Seat 4: turtlespit (big blind) showed [Qd 4c] and won ($29.50) with three of a kind, Fours


PokerStars Hand #171535944536:  Hold'em Limit ($3/$6 USD) - 2017/06/09 0:13:59 ET
Table 'Holmia' 10-max Seat #4 is the button
Seat 3: B_loJkl ($151.76 in chips)
Seat 4: turtlespit ($80.89 in chips)
turtlespit: posts small blind $1
B_loJkl: posts big blind $3
*** HOLE CARDS ***
turtlespit: calls $2
B_loJkl: checks
*** FLOP *** [9c 8d 8c]
B_loJkl: bets $3
turtlespit: calls $3
*** TURN *** [9c 8d 8c] [Jh]
B_loJkl: bets $6
turtlespit: calls $6
*** RIVER *** [9c 8d 8c Jh] [3s]
B_loJkl: bets $6
turtlespit: calls $6
*** SHOW DOWN ***
B_loJkl: shows [6d Qs] (a pair of Eights)
turtlespit: shows [3c 2c] (two pair, Eights and Threes)
turtlespit collected $35.50 from pot
*** SUMMARY ***
Total pot $36 | Rake $0.50
Board [9c 8d 8c Jh 3s]
Seat 3: B_loJkl (big blind) showed [6d Qs] and lost with a pair of Eights
Seat 4: turtlespit (button) (small blind) showed [3c 2c] and won ($35.50) with two pair, Eights and Threes


PokerStars Hand #171535955262:  Hold'em Limit ($3/$6 USD) - 2017/06/09 0:14:39 ET
Table 'Holmia' 10-max Seat #3 is the button
Seat 3: B_loJkl ($133.76 in chips)
Seat 4: turtlespit ($98.39 in chips)
B_loJkl: posts small blind $1
turtlespit: posts big blind $3
*** HOLE CARDS ***
B_loJkl: raises $3 to $6
turtlespit: calls $3
*** FLOP *** [2h Th 8s]
turtlespit: checks
B_loJkl: bets $3
turtlespit: folds
Uncalled bet ($3) returned to B_loJkl
B_loJkl collected $11.76 from pot
B_loJkl: doesn't show hand
*** SUMMARY ***
Total pot $12 | Rake $0.24
Board [2h Th 8s]
Seat 3: B_loJkl (button) (small blind) collected ($11.76)
Seat 4: turtlespit (big blind) folded on the Flop


PokerStars Hand #171535959368:  Hold'em Limit ($3/$6 USD) - 2017/06/09 0:14:54 ET
Table 'Holmia' 10-max Seat #4 is the button
Seat 3: B_loJkl ($139.52 in chips)
Seat 4: turtlespit ($92.39 in chips)
turtlespit: posts small blind $1
B_loJkl: posts big blind $3
*** HOLE CARDS ***
turtlespit: calls $2
B_loJkl: checks
*** FLOP *** [Td 4c Kd]
B_loJkl: bets $3
turtlespit: calls $3
*** TURN *** [Td 4c Kd] [2c]
B_loJkl: checks
turtlespit: checks
*** RIVER *** [Td 4c Kd 2c] [5d]
B_loJkl: checks
turtlespit: bets $6
B_loJkl: calls $6
*** SHOW DOWN ***
turtlespit: shows [8d 3d] (a flush, King high)
B_loJkl: mucks hand
turtlespit collected $23.52 from pot
*** SUMMARY ***
Total pot $24 | Rake $0.48
Board [Td 4c Kd 2c 5d]
Seat 3: B_loJkl (big blind) mucked
Seat 4: turtlespit (button) (small blind) showed [8d 3d] and won ($23.52) with a flush, King high


PokerStars Hand #171535967645:  Hold'em Limit ($3/$6 USD) - 2017/06/09 0:15:25 ET
Table 'Holmia' 10-max Seat #3 is the button
Seat 3: B_loJkl ($127.52 in chips)
Seat 4: turtlespit ($103.91 in chips)
B_loJkl: posts small blind $1
turtlespit: posts big blind $3
*** HOLE CARDS ***
B_loJkl: raises $3 to $6
turtlespit: calls $3
*** FLOP *** [3s Ac 5d]
turtlespit: checks
B_loJkl: bets $3
turtlespit: folds
Uncalled bet ($3) returned to B_loJkl
B_loJkl collected $11.76 from pot
B_loJkl: doesn't show hand
*** SUMMARY ***
Total pot $12 | Rake $0.24
Board [3s Ac 5d]
Seat 3: B_loJkl (button) (small blind) collected ($11.76)
Seat 4: turtlespit (big blind) folded on the Flop


PokerStars Hand #171535971381:  Hold'em Limit ($3/$6 USD) - 2017/06/09 0:15:39 ET
Table 'Holmia' 10-max Seat #4 is the button
Seat 3: B_loJkl ($133.28 in chips)
Seat 4: turtlespit ($97.91 in chips)
turtlespit: posts small blind $1
B_loJkl: posts big blind $3
*** HOLE CARDS ***
turtlespit: calls $2
B_loJkl: raises $3 to $6
turtlespit: calls $3
*** FLOP *** [9h Js 5c]
B_loJkl: bets $3
turtlespit: calls $3
*** TURN *** [9h Js 5c] [Qh]
B_loJkl: bets $6
turtlespit: calls $6
*** RIVER *** [9h Js 5c Qh] [9s]
B_loJkl: checks
turtlespit: checks
*** SHOW DOWN ***
B_loJkl: shows [8d 8c] (two pair, Nines and Eights)
turtlespit: mucks hand
B_loJkl collected $29.50 from pot
*** SUMMARY ***
Total pot $30 | Rake $0.50
Board [9h Js 5c Qh 9s]
Seat 3: B_loJkl (big blind) showed [8d 8c] and won ($29.50) with two pair, Nines and Eights
Seat 4: turtlespit (button) (small blind) mucked


PokerStars Hand #171535977972:  Hold'em Limit ($3/$6 USD) - 2017/06/09 0:16:03 ET
Table 'Holmia' 10-max Seat #3 is the button
Seat 3: B_loJkl ($147.78 in chips)
Seat 4: turtlespit ($82.91 in chips)
B_loJkl: posts small blind $1
turtlespit: posts big blind $3
*** HOLE CARDS ***
B_loJkl: raises $3 to $6
turtlespit: calls $3
*** FLOP *** [As 5h 2c]
turtlespit: checks
B_loJkl: bets $3
turtlespit: calls $3
*** TURN *** [As 5h 2c] [Ac]
turtlespit: checks
B_loJkl: bets $6
turtlespit: calls $6
*** RIVER *** [As 5h 2c Ac] [Qh]
turtlespit: bets $6
B_loJkl: folds
Uncalled bet ($6) returned to turtlespit
turtlespit collected $29.50 from pot
turtlespit: doesn't show hand
*** SUMMARY ***
Total pot $30 | Rake $0.50
Board [As 5h 2c Ac Qh]
Seat 3: B_loJkl (button) (small blind) folded on the River
Seat 4: turtlespit (big blind) collected ($29.50)


PokerStars Hand #171535987902:  Hold'em Limit ($3/$6 USD) - 2017/06/09 0:16:40 ET
Table 'Holmia' 10-max Seat #3 is the button
Seat 3: B_loJkl ($133.78 in chips)
Seat 4: turtlespit ($96.41 in chips)
B_loJkl: posts small blind $1
turtlespit: posts big blind $3
*** HOLE CARDS ***
B_loJkl: raises $3 to $6
turtlespit: folds
Uncalled bet ($3) returned to B_loJkl
B_loJkl collected $6 from pot
B_loJkl: doesn't show hand
*** SUMMARY ***
Total pot $6 | Rake $0
Seat 3: B_loJkl (button) (small blind) collected ($6)
Seat 4: turtlespit (big blind) folded before Flop


PokerStars Hand #171535990056:  Hold'em Limit ($3/$6 USD) - 2017/06/09 0:16:48 ET
Table 'Holmia' 10-max Seat #4 is the button
Seat 3: B_loJkl ($136.78 in chips)
Seat 4: turtlespit ($93.41 in chips)
turtlespit: posts small blind $1
B_loJkl: posts big blind $3
*** HOLE CARDS ***
turtlespit: calls $2
B_loJkl: raises $3 to $6
turtlespit: calls $3
*** FLOP *** [2h As Qh]
B_loJkl: bets $3
turtlespit: folds
Uncalled bet ($3) returned to B_loJkl
B_loJkl collected $11.76 from pot
B_loJkl: doesn't show hand
*** SUMMARY ***
Total pot $12 | Rake $0.24
Board [2h As Qh]
Seat 3: B_loJkl (big blind) collected ($11.76)
Seat 4: turtlespit (button) (small blind) folded on the Flop


PokerStars Hand #171536001226:  Hold'em Limit ($3/$6 USD) - 2017/06/09 0:17:29 ET
Table 'Holmia' 10-max Seat #4 is the button
Seat 3: B_loJkl ($127.54 in chips)
Seat 4: turtlespit ($101.91 in chips)
turtlespit: posts small blind $1
B_loJkl: posts big blind $3
*** HOLE CARDS ***
turtlespit: folds
Uncalled bet ($2) returned to B_loJkl
B_loJkl collected $2 from pot
B_loJkl: doesn't show hand
*** SUMMARY ***
Total pot $2 | Rake $0
Seat 3: B_loJkl (big blind) collected ($2)
Seat 4: turtlespit (button) (small blind) folded before Flop


PokerStars Hand #171535995965:  Hold'em Limit ($3/$6 USD) - 2017/06/09 0:17:10 ET
Table 'Holmia' 10-max Seat #3 is the button
Seat 3: B_loJkl ($142.54 in chips)
Seat 4: turtlespit ($87.41 in chips)
B_loJkl: posts small blind $1
turtlespit: posts big blind $3
*** HOLE CARDS ***
B_loJkl: raises $3 to $6
turtlespit: calls $3
*** FLOP *** [Jh Ad Js]
turtlespit: checks
B_loJkl: bets $3
turtlespit: calls $3
*** TURN *** [Jh Ad Js] [Ac]
turtlespit: checks
B_loJkl: checks
*** RIVER *** [Jh Ad Js Ac] [9h]
turtlespit: bets $6
B_loJkl: calls $6
*** SHOW DOWN ***
turtlespit: shows [Jd 8d] (a full house, Jacks full of Aces)
B_loJkl: mucks hand
turtlespit collected $29.50 from pot
*** SUMMARY ***
Total pot $30 | Rake $0.50
Board [Jh Ad Js Ac 9h]
Seat 3: B_loJkl (button) (small blind) mucked
Seat 4: turtlespit (big blind) showed [Jd 8d] and won ($29.50) with a full house, Jacks full of Aces


