PokerStars Hand #146538171737:  Hold'em Limit ($3/$6 USD) - 2016/01/05 18:39:22 ET
Table 'Holmia III' 2-max Seat #2 is the button
Seat 1: Kostetikus ($72 in chips)
Seat 2: stefan76175 ($167.88 in chips)
stefan76175: posts small blind $1
Kostetikus: posts big blind $3
*** HOLE CARDS ***
stefan76175: calls $2
Kostetikus: checks
*** FLOP *** [3d 4h 6h]
Kostetikus: checks
stefan76175: checks
*** TURN *** [3d 4h 6h] [4s]
Kostetikus: bets $6
stefan76175: folds
Uncalled bet ($6) returned to Kostetikus
Kostetikus collected $5.88 from pot
Kostetikus: doesn't show hand
*** SUMMARY ***
Total pot $6 | Rake $0.12
Board [3d 4h 6h 4s]
Seat 1: Kostetikus (big blind) collected ($5.88)
Seat 2: stefan76175 (button) (small blind) folded on the Turn


PokerStars Hand #146538228397:  Hold'em Limit ($3/$6 USD) - 2016/01/05 18:40:24 ET
Table 'Holmia III' 2-max Seat #1 is the button
Seat 1: Kostetikus ($74.88 in chips)
Seat 2: stefan76175 ($173.40 in chips)
Kostetikus: posts small blind $1
stefan76175: posts big blind $3
*** HOLE CARDS ***
Kostetikus: raises $3 to $6
stefan76175: raises $3 to $9
Kostetikus: calls $3
*** FLOP *** [4c 5h 4d]
stefan76175: bets $3
Kostetikus: calls $3
*** TURN *** [4c 5h 4d] [8c]
stefan76175: bets $6
Kostetikus: folds
Uncalled bet ($6) returned to stefan76175
stefan76175 collected $23.52 from pot
stefan76175: doesn't show hand
*** SUMMARY ***
Total pot $24 | Rake $0.48
Board [4c 5h 4d 8c]
Seat 1: Kostetikus (button) (small blind) folded on the Turn
Seat 2: stefan76175 (big blind) collected ($23.52)


PokerStars Hand #146538203100:  Hold'em Limit ($3/$6 USD) - 2016/01/05 18:39:56 ET
Table 'Holmia III' 2-max Seat #2 is the button
Seat 1: Kostetikus ($72 in chips)
Seat 2: stefan76175 ($176.40 in chips)
stefan76175: posts small blind $1
Kostetikus: posts big blind $3
*** HOLE CARDS ***
stefan76175: calls $2
Kostetikus: checks
*** FLOP *** [3d 7s 6c]
Kostetikus: checks
stefan76175: checks
*** TURN *** [3d 7s 6c] [Qc]
Kostetikus: checks
stefan76175: checks
*** RIVER *** [3d 7s 6c Qc] [7d]
Kostetikus: checks
stefan76175: checks
*** SHOW DOWN ***
Kostetikus: shows [Td Jd] (a pair of Sevens)
stefan76175: mucks hand
Kostetikus collected $5.88 from pot
*** SUMMARY ***
Total pot $6 | Rake $0.12
Board [3d 7s 6c Qc 7d]
Seat 1: Kostetikus (big blind) showed [Td Jd] and won ($5.88) with a pair of Sevens
Seat 2: stefan76175 (button) (small blind) mucked


PokerStars Hand #146538185526:  Hold'em Limit ($3/$6 USD) - 2016/01/05 18:39:37 ET
Table 'Holmia III' 2-max Seat #1 is the button
Seat 1: Kostetikus ($74.88 in chips)
Seat 2: stefan76175 ($164.88 in chips)
Kostetikus: posts small blind $1
stefan76175: posts big blind $3
*** HOLE CARDS ***
Kostetikus: raises $3 to $6
stefan76175: raises $3 to $9
Kostetikus: calls $3
*** FLOP *** [9d 8c 8d]
stefan76175: bets $3
Kostetikus: calls $3
*** TURN *** [9d 8c 8d] [9c]
stefan76175: bets $6
Kostetikus: folds
Uncalled bet ($6) returned to stefan76175
stefan76175 collected $23.52 from pot
stefan76175: doesn't show hand
*** SUMMARY ***
Total pot $24 | Rake $0.48
Board [9d 8c 8d 9c]
Seat 1: Kostetikus (button) (small blind) folded on the Turn
Seat 2: stefan76175 (big blind) collected ($23.52)


PokerStars Hand #146538277740:  Hold'em Limit ($3/$6 USD) - 2016/01/05 18:41:18 ET
Table 'Holmia III' 2-max Seat #1 is the button
Seat 1: Kostetikus ($72 in chips)
Seat 2: stefan76175 ($220.92 in chips)
Kostetikus: posts small blind $1
stefan76175: posts big blind $3
*** HOLE CARDS ***
Kostetikus: raises $3 to $6
stefan76175: calls $3
*** FLOP *** [3s 5d 2h]
stefan76175: bets $3
Kostetikus: raises $3 to $6
stefan76175: calls $3
*** TURN *** [3s 5d 2h] [7s]
stefan76175: bets $6
Kostetikus: calls $6
*** RIVER *** [3s 5d 2h 7s] [2d]
stefan76175: bets $6
Kostetikus: folds
Uncalled bet ($6) returned to stefan76175
stefan76175 collected $35.50 from pot
stefan76175: doesn't show hand
*** SUMMARY ***
Total pot $36 | Rake $0.50
Board [3s 5d 2h 7s 2d]
Seat 1: Kostetikus (button) (small blind) folded on the River
Seat 2: stefan76175 (big blind) collected ($35.50)


PokerStars Hand #146538262206:  Hold'em Limit ($3/$6 USD) - 2016/01/05 18:41:01 ET
Table 'Holmia III' 2-max Seat #2 is the button
Seat 1: Kostetikus ($72 in chips)
Seat 2: stefan76175 ($203.42 in chips)
stefan76175: posts small blind $1
Kostetikus: posts big blind $3
*** HOLE CARDS ***
stefan76175: calls $2
Kostetikus: raises $3 to $6
stefan76175: calls $3
*** FLOP *** [3s 7c Ts]
Kostetikus: bets $3
stefan76175: raises $3 to $6
Kostetikus: calls $3
*** TURN *** [3s 7c Ts] [2c]
Kostetikus: checks
stefan76175: bets $6
Kostetikus: calls $6
*** RIVER *** [3s 7c Ts 2c] [3c]
Kostetikus: checks
stefan76175: checks
*** SHOW DOWN ***
Kostetikus: shows [Ah 5s] (a pair of Threes)
stefan76175: shows [7s Ad] (two pair, Sevens and Threes)
stefan76175 collected $35.50 from pot
*** SUMMARY ***
Total pot $36 | Rake $0.50
Board [3s 7c Ts 2c 3c]
Seat 1: Kostetikus (big blind) showed [Ah 5s] and lost with a pair of Threes
Seat 2: stefan76175 (button) (small blind) showed [7s Ad] and won ($35.50) with two pair, Sevens and Threes


PokerStars Hand #146538257978:  Hold'em Limit ($3/$6 USD) - 2016/01/05 18:40:56 ET
Table 'Holmia III' 2-max Seat #1 is the button
Seat 1: Kostetikus ($72 in chips)
Seat 2: stefan76175 ($202.42 in chips)
Kostetikus: posts small blind $1
stefan76175: posts big blind $3
*** HOLE CARDS ***
Kostetikus: folds
Uncalled bet ($2) returned to stefan76175
stefan76175 collected $2 from pot
stefan76175: doesn't show hand
*** SUMMARY ***
Total pot $2 | Rake $0
Seat 1: Kostetikus (button) (small blind) folded before Flop
Seat 2: stefan76175 (big blind) collected ($2)


PokerStars Hand #146538239181:  Hold'em Limit ($3/$6 USD) - 2016/01/05 18:40:36 ET
Table 'Holmia III' 2-max Seat #2 is the button
Seat 1: Kostetikus ($72 in chips)
Seat 2: stefan76175 ($184.92 in chips)
stefan76175: posts small blind $1
Kostetikus: posts big blind $3
*** HOLE CARDS ***
stefan76175: calls $2
Kostetikus: raises $3 to $6
stefan76175: calls $3
*** FLOP *** [7h 7c 8d]
Kostetikus: bets $3
stefan76175: raises $3 to $6
Kostetikus: calls $3
*** TURN *** [7h 7c 8d] [Qd]
Kostetikus: checks
stefan76175: bets $6
Kostetikus: calls $6
*** RIVER *** [7h 7c 8d Qd] [3d]
Kostetikus: checks
stefan76175: checks
*** SHOW DOWN ***
Kostetikus: shows [9s Jd] (a pair of Sevens)
stefan76175: shows [As 2c] (a pair of Sevens - Ace kicker)
stefan76175 collected $35.50 from pot
*** SUMMARY ***
Total pot $36 | Rake $0.50
Board [7h 7c 8d Qd 3d]
Seat 1: Kostetikus (big blind) showed [9s Jd] and lost with a pair of Sevens
Seat 2: stefan76175 (button) (small blind) showed [As 2c] and won ($35.50) with a pair of Sevens


PokerStars Hand #146538322583:  Hold'em Limit ($3/$6 USD) - 2016/01/05 18:42:07 ET
Table 'Holmia III' 2-max Seat #1 is the button
Seat 1: Kostetikus ($73.76 in chips)
Seat 2: stefan76175 ($236.30 in chips)
Kostetikus: posts small blind $1
stefan76175: posts big blind $3
*** HOLE CARDS ***
Kostetikus: folds
Uncalled bet ($2) returned to stefan76175
stefan76175 collected $2 from pot
stefan76175: doesn't show hand
*** SUMMARY ***
Total pot $2 | Rake $0
Seat 1: Kostetikus (button) (small blind) folded before Flop
Seat 2: stefan76175 (big blind) collected ($2)


PokerStars Hand #146538309339:  Hold'em Limit ($3/$6 USD) - 2016/01/05 18:41:52 ET
Table 'Holmia III' 2-max Seat #2 is the button
Seat 1: Kostetikus ($76.76 in chips)
Seat 2: stefan76175 ($233.42 in chips)
stefan76175: posts small blind $1
Kostetikus: posts big blind $3
*** HOLE CARDS ***
stefan76175: calls $2
Kostetikus: checks
*** FLOP *** [2d Jh 8h]
Kostetikus: checks
stefan76175: checks
*** TURN *** [2d Jh 8h] [4s]
Kostetikus: checks
stefan76175: bets $6
Kostetikus: folds
Uncalled bet ($6) returned to stefan76175
stefan76175 collected $5.88 from pot
stefan76175: doesn't show hand
*** SUMMARY ***
Total pot $6 | Rake $0.12
Board [2d Jh 8h 4s]
Seat 1: Kostetikus (big blind) folded on the Turn
Seat 2: stefan76175 (button) (small blind) collected ($5.88)


PokerStars Hand #146538305205:  Hold'em Limit ($3/$6 USD) - 2016/01/05 18:41:48 ET
Table 'Holmia III' 2-max Seat #1 is the button
Seat 1: Kostetikus ($77.76 in chips)
Seat 2: stefan76175 ($232.42 in chips)
Kostetikus: posts small blind $1
stefan76175: posts big blind $3
*** HOLE CARDS ***
Kostetikus: folds
Uncalled bet ($2) returned to stefan76175
stefan76175 collected $2 from pot
stefan76175: doesn't show hand
*** SUMMARY ***
Total pot $2 | Rake $0
Seat 1: Kostetikus (button) (small blind) folded before Flop
Seat 2: stefan76175 (big blind) collected ($2)


PokerStars Hand #146538294848:  Hold'em Limit ($3/$6 USD) - 2016/01/05 18:41:36 ET
Table 'Holmia III' 2-max Seat #2 is the button
Seat 1: Kostetikus ($72 in chips)
Seat 2: stefan76175 ($238.42 in chips)
stefan76175: posts small blind $1
Kostetikus: posts big blind $3
*** HOLE CARDS ***
stefan76175: calls $2
Kostetikus: raises $3 to $6
stefan76175: calls $3
*** FLOP *** [2h 4s 5d]
Kostetikus: bets $3
stefan76175: folds
Uncalled bet ($3) returned to Kostetikus
Kostetikus collected $11.76 from pot
Kostetikus: doesn't show hand
*** SUMMARY ***
Total pot $12 | Rake $0.24
Board [2h 4s 5d]
Seat 1: Kostetikus (big blind) collected ($11.76)
Seat 2: stefan76175 (button) (small blind) folded on the Flop


PokerStars Hand #146538382365:  Hold'em Limit ($3/$6 USD) - 2016/01/05 18:43:12 ET
Table 'Holmia III' 2-max Seat #1 is the button
Seat 1: Kostetikus ($107.52 in chips)
Seat 2: stefan76175 ($201.30 in chips)
Kostetikus: posts small blind $1
stefan76175: posts big blind $3
*** HOLE CARDS ***
Kostetikus: raises $3 to $6
stefan76175: raises $3 to $9
Kostetikus: calls $3
*** FLOP *** [8d 6s 6h]
stefan76175: bets $3
Kostetikus: calls $3
*** TURN *** [8d 6s 6h] [Jc]
stefan76175: checks
Kostetikus: checks
*** RIVER *** [8d 6s 6h Jc] [3s]
stefan76175: bets $6
Kostetikus: calls $6
*** SHOW DOWN ***
stefan76175: shows [Ah 8s] (two pair, Eights and Sixes)
Kostetikus: mucks hand
stefan76175 collected $35.50 from pot
*** SUMMARY ***
Total pot $36 | Rake $0.50
Board [8d 6s 6h Jc 3s]
Seat 1: Kostetikus (button) (small blind) mucked
Seat 2: stefan76175 (big blind) showed [Ah 8s] and won ($35.50) with two pair, Eights and Sixes


PokerStars Hand #146538369030:  Hold'em Limit ($3/$6 USD) - 2016/01/05 18:42:58 ET
Table 'Holmia III' 2-max Seat #2 is the button
Seat 1: Kostetikus ($101.76 in chips)
Seat 2: stefan76175 ($207.30 in chips)
stefan76175: posts small blind $1
Kostetikus: posts big blind $3
*** HOLE CARDS ***
stefan76175: calls $2
Kostetikus: checks
*** FLOP *** [9s 4s 8s]
Kostetikus: checks
stefan76175: bets $3
Kostetikus: calls $3
*** TURN *** [9s 4s 8s] [Qd]
Kostetikus: checks
stefan76175: checks
*** RIVER *** [9s 4s 8s Qd] [7d]
Kostetikus: checks
stefan76175: checks
*** SHOW DOWN ***
Kostetikus: shows [7c Th] (a pair of Sevens)
stefan76175: mucks hand
Kostetikus collected $11.76 from pot
*** SUMMARY ***
Total pot $12 | Rake $0.24
Board [9s 4s 8s Qd 7d]
Seat 1: Kostetikus (big blind) showed [7c Th] and won ($11.76) with a pair of Sevens
Seat 2: stefan76175 (button) (small blind) mucked


PokerStars Hand #146538352099:  Hold'em Limit ($3/$6 USD) - 2016/01/05 18:42:39 ET
Table 'Holmia III' 2-max Seat #1 is the button
Seat 1: Kostetikus ($87.26 in chips)
Seat 2: stefan76175 ($222.30 in chips)
Kostetikus: posts small blind $1
stefan76175: posts big blind $3
*** HOLE CARDS ***
Kostetikus: raises $3 to $6
stefan76175: calls $3
*** FLOP *** [6s 8s Js]
stefan76175: bets $3
Kostetikus: calls $3
*** TURN *** [6s 8s Js] [7c]
stefan76175: bets $6
Kostetikus: calls $6
*** RIVER *** [6s 8s Js 7c] [2h]
stefan76175: checks
Kostetikus: bets $6
stefan76175: folds
Uncalled bet ($6) returned to Kostetikus
Kostetikus collected $29.50 from pot
Kostetikus: doesn't show hand
*** SUMMARY ***
Total pot $30 | Rake $0.50
Board [6s 8s Js 7c 2h]
Seat 1: Kostetikus (button) (small blind) collected ($29.50)
Seat 2: stefan76175 (big blind) folded on the River


PokerStars Hand #146538326645:  Hold'em Limit ($3/$6 USD) - 2016/01/05 18:42:11 ET
Table 'Holmia III' 2-max Seat #2 is the button
Seat 1: Kostetikus ($72.76 in chips)
Seat 2: stefan76175 ($237.30 in chips)
stefan76175: posts small blind $1
Kostetikus: posts big blind $3
*** HOLE CARDS ***
stefan76175: raises $3 to $6
Kostetikus: calls $3
*** FLOP *** [Kc Td 4d]
Kostetikus: checks
stefan76175: bets $3
Kostetikus: calls $3
*** TURN *** [Kc Td 4d] [4h]
Kostetikus: checks
stefan76175: checks
*** RIVER *** [Kc Td 4d 4h] [8d]
Kostetikus: bets $6
stefan76175: calls $6
*** SHOW DOWN ***
Kostetikus: shows [Jd 7d] (a flush, Jack high)
stefan76175: mucks hand
Kostetikus collected $29.50 from pot
*** SUMMARY ***
Total pot $30 | Rake $0.50
Board [Kc Td 4d 4h 8d]
Seat 1: Kostetikus (big blind) showed [Jd 7d] and won ($29.50) with a flush, Jack high
Seat 2: stefan76175 (button) (small blind) mucked


PokerStars Hand #146538442869:  Hold'em Limit ($3/$6 USD) - 2016/01/05 18:44:19 ET
Table 'Holmia III' 2-max Seat #1 is the button
Seat 1: Kostetikus ($72 in chips)
Seat 2: stefan76175 ($244.80 in chips)
Kostetikus: posts small blind $1
stefan76175: posts big blind $3
*** HOLE CARDS ***
Kostetikus: raises $3 to $6
stefan76175: raises $3 to $9
Kostetikus: calls $3
*** FLOP *** [Kh 9s 2h]
stefan76175: bets $3
Kostetikus: folds
Uncalled bet ($3) returned to stefan76175
stefan76175 collected $17.64 from pot
stefan76175: doesn't show hand
*** SUMMARY ***
Total pot $18 | Rake $0.36
Board [Kh 9s 2h]
Seat 1: Kostetikus (button) (small blind) folded on the Flop
Seat 2: stefan76175 (big blind) collected ($17.64)


PokerStars Hand #146538427633:  Hold'em Limit ($3/$6 USD) - 2016/01/05 18:44:02 ET
Table 'Holmia III' 2-max Seat #2 is the button
Seat 1: Kostetikus ($83.02 in chips)
Seat 2: stefan76175 ($224.30 in chips)
stefan76175: posts small blind $1
Kostetikus: posts big blind $3
*** HOLE CARDS ***
stefan76175: calls $2
Kostetikus: checks
*** FLOP *** [5h 8s 9c]
Kostetikus: bets $3
stefan76175: raises $3 to $6
Kostetikus: calls $3
*** TURN *** [5h 8s 9c] [2s]
Kostetikus: checks
stefan76175: bets $6
Kostetikus: calls $6
*** RIVER *** [5h 8s 9c 2s] [Jh]
Kostetikus: checks
stefan76175: bets $6
Kostetikus: calls $6
*** SHOW DOWN ***
stefan76175: shows [5d Jd] (two pair, Jacks and Fives)
Kostetikus: mucks hand
stefan76175 collected $41.50 from pot
*** SUMMARY ***
Total pot $42 | Rake $0.50
Board [5h 8s 9c 2s Jh]
Seat 1: Kostetikus (big blind) mucked
Seat 2: stefan76175 (button) (small blind) showed [5d Jd] and won ($41.50) with two pair, Jacks and Fives


PokerStars Hand #146538411926:  Hold'em Limit ($3/$6 USD) - 2016/01/05 18:43:45 ET
Table 'Holmia III' 2-max Seat #1 is the button
Seat 1: Kostetikus ($113.02 in chips)
Seat 2: stefan76175 ($194.80 in chips)
Kostetikus: posts small blind $1
stefan76175: posts big blind $3
*** HOLE CARDS ***
Kostetikus: raises $3 to $6
stefan76175: raises $3 to $9
Kostetikus: calls $3
*** FLOP *** [Js 7d Td]
stefan76175: bets $3
Kostetikus: calls $3
*** TURN *** [Js 7d Td] [7h]
stefan76175: bets $6
Kostetikus: raises $6 to $12
stefan76175: calls $6
*** RIVER *** [Js 7d Td 7h] [Jc]
stefan76175: bets $6
Kostetikus: calls $6
*** SHOW DOWN ***
stefan76175: shows [Qd Jh] (a full house, Jacks full of Sevens)
Kostetikus: mucks hand
stefan76175 collected $59.50 from pot
*** SUMMARY ***
Total pot $60 | Rake $0.50
Board [Js 7d Td 7h Jc]
Seat 1: Kostetikus (button) (small blind) mucked
Seat 2: stefan76175 (big blind) showed [Qd Jh] and won ($59.50) with a full house, Jacks full of Sevens


PokerStars Hand #146538396195:  Hold'em Limit ($3/$6 USD) - 2016/01/05 18:43:27 ET
Table 'Holmia III' 2-max Seat #2 is the button
Seat 1: Kostetikus ($89.52 in chips)
Seat 2: stefan76175 ($218.80 in chips)
stefan76175: posts small blind $1
Kostetikus: posts big blind $3
*** HOLE CARDS ***
stefan76175: calls $2
Kostetikus: checks
*** FLOP *** [Td 7s 3d]
Kostetikus: bets $3
stefan76175: calls $3
*** TURN *** [Td 7s 3d] [9h]
Kostetikus: bets $6
stefan76175: raises $6 to $12
Kostetikus: calls $6
*** RIVER *** [Td 7s 3d 9h] [Jc]
Kostetikus: checks
stefan76175: bets $6
Kostetikus: calls $6
*** SHOW DOWN ***
stefan76175: shows [5s 7h] (a pair of Sevens)
Kostetikus: shows [Qh Tc] (a pair of Tens)
Kostetikus collected $47.50 from pot
*** SUMMARY ***
Total pot $48 | Rake $0.50
Board [Td 7s 3d 9h Jc]
Seat 1: Kostetikus (big blind) showed [Qh Tc] and won ($47.50) with a pair of Tens
Seat 2: stefan76175 (button) (small blind) showed [5s 7h] and lost with a pair of Sevens


PokerStars Hand #146538495881:  Hold'em Limit ($3/$6 USD) - 2016/01/05 18:45:18 ET
Table 'Holmia III' 2-max Seat #1 is the button
Seat 1: Kostetikus ($72 in chips)
Seat 2: stefan76175 ($254.08 in chips)
Kostetikus: posts small blind $1
stefan76175: posts big blind $3
*** HOLE CARDS ***
Kostetikus: raises $3 to $6
stefan76175: calls $3
*** FLOP *** [Jc Jh 3c]
stefan76175: bets $3
Kostetikus: calls $3
*** TURN *** [Jc Jh 3c] [5h]
stefan76175: bets $6
Kostetikus: calls $6
*** RIVER *** [Jc Jh 3c 5h] [7d]
stefan76175: checks
Kostetikus: checks
*** SHOW DOWN ***
stefan76175: shows [9c Qd] (a pair of Jacks)
Kostetikus: shows [Ah Td] (a pair of Jacks - Ace kicker)
Kostetikus collected $29.50 from pot
*** SUMMARY ***
Total pot $30 | Rake $0.50
Board [Jc Jh 3c 5h 7d]
Seat 1: Kostetikus (button) (small blind) showed [Ah Td] and won ($29.50) with a pair of Jacks
Seat 2: stefan76175 (big blind) showed [9c Qd] and lost with a pair of Jacks


PokerStars Hand #146538472394:  Hold'em Limit ($3/$6 USD) - 2016/01/05 18:44:52 ET
Table 'Holmia III' 2-max Seat #2 is the button
Seat 1: Kostetikus ($79.64 in chips)
Seat 2: stefan76175 ($245.44 in chips)
stefan76175: posts small blind $1
Kostetikus: posts big blind $3
*** HOLE CARDS ***
stefan76175: calls $2
Kostetikus: checks
*** FLOP *** [3s Qs 6d]
Kostetikus: checks
stefan76175: checks
*** TURN *** [3s Qs 6d] [Ts]
Kostetikus: bets $6
stefan76175: calls $6
*** RIVER *** [3s Qs 6d Ts] [Jd]
Kostetikus: checks
stefan76175: checks
*** SHOW DOWN ***
Kostetikus: shows [8h 3d] (a pair of Threes)
stefan76175: shows [8d Tc] (a pair of Tens)
stefan76175 collected $17.64 from pot
*** SUMMARY ***
Total pot $18 | Rake $0.36
Board [3s Qs 6d Ts Jd]
Seat 1: Kostetikus (big blind) showed [8h 3d] and lost with a pair of Threes
Seat 2: stefan76175 (button) (small blind) showed [8d Tc] and won ($17.64) with a pair of Tens


PokerStars Hand #146538468310:  Hold'em Limit ($3/$6 USD) - 2016/01/05 18:44:48 ET
Table 'Holmia III' 2-max Seat #1 is the button
Seat 1: Kostetikus ($80.64 in chips)
Seat 2: stefan76175 ($244.44 in chips)
Kostetikus: posts small blind $1
stefan76175: posts big blind $3
*** HOLE CARDS ***
Kostetikus: folds
Uncalled bet ($2) returned to stefan76175
stefan76175 collected $2 from pot
stefan76175: doesn't show hand
*** SUMMARY ***
Total pot $2 | Rake $0
Seat 1: Kostetikus (button) (small blind) folded before Flop
Seat 2: stefan76175 (big blind) collected ($2)


PokerStars Hand #146538452503:  Hold'em Limit ($3/$6 USD) - 2016/01/05 18:44:30 ET
Table 'Holmia III' 2-max Seat #2 is the button
Seat 1: Kostetikus ($72 in chips)
Seat 2: stefan76175 ($253.44 in chips)
stefan76175: posts small blind $1
Kostetikus: posts big blind $3
*** HOLE CARDS ***
stefan76175: calls $2
Kostetikus: checks
*** FLOP *** [4h 5c 9h]
Kostetikus: checks
stefan76175: checks
*** TURN *** [4h 5c 9h] [Qs]
Kostetikus: bets $6
stefan76175: calls $6
*** RIVER *** [4h 5c 9h Qs] [7s]
Kostetikus: checks
stefan76175: checks
*** SHOW DOWN ***
Kostetikus: shows [6d 4c] (a pair of Fours)
stefan76175: mucks hand
Kostetikus collected $17.64 from pot
*** SUMMARY ***
Total pot $18 | Rake $0.36
Board [4h 5c 9h Qs 7s]
Seat 1: Kostetikus (big blind) showed [6d 4c] and won ($17.64) with a pair of Fours
Seat 2: stefan76175 (button) (small blind) mucked


PokerStars Hand #146538556009:  Hold'em Limit ($3/$6 USD) - 2016/01/05 18:46:25 ET
Table 'Holmia III' 2-max Seat #1 is the button
Seat 1: Kostetikus ($72 in chips)
Seat 2: stefan76175 ($262.08 in chips)
Kostetikus: posts small blind $1
stefan76175: posts big blind $3
*** HOLE CARDS ***
Kostetikus: raises $3 to $6
stefan76175: calls $3
*** FLOP *** [Qh 9d 2d]
stefan76175: checks
Kostetikus: bets $3
stefan76175: folds
Uncalled bet ($3) returned to Kostetikus
Kostetikus collected $11.76 from pot
Kostetikus: doesn't show hand
*** SUMMARY ***
Total pot $12 | Rake $0.24
Board [Qh 9d 2d]
Seat 1: Kostetikus (button) (small blind) collected ($11.76)
Seat 2: stefan76175 (big blind) folded on the Flop


PokerStars Hand #146538540295:  Hold'em Limit ($3/$6 USD) - 2016/01/05 18:46:08 ET
Table 'Holmia III' 2-max Seat #2 is the button
Seat 1: Kostetikus ($80 in chips)
Seat 2: stefan76175 ($244.58 in chips)
stefan76175: posts small blind $1
Kostetikus: posts big blind $3
*** HOLE CARDS ***
stefan76175: calls $2
Kostetikus: checks
*** FLOP *** [5s Qc 7h]
Kostetikus: checks
stefan76175: bets $3
Kostetikus: calls $3
*** TURN *** [5s Qc 7h] [Ts]
Kostetikus: checks
stefan76175: bets $6
Kostetikus: calls $6
*** RIVER *** [5s Qc 7h Ts] [Qh]
Kostetikus: checks
stefan76175: bets $6
Kostetikus: calls $6
*** SHOW DOWN ***
stefan76175: shows [8h 7s] (two pair, Queens and Sevens)
Kostetikus: mucks hand
stefan76175 collected $35.50 from pot
*** SUMMARY ***
Total pot $36 | Rake $0.50
Board [5s Qc 7h Ts Qh]
Seat 1: Kostetikus (big blind) mucked
Seat 2: stefan76175 (button) (small blind) showed [8h 7s] and won ($35.50) with two pair, Queens and Sevens


PokerStars Hand #146538528208:  Hold'em Limit ($3/$6 USD) - 2016/01/05 18:45:54 ET
Table 'Holmia III' 2-max Seat #1 is the button
Seat 1: Kostetikus ($104 in chips)
Seat 2: stefan76175 ($221.08 in chips)
Kostetikus: posts small blind $1
stefan76175: posts big blind $3
*** HOLE CARDS ***
Kostetikus: raises $3 to $6
stefan76175: raises $3 to $9
Kostetikus: calls $3
*** FLOP *** [2d Js 8c]
stefan76175: bets $3
Kostetikus: calls $3
*** TURN *** [2d Js 8c] [9s]
stefan76175: bets $6
Kostetikus: calls $6
*** RIVER *** [2d Js 8c 9s] [2h]
stefan76175: bets $6
Kostetikus: calls $6
*** SHOW DOWN ***
stefan76175: shows [Qd 2c] (three of a kind, Deuces)
Kostetikus: mucks hand
stefan76175 collected $47.50 from pot
*** SUMMARY ***
Total pot $48 | Rake $0.50
Board [2d Js 8c 9s 2h]
Seat 1: Kostetikus (button) (small blind) mucked
Seat 2: stefan76175 (big blind) showed [Qd 2c] and won ($47.50) with three of a kind, Deuces


PokerStars Hand #146538512632:  Hold'em Limit ($3/$6 USD) - 2016/01/05 18:45:37 ET
Table 'Holmia III' 2-max Seat #2 is the button
Seat 1: Kostetikus ($86.50 in chips)
Seat 2: stefan76175 ($239.08 in chips)
stefan76175: posts small blind $1
Kostetikus: posts big blind $3
*** HOLE CARDS ***
stefan76175: calls $2
Kostetikus: checks
*** FLOP *** [6h Js 6d]
Kostetikus: bets $3
stefan76175: calls $3
*** TURN *** [6h Js 6d] [Kd]
Kostetikus: checks
stefan76175: bets $6
Kostetikus: calls $6
*** RIVER *** [6h Js 6d Kd] [7h]
Kostetikus: checks
stefan76175: bets $6
Kostetikus: calls $6
*** SHOW DOWN ***
stefan76175: shows [8d Ad] (a pair of Sixes)
Kostetikus: shows [Qh Jd] (two pair, Jacks and Sixes)
Kostetikus collected $35.50 from pot
*** SUMMARY ***
Total pot $36 | Rake $0.50
Board [6h Js 6d Kd 7h]
Seat 1: Kostetikus (big blind) showed [Qh Jd] and won ($35.50) with two pair, Jacks and Sixes
Seat 2: stefan76175 (button) (small blind) showed [8d Ad] and lost with a pair of Sixes


PokerStars Hand #146538588368:  Hold'em Limit ($3/$6 USD) - 2016/01/05 18:47:01 ET
Table 'Holmia III' 2-max Seat #2 is the button
Seat 1: Kostetikus ($86.40 in chips)
Seat 2: stefan76175 ($247.08 in chips)
stefan76175: posts small blind $1
Kostetikus: posts big blind $3
*** HOLE CARDS ***
stefan76175: calls $2
Kostetikus: checks
*** FLOP *** [7s Kc 9d]
Kostetikus: checks
stefan76175: checks
*** TURN *** [7s Kc 9d] [Kh]
Kostetikus: bets $6
stefan76175: calls $6
*** RIVER *** [7s Kc 9d Kh] [Ah]
Kostetikus: checks
stefan76175: checks
*** SHOW DOWN ***
Kostetikus: shows [7d 6d] (two pair, Kings and Sevens)
stefan76175: mucks hand
Kostetikus collected $17.64 from pot
*** SUMMARY ***
Total pot $18 | Rake $0.36
Board [7s Kc 9d Kh Ah]
Seat 1: Kostetikus (big blind) showed [7d 6d] and won ($17.64) with two pair, Kings and Sevens
Seat 2: stefan76175 (button) (small blind) mucked


PokerStars Hand #146538578281:  Hold'em Limit ($3/$6 USD) - 2016/01/05 18:46:50 ET
Table 'Holmia III' 2-max Seat #1 is the button
Seat 1: Kostetikus ($80.64 in chips)
Seat 2: stefan76175 ($253.08 in chips)
Kostetikus: posts small blind $1
stefan76175: posts big blind $3
*** HOLE CARDS ***
Kostetikus: raises $3 to $6
stefan76175: calls $3
*** FLOP *** [Qc Kh 8c]
stefan76175: checks
Kostetikus: bets $3
stefan76175: folds
Uncalled bet ($3) returned to Kostetikus
Kostetikus collected $11.76 from pot
Kostetikus: doesn't show hand
*** SUMMARY ***
Total pot $12 | Rake $0.24
Board [Qc Kh 8c]
Seat 1: Kostetikus (button) (small blind) collected ($11.76)
Seat 2: stefan76175 (big blind) folded on the Flop


PokerStars Hand #146538566794:  Hold'em Limit ($3/$6 USD) - 2016/01/05 18:46:37 ET
Table 'Holmia III' 2-max Seat #2 is the button
Seat 1: Kostetikus ($77.76 in chips)
Seat 2: stefan76175 ($256.08 in chips)
stefan76175: posts small blind $1
Kostetikus: posts big blind $3
*** HOLE CARDS ***
stefan76175: calls $2
Kostetikus: checks
*** FLOP *** [Kd Ts Ks]
Kostetikus: checks
stefan76175: checks
*** TURN *** [Kd Ts Ks] [9d]
Kostetikus: bets $6
stefan76175: folds
Uncalled bet ($6) returned to Kostetikus
Kostetikus collected $5.88 from pot
Kostetikus: doesn't show hand
*** SUMMARY ***
Total pot $6 | Rake $0.12
Board [Kd Ts Ks 9d]
Seat 1: Kostetikus (big blind) collected ($5.88)
Seat 2: stefan76175 (button) (small blind) folded on the Turn


PokerStars Hand #146538673162:  Hold'em Limit ($3/$6 USD) - 2016/01/05 18:48:25 ET
Table 'Holmia III' 2-max Seat #1 is the button
Seat 1: Kostetikus ($107.02 in chips)
Seat 2: stefan76175 ($234.22 in chips)
Kostetikus: posts small blind $1
stefan76175: posts big blind $3
*** HOLE CARDS ***
Kostetikus: folds
Uncalled bet ($2) returned to stefan76175
stefan76175 collected $2 from pot
stefan76175: doesn't show hand
*** SUMMARY ***
Total pot $2 | Rake $0
Seat 1: Kostetikus (button) (small blind) folded before Flop
Seat 2: stefan76175 (big blind) collected ($2)


PokerStars Hand #146538661354:  Hold'em Limit ($3/$6 USD) - 2016/01/05 18:48:11 ET
Table 'Holmia III' 2-max Seat #2 is the button
Seat 1: Kostetikus ($95.50 in chips)
Seat 2: stefan76175 ($246.22 in chips)
stefan76175: posts small blind $1
Kostetikus: posts big blind $3
*** HOLE CARDS ***
stefan76175: raises $3 to $6
Kostetikus: raises $3 to $9
stefan76175: calls $3
*** FLOP *** [6d 6c Kd]
Kostetikus: bets $3
stefan76175: calls $3
*** TURN *** [6d 6c Kd] [8h]
Kostetikus: bets $6
stefan76175: folds
Uncalled bet ($6) returned to Kostetikus
Kostetikus collected $23.52 from pot
Kostetikus: doesn't show hand
*** SUMMARY ***
Total pot $24 | Rake $0.48
Board [6d 6c Kd 8h]
Seat 1: Kostetikus (big blind) collected ($23.52)
Seat 2: stefan76175 (button) (small blind) folded on the Turn


PokerStars Hand #146538644750:  Hold'em Limit ($3/$6 USD) - 2016/01/05 18:47:53 ET
Table 'Holmia III' 2-max Seat #1 is the button
Seat 1: Kostetikus ($72 in chips)
Seat 2: stefan76175 ($270.22 in chips)
Kostetikus: posts small blind $1
stefan76175: posts big blind $3
*** HOLE CARDS ***
Kostetikus: raises $3 to $6
stefan76175: calls $3
*** FLOP *** [3d 8s 8c]
stefan76175: checks
Kostetikus: bets $3
stefan76175: raises $3 to $6
Kostetikus: calls $3
*** TURN *** [3d 8s 8c] [Ks]
stefan76175: bets $6
Kostetikus: calls $6
*** RIVER *** [3d 8s 8c Ks] [Jh]
stefan76175: bets $6
Kostetikus: calls $6
*** SHOW DOWN ***
stefan76175: shows [As 4s] (a pair of Eights)
Kostetikus: shows [6s Kd] (two pair, Kings and Eights)
Kostetikus collected $47.50 from pot
*** SUMMARY ***
Total pot $48 | Rake $0.50
Board [3d 8s 8c Ks Jh]
Seat 1: Kostetikus (button) (small blind) showed [6s Kd] and won ($47.50) with two pair, Kings and Eights
Seat 2: stefan76175 (big blind) showed [As 4s] and lost with a pair of Eights


PokerStars Hand #146538632567:  Hold'em Limit ($3/$6 USD) - 2016/01/05 18:47:40 ET
Table 'Holmia III' 2-max Seat #2 is the button
Seat 1: Kostetikus ($72 in chips)
Seat 2: stefan76175 ($261.58 in chips)
stefan76175: posts small blind $1
Kostetikus: posts big blind $3
*** HOLE CARDS ***
stefan76175: calls $2
Kostetikus: raises $3 to $6
stefan76175: calls $3
*** FLOP *** [3d Td 6d]
Kostetikus: bets $3
stefan76175: calls $3
*** TURN *** [3d Td 6d] [7d]
Kostetikus: checks
stefan76175: bets $6
Kostetikus: folds
Uncalled bet ($6) returned to stefan76175
stefan76175 collected $17.64 from pot
stefan76175: doesn't show hand
*** SUMMARY ***
Total pot $18 | Rake $0.36
Board [3d Td 6d 7d]
Seat 1: Kostetikus (big blind) folded on the Turn
Seat 2: stefan76175 (button) (small blind) collected ($17.64)


PokerStars Hand #146538611433:  Hold'em Limit ($3/$6 USD) - 2016/01/05 18:47:19 ET
Table 'Holmia III' 2-max Seat #1 is the button
Seat 1: Kostetikus ($95.04 in chips)
Seat 2: stefan76175 ($238.08 in chips)
Kostetikus: posts small blind $1
stefan76175: posts big blind $3
*** HOLE CARDS ***
Kostetikus: raises $3 to $6
stefan76175: calls $3
*** FLOP *** [2d Kd Js]
stefan76175: checks
Kostetikus: bets $3
stefan76175: raises $3 to $6
Kostetikus: raises $3 to $9
stefan76175: raises $3 to $12
Betting is capped
Kostetikus: calls $3
*** TURN *** [2d Kd Js] [As]
stefan76175: bets $6
Kostetikus: calls $6
*** RIVER *** [2d Kd Js As] [4c]
stefan76175: checks
Kostetikus: checks
*** SHOW DOWN ***
stefan76175: shows [Td Ks] (a pair of Kings)
Kostetikus: mucks hand
stefan76175 collected $47.50 from pot
*** SUMMARY ***
Total pot $48 | Rake $0.50
Board [2d Kd Js As 4c]
Seat 1: Kostetikus (button) (small blind) mucked
Seat 2: stefan76175 (big blind) showed [Td Ks] and won ($47.50) with a pair of Kings


PokerStars Hand #146538709807:  Hold'em Limit ($3/$6 USD) - 2016/01/05 18:49:06 ET
Table 'Holmia III' 2-max Seat #2 is the button
Seat 1: Kostetikus ($138.52 in chips)
Seat 2: stefan76175 ($201.98 in chips)
stefan76175: posts small blind $1
Kostetikus: posts big blind $3
*** HOLE CARDS ***
stefan76175: raises $3 to $6
Kostetikus: calls $3
*** FLOP *** [Qc Ts 9c]
Kostetikus: checks
stefan76175: bets $3
Kostetikus: calls $3
*** TURN *** [Qc Ts 9c] [2h]
Kostetikus: checks
stefan76175: bets $6
Kostetikus: calls $6
*** RIVER *** [Qc Ts 9c 2h] [Ac]
Kostetikus: checks
stefan76175: bets $6
Kostetikus: calls $6
*** SHOW DOWN ***
stefan76175: shows [4s Qh] (a pair of Queens)
Kostetikus: mucks hand
stefan76175 collected $41.50 from pot
*** SUMMARY ***
Total pot $42 | Rake $0.50
Board [Qc Ts 9c 2h Ac]
Seat 1: Kostetikus (big blind) mucked
Seat 2: stefan76175 (button) (small blind) showed [4s Qh] and won ($41.50) with a pair of Queens


PokerStars Hand #146538688597:  Hold'em Limit ($3/$6 USD) - 2016/01/05 18:48:42 ET
Table 'Holmia III' 2-max Seat #1 is the button
Seat 1: Kostetikus ($100.02 in chips)
Seat 2: stefan76175 ($240.98 in chips)
Kostetikus: posts small blind $1
stefan76175: posts big blind $3
*** HOLE CARDS ***
Kostetikus: raises $3 to $6
stefan76175: calls $3
*** FLOP *** [6h 4s 7h]
stefan76175: bets $3
Kostetikus: calls $3
*** TURN *** [6h 4s 7h] [Ac]
stefan76175: bets $6
Kostetikus: raises $6 to $12
stefan76175: raises $6 to $18
Kostetikus: calls $6
*** RIVER *** [6h 4s 7h Ac] [Ks]
stefan76175: bets $6
Kostetikus: raises $6 to $12
stefan76175: calls $6
*** SHOW DOWN ***
Kostetikus: shows [Ah 6c] (two pair, Aces and Sixes)
stefan76175: mucks hand
Kostetikus collected $77.50 from pot
*** SUMMARY ***
Total pot $78 | Rake $0.50
Board [6h 4s 7h Ac Ks]
Seat 1: Kostetikus (button) (small blind) showed [Ah 6c] and won ($77.50) with two pair, Aces and Sixes
Seat 2: stefan76175 (big blind) mucked


PokerStars Hand #146538677140:  Hold'em Limit ($3/$6 USD) - 2016/01/05 18:48:29 ET
Table 'Holmia III' 2-max Seat #2 is the button
Seat 1: Kostetikus ($106.02 in chips)
Seat 2: stefan76175 ($235.22 in chips)
stefan76175: posts small blind $1
Kostetikus: posts big blind $3
*** HOLE CARDS ***
stefan76175: calls $2
Kostetikus: checks
*** FLOP *** [4c 4s 3d]
Kostetikus: checks
stefan76175: bets $3
Kostetikus: calls $3
*** TURN *** [4c 4s 3d] [Jc]
Kostetikus: checks
stefan76175: bets $6
Kostetikus: folds
Uncalled bet ($6) returned to stefan76175
stefan76175 collected $11.76 from pot
stefan76175: doesn't show hand
*** SUMMARY ***
Total pot $12 | Rake $0.24
Board [4c 4s 3d Jc]
Seat 1: Kostetikus (big blind) folded on the Turn
Seat 2: stefan76175 (button) (small blind) collected ($11.76)


PokerStars Hand #146538774145:  Hold'em Limit ($3/$6 USD) - 2016/01/05 18:50:20 ET
Table 'Holmia III' 2-max Seat #1 is the button
Seat 1: Kostetikus ($181.02 in chips)
Seat 2: stefan76175 ($157.48 in chips)
Kostetikus: posts small blind $1
stefan76175: posts big blind $3
*** HOLE CARDS ***
Kostetikus: raises $3 to $6
stefan76175: raises $3 to $9
Kostetikus: calls $3
*** FLOP *** [8h 8c Td]
stefan76175: bets $3
Kostetikus: calls $3
*** TURN *** [8h 8c Td] [9h]
stefan76175: bets $6
Kostetikus: calls $6
*** RIVER *** [8h 8c Td 9h] [5h]
stefan76175: checks
Kostetikus: checks
*** SHOW DOWN ***
stefan76175: shows [4d Qc] (a pair of Eights)
Kostetikus: shows [2h Ks] (a pair of Eights - King kicker)
Kostetikus collected $35.50 from pot
*** SUMMARY ***
Total pot $36 | Rake $0.50
Board [8h 8c Td 9h 5h]
Seat 1: Kostetikus (button) (small blind) showed [2h Ks] and won ($35.50) with a pair of Eights
Seat 2: stefan76175 (big blind) showed [4d Qc] and lost with a pair of Eights


PokerStars Hand #146538759322:  Hold'em Limit ($3/$6 USD) - 2016/01/05 18:50:03 ET
Table 'Holmia III' 2-max Seat #2 is the button
Seat 1: Kostetikus ($154.52 in chips)
Seat 2: stefan76175 ($184.48 in chips)
stefan76175: posts small blind $1
Kostetikus: posts big blind $3
*** HOLE CARDS ***
stefan76175: raises $3 to $6
Kostetikus: calls $3
*** FLOP *** [Ad 3h Qh]
Kostetikus: checks
stefan76175: bets $3
Kostetikus: raises $3 to $6
stefan76175: raises $3 to $9
Kostetikus: calls $3
*** TURN *** [Ad 3h Qh] [5d]
Kostetikus: checks
stefan76175: bets $6
Kostetikus: calls $6
*** RIVER *** [Ad 3h Qh 5d] [Qd]
Kostetikus: checks
stefan76175: bets $6
Kostetikus: calls $6
*** SHOW DOWN ***
stefan76175: shows [Tc Js] (a pair of Queens)
Kostetikus: shows [4c As] (two pair, Aces and Queens)
Kostetikus collected $53.50 from pot
*** SUMMARY ***
Total pot $54 | Rake $0.50
Board [Ad 3h Qh 5d Qd]
Seat 1: Kostetikus (big blind) showed [4c As] and won ($53.50) with two pair, Aces and Queens
Seat 2: stefan76175 (button) (small blind) showed [Tc Js] and lost with a pair of Queens


PokerStars Hand #146538755098:  Hold'em Limit ($3/$6 USD) - 2016/01/05 18:49:58 ET
Table 'Holmia III' 2-max Seat #1 is the button
Seat 1: Kostetikus ($155.52 in chips)
Seat 2: stefan76175 ($183.48 in chips)
Kostetikus: posts small blind $1
stefan76175: posts big blind $3
*** HOLE CARDS ***
Kostetikus: folds
Uncalled bet ($2) returned to stefan76175
stefan76175 collected $2 from pot
stefan76175: doesn't show hand
*** SUMMARY ***
Total pot $2 | Rake $0
Seat 1: Kostetikus (button) (small blind) folded before Flop
Seat 2: stefan76175 (big blind) collected ($2)


PokerStars Hand #146538741909:  Hold'em Limit ($3/$6 USD) - 2016/01/05 18:49:43 ET
Table 'Holmia III' 2-max Seat #2 is the button
Seat 1: Kostetikus ($135.02 in chips)
Seat 2: stefan76175 ($204.48 in chips)
stefan76175: posts small blind $1
Kostetikus: posts big blind $3
*** HOLE CARDS ***
stefan76175: raises $3 to $6
Kostetikus: calls $3
*** FLOP *** [Ad 6h Kh]
Kostetikus: checks
stefan76175: bets $3
Kostetikus: calls $3
*** TURN *** [Ad 6h Kh] [2c]
Kostetikus: checks
stefan76175: bets $6
Kostetikus: calls $6
*** RIVER *** [Ad 6h Kh 2c] [3s]
Kostetikus: checks
stefan76175: bets $6
Kostetikus: calls $6
*** SHOW DOWN ***
stefan76175: shows [6c 9d] (a pair of Sixes)
Kostetikus: shows [5h Ks] (a pair of Kings)
Kostetikus collected $41.50 from pot
*** SUMMARY ***
Total pot $42 | Rake $0.50
Board [Ad 6h Kh 2c 3s]
Seat 1: Kostetikus (big blind) showed [5h Ks] and won ($41.50) with a pair of Kings
Seat 2: stefan76175 (button) (small blind) showed [6c 9d] and lost with a pair of Sixes


PokerStars Hand #146538725739:  Hold'em Limit ($3/$6 USD) - 2016/01/05 18:49:25 ET
Table 'Holmia III' 2-max Seat #1 is the button
Seat 1: Kostetikus ($117.52 in chips)
Seat 2: stefan76175 ($222.48 in chips)
Kostetikus: posts small blind $1
stefan76175: posts big blind $3
*** HOLE CARDS ***
Kostetikus: raises $3 to $6
stefan76175: raises $3 to $9
Kostetikus: calls $3
*** FLOP *** [6c 5h Kh]
stefan76175: bets $3
Kostetikus: calls $3
*** TURN *** [6c 5h Kh] [9s]
stefan76175: bets $6
Kostetikus: calls $6
*** RIVER *** [6c 5h Kh 9s] [Ah]
stefan76175: checks
Kostetikus: bets $6
stefan76175: folds
Uncalled bet ($6) returned to Kostetikus
Kostetikus collected $35.50 from pot
Kostetikus: doesn't show hand
*** SUMMARY ***
Total pot $36 | Rake $0.50
Board [6c 5h Kh 9s Ah]
Seat 1: Kostetikus (button) (small blind) collected ($35.50)
Seat 2: stefan76175 (big blind) folded on the River


PokerStars Hand #146538816488:  Hold'em Limit ($3/$6 USD) - 2016/01/05 18:51:09 ET
Table 'Holmia III' 2-max Seat #2 is the button
Seat 1: Kostetikus ($236.52 in chips)
Seat 2: stefan76175 ($100.48 in chips)
stefan76175: posts small blind $1
Kostetikus: posts big blind $3
*** HOLE CARDS ***
stefan76175: raises $3 to $6
Kostetikus: calls $3
*** FLOP *** [3c 9d 2d]
Kostetikus: checks
stefan76175: bets $3
Kostetikus: calls $3
*** TURN *** [3c 9d 2d] [Kc]
Kostetikus: checks
stefan76175: bets $6
Kostetikus: calls $6
*** RIVER *** [3c 9d 2d Kc] [Qs]
Kostetikus: bets $6
stefan76175: calls $6
*** SHOW DOWN ***
Kostetikus: shows [2c Qc] (two pair, Queens and Deuces)
stefan76175: mucks hand
Kostetikus collected $41.50 from pot
*** SUMMARY ***
Total pot $42 | Rake $0.50
Board [3c 9d 2d Kc Qs]
Seat 1: Kostetikus (big blind) showed [2c Qc] and won ($41.50) with two pair, Queens and Deuces
Seat 2: stefan76175 (button) (small blind) mucked


PokerStars Hand #146538804421:  Hold'em Limit ($3/$6 USD) - 2016/01/05 18:50:55 ET
Table 'Holmia III' 2-max Seat #1 is the button
Seat 1: Kostetikus ($213.02 in chips)
Seat 2: stefan76175 ($124.48 in chips)
Kostetikus: posts small blind $1
stefan76175: posts big blind $3
*** HOLE CARDS ***
Kostetikus: raises $3 to $6
stefan76175: raises $3 to $9
Kostetikus: calls $3
*** FLOP *** [6d 7d 2d]
stefan76175: bets $3
Kostetikus: calls $3
*** TURN *** [6d 7d 2d] [2s]
stefan76175: bets $6
Kostetikus: calls $6
*** RIVER *** [6d 7d 2d 2s] [Jd]
stefan76175: bets $6
Kostetikus: calls $6
*** SHOW DOWN ***
stefan76175: shows [4d Js] (a flush, Jack high)
Kostetikus: shows [8d 8c] (a flush, Jack high - Eight higher)
Kostetikus collected $47.50 from pot
*** SUMMARY ***
Total pot $48 | Rake $0.50
Board [6d 7d 2d 2s Jd]
Seat 1: Kostetikus (button) (small blind) showed [8d 8c] and won ($47.50) with a flush, Jack high
Seat 2: stefan76175 (big blind) showed [4d Js] and lost with a flush, Jack high


PokerStars Hand #146538790344:  Hold'em Limit ($3/$6 USD) - 2016/01/05 18:50:39 ET
Table 'Holmia III' 2-max Seat #2 is the button
Seat 1: Kostetikus ($198.52 in chips)
Seat 2: stefan76175 ($139.48 in chips)
stefan76175: posts small blind $1
Kostetikus: posts big blind $3
*** HOLE CARDS ***
stefan76175: raises $3 to $6
Kostetikus: calls $3
*** FLOP *** [3s 4s 3d]
Kostetikus: checks
stefan76175: bets $3
Kostetikus: calls $3
*** TURN *** [3s 4s 3d] [Kh]
Kostetikus: checks
stefan76175: checks
*** RIVER *** [3s 4s 3d Kh] [8c]
Kostetikus: checks
stefan76175: bets $6
Kostetikus: calls $6
*** SHOW DOWN ***
stefan76175: shows [Jh 6d] (a pair of Threes)
Kostetikus: shows [As 5c] (a pair of Threes - Ace kicker)
Kostetikus collected $29.50 from pot
*** SUMMARY ***
Total pot $30 | Rake $0.50
Board [3s 4s 3d Kh 8c]
Seat 1: Kostetikus (big blind) showed [As 5c] and won ($29.50) with a pair of Threes
Seat 2: stefan76175 (button) (small blind) showed [Jh 6d] and lost with a pair of Threes


PokerStars Hand #146538871794:  Hold'em Limit ($3/$6 USD) - 2016/01/05 18:52:13 ET
Table 'Holmia III' 2-max Seat #1 is the button
Seat 1: Kostetikus ($256.52 in chips)
Seat 2: stefan76175 ($78.98 in chips)
Kostetikus: posts small blind $1
stefan76175: posts big blind $3
*** HOLE CARDS ***
Kostetikus: raises $3 to $6
stefan76175: raises $3 to $9
Kostetikus: calls $3
*** FLOP *** [Js Kd 8s]
stefan76175: bets $3
Kostetikus: calls $3
*** TURN *** [Js Kd 8s] [Qs]
stefan76175: bets $6
Kostetikus: calls $6
*** RIVER *** [Js Kd 8s Qs] [Ah]
stefan76175: bets $6
Kostetikus: calls $6
*** SHOW DOWN ***
stefan76175: shows [Kc 4h] (a pair of Kings)
Kostetikus: mucks hand
stefan76175 collected $47.50 from pot
*** SUMMARY ***
Total pot $48 | Rake $0.50
Board [Js Kd 8s Qs Ah]
Seat 1: Kostetikus (button) (small blind) mucked
Seat 2: stefan76175 (big blind) showed [Kc 4h] and won ($47.50) with a pair of Kings


PokerStars Hand #146538866486:  Hold'em Limit ($3/$6 USD) - 2016/01/05 18:52:07 ET
Table 'Holmia III' 2-max Seat #2 is the button
Seat 1: Kostetikus ($259.52 in chips)
Seat 2: stefan76175 ($75.98 in chips)
stefan76175: posts small blind $1
Kostetikus: posts big blind $3
*** HOLE CARDS ***
stefan76175: raises $3 to $6
Kostetikus: folds
Uncalled bet ($3) returned to stefan76175
stefan76175 collected $6 from pot
stefan76175: doesn't show hand
*** SUMMARY ***
Total pot $6 | Rake $0
Seat 1: Kostetikus (big blind) folded before Flop
Seat 2: stefan76175 (button) (small blind) collected ($6)


PokerStars Hand #146538851647:  Hold'em Limit ($3/$6 USD) - 2016/01/05 18:51:50 ET
Table 'Holmia III' 2-max Seat #1 is the button
Seat 1: Kostetikus ($283.52 in chips)
Seat 2: stefan76175 ($52.48 in chips)
Kostetikus: posts small blind $1
stefan76175: posts big blind $3
*** HOLE CARDS ***
Kostetikus: raises $3 to $6
stefan76175: raises $3 to $9
Kostetikus: calls $3
*** FLOP *** [Jc Tc 3s]
stefan76175: bets $3
Kostetikus: calls $3
*** TURN *** [Jc Tc 3s] [Qc]
stefan76175: bets $6
Kostetikus: calls $6
*** RIVER *** [Jc Tc 3s Qc] [5s]
stefan76175: bets $6
Kostetikus: calls $6
*** SHOW DOWN ***
stefan76175: shows [8s Qh] (a pair of Queens)
Kostetikus: mucks hand
stefan76175 collected $47.50 from pot
*** SUMMARY ***
Total pot $48 | Rake $0.50
Board [Jc Tc 3s Qc 5s]
Seat 1: Kostetikus (button) (small blind) mucked
Seat 2: stefan76175 (big blind) showed [8s Qh] and won ($47.50) with a pair of Queens


PokerStars Hand #146538846579:  Hold'em Limit ($3/$6 USD) - 2016/01/05 18:51:44 ET
Table 'Holmia III' 2-max Seat #2 is the button
Seat 1: Kostetikus ($286.52 in chips)
Seat 2: stefan76175 ($49.48 in chips)
stefan76175: posts small blind $1
Kostetikus: posts big blind $3
*** HOLE CARDS ***
stefan76175: raises $3 to $6
Kostetikus: folds
Uncalled bet ($3) returned to stefan76175
stefan76175 collected $6 from pot
stefan76175: doesn't show hand
*** SUMMARY ***
Total pot $6 | Rake $0
Seat 1: Kostetikus (big blind) folded before Flop
Seat 2: stefan76175 (button) (small blind) collected ($6)


PokerStars Hand #146538897901:  Hold'em Limit ($3/$6 USD) - 2016/01/05 18:52:44 ET
Table 'Holmia III' 2-max Seat #1 is the button
Seat 1: Kostetikus ($247.02 in chips)
Seat 2: stefan76175 ($87.48 in chips)
Kostetikus: posts small blind $1
stefan76175: posts big blind $3
*** HOLE CARDS ***
Kostetikus: raises $3 to $6
stefan76175: raises $3 to $9
Kostetikus: calls $3
*** FLOP *** [3s Kd 9d]
stefan76175: checks
Kostetikus: bets $3
stefan76175: raises $3 to $6
Kostetikus: folds
Uncalled bet ($3) returned to stefan76175
stefan76175 collected $23.52 from pot
stefan76175: doesn't show hand
*** SUMMARY ***
Total pot $24 | Rake $0.48
Board [3s Kd 9d]
Seat 1: Kostetikus (button) (small blind) folded on the Flop
Seat 2: stefan76175 (big blind) collected ($23.52)


PokerStars Hand #146538883226:  Hold'em Limit ($3/$6 USD) - 2016/01/05 18:52:27 ET
Table 'Holmia III' 2-max Seat #2 is the button
Seat 1: Kostetikus ($232.52 in chips)
Seat 2: stefan76175 ($102.48 in chips)
stefan76175: posts small blind $1
Kostetikus: posts big blind $3
*** HOLE CARDS ***
stefan76175: calls $2
Kostetikus: checks
*** FLOP *** [Td Kh 6s]
Kostetikus: checks
stefan76175: checks
*** TURN *** [Td Kh 6s] [3h]
Kostetikus: bets $6
stefan76175: raises $6 to $12
Kostetikus: calls $6
*** RIVER *** [Td Kh 6s 3h] [Ac]
Kostetikus: checks
stefan76175: checks
*** SHOW DOWN ***
Kostetikus: shows [3d 8c] (a pair of Threes)
stefan76175: mucks hand
Kostetikus collected $29.50 from pot
*** SUMMARY ***
Total pot $30 | Rake $0.50
Board [Td Kh 6s 3h Ac]
Seat 1: Kostetikus (big blind) showed [3d 8c] and won ($29.50) with a pair of Threes
Seat 2: stefan76175 (button) (small blind) mucked


PokerStars Hand #146538974995:  Hold'em Limit ($3/$6 USD) - 2016/01/05 18:54:14 ET
Table 'Holmia III' 2-max Seat #1 is the button
Seat 1: Kostetikus ($228.52 in chips)
Seat 2: stefan76175 ($104.38 in chips)
Kostetikus: posts small blind $1
stefan76175: posts big blind $3
*** HOLE CARDS ***
Kostetikus: raises $3 to $6
stefan76175: calls $3
*** FLOP *** [2h 9d Ad]
stefan76175: bets $3
Kostetikus: calls $3
*** TURN *** [2h 9d Ad] [6h]
stefan76175: bets $6
Kostetikus: calls $6
*** RIVER *** [2h 9d Ad 6h] [Ac]
stefan76175: bets $6
Kostetikus: calls $6
*** SHOW DOWN ***
stefan76175: shows [6d 2c] (two pair, Aces and Sixes)
Kostetikus: shows [8h 9h] (two pair, Aces and Nines)
Kostetikus collected $41.50 from pot
*** SUMMARY ***
Total pot $42 | Rake $0.50
Board [2h 9d Ad 6h Ac]
Seat 1: Kostetikus (button) (small blind) showed [8h 9h] and won ($41.50) with two pair, Aces and Nines
Seat 2: stefan76175 (big blind) showed [6d 2c] and lost with two pair, Aces and Sixes


PokerStars Hand #146538958920:  Hold'em Limit ($3/$6 USD) - 2016/01/05 18:53:55 ET
Table 'Holmia III' 2-max Seat #2 is the button
Seat 1: Kostetikus ($211.02 in chips)
Seat 2: stefan76175 ($122.38 in chips)
stefan76175: posts small blind $1
Kostetikus: posts big blind $3
*** HOLE CARDS ***
stefan76175: calls $2
Kostetikus: checks
*** FLOP *** [Td 6d 7c]
Kostetikus: checks
stefan76175: bets $3
Kostetikus: calls $3
*** TURN *** [Td 6d 7c] [3d]
Kostetikus: checks
stefan76175: checks
*** RIVER *** [Td 6d 7c 3d] [2d]
Kostetikus: bets $6
stefan76175: raises $6 to $12
Kostetikus: calls $6
*** SHOW DOWN ***
stefan76175: shows [4h Ah] (high card Ace)
Kostetikus: shows [5d 7s] (a flush, Ten high)
Kostetikus collected $35.50 from pot
*** SUMMARY ***
Total pot $36 | Rake $0.50
Board [Td 6d 7c 3d 2d]
Seat 1: Kostetikus (big blind) showed [5d 7s] and won ($35.50) with a flush, Ten high
Seat 2: stefan76175 (button) (small blind) showed [4h Ah] and lost with high card Ace


PokerStars Hand #146538922811:  Hold'em Limit ($3/$6 USD) - 2016/01/05 18:53:13 ET
Table 'Holmia III' 2-max Seat #2 is the button
Seat 1: Kostetikus ($235.02 in chips)
Seat 2: stefan76175 ($99 in chips)
stefan76175: posts small blind $1
Kostetikus: posts big blind $3
*** HOLE CARDS ***
stefan76175: calls $2
Kostetikus: checks
*** FLOP *** [6h Ts 5h]
Kostetikus: checks
stefan76175: checks
*** TURN *** [6h Ts 5h] [6s]
Kostetikus: checks
stefan76175: checks
*** RIVER *** [6h Ts 5h 6s] [3c]
Kostetikus: checks
stefan76175: bets $6
Kostetikus: folds
Uncalled bet ($6) returned to stefan76175
stefan76175 collected $5.88 from pot
stefan76175: doesn't show hand
*** SUMMARY ***
Total pot $6 | Rake $0.12
Board [6h Ts 5h 6s 3c]
Seat 1: Kostetikus (big blind) folded on the River
Seat 2: stefan76175 (button) (small blind) collected ($5.88)


PokerStars Hand #146538946752:  Hold'em Limit ($3/$6 USD) - 2016/01/05 18:53:41 ET
Table 'Holmia III' 2-max Seat #1 is the button
Seat 1: Kostetikus ($232.02 in chips)
Seat 2: stefan76175 ($101.88 in chips)
Kostetikus: posts small blind $1
stefan76175: posts big blind $3
*** HOLE CARDS ***
Kostetikus: raises $3 to $6
stefan76175: calls $3
*** FLOP *** [5h 3c Kc]
stefan76175: bets $3
Kostetikus: calls $3
*** TURN *** [5h 3c Kc] [Jc]
stefan76175: bets $6
Kostetikus: calls $6
*** RIVER *** [5h 3c Kc Jc] [Jh]
stefan76175: bets $6
Kostetikus: calls $6
*** SHOW DOWN ***
stefan76175: shows [3h Js] (a full house, Jacks full of Threes)
Kostetikus: mucks hand
stefan76175 collected $41.50 from pot
*** SUMMARY ***
Total pot $42 | Rake $0.50
Board [5h 3c Kc Jc Jh]
Seat 1: Kostetikus (button) (small blind) mucked
Seat 2: stefan76175 (big blind) showed [3h Js] and won ($41.50) with a full house, Jacks full of Threes


PokerStars Hand #146538988304:  Hold'em Limit ($3/$6 USD) - 2016/01/05 18:54:30 ET
Table 'Holmia III' 2-max Seat #2 is the button
Seat 1: Kostetikus ($249.02 in chips)
Seat 2: stefan76175 ($83.38 in chips)
stefan76175: posts small blind $1
Kostetikus: posts big blind $3
*** HOLE CARDS ***
stefan76175: raises $3 to $6
Kostetikus: calls $3
*** FLOP *** [Jc 2h 7h]
Kostetikus: checks
stefan76175: bets $3
Kostetikus: calls $3
*** TURN *** [Jc 2h 7h] [9h]
Kostetikus: checks
stefan76175: bets $6
Kostetikus: calls $6
*** RIVER *** [Jc 2h 7h 9h] [7s]
Kostetikus: checks
stefan76175: checks
*** SHOW DOWN ***
Kostetikus: shows [Ah 3d] (a pair of Sevens)
stefan76175: shows [Ts Ad] (a pair of Sevens - Ace+Jack+Ten kicker)
stefan76175 collected $29.50 from pot
*** SUMMARY ***
Total pot $30 | Rake $0.50
Board [Jc 2h 7h 9h 7s]
Seat 1: Kostetikus (big blind) showed [Ah 3d] and lost with a pair of Sevens
Seat 2: stefan76175 (button) (small blind) showed [Ts Ad] and won ($29.50) with a pair of Sevens


PokerStars Hand #146539005852:  Hold'em Limit ($3/$6 USD) - 2016/01/05 18:54:50 ET
Table 'Holmia III' 2-max Seat #1 is the button
Seat 1: Kostetikus ($234.02 in chips)
Seat 2: stefan76175 ($97.88 in chips)
Kostetikus: posts small blind $1
stefan76175: posts big blind $3
*** HOLE CARDS ***
Kostetikus: folds
Uncalled bet ($2) returned to stefan76175
stefan76175 collected $2 from pot
stefan76175: doesn't show hand
*** SUMMARY ***
Total pot $2 | Rake $0
Seat 1: Kostetikus (button) (small blind) folded before Flop
Seat 2: stefan76175 (big blind) collected ($2)


PokerStars Hand #146539025034:  Hold'em Limit ($3/$6 USD) - 2016/01/05 18:55:13 ET
Table 'Holmia III' 2-max Seat #1 is the button
Seat 1: Kostetikus ($241.66 in chips)
Seat 2: stefan76175 ($89.88 in chips)
Kostetikus: posts small blind $1
stefan76175: posts big blind $3
*** HOLE CARDS ***
Kostetikus: folds
Uncalled bet ($2) returned to stefan76175
stefan76175 collected $2 from pot
stefan76175: doesn't show hand
*** SUMMARY ***
Total pot $2 | Rake $0
Seat 1: Kostetikus (button) (small blind) folded before Flop
Seat 2: stefan76175 (big blind) collected ($2)


PokerStars Hand #146539009710:  Hold'em Limit ($3/$6 USD) - 2016/01/05 18:54:55 ET
Table 'Holmia III' 2-max Seat #2 is the button
Seat 1: Kostetikus ($233.02 in chips)
Seat 2: stefan76175 ($98.88 in chips)
stefan76175: posts small blind $1
Kostetikus: posts big blind $3
*** HOLE CARDS ***
stefan76175: calls $2
Kostetikus: checks
*** FLOP *** [7s Tc 4d]
Kostetikus: checks
stefan76175: checks
*** TURN *** [7s Tc 4d] [5s]
Kostetikus: bets $6
stefan76175: calls $6
*** RIVER *** [7s Tc 4d 5s] [Th]
Kostetikus: checks
stefan76175: checks
*** SHOW DOWN ***
Kostetikus: shows [9c 5h] (two pair, Tens and Fives)
stefan76175: mucks hand
Kostetikus collected $17.64 from pot
*** SUMMARY ***
Total pot $18 | Rake $0.36
Board [7s Tc 4d 5s Th]
Seat 1: Kostetikus (big blind) showed [9c 5h] and won ($17.64) with two pair, Tens and Fives
Seat 2: stefan76175 (button) (small blind) mucked


PokerStars Hand #146539028564:  Hold'em Limit ($3/$6 USD) - 2016/01/05 18:55:18 ET
Table 'Holmia III' 2-max Seat #2 is the button
Seat 1: Kostetikus ($240.66 in chips)
Seat 2: stefan76175 ($90.88 in chips)
stefan76175: posts small blind $1
Kostetikus: posts big blind $3
*** HOLE CARDS ***
stefan76175: raises $3 to $6
Kostetikus: calls $3
*** FLOP *** [7d 2s 6h]
Kostetikus: checks
stefan76175: bets $3
Kostetikus: calls $3
*** TURN *** [7d 2s 6h] [2c]
Kostetikus: checks
stefan76175: bets $6
Kostetikus: calls $6
*** RIVER *** [7d 2s 6h 2c] [6d]
Kostetikus: checks
stefan76175: checks
*** SHOW DOWN ***
Kostetikus: shows [Ac 4s] (two pair, Sixes and Deuces)
stefan76175: mucks hand
Kostetikus collected $29.50 from pot
*** SUMMARY ***
Total pot $30 | Rake $0.50
Board [7d 2s 6h 2c 6d]
Seat 1: Kostetikus (big blind) showed [Ac 4s] and won ($29.50) with two pair, Sixes and Deuces
Seat 2: stefan76175 (button) (small blind) mucked


PokerStars Hand #146539047951:  Hold'em Limit ($3/$6 USD) - 2016/01/05 18:55:46 ET
Table 'Holmia III' 2-max Seat #1 is the button
Seat 1: Kostetikus ($255.16 in chips)
Seat 2: stefan76175 ($75.88 in chips)
Kostetikus: posts small blind $1
stefan76175: posts big blind $3
*** HOLE CARDS ***
Kostetikus: raises $3 to $6
stefan76175: calls $3
*** FLOP *** [Qs 3d 3c]
stefan76175: checks
Kostetikus: bets $3
stefan76175: calls $3
*** TURN *** [Qs 3d 3c] [6d]
stefan76175: checks
Kostetikus: checks
*** RIVER *** [Qs 3d 3c 6d] [Ac]
stefan76175: checks
Kostetikus: checks
*** SHOW DOWN ***
stefan76175: shows [4c 9c] (a pair of Threes)
Kostetikus: shows [4h Js] (a pair of Threes - Ace+Queen+Jack kicker)
Kostetikus collected $17.64 from pot
*** SUMMARY ***
Total pot $18 | Rake $0.36
Board [Qs 3d 3c 6d Ac]
Seat 1: Kostetikus (button) (small blind) showed [4h Js] and won ($17.64) with a pair of Threes
Seat 2: stefan76175 (big blind) showed [4c 9c] and lost with a pair of Threes


PokerStars Hand #146539067591:  Hold'em Limit ($3/$6 USD) - 2016/01/05 18:56:14 ET
Table 'Holmia III' 2-max Seat #2 is the button
Seat 1: Kostetikus ($263.80 in chips)
Seat 2: stefan76175 ($66.88 in chips)
stefan76175: posts small blind $1
Kostetikus: posts big blind $3
*** HOLE CARDS ***
stefan76175: calls $2
Kostetikus: checks
*** FLOP *** [6h Kc 9d]
Kostetikus: checks
stefan76175: checks
*** TURN *** [6h Kc 9d] [Tc]
Kostetikus: bets $6
stefan76175: calls $6
*** RIVER *** [6h Kc 9d Tc] [3h]
Kostetikus: checks
stefan76175: bets $6
Kostetikus: calls $6
*** SHOW DOWN ***
stefan76175: shows [3s Ah] (a pair of Threes)
Kostetikus: shows [5s 6s] (a pair of Sixes)
Kostetikus collected $29.50 from pot
*** SUMMARY ***
Total pot $30 | Rake $0.50
Board [6h Kc 9d Tc 3h]
Seat 1: Kostetikus (big blind) showed [5s 6s] and won ($29.50) with a pair of Sixes
Seat 2: stefan76175 (button) (small blind) showed [3s Ah] and lost with a pair of Threes


PokerStars Hand #146539078797:  Hold'em Limit ($3/$6 USD) - 2016/01/05 18:56:30 ET
Table 'Holmia III' 2-max Seat #1 is the button
Seat 1: Kostetikus ($278.30 in chips)
Seat 2: stefan76175 ($51.88 in chips)
Kostetikus: posts small blind $1
stefan76175: posts big blind $3
*** HOLE CARDS ***
Kostetikus: raises $3 to $6
stefan76175: raises $3 to $9
Kostetikus: calls $3
*** FLOP *** [Tc 9s 7h]
stefan76175: checks
Kostetikus: checks
*** TURN *** [Tc 9s 7h] [4s]
stefan76175: checks
Kostetikus: checks
*** RIVER *** [Tc 9s 7h 4s] [9d]
stefan76175: bets $6
Kostetikus: calls $6
*** SHOW DOWN ***
stefan76175: shows [5h 4c] (two pair, Nines and Fours)
Kostetikus: mucks hand
stefan76175 collected $29.50 from pot
*** SUMMARY ***
Total pot $30 | Rake $0.50
Board [Tc 9s 7h 4s 9d]
Seat 1: Kostetikus (button) (small blind) mucked
Seat 2: stefan76175 (big blind) showed [5h 4c] and won ($29.50) with two pair, Nines and Fours


PokerStars Hand #146539088978:  Hold'em Limit ($3/$6 USD) - 2016/01/05 18:56:44 ET
Table 'Holmia III' 2-max Seat #2 is the button
Seat 1: Kostetikus ($263.30 in chips)
Seat 2: stefan76175 ($66.38 in chips)
stefan76175: posts small blind $1
Kostetikus: posts big blind $3
*** HOLE CARDS ***
stefan76175: calls $2
Kostetikus: checks
*** FLOP *** [9h 5c 9s]
Kostetikus: checks
stefan76175: checks
*** TURN *** [9h 5c 9s] [9d]
Kostetikus: checks
stefan76175: bets $6
Kostetikus: folds
Uncalled bet ($6) returned to stefan76175
stefan76175 collected $5.88 from pot
stefan76175: doesn't show hand
*** SUMMARY ***
Total pot $6 | Rake $0.12
Board [9h 5c 9s 9d]
Seat 1: Kostetikus (big blind) folded on the Turn
Seat 2: stefan76175 (button) (small blind) collected ($5.88)


PokerStars Hand #146539097753:  Hold'em Limit ($3/$6 USD) - 2016/01/05 18:56:56 ET
Table 'Holmia III' 2-max Seat #1 is the button
Seat 1: Kostetikus ($260.30 in chips)
Seat 2: stefan76175 ($69.26 in chips)
Kostetikus: posts small blind $1
stefan76175: posts big blind $3
*** HOLE CARDS ***
Kostetikus: raises $3 to $6
stefan76175: calls $3
*** FLOP *** [Qc 7c 8h]
stefan76175: bets $3
Kostetikus: calls $3
*** TURN *** [Qc 7c 8h] [2s]
stefan76175: bets $6
Kostetikus: folds
Uncalled bet ($6) returned to stefan76175
stefan76175 collected $17.64 from pot
stefan76175: doesn't show hand
*** SUMMARY ***
Total pot $18 | Rake $0.36
Board [Qc 7c 8h 2s]
Seat 1: Kostetikus (button) (small blind) folded on the Turn
Seat 2: stefan76175 (big blind) collected ($17.64)


PokerStars Hand #146539106310:  Hold'em Limit ($3/$6 USD) - 2016/01/05 18:57:08 ET
Table 'Holmia III' 2-max Seat #2 is the button
Seat 1: Kostetikus ($251.30 in chips)
Seat 2: stefan76175 ($77.90 in chips)
stefan76175: posts small blind $1
Kostetikus: posts big blind $3
*** HOLE CARDS ***
stefan76175: raises $3 to $6
Kostetikus: calls $3
*** FLOP *** [3d Qd Jh]
Kostetikus: checks
stefan76175: bets $3
Kostetikus: calls $3
*** TURN *** [3d Qd Jh] [7d]
Kostetikus: checks
stefan76175: checks
*** RIVER *** [3d Qd Jh 7d] [8s]
Kostetikus: bets $6
stefan76175: calls $6
*** SHOW DOWN ***
Kostetikus: shows [Kd 4d] (a flush, King high)
stefan76175: mucks hand
Kostetikus collected $29.50 from pot
*** SUMMARY ***
Total pot $30 | Rake $0.50
Board [3d Qd Jh 7d 8s]
Seat 1: Kostetikus (big blind) showed [Kd 4d] and won ($29.50) with a flush, King high
Seat 2: stefan76175 (button) (small blind) mucked


PokerStars Hand #146539116441:  Hold'em Limit ($3/$6 USD) - 2016/01/05 18:57:23 ET
Table 'Holmia III' 2-max Seat #1 is the button
Seat 1: Kostetikus ($265.80 in chips)
Seat 2: stefan76175 ($62.90 in chips)
Kostetikus: posts small blind $1
stefan76175: posts big blind $3
*** HOLE CARDS ***
Kostetikus: raises $3 to $6
stefan76175: calls $3
*** FLOP *** [4d Jh 3h]
stefan76175: bets $3
Kostetikus: calls $3
*** TURN *** [4d Jh 3h] [Tc]
stefan76175: bets $6
Kostetikus: calls $6
*** RIVER *** [4d Jh 3h Tc] [9d]
stefan76175: bets $6
Kostetikus: calls $6
*** SHOW DOWN ***
stefan76175: shows [Qc 8c] (a straight, Eight to Queen)
Kostetikus: mucks hand
stefan76175 collected $41.50 from pot
*** SUMMARY ***
Total pot $42 | Rake $0.50
Board [4d Jh 3h Tc 9d]
Seat 1: Kostetikus (button) (small blind) mucked
Seat 2: stefan76175 (big blind) showed [Qc 8c] and won ($41.50) with a straight, Eight to Queen


PokerStars Hand #146539128870:  Hold'em Limit ($3/$6 USD) - 2016/01/05 18:57:40 ET
Table 'Holmia III' 2-max Seat #2 is the button
Seat 1: Kostetikus ($244.80 in chips)
Seat 2: stefan76175 ($83.40 in chips)
stefan76175: posts small blind $1
Kostetikus: posts big blind $3
*** HOLE CARDS ***
stefan76175: calls $2
Kostetikus: checks
*** FLOP *** [7s Ts Kc]
Kostetikus: bets $3
stefan76175: raises $3 to $6
Kostetikus: calls $3
*** TURN *** [7s Ts Kc] [3h]
Kostetikus: checks
stefan76175: bets $6
Kostetikus: raises $6 to $12
stefan76175: raises $6 to $18
Kostetikus: calls $6
*** RIVER *** [7s Ts Kc 3h] [2d]
Kostetikus: checks
stefan76175: bets $6
Kostetikus: calls $6
*** SHOW DOWN ***
stefan76175: shows [Kh 6s] (a pair of Kings)
Kostetikus: shows [9c Kd] (a pair of Kings - Ten+Nine kicker)
Kostetikus collected $65.50 from pot
*** SUMMARY ***
Total pot $66 | Rake $0.50
Board [7s Ts Kc 3h 2d]
Seat 1: Kostetikus (big blind) showed [9c Kd] and won ($65.50) with a pair of Kings
Seat 2: stefan76175 (button) (small blind) showed [Kh 6s] and lost with a pair of Kings


