PokerStars Hand #144721299700:  Hold'em Limit ($3/$6 USD) - 2015/12/02 14:11:21 ET
Table 'Holmia' 2-max Seat #1 is the button
Seat 1: kdcl ($64.08 in chips)
Seat 2: PelonCabelao ($72 in chips)
kdcl: posts small blind $1
PelonCabelao: posts big blind $3
*** HOLE CARDS ***
kdcl: folds
Uncalled bet ($2) returned to PelonCabelao
PelonCabelao collected $2 from pot
PelonCabelao: doesn't show hand
*** SUMMARY ***
Total pot $2 | Rake $0
Seat 1: kdcl (button) (small blind) folded before Flop
Seat 2: PelonCabelao (big blind) collected ($2)


PokerStars Hand #144721269556:  Hold'em Limit ($3/$6 USD) - 2015/12/02 14:10:49 ET
Table 'Holmia' 2-max Seat #2 is the button
Seat 1: kdcl ($40.58 in chips)
Seat 2: PelonCabelao ($95.50 in chips)
PelonCabelao: posts small blind $1
kdcl: posts big blind $3
*** HOLE CARDS ***
PelonCabelao: raises $3 to $6
kdcl: raises $3 to $9
PelonCabelao: calls $3
*** FLOP *** [6h As Ah]
kdcl: bets $3
PelonCabelao: calls $3
*** TURN *** [6h As Ah] [9c]
kdcl: checks
PelonCabelao: bets $6
kdcl: calls $6
*** RIVER *** [6h As Ah 9c] [8d]
kdcl: checks
PelonCabelao: bets $6
kdcl: calls $6
*** SHOW DOWN ***
PelonCabelao: shows [5h 3h] (a pair of Aces)
kdcl: shows [Kd Ts] (a pair of Aces - King kicker)
kdcl collected $47.50 from pot
*** SUMMARY ***
Total pot $48 | Rake $0.50
Board [6h As Ah 9c 8d]
Seat 1: kdcl (big blind) showed [Kd Ts] and won ($47.50) with a pair of Aces
Seat 2: PelonCabelao (button) (small blind) showed [5h 3h] and lost with a pair of Aces


PokerStars Hand #144721240427:  Hold'em Limit ($3/$6 USD) - 2015/12/02 14:10:19 ET
Table 'Holmia' 2-max Seat #1 is the button
Seat 1: kdcl ($64.58 in chips)
Seat 2: PelonCabelao ($72 in chips)
kdcl: posts small blind $1
PelonCabelao: posts big blind $3
*** HOLE CARDS ***
kdcl: raises $3 to $6
PelonCabelao: raises $3 to $9
kdcl: calls $3
*** FLOP *** [9h 5s 4h]
PelonCabelao: bets $3
kdcl: calls $3
*** TURN *** [9h 5s 4h] [Tc]
PelonCabelao: bets $6
kdcl: calls $6
*** RIVER *** [9h 5s 4h Tc] [6s]
PelonCabelao: bets $6
kdcl: calls $6
*** SHOW DOWN ***
PelonCabelao: shows [6d 6h] (three of a kind, Sixes)
kdcl: mucks hand
PelonCabelao collected $47.50 from pot
*** SUMMARY ***
Total pot $48 | Rake $0.50
Board [9h 5s 4h Tc 6s]
Seat 1: kdcl (button) (small blind) mucked
Seat 2: PelonCabelao (big blind) showed [6d 6h] and won ($47.50) with three of a kind, Sixes


PokerStars Hand #144721333092:  Hold'em Limit ($3/$6 USD) - 2015/12/02 14:11:55 ET
Table 'Holmia' 2-max Seat #1 is the button
Seat 1: kdcl ($48.08 in chips)
Seat 2: PelonCabelao ($87.50 in chips)
kdcl: posts small blind $1
PelonCabelao: posts big blind $3
*** HOLE CARDS ***
kdcl: folds
Uncalled bet ($2) returned to PelonCabelao
PelonCabelao collected $2 from pot
PelonCabelao: doesn't show hand
*** SUMMARY ***
Total pot $2 | Rake $0
Seat 1: kdcl (button) (small blind) folded before Flop
Seat 2: PelonCabelao (big blind) collected ($2)


PokerStars Hand #144721304698:  Hold'em Limit ($3/$6 USD) - 2015/12/02 14:11:26 ET
Table 'Holmia' 2-max Seat #2 is the button
Seat 1: kdcl ($63.08 in chips)
Seat 2: PelonCabelao ($73 in chips)
PelonCabelao: posts small blind $1
kdcl: posts big blind $3
*** HOLE CARDS ***
PelonCabelao: raises $3 to $6
kdcl: calls $3
*** FLOP *** [3h 4d 8s]
kdcl: checks
PelonCabelao: bets $3
kdcl: calls $3
*** TURN *** [3h 4d 8s] [6h]
kdcl: checks
PelonCabelao: bets $6
kdcl: calls $6
*** RIVER *** [3h 4d 8s 6h] [Ah]
kdcl: checks
PelonCabelao: bets $6
kdcl: folds
Uncalled bet ($6) returned to PelonCabelao
PelonCabelao collected $29.50 from pot
PelonCabelao: doesn't show hand
*** SUMMARY ***
Total pot $30 | Rake $0.50
Board [3h 4d 8s 6h Ah]
Seat 1: kdcl (big blind) folded on the River
Seat 2: PelonCabelao (button) (small blind) collected ($29.50)


PokerStars Hand #144721384484:  Hold'em Limit ($3/$6 USD) - 2015/12/02 14:12:48 ET
Table 'Holmia' 2-max Seat #1 is the button
Seat 1: kdcl ($70.58 in chips)
Seat 2: PelonCabelao ($72 in chips)
kdcl: posts small blind $1
PelonCabelao: posts big blind $3
*** HOLE CARDS ***
kdcl: raises $3 to $6
PelonCabelao: raises $3 to $9
kdcl: calls $3
*** FLOP *** [9c 2d 9h]
PelonCabelao: bets $3
kdcl: calls $3
*** TURN *** [9c 2d 9h] [2c]
PelonCabelao: bets $6
kdcl: calls $6
*** RIVER *** [9c 2d 9h 2c] [8d]
PelonCabelao: bets $6
kdcl: calls $6
*** SHOW DOWN ***
PelonCabelao: shows [Ac 8c] (two pair, Nines and Eights)
kdcl: mucks hand
PelonCabelao collected $47.50 from pot
*** SUMMARY ***
Total pot $48 | Rake $0.50
Board [9c 2d 9h 2c 8d]
Seat 1: kdcl (button) (small blind) mucked
Seat 2: PelonCabelao (big blind) showed [Ac 8c] and won ($47.50) with two pair, Nines and Eights


PokerStars Hand #144721337888:  Hold'em Limit ($3/$6 USD) - 2015/12/02 14:12:00 ET
Table 'Holmia' 2-max Seat #2 is the button
Seat 1: kdcl ($47.08 in chips)
Seat 2: PelonCabelao ($88.50 in chips)
PelonCabelao: posts small blind $1
kdcl: posts big blind $3
*** HOLE CARDS ***
PelonCabelao: raises $3 to $6
kdcl: raises $3 to $9
PelonCabelao: calls $3
*** FLOP *** [5s Th 8d]
kdcl: bets $3
PelonCabelao: calls $3
*** TURN *** [5s Th 8d] [9h]
kdcl: bets $6
PelonCabelao: calls $6
*** RIVER *** [5s Th 8d 9h] [Qs]
kdcl: checks
PelonCabelao: bets $6
kdcl: calls $6
*** SHOW DOWN ***
PelonCabelao: shows [Qd 6d] (a pair of Queens)
kdcl: shows [Td Tc] (three of a kind, Tens)
kdcl collected $47.50 from pot
*** SUMMARY ***
Total pot $48 | Rake $0.50
Board [5s Th 8d 9h Qs]
Seat 1: kdcl (big blind) showed [Td Tc] and won ($47.50) with three of a kind, Tens
Seat 2: PelonCabelao (button) (small blind) showed [Qd 6d] and lost with a pair of Queens


PokerStars Hand #144721453749:  Hold'em Limit ($3/$6 USD) - 2015/12/02 14:14:00 ET
Table 'Holmia' 2-max Seat #1 is the button
Seat 1: kdcl ($85.08 in chips)
Seat 2: PelonCabelao ($72 in chips)
kdcl: posts small blind $1
PelonCabelao: posts big blind $3
*** HOLE CARDS ***
kdcl: raises $3 to $6
PelonCabelao: calls $3
*** FLOP *** [Ac 8h Kc]
PelonCabelao: checks
kdcl: checks
*** TURN *** [Ac 8h Kc] [4h]
PelonCabelao: checks
kdcl: checks
*** RIVER *** [Ac 8h Kc 4h] [8c]
PelonCabelao: checks
kdcl: checks
*** SHOW DOWN ***
PelonCabelao: shows [Ts 7h] (a pair of Eights)
kdcl: shows [5h Qs] (a pair of Eights - Ace+King+Queen kicker)
kdcl collected $11.76 from pot
*** SUMMARY ***
Total pot $12 | Rake $0.24
Board [Ac 8h Kc 4h 8c]
Seat 1: kdcl (button) (small blind) showed [5h Qs] and won ($11.76) with a pair of Eights
Seat 2: PelonCabelao (big blind) showed [Ts 7h] and lost with a pair of Eights


PokerStars Hand #144721419077:  Hold'em Limit ($3/$6 USD) - 2015/12/02 14:13:24 ET
Table 'Holmia' 2-max Seat #2 is the button
Seat 1: kdcl ($46.58 in chips)
Seat 2: PelonCabelao ($95.50 in chips)
PelonCabelao: posts small blind $1
kdcl: posts big blind $3
*** HOLE CARDS ***
PelonCabelao: raises $3 to $6
kdcl: calls $3
*** FLOP *** [4s 4h Ts]
kdcl: checks
PelonCabelao: bets $3
kdcl: calls $3
*** TURN *** [4s 4h Ts] [Ac]
kdcl: checks
PelonCabelao: bets $6
kdcl: raises $6 to $12
PelonCabelao: calls $6
*** RIVER *** [4s 4h Ts Ac] [8d]
kdcl: bets $6
PelonCabelao: raises $6 to $12
kdcl: raises $6 to $18
PelonCabelao: calls $6
*** SHOW DOWN ***
kdcl: shows [Kd 4c] (three of a kind, Fours)
PelonCabelao: mucks hand
kdcl collected $77.50 from pot
*** SUMMARY ***
Total pot $78 | Rake $0.50
Board [4s 4h Ts Ac 8d]
Seat 1: kdcl (big blind) showed [Kd 4c] and won ($77.50) with three of a kind, Fours
Seat 2: PelonCabelao (button) (small blind) mucked


PokerStars Hand #144721535189:  Hold'em Limit ($3/$6 USD) - 2015/12/02 14:15:24 ET
Table 'Holmia' 2-max Seat #1 is the button
Seat 1: kdcl ($69.84 in chips)
Seat 2: PelonCabelao ($92.50 in chips)
kdcl: posts small blind $1
PelonCabelao: posts big blind $3
*** HOLE CARDS ***
kdcl: raises $3 to $6
PelonCabelao: calls $3
*** FLOP *** [Jc 8h Qh]
PelonCabelao: checks
kdcl: bets $3
PelonCabelao: folds
Uncalled bet ($3) returned to kdcl
kdcl collected $11.76 from pot
*** SUMMARY ***
Total pot $12 | Rake $0.24
Board [Jc 8h Qh]
Seat 1: kdcl (button) (small blind) collected ($11.76)
Seat 2: PelonCabelao (big blind) folded on the Flop


PokerStars Hand #144721491128:  Hold'em Limit ($3/$6 USD) - 2015/12/02 14:14:39 ET
Table 'Holmia' 2-max Seat #2 is the button
Seat 1: kdcl ($90.84 in chips)
Seat 2: PelonCabelao ($72 in chips)
PelonCabelao: posts small blind $1
kdcl: posts big blind $3
*** HOLE CARDS ***
PelonCabelao: raises $3 to $6
kdcl: calls $3
*** FLOP *** [6d 3d 7s]
kdcl: checks
PelonCabelao: bets $3
kdcl: calls $3
*** TURN *** [6d 3d 7s] [8c]
kdcl: checks
PelonCabelao: bets $6
kdcl: calls $6
*** RIVER *** [6d 3d 7s 8c] [5h]
kdcl: checks
PelonCabelao: bets $6
kdcl: calls $6
*** SHOW DOWN ***
PelonCabelao: shows [4h 5d] (a straight, Four to Eight)
kdcl: mucks hand
PelonCabelao collected $41.50 from pot
*** SUMMARY ***
Total pot $42 | Rake $0.50
Board [6d 3d 7s 8c 5h]
Seat 1: kdcl (big blind) mucked
Seat 2: PelonCabelao (button) (small blind) showed [4h 5d] and won ($41.50) with a straight, Four to Eight


PokerStars Hand #144721565018:  Hold'em Limit ($3/$6 USD) - 2015/12/02 14:15:55 ET
Table 'Holmia' 2-max Seat #1 is the button
Seat 1: kdcl ($72.60 in chips)
Seat 2: PelonCabelao ($89.50 in chips)
kdcl: posts small blind $1
PelonCabelao: posts big blind $3
*** HOLE CARDS ***
kdcl: raises $3 to $6
PelonCabelao: raises $3 to $9
kdcl: calls $3
*** FLOP *** [2c 9s 9h]
PelonCabelao: bets $3
kdcl: calls $3
*** TURN *** [2c 9s 9h] [Ad]
PelonCabelao: bets $6
kdcl: folds
Uncalled bet ($6) returned to PelonCabelao
PelonCabelao collected $23.52 from pot
PelonCabelao: doesn't show hand
*** SUMMARY ***
Total pot $24 | Rake $0.48
Board [2c 9s 9h Ad]
Seat 1: kdcl (button) (small blind) folded on the Turn
Seat 2: PelonCabelao (big blind) collected ($23.52)


PokerStars Hand #144721551509:  Hold'em Limit ($3/$6 USD) - 2015/12/02 14:15:41 ET
Table 'Holmia' 2-max Seat #2 is the button
Seat 1: kdcl ($75.60 in chips)
Seat 2: PelonCabelao ($86.50 in chips)
PelonCabelao: posts small blind $1
kdcl: posts big blind $3
*** HOLE CARDS ***
PelonCabelao: raises $3 to $6
kdcl: folds
Uncalled bet ($3) returned to PelonCabelao
PelonCabelao collected $6 from pot
PelonCabelao: doesn't show hand
*** SUMMARY ***
Total pot $6 | Rake $0
Seat 1: kdcl (big blind) folded before Flop
Seat 2: PelonCabelao (button) (small blind) collected ($6)


PokerStars Hand #144721599288:  Hold'em Limit ($3/$6 USD) - 2015/12/02 14:16:30 ET
Table 'Holmia' 2-max Seat #2 is the button
Seat 1: kdcl ($60.60 in chips)
Seat 2: PelonCabelao ($101.02 in chips)
PelonCabelao: posts small blind $1
kdcl: posts big blind $3
*** HOLE CARDS ***
PelonCabelao: raises $3 to $6
kdcl: raises $3 to $9
PelonCabelao: calls $3
*** FLOP *** [2s Qh 5c]
kdcl: bets $3
PelonCabelao: calls $3
*** TURN *** [2s Qh 5c] [Ac]
kdcl: bets $6
PelonCabelao: calls $6
*** RIVER *** [2s Qh 5c Ac] [6d]
kdcl: checks
PelonCabelao: checks
*** SHOW DOWN ***
kdcl: shows [Td Kh] (high card Ace)
PelonCabelao: shows [2h Tc] (a pair of Deuces)
PelonCabelao collected $35.50 from pot
*** SUMMARY ***
Total pot $36 | Rake $0.50
Board [2s Qh 5c Ac 6d]
Seat 1: kdcl (big blind) showed [Td Kh] and lost with high card Ace
Seat 2: PelonCabelao (button) (small blind) showed [2h Tc] and won ($35.50) with a pair of Deuces


PokerStars Hand #144721701098:  Hold'em Limit ($3/$6 USD) - 2015/12/02 14:18:15 ET
Table 'Holmia' 2-max Seat #1 is the button
Seat 1: kdcl ($49.36 in chips)
Seat 2: PelonCabelao ($111.52 in chips)
kdcl: posts small blind $1
PelonCabelao: posts big blind $3
*** HOLE CARDS ***
kdcl: raises $3 to $6
PelonCabelao: calls $3
*** FLOP *** [Ks 6s 5s]
PelonCabelao: checks
kdcl: checks
*** TURN *** [Ks 6s 5s] [9s]
PelonCabelao: bets $6
kdcl: folds
Uncalled bet ($6) returned to PelonCabelao
PelonCabelao collected $11.76 from pot
PelonCabelao: doesn't show hand
*** SUMMARY ***
Total pot $12 | Rake $0.24
Board [Ks 6s 5s 9s]
Seat 1: kdcl (button) (small blind) folded on the Turn
Seat 2: PelonCabelao (big blind) collected ($11.76)


PokerStars Hand #144721692893:  Hold'em Limit ($3/$6 USD) - 2015/12/02 14:18:07 ET
Table 'Holmia' 2-max Seat #2 is the button
Seat 1: kdcl ($48.36 in chips)
Seat 2: PelonCabelao ($112.52 in chips)
PelonCabelao: posts small blind $1
kdcl: posts big blind $3
*** HOLE CARDS ***
PelonCabelao: folds
Uncalled bet ($2) returned to kdcl
kdcl collected $2 from pot
*** SUMMARY ***
Total pot $2 | Rake $0
Seat 1: kdcl (big blind) collected ($2)
Seat 2: PelonCabelao (button) (small blind) folded before Flop


PokerStars Hand #144721665679:  Hold'em Limit ($3/$6 USD) - 2015/12/02 14:17:39 ET
Table 'Holmia' 2-max Seat #1 is the button
Seat 1: kdcl ($42.60 in chips)
Seat 2: PelonCabelao ($118.52 in chips)
kdcl: posts small blind $1
PelonCabelao: posts big blind $3
*** HOLE CARDS ***
kdcl: raises $3 to $6
PelonCabelao: calls $3
*** FLOP *** [Td 6h Ks]
PelonCabelao: checks
kdcl: bets $3
PelonCabelao: folds
Uncalled bet ($3) returned to kdcl
kdcl collected $11.76 from pot
*** SUMMARY ***
Total pot $12 | Rake $0.24
Board [Td 6h Ks]
Seat 1: kdcl (button) (small blind) collected ($11.76)
Seat 2: PelonCabelao (big blind) folded on the Flop


PokerStars Hand #144721739654:  Hold'em Limit ($3/$6 USD) - 2015/12/02 14:18:55 ET
Table 'Holmia' 2-max Seat #1 is the button
Seat 1: kdcl ($40.36 in chips)
Seat 2: PelonCabelao ($120.16 in chips)
kdcl: posts small blind $1
PelonCabelao: posts big blind $3
*** HOLE CARDS ***
kdcl: raises $3 to $6
PelonCabelao: raises $3 to $9
kdcl: calls $3
*** FLOP *** [Qs 6d Ac]
PelonCabelao: bets $3
kdcl: calls $3
*** TURN *** [Qs 6d Ac] [8h]
PelonCabelao: bets $6
kdcl: calls $6
*** RIVER *** [Qs 6d Ac 8h] [Ad]
PelonCabelao: checks
kdcl: bets $6
PelonCabelao: calls $6
*** SHOW DOWN ***
kdcl: shows [Ah 2s] (three of a kind, Aces)
PelonCabelao: mucks hand
kdcl collected $47.50 from pot
*** SUMMARY ***
Total pot $48 | Rake $0.50
Board [Qs 6d Ac 8h Ad]
Seat 1: kdcl (button) (small blind) showed [Ah 2s] and won ($47.50) with three of a kind, Aces
Seat 2: PelonCabelao (big blind) mucked


PokerStars Hand #144721721967:  Hold'em Limit ($3/$6 USD) - 2015/12/02 14:18:37 ET
Table 'Holmia' 2-max Seat #2 is the button
Seat 1: kdcl ($43.36 in chips)
Seat 2: PelonCabelao ($117.28 in chips)
PelonCabelao: posts small blind $1
kdcl: posts big blind $3
*** HOLE CARDS ***
PelonCabelao: calls $2
kdcl: checks
*** FLOP *** [Jd 9d Js]
kdcl: checks
PelonCabelao: bets $3
kdcl: folds
Uncalled bet ($3) returned to PelonCabelao
PelonCabelao collected $5.88 from pot
PelonCabelao: doesn't show hand
*** SUMMARY ***
Total pot $6 | Rake $0.12
Board [Jd 9d Js]
Seat 1: kdcl (big blind) folded on the Flop
Seat 2: PelonCabelao (button) (small blind) collected ($5.88)


PokerStars Hand #144721807680:  Hold'em Limit ($3/$6 USD) - 2015/12/02 14:20:05 ET
Table 'Holmia' 2-max Seat #1 is the button
Seat 1: kdcl ($57.86 in chips)
Seat 2: PelonCabelao ($101.92 in chips)
kdcl: posts small blind $1
PelonCabelao: posts big blind $3
*** HOLE CARDS ***
kdcl: raises $3 to $6
PelonCabelao: raises $3 to $9
kdcl: calls $3
*** FLOP *** [6h Ad 7d]
PelonCabelao: bets $3
kdcl: calls $3
*** TURN *** [6h Ad 7d] [2c]
PelonCabelao: bets $6
kdcl: calls $6
*** RIVER *** [6h Ad 7d 2c] [8c]
PelonCabelao: checks
kdcl: checks
*** SHOW DOWN ***
PelonCabelao: shows [9d Qs] (high card Ace)
kdcl: shows [4s 4c] (a pair of Fours)
kdcl collected $35.50 from pot
*** SUMMARY ***
Total pot $36 | Rake $0.50
Board [6h Ad 7d 2c 8c]
Seat 1: kdcl (button) (small blind) showed [4s 4c] and won ($35.50) with a pair of Fours
Seat 2: PelonCabelao (big blind) showed [9d Qs] and lost with high card Ace


PokerStars Hand #144721798957:  Hold'em Limit ($3/$6 USD) - 2015/12/02 14:19:56 ET
Table 'Holmia' 2-max Seat #2 is the button
Seat 1: kdcl ($56.86 in chips)
Seat 2: PelonCabelao ($102.92 in chips)
PelonCabelao: posts small blind $1
kdcl: posts big blind $3
*** HOLE CARDS ***
PelonCabelao: folds
Uncalled bet ($2) returned to kdcl
kdcl collected $2 from pot
*** SUMMARY ***
Total pot $2 | Rake $0
Seat 1: kdcl (big blind) collected ($2)
Seat 2: PelonCabelao (button) (small blind) folded before Flop


PokerStars Hand #144721793533:  Hold'em Limit ($3/$6 USD) - 2015/12/02 14:19:51 ET
Table 'Holmia' 2-max Seat #1 is the button
Seat 1: kdcl ($57.86 in chips)
Seat 2: PelonCabelao ($101.92 in chips)
kdcl: posts small blind $1
PelonCabelao: posts big blind $3
*** HOLE CARDS ***
kdcl: folds
Uncalled bet ($2) returned to PelonCabelao
PelonCabelao collected $2 from pot
PelonCabelao: doesn't show hand
*** SUMMARY ***
Total pot $2 | Rake $0
Seat 1: kdcl (button) (small blind) folded before Flop
Seat 2: PelonCabelao (big blind) collected ($2)


PokerStars Hand #144721777087:  Hold'em Limit ($3/$6 USD) - 2015/12/02 14:19:34 ET
Table 'Holmia' 2-max Seat #2 is the button
Seat 1: kdcl ($63.86 in chips)
Seat 2: PelonCabelao ($96.16 in chips)
PelonCabelao: posts small blind $1
kdcl: posts big blind $3
*** HOLE CARDS ***
PelonCabelao: raises $3 to $6
kdcl: calls $3
*** FLOP *** [5c Qd Ts]
kdcl: checks
PelonCabelao: bets $3
kdcl: folds
Uncalled bet ($3) returned to PelonCabelao
PelonCabelao collected $11.76 from pot
PelonCabelao: doesn't show hand
*** SUMMARY ***
Total pot $12 | Rake $0.24
Board [5c Qd Ts]
Seat 1: kdcl (big blind) folded on the Flop
Seat 2: PelonCabelao (button) (small blind) collected ($11.76)


PokerStars Hand #144721885155:  Hold'em Limit ($3/$6 USD) - 2015/12/02 14:21:26 ET
Table 'Holmia' 2-max Seat #2 is the button
Seat 1: kdcl ($59.36 in chips)
Seat 2: PelonCabelao ($99.42 in chips)
PelonCabelao: posts small blind $1
kdcl: posts big blind $3
*** HOLE CARDS ***
PelonCabelao: raises $3 to $6
kdcl: folds
Uncalled bet ($3) returned to PelonCabelao
PelonCabelao collected $6 from pot
PelonCabelao: doesn't show hand
*** SUMMARY ***
Total pot $6 | Rake $0
Seat 1: kdcl (big blind) folded before Flop
Seat 2: PelonCabelao (button) (small blind) collected ($6)


PokerStars Hand #144721880246:  Hold'em Limit ($3/$6 USD) - 2015/12/02 14:21:21 ET
Table 'Holmia' 2-max Seat #1 is the button
Seat 1: kdcl ($60.36 in chips)
Seat 2: PelonCabelao ($98.42 in chips)
kdcl: posts small blind $1
PelonCabelao: posts big blind $3
*** HOLE CARDS ***
kdcl: folds
Uncalled bet ($2) returned to PelonCabelao
PelonCabelao collected $2 from pot
PelonCabelao: doesn't show hand
*** SUMMARY ***
Total pot $2 | Rake $0
Seat 1: kdcl (button) (small blind) folded before Flop
Seat 2: PelonCabelao (big blind) collected ($2)


PokerStars Hand #144721840959:  Hold'em Limit ($3/$6 USD) - 2015/12/02 14:20:40 ET
Table 'Holmia' 2-max Seat #2 is the button
Seat 1: kdcl ($75.36 in chips)
Seat 2: PelonCabelao ($83.92 in chips)
PelonCabelao: posts small blind $1
kdcl: posts big blind $3
*** HOLE CARDS ***
PelonCabelao: raises $3 to $6
kdcl: calls $3
*** FLOP *** [5s Tc As]
kdcl: checks
PelonCabelao: bets $3
kdcl: calls $3
*** TURN *** [5s Tc As] [9c]
kdcl: checks
PelonCabelao: checks
*** RIVER *** [5s Tc As 9c] [8h]
kdcl: checks
PelonCabelao: bets $6
kdcl: calls $6
*** SHOW DOWN ***
PelonCabelao: shows [9h 6h] (a pair of Nines)
kdcl: mucks hand
PelonCabelao collected $29.50 from pot
*** SUMMARY ***
Total pot $30 | Rake $0.50
Board [5s Tc As 9c 8h]
Seat 1: kdcl (big blind) mucked
Seat 2: PelonCabelao (button) (small blind) showed [9h 6h] and won ($29.50) with a pair of Nines


PokerStars Hand #144721898107:  Hold'em Limit ($3/$6 USD) - 2015/12/02 14:21:39 ET
Table 'Holmia' 2-max Seat #1 is the button
Seat 1: kdcl ($56.36 in chips)
Seat 2: PelonCabelao ($102.42 in chips)
kdcl: posts small blind $1
PelonCabelao: posts big blind $3
*** HOLE CARDS ***
kdcl: raises $3 to $6
PelonCabelao: calls $3
*** FLOP *** [8s 9s Ts]
PelonCabelao: checks
kdcl: bets $3
PelonCabelao: folds
Uncalled bet ($3) returned to kdcl
kdcl collected $11.76 from pot
*** SUMMARY ***
Total pot $12 | Rake $0.24
Board [8s 9s Ts]
Seat 1: kdcl (button) (small blind) collected ($11.76)
Seat 2: PelonCabelao (big blind) folded on the Flop


PokerStars Hand #144721980921:  Hold'em Limit ($3/$6 USD) - 2015/12/02 14:23:05 ET
Table 'Holmia' 2-max Seat #1 is the button
Seat 1: kdcl ($56.12 in chips)
Seat 2: PelonCabelao ($102.18 in chips)
kdcl: posts small blind $1
PelonCabelao: posts big blind $3
*** HOLE CARDS ***
kdcl: raises $3 to $6
PelonCabelao: folds
Uncalled bet ($3) returned to kdcl
kdcl collected $6 from pot
*** SUMMARY ***
Total pot $6 | Rake $0
Seat 1: kdcl (button) (small blind) collected ($6)
Seat 2: PelonCabelao (big blind) folded before Flop


PokerStars Hand #144721935871:  Hold'em Limit ($3/$6 USD) - 2015/12/02 14:22:18 ET
Table 'Holmia' 2-max Seat #2 is the button
Seat 1: kdcl ($62.12 in chips)
Seat 2: PelonCabelao ($96.42 in chips)
PelonCabelao: posts small blind $1
kdcl: posts big blind $3
*** HOLE CARDS ***
PelonCabelao: raises $3 to $6
kdcl: calls $3
*** FLOP *** [9d 5h Ad]
kdcl: checks
PelonCabelao: bets $3
kdcl: folds
Uncalled bet ($3) returned to PelonCabelao
PelonCabelao collected $11.76 from pot
PelonCabelao: doesn't show hand
*** SUMMARY ***
Total pot $12 | Rake $0.24
Board [9d 5h Ad]
Seat 1: kdcl (big blind) folded on the Flop
Seat 2: PelonCabelao (button) (small blind) collected ($11.76)


PokerStars Hand #144721992178:  Hold'em Limit ($3/$6 USD) - 2015/12/02 14:23:16 ET
Table 'Holmia' 2-max Seat #2 is the button
Seat 1: kdcl ($59.12 in chips)
Seat 2: PelonCabelao ($99.18 in chips)
PelonCabelao: posts small blind $1
kdcl: posts big blind $3
*** HOLE CARDS ***
PelonCabelao: raises $3 to $6
kdcl: calls $3
*** FLOP *** [Jd Js 9h]
kdcl: checks
PelonCabelao: bets $3
kdcl: raises $3 to $6
PelonCabelao: raises $3 to $9
kdcl: calls $3
*** TURN *** [Jd Js 9h] [Jh]
kdcl: checks
PelonCabelao: checks
*** RIVER *** [Jd Js 9h Jh] [9d]
kdcl: checks
PelonCabelao: checks
*** SHOW DOWN ***
kdcl: shows [6c As] (a full house, Jacks full of Nines)
PelonCabelao: shows [8c Qc] (a full house, Jacks full of Nines)
kdcl collected $14.75 from pot
PelonCabelao collected $14.75 from pot
*** SUMMARY ***
Total pot $30 | Rake $0.50
Board [Jd Js 9h Jh 9d]
Seat 1: kdcl (big blind) showed [6c As] and won ($14.75) with a full house, Jacks full of Nines
Seat 2: PelonCabelao (button) (small blind) showed [8c Qc] and won ($14.75) with a full house, Jacks full of Nines


PokerStars Hand #144722038833:  Hold'em Limit ($3/$6 USD) - 2015/12/02 14:24:05 ET
Table 'Holmia' 2-max Seat #1 is the button
Seat 1: kdcl ($58.87 in chips)
Seat 2: PelonCabelao ($98.93 in chips)
kdcl: posts small blind $1
PelonCabelao: posts big blind $3
*** HOLE CARDS ***
kdcl: raises $3 to $6
PelonCabelao: raises $3 to $9
kdcl: calls $3
*** FLOP *** [4c 3d 7h]
PelonCabelao: bets $3
kdcl: calls $3
*** TURN *** [4c 3d 7h] [2s]
PelonCabelao: bets $6
kdcl: folds
Uncalled bet ($6) returned to PelonCabelao
PelonCabelao collected $23.52 from pot
PelonCabelao: doesn't show hand
*** SUMMARY ***
Total pot $24 | Rake $0.48
Board [4c 3d 7h 2s]
Seat 1: kdcl (button) (small blind) folded on the Turn
Seat 2: PelonCabelao (big blind) collected ($23.52)


PokerStars Hand #144722086019:  Hold'em Limit ($3/$6 USD) - 2015/12/02 14:24:54 ET
Table 'Holmia' 2-max Seat #1 is the button
Seat 1: kdcl ($40.87 in chips)
Seat 2: PelonCabelao ($116.21 in chips)
kdcl: posts small blind $1
PelonCabelao: posts big blind $3
*** HOLE CARDS ***
kdcl: folds
Uncalled bet ($2) returned to PelonCabelao
PelonCabelao collected $2 from pot
PelonCabelao: doesn't show hand
*** SUMMARY ***
Total pot $2 | Rake $0
Seat 1: kdcl (button) (small blind) folded before Flop
Seat 2: PelonCabelao (big blind) collected ($2)


PokerStars Hand #144722090953:  Hold'em Limit ($3/$6 USD) - 2015/12/02 14:24:59 ET
Table 'Holmia' 2-max Seat #2 is the button
Seat 1: kdcl ($39.87 in chips)
Seat 2: PelonCabelao ($117.21 in chips)
PelonCabelao: posts small blind $1
kdcl: posts big blind $3
*** HOLE CARDS ***
PelonCabelao: raises $3 to $6
kdcl: calls $3
*** FLOP *** [Ac 7d 3d]
kdcl: checks
PelonCabelao: bets $3
kdcl: folds
Uncalled bet ($3) returned to PelonCabelao
PelonCabelao collected $11.76 from pot
PelonCabelao: doesn't show hand
*** SUMMARY ***
Total pot $12 | Rake $0.24
Board [Ac 7d 3d]
Seat 1: kdcl (big blind) folded on the Flop
Seat 2: PelonCabelao (button) (small blind) collected ($11.76)


PokerStars Hand #144722115403:  Hold'em Limit ($3/$6 USD) - 2015/12/02 14:25:25 ET
Table 'Holmia' 2-max Seat #1 is the button
Seat 1: kdcl ($33.87 in chips)
Seat 2: PelonCabelao ($122.97 in chips)
kdcl: posts small blind $1
PelonCabelao: posts big blind $3
*** HOLE CARDS ***
kdcl: raises $3 to $6
PelonCabelao: folds
Uncalled bet ($3) returned to kdcl
kdcl collected $6 from pot
*** SUMMARY ***
Total pot $6 | Rake $0
Seat 1: kdcl (button) (small blind) collected ($6)
Seat 2: PelonCabelao (big blind) folded before Flop


PokerStars Hand #144722131659:  Hold'em Limit ($3/$6 USD) - 2015/12/02 14:25:42 ET
Table 'Holmia' 2-max Seat #1 is the button
Seat 1: kdcl ($37.87 in chips)
Seat 2: PelonCabelao ($118.97 in chips)
kdcl: posts small blind $1
PelonCabelao: posts big blind $3
*** HOLE CARDS ***
kdcl: folds
Uncalled bet ($2) returned to PelonCabelao
PelonCabelao collected $2 from pot
PelonCabelao: doesn't show hand
*** SUMMARY ***
Total pot $2 | Rake $0
Seat 1: kdcl (button) (small blind) folded before Flop
Seat 2: PelonCabelao (big blind) collected ($2)


PokerStars Hand #144722125553:  Hold'em Limit ($3/$6 USD) - 2015/12/02 14:25:35 ET
Table 'Holmia' 2-max Seat #2 is the button
Seat 1: kdcl ($36.87 in chips)
Seat 2: PelonCabelao ($119.97 in chips)
PelonCabelao: posts small blind $1
kdcl: posts big blind $3
*** HOLE CARDS ***
PelonCabelao: folds
Uncalled bet ($2) returned to kdcl
kdcl collected $2 from pot
*** SUMMARY ***
Total pot $2 | Rake $0
Seat 1: kdcl (big blind) collected ($2)
Seat 2: PelonCabelao (button) (small blind) folded before Flop


PokerStars Hand #144722066496:  Hold'em Limit ($3/$6 USD) - 2015/12/02 14:24:34 ET
Table 'Holmia' 2-max Seat #2 is the button
Seat 1: kdcl ($46.87 in chips)
Seat 2: PelonCabelao ($110.45 in chips)
PelonCabelao: posts small blind $1
kdcl: posts big blind $3
*** HOLE CARDS ***
PelonCabelao: raises $3 to $6
kdcl: calls $3
*** FLOP *** [7h Qh 6d]
kdcl: checks
PelonCabelao: bets $3
kdcl: folds
Uncalled bet ($3) returned to PelonCabelao
PelonCabelao collected $11.76 from pot
PelonCabelao: doesn't show hand
*** SUMMARY ***
Total pot $12 | Rake $0.24
Board [7h Qh 6d]
Seat 1: kdcl (big blind) folded on the Flop
Seat 2: PelonCabelao (button) (small blind) collected ($11.76)


PokerStars Hand #144722136739:  Hold'em Limit ($3/$6 USD) - 2015/12/02 14:25:47 ET
Table 'Holmia' 2-max Seat #2 is the button
Seat 1: kdcl ($36.87 in chips)
Seat 2: PelonCabelao ($119.97 in chips)
PelonCabelao: posts small blind $1
kdcl: posts big blind $3
*** HOLE CARDS ***
PelonCabelao: raises $3 to $6
kdcl: folds
Uncalled bet ($3) returned to PelonCabelao
PelonCabelao collected $6 from pot
PelonCabelao: doesn't show hand
*** SUMMARY ***
Total pot $6 | Rake $0
Seat 1: kdcl (big blind) folded before Flop
Seat 2: PelonCabelao (button) (small blind) collected ($6)


PokerStars Hand #144722149605:  Hold'em Limit ($3/$6 USD) - 2015/12/02 14:26:00 ET
Table 'Holmia' 2-max Seat #1 is the button
Seat 1: kdcl ($33.87 in chips)
Seat 2: PelonCabelao ($122.97 in chips)
kdcl: posts small blind $1
PelonCabelao: posts big blind $3
*** HOLE CARDS ***
kdcl: raises $3 to $6
PelonCabelao: folds
Uncalled bet ($3) returned to kdcl
kdcl collected $6 from pot
*** SUMMARY ***
Total pot $6 | Rake $0
Seat 1: kdcl (button) (small blind) collected ($6)
Seat 2: PelonCabelao (big blind) folded before Flop


PokerStars Hand #144722164621:  Hold'em Limit ($3/$6 USD) - 2015/12/02 14:26:16 ET
Table 'Holmia' 2-max Seat #2 is the button
Seat 1: kdcl ($36.87 in chips)
Seat 2: PelonCabelao ($119.97 in chips)
PelonCabelao: posts small blind $1
kdcl: posts big blind $3
*** HOLE CARDS ***
PelonCabelao: raises $3 to $6
kdcl: raises $3 to $9
PelonCabelao: calls $3
*** FLOP *** [3c Ts 2c]
kdcl: bets $3
PelonCabelao: calls $3
*** TURN *** [3c Ts 2c] [9c]
kdcl: bets $6
PelonCabelao: calls $6
*** RIVER *** [3c Ts 2c 9c] [8c]
kdcl: bets $6
PelonCabelao: calls $6
*** SHOW DOWN ***
kdcl: shows [Ks 5c] (a flush, Nine high)
PelonCabelao: mucks hand
kdcl collected $47.50 from pot
*** SUMMARY ***
Total pot $48 | Rake $0.50
Board [3c Ts 2c 9c 8c]
Seat 1: kdcl (big blind) showed [Ks 5c] and won ($47.50) with a flush, Nine high
Seat 2: PelonCabelao (button) (small blind) mucked


PokerStars Hand #144722204855:  Hold'em Limit ($3/$6 USD) - 2015/12/02 14:26:58 ET
Table 'Holmia' 2-max Seat #1 is the button
Seat 1: kdcl ($60.37 in chips)
Seat 2: PelonCabelao ($95.97 in chips)
kdcl: posts small blind $1
PelonCabelao: posts big blind $3
*** HOLE CARDS ***
kdcl: raises $3 to $6
PelonCabelao: calls $3
*** FLOP *** [7s 3c Kh]
PelonCabelao: checks
kdcl: bets $3
PelonCabelao: raises $3 to $6
kdcl: calls $3
*** TURN *** [7s 3c Kh] [4s]
PelonCabelao: bets $6
kdcl: calls $6
*** RIVER *** [7s 3c Kh 4s] [8s]
PelonCabelao: bets $6
kdcl: calls $6
*** SHOW DOWN ***
PelonCabelao: shows [6h 8d] (a pair of Eights)
kdcl: mucks hand
PelonCabelao collected $47.50 from pot
*** SUMMARY ***
Total pot $48 | Rake $0.50
Board [7s 3c Kh 4s 8s]
Seat 1: kdcl (button) (small blind) mucked
Seat 2: PelonCabelao (big blind) showed [6h 8d] and won ($47.50) with a pair of Eights


PokerStars Hand #144722244699:  Hold'em Limit ($3/$6 USD) - 2015/12/02 14:27:39 ET
Table 'Holmia' 2-max Seat #2 is the button
Seat 1: kdcl ($36.37 in chips)
Seat 2: PelonCabelao ($119.47 in chips)
PelonCabelao: posts small blind $1
kdcl: posts big blind $3
*** HOLE CARDS ***
PelonCabelao: raises $3 to $6
kdcl: calls $3
*** FLOP *** [7d 6h Th]
kdcl: checks
PelonCabelao: checks
*** TURN *** [7d 6h Th] [9h]
kdcl: bets $6
PelonCabelao: calls $6
*** RIVER *** [7d 6h Th 9h] [2c]
kdcl: bets $6
PelonCabelao: calls $6
*** SHOW DOWN ***
kdcl: shows [6s Tc] (two pair, Tens and Sixes)
PelonCabelao: mucks hand
kdcl collected $35.50 from pot
*** SUMMARY ***
Total pot $36 | Rake $0.50
Board [7d 6h Th 9h 2c]
Seat 1: kdcl (big blind) showed [6s Tc] and won ($35.50) with two pair, Tens and Sixes
Seat 2: PelonCabelao (button) (small blind) mucked


PokerStars Hand #144722282469:  Hold'em Limit ($3/$6 USD) - 2015/12/02 14:28:19 ET
Table 'Holmia' 2-max Seat #1 is the button
Seat 1: kdcl ($53.87 in chips)
Seat 2: PelonCabelao ($101.47 in chips)
kdcl: posts small blind $1
PelonCabelao: posts big blind $3
*** HOLE CARDS ***
kdcl: raises $3 to $6
PelonCabelao: folds
Uncalled bet ($3) returned to kdcl
kdcl collected $6 from pot
*** SUMMARY ***
Total pot $6 | Rake $0
Seat 1: kdcl (button) (small blind) collected ($6)
Seat 2: PelonCabelao (big blind) folded before Flop


PokerStars Hand #144722292604:  Hold'em Limit ($3/$6 USD) - 2015/12/02 14:28:29 ET
Table 'Holmia' 2-max Seat #2 is the button
Seat 1: kdcl ($56.87 in chips)
Seat 2: PelonCabelao ($98.47 in chips)
PelonCabelao: posts small blind $1
kdcl: posts big blind $3
*** HOLE CARDS ***
PelonCabelao: raises $3 to $6
kdcl: raises $3 to $9
PelonCabelao: raises $3 to $12
Betting is capped
kdcl: calls $3
*** FLOP *** [4d 9c 7d]
kdcl: bets $3
PelonCabelao: calls $3
*** TURN *** [4d 9c 7d] [7c]
kdcl: bets $6
PelonCabelao: calls $6
*** RIVER *** [4d 9c 7d 7c] [2h]
kdcl: bets $6
PelonCabelao: calls $6
*** SHOW DOWN ***
kdcl: shows [Td Qd] (a pair of Sevens)
PelonCabelao: shows [Kh Qh] (a pair of Sevens - King kicker)
PelonCabelao collected $53.50 from pot
*** SUMMARY ***
Total pot $54 | Rake $0.50
Board [4d 9c 7d 7c 2h]
Seat 1: kdcl (big blind) showed [Td Qd] and lost with a pair of Sevens
Seat 2: PelonCabelao (button) (small blind) showed [Kh Qh] and won ($53.50) with a pair of Sevens


PokerStars Hand #144722371430:  Hold'em Limit ($3/$6 USD) - 2015/12/02 14:29:52 ET
Table 'Holmia' 2-max Seat #2 is the button
Seat 1: kdcl ($44.37 in chips)
Seat 2: PelonCabelao ($109.97 in chips)
PelonCabelao: posts small blind $1
kdcl: posts big blind $3
*** HOLE CARDS ***
PelonCabelao: raises $3 to $6
kdcl: raises $3 to $9
PelonCabelao: calls $3
*** FLOP *** [Jh Kc 7d]
kdcl: bets $3
PelonCabelao: calls $3
*** TURN *** [Jh Kc 7d] [7h]
kdcl: bets $6
PelonCabelao: raises $6 to $12
kdcl: calls $6
*** RIVER *** [Jh Kc 7d 7h] [5c]
kdcl: checks
PelonCabelao: bets $6
kdcl: calls $6
*** SHOW DOWN ***
PelonCabelao: shows [6s 7c] (three of a kind, Sevens)
kdcl: mucks hand
PelonCabelao collected $59.50 from pot
*** SUMMARY ***
Total pot $60 | Rake $0.50
Board [Jh Kc 7d 7h 5c]
Seat 1: kdcl (big blind) mucked
Seat 2: PelonCabelao (button) (small blind) showed [6s 7c] and won ($59.50) with three of a kind, Sevens


PokerStars Hand #144722320791:  Hold'em Limit ($3/$6 USD) - 2015/12/02 14:28:59 ET
Table 'Holmia' 2-max Seat #1 is the button
Seat 1: kdcl ($29.87 in chips)
Seat 2: PelonCabelao ($124.97 in chips)
kdcl: posts small blind $1
PelonCabelao: posts big blind $3
*** HOLE CARDS ***
kdcl: raises $3 to $6
PelonCabelao: raises $3 to $9
kdcl: raises $3 to $12
Betting is capped
PelonCabelao: calls $3
*** FLOP *** [Qc 3c 5d]
PelonCabelao: checks
kdcl: bets $3
PelonCabelao: calls $3
*** TURN *** [Qc 3c 5d] [As]
PelonCabelao: checks
kdcl: bets $6
PelonCabelao: folds
Uncalled bet ($6) returned to kdcl
kdcl collected $29.50 from pot
*** SUMMARY ***
Total pot $30 | Rake $0.50
Board [Qc 3c 5d As]
Seat 1: kdcl (button) (small blind) collected ($29.50)
Seat 2: PelonCabelao (big blind) folded on the Turn


PokerStars Hand #144722420609:  Hold'em Limit ($3/$6 USD) - 2015/12/02 14:30:43 ET
Table 'Holmia' 2-max Seat #1 is the button
Seat 1: kdcl ($14.37 in chips)
Seat 2: PelonCabelao ($139.47 in chips)
kdcl: posts small blind $1
PelonCabelao: posts big blind $3
*** HOLE CARDS ***
kdcl: raises $3 to $6
PelonCabelao: raises $3 to $9
kdcl: raises $3 to $12
Betting is capped
PelonCabelao: calls $3
*** FLOP *** [7c 8h 3c]
PelonCabelao: bets $3
kdcl: calls $2.37 and is all-in
Uncalled bet ($0.63) returned to PelonCabelao
*** TURN *** [7c 8h 3c] [Kc]
*** RIVER *** [7c 8h 3c Kc] [9s]
*** SHOW DOWN ***
PelonCabelao: shows [Tc Jc] (a flush, King high)
kdcl: shows [7s 5h] (a pair of Sevens)
PelonCabelao collected $28.24 from pot
*** SUMMARY ***
Total pot $28.74 | Rake $0.50
Board [7c 8h 3c Kc 9s]
Seat 1: kdcl (button) (small blind) showed [7s 5h] and lost with a pair of Sevens
Seat 2: PelonCabelao (big blind) showed [Tc Jc] and won ($28.24) with a flush, King high


