PokerStars Hand #148735636599:  Hold'em Limit ($3/$6 USD) - 2016/02/13 12:03:33 ET
Table 'Holmia' 6-max Seat #1 is the button
Seat 1: RockKillerTY ($120 in chips)
Seat 4: chipmover360 ($98.55 in chips)
RockKillerTY: posts small blind $1
chipmover360: posts big blind $3
*** HOLE CARDS ***
Azrarn joins the table at seat #5
RockKillerTY: calls $2
chipmover360: raises $3 to $6
RockKillerTY: calls $3
*** FLOP *** [7h As Kc]
chipmover360: bets $3
Krillekruka joins the table at seat #2
RockKillerTY: calls $3
*** TURN *** [7h As Kc] [Qs]
chipmover360: bets $6
RockKillerTY: folds
Uncalled bet ($6) returned to chipmover360
chipmover360 collected $17.64 from pot
chipmover360: doesn't show hand
*** SUMMARY ***
Total pot $18 | Rake $0.36
Board [7h As Kc Qs]
Seat 1: RockKillerTY (button) (small blind) folded on the Turn
Seat 4: chipmover360 (big blind) collected ($17.64)


PokerStars Hand #148735713843:  Hold'em Limit ($3/$6 USD) - 2016/02/13 12:04:55 ET
Table 'Holmia' 6-max Seat #4 is the button
Seat 4: chipmover360 ($106.19 in chips)
Seat 5: Azrarn ($146.38 in chips)
RockKillerTY will be allowed to play after the button
chipmover360: posts small blind $1
Azrarn: posts big blind $3
*** HOLE CARDS ***
chipmover360: raises $3 to $6
Azrarn: calls $3
*** FLOP *** [6s Ks 8c]
Azrarn: checks
chipmover360: bets $3
Azrarn: calls $3
*** TURN *** [6s Ks 8c] [7s]
Azrarn: checks
chipmover360: bets $6
Azrarn: calls $6
*** RIVER *** [6s Ks 8c 7s] [5h]
Azrarn: checks
chipmover360: bets $6
Azrarn: folds
Uncalled bet ($6) returned to chipmover360
chipmover360 collected $29.50 from pot
chipmover360: doesn't show hand
*** SUMMARY ***
Total pot $30 | Rake $0.50
Board [6s Ks 8c 7s 5h]
Seat 4: chipmover360 (button) (small blind) collected ($29.50)
Seat 5: Azrarn (big blind) folded on the River


