PokerStars Hand #145036969153:  Hold'em Limit ($3/$6 USD) - 2015/12/08 15:07:15 ET
Table 'Homam' 6-max Seat #6 is the button
Seat 2: Chessnok ($111 in chips)
Seat 6: pompier40 ($194 in chips)
pompier40: posts small blind $1
scorpio04 joins the table at seat #3
Chessnok: posts big blind $3
*** HOLE CARDS ***
SashaYuvelir leaves the table
pompier40: raises $3 to $6
Chessnok: folds
Uncalled bet ($3) returned to pompier40
pompier40 collected $6 from pot
*** SUMMARY ***
Total pot $6 | Rake $0
Seat 2: Chessnok (big blind) folded before Flop
Seat 6: pompier40 (button) (small blind) collected ($6)


PokerStars Hand #145036964393:  Hold'em Limit ($3/$6 USD) - 2015/12/08 15:07:11 ET
Table 'Homam' 6-max Seat #2 is the button
Seat 2: Chessnok ($112 in chips)
Seat 6: pompier40 ($193 in chips)
Chessnok: posts small blind $1
SashaYuvelir: is sitting out
Necromadx: is sitting out
pompier40: posts big blind $3
*** HOLE CARDS ***
Chessnok: folds
Uncalled bet ($2) returned to pompier40
pompier40 collected $2 from pot
*** SUMMARY ***
Total pot $2 | Rake $0
Seat 2: Chessnok (button) (small blind) folded before Flop
Seat 6: pompier40 (big blind) collected ($2)


