PokerStars Hand #154270992383:  Hold'em Limit ($3/$6 USD) - 2016/06/04 7:49:05 ET
Table 'Homam' 6-max Seat #6 is the button
Seat 3: Tryptamean ($120 in chips)
Seat 6: nipper142 ($30.65 in chips)
nipper142: posts small blind $1
Tryptamean: posts big blind $3
*** HOLE CARDS ***
Ale4o joins the table at seat #1
nipper142: folds
Uncalled bet ($2) returned to Tryptamean
Tryptamean collected $2 from pot
Tryptamean: doesn't show hand
*** SUMMARY ***
Total pot $2 | Rake $0
Seat 3: Tryptamean (big blind) collected ($2)
Seat 6: nipper142 (button) (small blind) folded before Flop


PokerStars Hand #154270997557:  Hold'em Limit ($3/$6 USD) - 2016/06/04 7:49:15 ET
Table 'Homam' 6-max Seat #3 is the button
Seat 3: Tryptamean ($121 in chips)
Seat 6: nipper142 ($29.65 in chips)
Tryptamean: posts small blind $1
nipper142: posts big blind $3
*** HOLE CARDS ***
Tryptamean: raises $3 to $6
nipper142: calls $3
*** FLOP *** [Ad 9h Jd]
nipper142: checks
Tryptamean: bets $3
nipper142: calls $3
*** TURN *** [Ad 9h Jd] [5c]
nipper142: checks
Tryptamean: bets $6
nipper142: folds
Uncalled bet ($6) returned to Tryptamean
Tryptamean collected $17.64 from pot
Tryptamean: doesn't show hand
*** SUMMARY ***
Total pot $18 | Rake $0.36
Board [Ad 9h Jd 5c]
Seat 3: Tryptamean (button) (small blind) collected ($17.64)
Seat 6: nipper142 (big blind) folded on the Turn


PokerStars Hand #154271073427:  Hold'em Limit ($3/$6 USD) - 2016/06/04 7:51:46 ET
Table 'Homam' 6-max Seat #3 is the button
Seat 1: Ale4o ($146.48 in chips)
Seat 3: Tryptamean ($120.71 in chips)
Tryptamean: posts small blind $1
Ale4o: posts big blind $3
*** HOLE CARDS ***
Tryptamean: raises $3 to $6
nipper142 leaves the table
Ale4o: calls $3
*** FLOP *** [3c 3d 5c]
Ale4o: checks
Tryptamean: bets $3
Ale4o: folds
Uncalled bet ($3) returned to Tryptamean
Tryptamean collected $11.76 from pot
Tryptamean: doesn't show hand
*** SUMMARY ***
Total pot $12 | Rake $0.24
Board [3c 3d 5c]
Seat 1: Ale4o (big blind) folded on the Flop
Seat 3: Tryptamean (button) (small blind) collected ($11.76)


PokerStars Hand #154271084120:  Hold'em Limit ($3/$6 USD) - 2016/06/04 7:52:07 ET
Table 'Homam' 6-max Seat #1 is the button
Seat 1: Ale4o ($140.48 in chips)
Seat 3: Tryptamean ($126.47 in chips)
Ale4o: posts small blind $1
Tryptamean: posts big blind $3
*** HOLE CARDS ***
Ale4o: folds
Uncalled bet ($2) returned to Tryptamean
Tryptamean collected $2 from pot
Tryptamean: doesn't show hand
*** SUMMARY ***
Total pot $2 | Rake $0
Seat 1: Ale4o (button) (small blind) folded before Flop
Seat 3: Tryptamean (big blind) collected ($2)


