PokerStars Hand #159563984708:  Hold'em Limit ($3/$6 USD) - 2016/10/06 14:45:20 ET
Table 'Homam' 6-max Seat #4 is the button
Seat 3: Ultrafranke ($119 in chips)
Seat 4: Great_Kang ($121 in chips)
Great_Kang: posts small blind $1
Ultrafranke: posts big blind $3
*** HOLE CARDS ***
Great_Kang: raises $3 to $6
Ultrafranke: calls $3
*** FLOP *** [2d Ah 4d]
Ultrafranke: checks
Great_Kang: bets $3
Ultrafranke: calls $3
*** TURN *** [2d Ah 4d] [9c]
Ultrafranke: checks
Great_Kang: bets $6
Ultrafranke: raises $6 to $12
Great_Kang: calls $6
*** RIVER *** [2d Ah 4d 9c] [Qc]
Ultrafranke: bets $6
Great_Kang: folds
Uncalled bet ($6) returned to Ultrafranke
Ultrafranke collected $41.50 from pot
*** SUMMARY ***
Total pot $42 | Rake $0.50
Board [2d Ah 4d 9c Qc]
Seat 3: Ultrafranke (big blind) collected ($41.50)
Seat 4: Great_Kang (button) (small blind) folded on the River


PokerStars Hand #159564042265:  Hold'em Limit ($3/$6 USD) - 2016/10/06 14:46:30 ET
Table 'Homam' 6-max Seat #4 is the button
Seat 3: Ultrafranke ($127.50 in chips)
Seat 4: Great_Kang ($131.52 in chips)
Great_Kang: posts small blind $1
Ultrafranke: posts big blind $3
*** HOLE CARDS ***
Great_Kang: raises $3 to $6
Ultrafranke: calls $3
*** FLOP *** [As 3h 4d]
Ultrafranke: checks
Great_Kang: bets $3
Ultrafranke: calls $3
*** TURN *** [As 3h 4d] [4s]
Ultrafranke: checks
Great_Kang: bets $6
Ultrafranke: calls $6
*** RIVER *** [As 3h 4d 4s] [7d]
Ultrafranke: checks
Great_Kang: checks
*** SHOW DOWN ***
Ultrafranke: shows [5s Th] (a pair of Fours)
Great_Kang: shows [Qc 5h] (a pair of Fours - Ace+Queen kicker)
Great_Kang collected $29.50 from pot
*** SUMMARY ***
Total pot $30 | Rake $0.50
Board [As 3h 4d 4s 7d]
Seat 3: Ultrafranke (big blind) showed [5s Th] and lost with a pair of Fours
Seat 4: Great_Kang (button) (small blind) showed [Qc 5h] and won ($29.50) with a pair of Fours


PokerStars Hand #159564025424:  Hold'em Limit ($3/$6 USD) - 2016/10/06 14:46:10 ET
Table 'Homam' 6-max Seat #3 is the button
Seat 3: Ultrafranke ($139.50 in chips)
Seat 4: Great_Kang ($120 in chips)
Ultrafranke: posts small blind $1
Great_Kang: posts big blind $3
*** HOLE CARDS ***
Ultrafranke: raises $3 to $6
Great_Kang: raises $3 to $9
Ultrafranke: calls $3
*** FLOP *** [4d 6s Jh]
Great_Kang: bets $3
Ultrafranke: calls $3
*** TURN *** [4d 6s Jh] [5d]
Great_Kang: bets $6
Ultrafranke: folds
Uncalled bet ($6) returned to Great_Kang
Great_Kang collected $23.52 from pot
Great_Kang: doesn't show hand
*** SUMMARY ***
Total pot $24 | Rake $0.48
Board [4d 6s Jh 5d]
Seat 3: Ultrafranke (button) (small blind) folded on the Turn
Seat 4: Great_Kang (big blind) collected ($23.52)


PokerStars Hand #159564076577:  Hold'em Limit ($3/$6 USD) - 2016/10/06 14:47:11 ET
Table 'Homam' 6-max Seat #4 is the button
Seat 3: Ultrafranke ($112.25 in chips)
Seat 4: Great_Kang ($145.77 in chips)
Great_Kang: posts small blind $1
Ultrafranke: posts big blind $3
*** HOLE CARDS ***
Great_Kang: raises $3 to $6
Ultrafranke: folds
Uncalled bet ($3) returned to Great_Kang
Great_Kang collected $6 from pot
Great_Kang: doesn't show hand
*** SUMMARY ***
Total pot $6 | Rake $0
Seat 3: Ultrafranke (big blind) folded before Flop
Seat 4: Great_Kang (button) (small blind) collected ($6)


PokerStars Hand #159564081495:  Hold'em Limit ($3/$6 USD) - 2016/10/06 14:47:17 ET
Table 'Homam' 6-max Seat #3 is the button
Seat 3: Ultrafranke ($109.25 in chips)
Seat 4: Great_Kang ($148.77 in chips)
Ultrafranke: posts small blind $1
Great_Kang: posts big blind $3
*** HOLE CARDS ***
Ultrafranke: raises $3 to $6
Great_Kang: calls $3
*** FLOP *** [6s 8h 2h]
Great_Kang: checks
Ultrafranke: bets $3
Great_Kang: raises $3 to $6
Ultrafranke: calls $3
*** TURN *** [6s 8h 2h] [Ad]
Great_Kang: bets $6
Ultrafranke: calls $6
*** RIVER *** [6s 8h 2h Ad] [6d]
Great_Kang: bets $6
Ultrafranke: folds
Uncalled bet ($6) returned to Great_Kang
Great_Kang collected $35.50 from pot
Great_Kang: doesn't show hand
*** SUMMARY ***
Total pot $36 | Rake $0.50
Board [6s 8h 2h Ad 6d]
Seat 3: Ultrafranke (button) (small blind) folded on the River
Seat 4: Great_Kang (big blind) collected ($35.50)


PokerStars Hand #159564118015:  Hold'em Limit ($3/$6 USD) - 2016/10/06 14:48:01 ET
Table 'Homam' 6-max Seat #4 is the button
Seat 3: Ultrafranke ($91.25 in chips)
Seat 4: Great_Kang ($166.27 in chips)
Great_Kang: posts small blind $1
Ultrafranke: posts big blind $3
*** HOLE CARDS ***
Great_Kang: raises $3 to $6
Ultrafranke: raises $3 to $9
Great_Kang: calls $3
*** FLOP *** [5c Th 3h]
Ultrafranke: bets $3
Great_Kang: calls $3
*** TURN *** [5c Th 3h] [4c]
Ultrafranke: bets $6
Great_Kang: raises $6 to $12
Ultrafranke: calls $6
*** RIVER *** [5c Th 3h 4c] [7c]
Ultrafranke: checks
KHASHIMOV M joins the table at seat #5
Great_Kang: bets $6
Ultrafranke: calls $6
*** SHOW DOWN ***
Great_Kang: shows [Qs 6s] (a straight, Three to Seven)
Ultrafranke: mucks hand
Great_Kang collected $59.50 from pot
*** SUMMARY ***
Total pot $60 | Rake $0.50
Board [5c Th 3h 4c 7c]
Seat 3: Ultrafranke (big blind) mucked
Seat 4: Great_Kang (button) (small blind) showed [Qs 6s] and won ($59.50) with a straight, Three to Seven


PokerStars Hand #159564143514:  Hold'em Limit ($3/$6 USD) - 2016/10/06 14:48:32 ET
Table 'Homam' 6-max Seat #3 is the button
Seat 3: Ultrafranke ($61.25 in chips)
Seat 4: Great_Kang ($195.77 in chips)
Ultrafranke: posts small blind $1
Great_Kang: posts big blind $3
*** HOLE CARDS ***
Ultrafranke: raises $3 to $6
Great_Kang: calls $3
*** FLOP *** [Th Jc 6h]
Great_Kang: checks
Ultrafranke: bets $3
Great_Kang: calls $3
*** TURN *** [Th Jc 6h] [3h]
Great_Kang: checks
Ultrafranke: bets $6
Great_Kang: calls $6
*** RIVER *** [Th Jc 6h 3h] [7c]
Great_Kang: checks
Ultrafranke: bets $6
Great_Kang: calls $6
*** SHOW DOWN ***
Ultrafranke: shows [Kh Kd] (a pair of Kings)
Great_Kang: mucks hand
Ultrafranke collected $41.50 from pot
*** SUMMARY ***
Total pot $42 | Rake $0.50
Board [Th Jc 6h 3h 7c]
Seat 3: Ultrafranke (button) (small blind) showed [Kh Kd] and won ($41.50) with a pair of Kings
Seat 4: Great_Kang (big blind) mucked


PokerStars Hand #159565192207:  Hold'em Limit ($3/$6 USD) - 2016/10/06 15:10:33 ET
Table 'Homam' 6-max Seat #1 is the button
Seat 1: smellyrat777 ($104.17 in chips)
Seat 6: Luanto 14 ($190.24 in chips)
smellyrat777: posts small blind $1
Luanto 14: posts big blind $3
*** HOLE CARDS ***
smellyrat777: folds
Uncalled bet ($2) returned to Luanto 14
Luanto 14 collected $2 from pot
Luanto 14: doesn't show hand
*** SUMMARY ***
Total pot $2 | Rake $0
Seat 1: smellyrat777 (button) (small blind) folded before Flop
Seat 6: Luanto 14 (big blind) collected ($2)


PokerStars Hand #159565174569:  Hold'em Limit ($3/$6 USD) - 2016/10/06 15:10:13 ET
Table 'Homam' 6-max Seat #6 is the button
Seat 1: smellyrat777 ($113.17 in chips)
Seat 6: Luanto 14 ($181.60 in chips)
Luanto 14: posts small blind $1
smellyrat777: posts big blind $3
*** HOLE CARDS ***
Luanto 14: raises $3 to $6
smellyrat777: calls $3
*** FLOP *** [Kc 5c As]
Rmk1500 leaves the table
smellyrat777: bets $3
Luanto 14: calls $3
*** TURN *** [Kc 5c As] [Ts]
smellyrat777: checks
Luanto 14: bets $6
smellyrat777: folds
Uncalled bet ($6) returned to Luanto 14
Luanto 14 collected $17.64 from pot
Luanto 14: doesn't show hand
*** SUMMARY ***
Total pot $18 | Rake $0.36
Board [Kc 5c As Ts]
Seat 1: smellyrat777 (big blind) folded on the Turn
Seat 6: Luanto 14 (button) (small blind) collected ($17.64)


