PokerStars Hand #164689347371:  Hold'em Limit ($3/$6 USD) - 2017/01/16 16:32:04 ET
Table 'Honoria II' 6-max Seat #6 is the button
Seat 4: Chessnok ($82.61 in chips)
Seat 6: tje777 ($95.18 in chips)
tje777: posts small blind $1
Chessnok: posts big blind $3
*** HOLE CARDS ***
tje777: folds
Uncalled bet ($2) returned to Chessnok
Chessnok collected $2 from pot
Chessnok: doesn't show hand
*** SUMMARY ***
Total pot $2 | Rake $0
Seat 4: Chessnok (big blind) collected ($2)
Seat 6: tje777 (button) (small blind) folded before Flop


PokerStars Hand #164689373056:  Hold'em Limit ($3/$6 USD) - 2017/01/16 16:32:30 ET
Table 'Honoria II' 6-max Seat #6 is the button
Seat 4: Chessnok ($101.11 in chips)
Seat 6: tje777 ($76.18 in chips)
tje777: posts small blind $1
Chessnok: posts big blind $3
*** HOLE CARDS ***
tje777 said, "lucky donk"
tje777: folds
Uncalled bet ($2) returned to Chessnok
tje777 leaves the table
Chessnok collected $2 from pot
Chessnok: doesn't show hand
*** SUMMARY ***
Total pot $2 | Rake $0
Seat 4: Chessnok (big blind) collected ($2)
Seat 6: tje777 (button) (small blind) folded before Flop


PokerStars Hand #164689352265:  Hold'em Limit ($3/$6 USD) - 2017/01/16 16:32:09 ET
Table 'Honoria II' 6-max Seat #4 is the button
Seat 4: Chessnok ($83.61 in chips)
Seat 6: tje777 ($94.18 in chips)
Chessnok: posts small blind $1
tje777: posts big blind $3
*** HOLE CARDS ***
Chessnok: raises $3 to $6
tje777: raises $3 to $9
Chessnok: calls $3
*** FLOP *** [Kc 8h Qc]
tje777: bets $3
Chessnok: calls $3
*** TURN *** [Kc 8h Qc] [9d]
tje777: bets $6
Chessnok: calls $6
*** RIVER *** [Kc 8h Qc 9d] [Js]
tje777: checks
Chessnok: checks
*** SHOW DOWN ***
tje777: shows [Qh Ah] (a pair of Queens)
Chessnok: shows [Kh 7s] (a pair of Kings)
Chessnok collected $35.50 from pot
*** SUMMARY ***
Total pot $36 | Rake $0.50
Board [Kc 8h Qc 9d Js]
Seat 4: Chessnok (button) (small blind) showed [Kh 7s] and won ($35.50) with a pair of Kings
Seat 6: tje777 (big blind) showed [Qh Ah] and lost with a pair of Queens


