PokerStars Hand #151591736431:  Hold'em Limit ($3/$6 USD) - 2016/04/07 19:59:03 ET
Table 'Horemheb' 6-max Seat #5 is the button
Seat 5: NAZKAR62 ($573.26 in chips)
Seat 6: Hi Im Alexey ($72 in chips)
NAZKAR62: posts small blind $1
Hi Im Alexey: posts big blind $3
*** HOLE CARDS ***
NAZKAR62: raises $3 to $6
Hi Im Alexey: calls $3
*** FLOP *** [9c As 5c]
Hi Im Alexey: checks
NAZKAR62: bets $3
Hi Im Alexey: raises $3 to $6
NAZKAR62: calls $3
*** TURN *** [9c As 5c] [Js]
Hi Im Alexey: bets $6
NAZKAR62: folds
Uncalled bet ($6) returned to Hi Im Alexey
Hi Im Alexey collected $23.52 from pot
*** SUMMARY ***
Total pot $24 | Rake $0.48
Board [9c As 5c Js]
Seat 5: NAZKAR62 (button) (small blind) folded on the Turn
Seat 6: Hi Im Alexey (big blind) collected ($23.52)


PokerStars Hand #151591731661:  Hold'em Limit ($3/$6 USD) - 2016/04/07 19:58:53 ET
Table 'Horemheb' 6-max Seat #6 is the button
Seat 5: NAZKAR62 ($567.50 in chips)
Seat 6: Hi Im Alexey ($72 in chips)
Hi Im Alexey: posts small blind $1
NAZKAR62: posts big blind $3
*** HOLE CARDS ***
Hi Im Alexey: raises $3 to $6
NAZKAR62: calls $3
*** FLOP *** [3h Ks Ah]
NAZKAR62: bets $3
Hi Im Alexey: folds
Uncalled bet ($3) returned to NAZKAR62
NAZKAR62 collected $11.76 from pot
NAZKAR62: doesn't show hand
*** SUMMARY ***
Total pot $12 | Rake $0.24
Board [3h Ks Ah]
Seat 5: NAZKAR62 (big blind) collected ($11.76)
Seat 6: Hi Im Alexey (button) (small blind) folded on the Flop


PokerStars Hand #151591722511:  Hold'em Limit ($3/$6 USD) - 2016/04/07 19:58:33 ET
Table 'Horemheb' 6-max Seat #5 is the button
Seat 5: NAZKAR62 ($541 in chips)
Seat 6: Hi Im Alexey ($72 in chips)
NAZKAR62: posts small blind $1
Hi Im Alexey: posts big blind $3
*** HOLE CARDS ***
NAZKAR62: raises $3 to $6
Hi Im Alexey: calls $3
*** FLOP *** [Td 6c 5d]
Hi Im Alexey: checks
NAZKAR62: bets $3
Hi Im Alexey: calls $3
*** TURN *** [Td 6c 5d] [9d]
Hi Im Alexey: checks
NAZKAR62: bets $6
Hi Im Alexey: raises $6 to $12
NAZKAR62: calls $6
*** RIVER *** [Td 6c 5d 9d] [5h]
Hi Im Alexey: bets $6
NAZKAR62: calls $6
*** SHOW DOWN ***
Hi Im Alexey: shows [9s Ah] (two pair, Nines and Fives)
NAZKAR62: shows [Tc 9c] (two pair, Tens and Nines)
NAZKAR62 collected $53.50 from pot
*** SUMMARY ***
Total pot $54 | Rake $0.50
Board [Td 6c 5d 9d 5h]
Seat 5: NAZKAR62 (button) (small blind) showed [Tc 9c] and won ($53.50) with two pair, Tens and Nines
Seat 6: Hi Im Alexey (big blind) showed [9s Ah] and lost with two pair, Nines and Fives


PokerStars Hand #151591773530:  Hold'em Limit ($3/$6 USD) - 2016/04/07 20:00:24 ET
Table 'Horemheb' 6-max Seat #5 is the button
Seat 5: NAZKAR62 ($542.26 in chips)
Seat 6: Hi Im Alexey ($101.80 in chips)
NAZKAR62: posts small blind $1
Hi Im Alexey: posts big blind $3
*** HOLE CARDS ***
NAZKAR62: raises $3 to $6
Hi Im Alexey: calls $3
*** FLOP *** [Jd Ad 8d]
Hi Im Alexey: checks
NAZKAR62: bets $3
Hi Im Alexey: folds
Uncalled bet ($3) returned to NAZKAR62
NAZKAR62 collected $11.76 from pot
NAZKAR62: doesn't show hand
*** SUMMARY ***
Total pot $12 | Rake $0.24
Board [Jd Ad 8d]
Seat 5: NAZKAR62 (button) (small blind) collected ($11.76)
Seat 6: Hi Im Alexey (big blind) folded on the Flop


PokerStars Hand #151591763274:  Hold'em Limit ($3/$6 USD) - 2016/04/07 20:00:02 ET
Table 'Horemheb' 6-max Seat #6 is the button
Seat 5: NAZKAR62 ($551.26 in chips)
Seat 6: Hi Im Alexey ($93.16 in chips)
Hi Im Alexey: posts small blind $1
NAZKAR62: posts big blind $3
*** HOLE CARDS ***
Hi Im Alexey: raises $3 to $6
NAZKAR62: calls $3
*** FLOP *** [8h Kd 3s]
NAZKAR62: checks
Hi Im Alexey: bets $3
NAZKAR62: calls $3
*** TURN *** [8h Kd 3s] [Jd]
NAZKAR62: checks
Hi Im Alexey: bets $6
NAZKAR62: folds
Uncalled bet ($6) returned to Hi Im Alexey
Hi Im Alexey collected $17.64 from pot
*** SUMMARY ***
Total pot $18 | Rake $0.36
Board [8h Kd 3s Jd]
Seat 5: NAZKAR62 (big blind) folded on the Turn
Seat 6: Hi Im Alexey (button) (small blind) collected ($17.64)


PokerStars Hand #151591760500:  Hold'em Limit ($3/$6 USD) - 2016/04/07 19:59:56 ET
Table 'Horemheb' 6-max Seat #5 is the button
Seat 5: NAZKAR62 ($552.26 in chips)
Seat 6: Hi Im Alexey ($92.16 in chips)
NAZKAR62: posts small blind $1
Hi Im Alexey: posts big blind $3
*** HOLE CARDS ***
NAZKAR62: folds
Uncalled bet ($2) returned to Hi Im Alexey
Hi Im Alexey collected $2 from pot
*** SUMMARY ***
Total pot $2 | Rake $0
Seat 5: NAZKAR62 (button) (small blind) folded before Flop
Seat 6: Hi Im Alexey (big blind) collected ($2)


PokerStars Hand #151591745041:  Hold'em Limit ($3/$6 USD) - 2016/04/07 19:59:22 ET
Table 'Horemheb' 6-max Seat #6 is the button
Seat 5: NAZKAR62 ($561.26 in chips)
Seat 6: Hi Im Alexey ($83.52 in chips)
Hi Im Alexey: posts small blind $1
NAZKAR62: posts big blind $3
*** HOLE CARDS ***
Hi Im Alexey: raises $3 to $6
NAZKAR62: calls $3
*** FLOP *** [4d 7s 8c]
NAZKAR62: checks
Hi Im Alexey: bets $3
NAZKAR62: calls $3
*** TURN *** [4d 7s 8c] [6c]
NAZKAR62: checks
Hi Im Alexey: checks
*** RIVER *** [4d 7s 8c 6c] [2h]
NAZKAR62: checks
Hi Im Alexey: checks
*** SHOW DOWN ***
NAZKAR62: shows [9h Kh] (high card King)
Hi Im Alexey: shows [Jd 4c] (a pair of Fours)
Hi Im Alexey collected $17.64 from pot
*** SUMMARY ***
Total pot $18 | Rake $0.36
Board [4d 7s 8c 6c 2h]
Seat 5: NAZKAR62 (big blind) showed [9h Kh] and lost with high card King
Seat 6: Hi Im Alexey (button) (small blind) showed [Jd 4c] and won ($17.64) with a pair of Fours


PokerStars Hand #151591780412:  Hold'em Limit ($3/$6 USD) - 2016/04/07 20:00:38 ET
Table 'Horemheb' 6-max Seat #6 is the button
Seat 5: NAZKAR62 ($548.02 in chips)
Seat 6: Hi Im Alexey ($95.80 in chips)
Hi Im Alexey: posts small blind $1
NAZKAR62: posts big blind $3
*** HOLE CARDS ***
Hi Im Alexey: raises $3 to $6
NAZKAR62: calls $3
*** FLOP *** [8d Td Js]
NAZKAR62: checks
Hi Im Alexey: bets $3
NAZKAR62: calls $3
*** TURN *** [8d Td Js] [3s]
NAZKAR62: checks
Hi Im Alexey: bets $6
NAZKAR62: calls $6
*** RIVER *** [8d Td Js 3s] [8s]
NAZKAR62: bets $6
Hi Im Alexey: calls $6
*** SHOW DOWN ***
NAZKAR62: shows [Ks 8c] (three of a kind, Eights)
Hi Im Alexey: mucks hand
NAZKAR62 collected $41.50 from pot
*** SUMMARY ***
Total pot $42 | Rake $0.50
Board [8d Td Js 3s 8s]
Seat 5: NAZKAR62 (big blind) showed [Ks 8c] and won ($41.50) with three of a kind, Eights
Seat 6: Hi Im Alexey (button) (small blind) mucked


PokerStars Hand #151591839660:  Hold'em Limit ($3/$6 USD) - 2016/04/07 20:02:32 ET
Table 'Horemheb' 6-max Seat #5 is the button
Seat 5: NAZKAR62 ($600.52 in chips)
Seat 6: Hi Im Alexey ($72 in chips)
NAZKAR62: posts small blind $1
Hi Im Alexey: posts big blind $3
*** HOLE CARDS ***
NAZKAR62: folds
Uncalled bet ($2) returned to Hi Im Alexey
Hi Im Alexey collected $2 from pot
*** SUMMARY ***
Total pot $2 | Rake $0
Seat 5: NAZKAR62 (button) (small blind) folded before Flop
Seat 6: Hi Im Alexey (big blind) collected ($2)


PokerStars Hand #151591825957:  Hold'em Limit ($3/$6 USD) - 2016/04/07 20:02:06 ET
Table 'Horemheb' 6-max Seat #6 is the button
Seat 5: NAZKAR62 ($580.02 in chips)
Seat 6: Hi Im Alexey ($72 in chips)
Hi Im Alexey: posts small blind $1
NAZKAR62: posts big blind $3
*** HOLE CARDS ***
Hi Im Alexey: raises $3 to $6
NAZKAR62: calls $3
*** FLOP *** [Jh 3h 6d]
NAZKAR62: checks
Hi Im Alexey: bets $3
NAZKAR62: calls $3
*** TURN *** [Jh 3h 6d] [6s]
NAZKAR62: checks
Hi Im Alexey: bets $6
NAZKAR62: calls $6
*** RIVER *** [Jh 3h 6d 6s] [Js]
NAZKAR62: bets $6
Hi Im Alexey: calls $6
*** SHOW DOWN ***
NAZKAR62: shows [Jd 2c] (a full house, Jacks full of Sixes)
Hi Im Alexey: mucks hand
NAZKAR62 collected $41.50 from pot
*** SUMMARY ***
Total pot $42 | Rake $0.50
Board [Jh 3h 6d 6s Js]
Seat 5: NAZKAR62 (big blind) showed [Jd 2c] and won ($41.50) with a full house, Jacks full of Sixes
Seat 6: Hi Im Alexey (button) (small blind) mucked


PokerStars Hand #151591810826:  Hold'em Limit ($3/$6 USD) - 2016/04/07 20:01:37 ET
Table 'Horemheb' 6-max Seat #5 is the button
Seat 5: NAZKAR62 ($556.52 in chips)
Seat 6: Hi Im Alexey ($86.32 in chips)
NAZKAR62: posts small blind $1
Hi Im Alexey: posts big blind $3
*** HOLE CARDS ***
NAZKAR62: raises $3 to $6
Hi Im Alexey: calls $3
*** FLOP *** [Js 9h Ts]
Hi Im Alexey: checks
NAZKAR62: bets $3
Hi Im Alexey: raises $3 to $6
NAZKAR62: calls $3
*** TURN *** [Js 9h Ts] [2s]
Hi Im Alexey: bets $6
NAZKAR62: calls $6
*** RIVER *** [Js 9h Ts 2s] [8s]
Hi Im Alexey: checks
NAZKAR62: bets $6
Hi Im Alexey: calls $6
*** SHOW DOWN ***
NAZKAR62: shows [Qs Tc] (a flush, Queen high)
Hi Im Alexey: mucks hand
NAZKAR62 collected $47.50 from pot
*** SUMMARY ***
Total pot $48 | Rake $0.50
Board [Js 9h Ts 2s 8s]
Seat 5: NAZKAR62 (button) (small blind) showed [Qs Tc] and won ($47.50) with a flush, Queen high
Seat 6: Hi Im Alexey (big blind) mucked


PokerStars Hand #151591855401:  Hold'em Limit ($3/$6 USD) - 2016/04/07 20:03:02 ET
Table 'Horemheb' 6-max Seat #5 is the button
Seat 5: NAZKAR62 ($575.52 in chips)
Seat 6: Hi Im Alexey ($96.50 in chips)
NAZKAR62: posts small blind $1
Hi Im Alexey: posts big blind $3
*** HOLE CARDS ***
NAZKAR62: raises $3 to $6
Hi Im Alexey: raises $3 to $9
NAZKAR62: calls $3
*** FLOP *** [Ts 2d Qh]
Hi Im Alexey: bets $3
NAZKAR62: calls $3
*** TURN *** [Ts 2d Qh] [7s]
Hi Im Alexey: bets $6
NAZKAR62: calls $6
*** RIVER *** [Ts 2d Qh 7s] [8h]
Hi Im Alexey: bets $6
NAZKAR62: folds
Uncalled bet ($6) returned to Hi Im Alexey
Hi Im Alexey collected $35.50 from pot
*** SUMMARY ***
Total pot $36 | Rake $0.50
Board [Ts 2d Qh 7s 8h]
Seat 5: NAZKAR62 (button) (small blind) folded on the River
Seat 6: Hi Im Alexey (big blind) collected ($35.50)


PokerStars Hand #151591842543:  Hold'em Limit ($3/$6 USD) - 2016/04/07 20:02:37 ET
Table 'Horemheb' 6-max Seat #6 is the button
Seat 5: NAZKAR62 ($599.52 in chips)
Seat 6: Hi Im Alexey ($73 in chips)
Hi Im Alexey: posts small blind $1
NAZKAR62: posts big blind $3
*** HOLE CARDS ***
Hi Im Alexey: raises $3 to $6
NAZKAR62: calls $3
*** FLOP *** [5c 9c Th]
NAZKAR62: bets $3
Hi Im Alexey: raises $3 to $6
NAZKAR62: calls $3
*** TURN *** [5c 9c Th] [Qd]
NAZKAR62: checks
Hi Im Alexey: bets $6
NAZKAR62: calls $6
*** RIVER *** [5c 9c Th Qd] [Js]
NAZKAR62: bets $6
Hi Im Alexey: calls $6
*** SHOW DOWN ***
NAZKAR62: shows [9s 6c] (a pair of Nines)
Hi Im Alexey: shows [8s 9d] (a straight, Eight to Queen)
Hi Im Alexey collected $47.50 from pot
*** SUMMARY ***
Total pot $48 | Rake $0.50
Board [5c 9c Th Qd Js]
Seat 5: NAZKAR62 (big blind) showed [9s 6c] and lost with a pair of Nines
Seat 6: Hi Im Alexey (button) (small blind) showed [8s 9d] and won ($47.50) with a straight, Eight to Queen


PokerStars Hand #151591898019:  Hold'em Limit ($3/$6 USD) - 2016/04/07 20:04:22 ET
Table 'Horemheb' 6-max Seat #5 is the button
Seat 5: NAZKAR62 ($564.02 in chips)
Seat 6: Hi Im Alexey ($106.50 in chips)
NAZKAR62: posts small blind $1
Hi Im Alexey: posts big blind $3
*** HOLE CARDS ***
NAZKAR62: raises $3 to $6
Hi Im Alexey: folds
Uncalled bet ($3) returned to NAZKAR62
NAZKAR62 collected $6 from pot
NAZKAR62: doesn't show hand
*** SUMMARY ***
Total pot $6 | Rake $0
Seat 5: NAZKAR62 (button) (small blind) collected ($6)
Seat 6: Hi Im Alexey (big blind) folded before Flop


PokerStars Hand #151591895181:  Hold'em Limit ($3/$6 USD) - 2016/04/07 20:04:16 ET
Table 'Horemheb' 6-max Seat #6 is the button
Seat 5: NAZKAR62 ($563.02 in chips)
Seat 6: Hi Im Alexey ($107.50 in chips)
Hi Im Alexey: posts small blind $1
NAZKAR62: posts big blind $3
*** HOLE CARDS ***
Hi Im Alexey: folds
Uncalled bet ($2) returned to NAZKAR62
NAZKAR62 collected $2 from pot
NAZKAR62: doesn't show hand
*** SUMMARY ***
Total pot $2 | Rake $0
Seat 5: NAZKAR62 (big blind) collected ($2)
Seat 6: Hi Im Alexey (button) (small blind) folded before Flop


PokerStars Hand #151591868562:  Hold'em Limit ($3/$6 USD) - 2016/04/07 20:03:26 ET
Table 'Horemheb' 6-max Seat #6 is the button
Seat 5: NAZKAR62 ($557.52 in chips)
Seat 6: Hi Im Alexey ($114 in chips)
Hi Im Alexey: posts small blind $1
NAZKAR62: posts big blind $3
*** HOLE CARDS ***
Hi Im Alexey: raises $3 to $6
NAZKAR62: calls $3
*** FLOP *** [2h 2c 4c]
NAZKAR62: checks
Hi Im Alexey: bets $3
NAZKAR62: raises $3 to $6
Hi Im Alexey: calls $3
*** TURN *** [2h 2c 4c] [2s]
NAZKAR62: bets $6
Hi Im Alexey: calls $6
*** RIVER *** [2h 2c 4c 2s] [Kh]
NAZKAR62: bets $6
Hi Im Alexey: raises $6 to $12
NAZKAR62: folds
Uncalled bet ($6) returned to Hi Im Alexey
Hi Im Alexey collected $47.50 from pot
*** SUMMARY ***
Total pot $48 | Rake $0.50
Board [2h 2c 4c 2s Kh]
Seat 5: NAZKAR62 (big blind) folded on the River
Seat 6: Hi Im Alexey (button) (small blind) collected ($47.50)


PokerStars Hand #151591883031:  Hold'em Limit ($3/$6 USD) - 2016/04/07 20:03:53 ET
Table 'Horemheb' 6-max Seat #5 is the button
Seat 5: NAZKAR62 ($533.52 in chips)
Seat 6: Hi Im Alexey ($137.50 in chips)
NAZKAR62: posts small blind $1
Hi Im Alexey: posts big blind $3
*** HOLE CARDS ***
NAZKAR62: raises $3 to $6
Hi Im Alexey: raises $3 to $9
NAZKAR62: calls $3
*** FLOP *** [5h 2d 7s]
Hi Im Alexey: bets $3
NAZKAR62: calls $3
*** TURN *** [5h 2d 7s] [Qc]
Hi Im Alexey: bets $6
NAZKAR62: raises $6 to $12
Hi Im Alexey: calls $6
*** RIVER *** [5h 2d 7s Qc] [Ks]
Hi Im Alexey: checks
NAZKAR62: bets $6
Hi Im Alexey: calls $6
*** SHOW DOWN ***
NAZKAR62: shows [5c 7c] (two pair, Sevens and Fives)
Hi Im Alexey: mucks hand
NAZKAR62 collected $59.50 from pot
*** SUMMARY ***
Total pot $60 | Rake $0.50
Board [5h 2d 7s Qc Ks]
Seat 5: NAZKAR62 (button) (small blind) showed [5c 7c] and won ($59.50) with two pair, Sevens and Fives
Seat 6: Hi Im Alexey (big blind) mucked


PokerStars Hand #151591912618:  Hold'em Limit ($3/$6 USD) - 2016/04/07 20:04:49 ET
Table 'Horemheb' 6-max Seat #5 is the button
Seat 5: NAZKAR62 ($581.52 in chips)
Seat 6: Hi Im Alexey ($88.50 in chips)
NAZKAR62: posts small blind $1
Hi Im Alexey: posts big blind $3
*** HOLE CARDS ***
NAZKAR62: folds
Uncalled bet ($2) returned to Hi Im Alexey
Hi Im Alexey collected $2 from pot
*** SUMMARY ***
Total pot $2 | Rake $0
Seat 5: NAZKAR62 (button) (small blind) folded before Flop
Seat 6: Hi Im Alexey (big blind) collected ($2)


PokerStars Hand #151591901451:  Hold'em Limit ($3/$6 USD) - 2016/04/07 20:04:28 ET
Table 'Horemheb' 6-max Seat #6 is the button
Seat 5: NAZKAR62 ($567.02 in chips)
Seat 6: Hi Im Alexey ($103.50 in chips)
Hi Im Alexey: posts small blind $1
NAZKAR62: posts big blind $3
*** HOLE CARDS ***
Hi Im Alexey: raises $3 to $6
NAZKAR62: calls $3
*** FLOP *** [Ks Qd Js]
NAZKAR62: checks
Hi Im Alexey: bets $3
NAZKAR62: calls $3
*** TURN *** [Ks Qd Js] [5s]
NAZKAR62: checks
Hi Im Alexey: bets $6
NAZKAR62: calls $6
*** RIVER *** [Ks Qd Js 5s] [Qc]
NAZKAR62: checks
Hi Im Alexey: checks
*** SHOW DOWN ***
NAZKAR62: shows [2c Kh] (two pair, Kings and Queens)
Hi Im Alexey: mucks hand
NAZKAR62 collected $29.50 from pot
*** SUMMARY ***
Total pot $30 | Rake $0.50
Board [Ks Qd Js 5s Qc]
Seat 5: NAZKAR62 (big blind) showed [2c Kh] and won ($29.50) with two pair, Kings and Queens
Seat 6: Hi Im Alexey (button) (small blind) mucked


PokerStars Hand #151591915592:  Hold'em Limit ($3/$6 USD) - 2016/04/07 20:04:55 ET
Table 'Horemheb' 6-max Seat #6 is the button
Seat 5: NAZKAR62 ($580.52 in chips)
Seat 6: Hi Im Alexey ($89.50 in chips)
Hi Im Alexey: posts small blind $1
NAZKAR62: posts big blind $3
*** HOLE CARDS ***
Hi Im Alexey: raises $3 to $6
NAZKAR62: calls $3
*** FLOP *** [Ac Td 2h]
NAZKAR62: checks
Hi Im Alexey: bets $3
NAZKAR62: calls $3
*** TURN *** [Ac Td 2h] [7c]
NAZKAR62: checks
Hi Im Alexey: checks
*** RIVER *** [Ac Td 2h 7c] [2d]
NAZKAR62: bets $6
Hi Im Alexey: calls $6
*** SHOW DOWN ***
NAZKAR62: shows [4c Ks] (a pair of Deuces)
Hi Im Alexey: shows [9s 9d] (two pair, Nines and Deuces)
Hi Im Alexey collected $29.50 from pot
*** SUMMARY ***
Total pot $30 | Rake $0.50
Board [Ac Td 2h 7c 2d]
Seat 5: NAZKAR62 (big blind) showed [4c Ks] and lost with a pair of Deuces
Seat 6: Hi Im Alexey (button) (small blind) showed [9s 9d] and won ($29.50) with two pair, Nines and Deuces


PokerStars Hand #151591941418:  Hold'em Limit ($3/$6 USD) - 2016/04/07 20:05:43 ET
Table 'Horemheb' 6-max Seat #6 is the button
Seat 5: NAZKAR62 ($595.02 in chips)
Seat 6: Hi Im Alexey ($74 in chips)
Hi Im Alexey: posts small blind $1
NAZKAR62: posts big blind $3
*** HOLE CARDS ***
Hi Im Alexey: raises $3 to $6
NAZKAR62: calls $3
*** FLOP *** [2s Ah Ts]
NAZKAR62: checks
Hi Im Alexey: bets $3
NAZKAR62: calls $3
*** TURN *** [2s Ah Ts] [8c]
NAZKAR62: checks
Hi Im Alexey: bets $6
NAZKAR62: calls $6
*** RIVER *** [2s Ah Ts 8c] [9c]
NAZKAR62: checks
Hi Im Alexey: checks
*** SHOW DOWN ***
NAZKAR62: shows [5h 2h] (a pair of Deuces)
Hi Im Alexey: shows [3s 3d] (a pair of Threes)
Hi Im Alexey collected $29.50 from pot
*** SUMMARY ***
Total pot $30 | Rake $0.50
Board [2s Ah Ts 8c 9c]
Seat 5: NAZKAR62 (big blind) showed [5h 2h] and lost with a pair of Deuces
Seat 6: Hi Im Alexey (button) (small blind) showed [3s 3d] and won ($29.50) with a pair of Threes


PokerStars Hand #151591956047:  Hold'em Limit ($3/$6 USD) - 2016/04/07 20:06:11 ET
Table 'Horemheb' 6-max Seat #6 is the button
Seat 5: NAZKAR62 ($583.02 in chips)
Seat 6: Hi Im Alexey ($85.50 in chips)
Hi Im Alexey: posts small blind $1
NAZKAR62: posts big blind $3
*** HOLE CARDS ***
Hi Im Alexey: raises $3 to $6
NAZKAR62: folds
Uncalled bet ($3) returned to Hi Im Alexey
Hi Im Alexey collected $6 from pot
*** SUMMARY ***
Total pot $6 | Rake $0
Seat 5: NAZKAR62 (big blind) folded before Flop
Seat 6: Hi Im Alexey (button) (small blind) collected ($6)


PokerStars Hand #151591951186:  Hold'em Limit ($3/$6 USD) - 2016/04/07 20:06:02 ET
Table 'Horemheb' 6-max Seat #5 is the button
Seat 5: NAZKAR62 ($580.02 in chips)
Seat 6: Hi Im Alexey ($88.50 in chips)
NAZKAR62: posts small blind $1
Hi Im Alexey: posts big blind $3
*** HOLE CARDS ***
NAZKAR62: raises $3 to $6
Hi Im Alexey: folds
Uncalled bet ($3) returned to NAZKAR62
NAZKAR62 collected $6 from pot
NAZKAR62: doesn't show hand
*** SUMMARY ***
Total pot $6 | Rake $0
Seat 5: NAZKAR62 (button) (small blind) collected ($6)
Seat 6: Hi Im Alexey (big blind) folded before Flop


PokerStars Hand #151591962232:  Hold'em Limit ($3/$6 USD) - 2016/04/07 20:06:23 ET
Table 'Horemheb' 6-max Seat #6 is the button
Seat 5: NAZKAR62 ($579.02 in chips)
Seat 6: Hi Im Alexey ($89.50 in chips)
Hi Im Alexey: posts small blind $1
NAZKAR62: posts big blind $3
*** HOLE CARDS ***
Hi Im Alexey: folds
Uncalled bet ($2) returned to NAZKAR62
NAZKAR62 collected $2 from pot
NAZKAR62: doesn't show hand
*** SUMMARY ***
Total pot $2 | Rake $0
Seat 5: NAZKAR62 (big blind) collected ($2)
Seat 6: Hi Im Alexey (button) (small blind) folded before Flop


PokerStars Hand #151591959446:  Hold'em Limit ($3/$6 USD) - 2016/04/07 20:06:17 ET
Table 'Horemheb' 6-max Seat #5 is the button
Seat 5: NAZKAR62 ($580.02 in chips)
Seat 6: Hi Im Alexey ($88.50 in chips)
NAZKAR62: posts small blind $1
Hi Im Alexey: posts big blind $3
*** HOLE CARDS ***
NAZKAR62: folds
Uncalled bet ($2) returned to Hi Im Alexey
Hi Im Alexey collected $2 from pot
*** SUMMARY ***
Total pot $2 | Rake $0
Seat 5: NAZKAR62 (button) (small blind) folded before Flop
Seat 6: Hi Im Alexey (big blind) collected ($2)


PokerStars Hand #151591925754:  Hold'em Limit ($3/$6 USD) - 2016/04/07 20:05:14 ET
Table 'Horemheb' 6-max Seat #5 is the button
Seat 5: NAZKAR62 ($565.52 in chips)
Seat 6: Hi Im Alexey ($104 in chips)
NAZKAR62: posts small blind $1
Hi Im Alexey: posts big blind $3
*** HOLE CARDS ***
NAZKAR62: raises $3 to $6
Hi Im Alexey: raises $3 to $9
NAZKAR62: calls $3
*** FLOP *** [6d 6s 4h]
Hi Im Alexey: bets $3
NAZKAR62: calls $3
*** TURN *** [6d 6s 4h] [5s]
Hi Im Alexey: bets $6
NAZKAR62: calls $6
*** RIVER *** [6d 6s 4h 5s] [2h]
Hi Im Alexey: bets $6
NAZKAR62: raises $6 to $12
Hi Im Alexey: calls $6
*** SHOW DOWN ***
NAZKAR62: shows [Kh 3c] (a straight, Deuce to Six)
Hi Im Alexey: mucks hand
NAZKAR62 collected $59.50 from pot
*** SUMMARY ***
Total pot $60 | Rake $0.50
Board [6d 6s 4h 5s 2h]
Seat 5: NAZKAR62 (button) (small blind) showed [Kh 3c] and won ($59.50) with a straight, Deuce to Six
Seat 6: Hi Im Alexey (big blind) mucked


PokerStars Hand #151591971894:  Hold'em Limit ($3/$6 USD) - 2016/04/07 20:06:41 ET
Table 'Horemheb' 6-max Seat #6 is the button
Seat 5: NAZKAR62 ($582.90 in chips)
Seat 6: Hi Im Alexey ($85.50 in chips)
Hi Im Alexey: posts small blind $1
NAZKAR62: posts big blind $3
*** HOLE CARDS ***
Hi Im Alexey: raises $3 to $6
NAZKAR62: calls $3
*** FLOP *** [Qd Ts 6d]
NAZKAR62: checks
Hi Im Alexey: bets $3
NAZKAR62: folds
Uncalled bet ($3) returned to Hi Im Alexey
Hi Im Alexey collected $11.76 from pot
*** SUMMARY ***
Total pot $12 | Rake $0.24
Board [Qd Ts 6d]
Seat 5: NAZKAR62 (big blind) folded on the Flop
Seat 6: Hi Im Alexey (button) (small blind) collected ($11.76)


PokerStars Hand #151591987296:  Hold'em Limit ($3/$6 USD) - 2016/04/07 20:07:12 ET
Table 'Horemheb' 6-max Seat #6 is the button
Seat 5: NAZKAR62 ($585.54 in chips)
Seat 6: Hi Im Alexey ($82.26 in chips)
Hi Im Alexey: posts small blind $1
NAZKAR62: posts big blind $3
*** HOLE CARDS ***
Hi Im Alexey: folds
Uncalled bet ($2) returned to NAZKAR62
NAZKAR62 collected $2 from pot
NAZKAR62: doesn't show hand
*** SUMMARY ***
Total pot $2 | Rake $0
Seat 5: NAZKAR62 (big blind) collected ($2)
Seat 6: Hi Im Alexey (button) (small blind) folded before Flop


PokerStars Hand #151591979438:  Hold'em Limit ($3/$6 USD) - 2016/04/07 20:06:56 ET
Table 'Horemheb' 6-max Seat #5 is the button
Seat 5: NAZKAR62 ($576.90 in chips)
Seat 6: Hi Im Alexey ($91.26 in chips)
NAZKAR62: posts small blind $1
Hi Im Alexey: posts big blind $3
*** HOLE CARDS ***
NAZKAR62: raises $3 to $6
Hi Im Alexey: calls $3
*** FLOP *** [Ks 3c Ac]
Hi Im Alexey: checks
NAZKAR62: bets $3
Hi Im Alexey: calls $3
*** TURN *** [Ks 3c Ac] [9h]
Hi Im Alexey: checks
NAZKAR62: bets $6
Hi Im Alexey: folds
Uncalled bet ($6) returned to NAZKAR62
NAZKAR62 collected $17.64 from pot
NAZKAR62: doesn't show hand
*** SUMMARY ***
Total pot $18 | Rake $0.36
Board [Ks 3c Ac 9h]
Seat 5: NAZKAR62 (button) (small blind) collected ($17.64)
Seat 6: Hi Im Alexey (big blind) folded on the Turn


PokerStars Hand #151591989926:  Hold'em Limit ($3/$6 USD) - 2016/04/07 20:07:17 ET
Table 'Horemheb' 6-max Seat #5 is the button
Seat 5: NAZKAR62 ($586.54 in chips)
Seat 6: Hi Im Alexey ($81.26 in chips)
NAZKAR62: posts small blind $1
Hi Im Alexey: posts big blind $3
*** HOLE CARDS ***
NAZKAR62: folds
Uncalled bet ($2) returned to Hi Im Alexey
Hi Im Alexey collected $2 from pot
*** SUMMARY ***
Total pot $2 | Rake $0
Seat 5: NAZKAR62 (button) (small blind) folded before Flop
Seat 6: Hi Im Alexey (big blind) collected ($2)


PokerStars Hand #151591964965:  Hold'em Limit ($3/$6 USD) - 2016/04/07 20:06:28 ET
Table 'Horemheb' 6-max Seat #5 is the button
Seat 5: NAZKAR62 ($580.02 in chips)
Seat 6: Hi Im Alexey ($88.50 in chips)
NAZKAR62: posts small blind $1
Hi Im Alexey: posts big blind $3
*** HOLE CARDS ***
NAZKAR62: calls $2
Hi Im Alexey: checks
*** FLOP *** [7d 2d Js]
Hi Im Alexey: checks
NAZKAR62: bets $3
Hi Im Alexey: folds
Uncalled bet ($3) returned to NAZKAR62
NAZKAR62 collected $5.88 from pot
NAZKAR62: doesn't show hand
*** SUMMARY ***
Total pot $6 | Rake $0.12
Board [7d 2d Js]
Seat 5: NAZKAR62 (button) (small blind) collected ($5.88)
Seat 6: Hi Im Alexey (big blind) folded on the Flop


PokerStars Hand #151592002736:  Hold'em Limit ($3/$6 USD) - 2016/04/07 20:07:42 ET
Table 'Horemheb' 6-max Seat #5 is the button
Seat 5: NAZKAR62 ($564.54 in chips)
Seat 6: Hi Im Alexey ($102.76 in chips)
NAZKAR62: posts small blind $1
Hi Im Alexey: posts big blind $3
*** HOLE CARDS ***
NAZKAR62: folds
Uncalled bet ($2) returned to Hi Im Alexey
Hi Im Alexey collected $2 from pot
*** SUMMARY ***
Total pot $2 | Rake $0
Seat 5: NAZKAR62 (button) (small blind) folded before Flop
Seat 6: Hi Im Alexey (big blind) collected ($2)


PokerStars Hand #151591992543:  Hold'em Limit ($3/$6 USD) - 2016/04/07 20:07:22 ET
Table 'Horemheb' 6-max Seat #6 is the button
Seat 5: NAZKAR62 ($585.54 in chips)
Seat 6: Hi Im Alexey ($82.26 in chips)
Hi Im Alexey: posts small blind $1
NAZKAR62: posts big blind $3
*** HOLE CARDS ***
Hi Im Alexey: raises $3 to $6
NAZKAR62: calls $3
*** FLOP *** [8h Jc 5d]
NAZKAR62: bets $3
Hi Im Alexey: calls $3
*** TURN *** [8h Jc 5d] [8d]
NAZKAR62: checks
Hi Im Alexey: checks
*** RIVER *** [8h Jc 5d 8d] [9s]
NAZKAR62: bets $6
Hi Im Alexey: raises $6 to $12
NAZKAR62: calls $6
*** SHOW DOWN ***
Hi Im Alexey: shows [Qd Th] (a straight, Eight to Queen)
NAZKAR62: mucks hand
Hi Im Alexey collected $41.50 from pot
*** SUMMARY ***
Total pot $42 | Rake $0.50
Board [8h Jc 5d 8d 9s]
Seat 5: NAZKAR62 (big blind) mucked
Seat 6: Hi Im Alexey (button) (small blind) showed [Qd Th] and won ($41.50) with a straight, Eight to Queen


PokerStars Hand #151592018078:  Hold'em Limit ($3/$6 USD) - 2016/04/07 20:08:12 ET
Table 'Horemheb' 6-max Seat #5 is the button
Seat 5: NAZKAR62 ($572.18 in chips)
Seat 6: Hi Im Alexey ($94.76 in chips)
NAZKAR62: posts small blind $1
Hi Im Alexey: posts big blind $3
*** HOLE CARDS ***
NAZKAR62: raises $3 to $6
Hi Im Alexey: folds
Uncalled bet ($3) returned to NAZKAR62
NAZKAR62 collected $6 from pot
NAZKAR62: doesn't show hand
*** SUMMARY ***
Total pot $6 | Rake $0
Seat 5: NAZKAR62 (button) (small blind) collected ($6)
Seat 6: Hi Im Alexey (big blind) folded before Flop


PokerStars Hand #151592005652:  Hold'em Limit ($3/$6 USD) - 2016/04/07 20:07:48 ET
Table 'Horemheb' 6-max Seat #6 is the button
Seat 5: NAZKAR62 ($563.54 in chips)
Seat 6: Hi Im Alexey ($103.76 in chips)
Hi Im Alexey: posts small blind $1
NAZKAR62: posts big blind $3
*** HOLE CARDS ***
Hi Im Alexey: raises $3 to $6
NAZKAR62: calls $3
*** FLOP *** [4h 3d 6h]
NAZKAR62: checks
Hi Im Alexey: bets $3
NAZKAR62: calls $3
*** TURN *** [4h 3d 6h] [Kd]
NAZKAR62: checks
Hi Im Alexey: checks
*** RIVER *** [4h 3d 6h Kd] [8s]
NAZKAR62: bets $6
Hi Im Alexey: folds
Uncalled bet ($6) returned to NAZKAR62
NAZKAR62 collected $17.64 from pot
NAZKAR62: doesn't show hand
*** SUMMARY ***
Total pot $18 | Rake $0.36
Board [4h 3d 6h Kd 8s]
Seat 5: NAZKAR62 (big blind) collected ($17.64)
Seat 6: Hi Im Alexey (button) (small blind) folded on the River


PokerStars Hand #151592021582:  Hold'em Limit ($3/$6 USD) - 2016/04/07 20:08:19 ET
Table 'Horemheb' 6-max Seat #6 is the button
Seat 5: NAZKAR62 ($575.18 in chips)
Seat 6: Hi Im Alexey ($91.76 in chips)
Hi Im Alexey: posts small blind $1
NAZKAR62: posts big blind $3
*** HOLE CARDS ***
Hi Im Alexey: raises $3 to $6
NAZKAR62: calls $3
*** FLOP *** [Jh Qc 6h]
NAZKAR62: checks
Hi Im Alexey: bets $3
NAZKAR62: calls $3
*** TURN *** [Jh Qc 6h] [3h]
NAZKAR62: checks
Hi Im Alexey: bets $6
NAZKAR62: calls $6
*** RIVER *** [Jh Qc 6h 3h] [9c]
NAZKAR62: checks
Hi Im Alexey: bets $6
NAZKAR62: calls $6
*** SHOW DOWN ***
Hi Im Alexey: shows [3d Qs] (two pair, Queens and Threes)
NAZKAR62: mucks hand
Hi Im Alexey collected $41.50 from pot
*** SUMMARY ***
Total pot $42 | Rake $0.50
Board [Jh Qc 6h 3h 9c]
Seat 5: NAZKAR62 (big blind) mucked
Seat 6: Hi Im Alexey (button) (small blind) showed [3d Qs] and won ($41.50) with two pair, Queens and Threes


PokerStars Hand #151592038222:  Hold'em Limit ($3/$6 USD) - 2016/04/07 20:08:52 ET
Table 'Horemheb' 6-max Seat #6 is the button
Seat 5: NAZKAR62 ($553.18 in chips)
Seat 6: Hi Im Alexey ($113.26 in chips)
Hi Im Alexey: posts small blind $1
NAZKAR62: posts big blind $3
*** HOLE CARDS ***
Hi Im Alexey: raises $3 to $6
NAZKAR62: calls $3
*** FLOP *** [5c Qs Qd]
NAZKAR62: checks
Hi Im Alexey: bets $3
NAZKAR62: calls $3
*** TURN *** [5c Qs Qd] [2h]
NAZKAR62: checks
Hi Im Alexey: bets $6
NAZKAR62: folds
Uncalled bet ($6) returned to Hi Im Alexey
Hi Im Alexey collected $17.64 from pot
*** SUMMARY ***
Total pot $18 | Rake $0.36
Board [5c Qs Qd 2h]
Seat 5: NAZKAR62 (big blind) folded on the Turn
Seat 6: Hi Im Alexey (button) (small blind) collected ($17.64)


PokerStars Hand #151592035415:  Hold'em Limit ($3/$6 USD) - 2016/04/07 20:08:46 ET
Table 'Horemheb' 6-max Seat #5 is the button
Seat 5: NAZKAR62 ($554.18 in chips)
Seat 6: Hi Im Alexey ($112.26 in chips)
NAZKAR62: posts small blind $1
Hi Im Alexey: posts big blind $3
*** HOLE CARDS ***
NAZKAR62: folds
Uncalled bet ($2) returned to Hi Im Alexey
Hi Im Alexey collected $2 from pot
*** SUMMARY ***
Total pot $2 | Rake $0
Seat 5: NAZKAR62 (button) (small blind) folded before Flop
Seat 6: Hi Im Alexey (big blind) collected ($2)


PokerStars Hand #151592051489:  Hold'em Limit ($3/$6 USD) - 2016/04/07 20:09:18 ET
Table 'Horemheb' 6-max Seat #5 is the button
Seat 5: NAZKAR62 ($544.18 in chips)
Seat 6: Hi Im Alexey ($121.90 in chips)
NAZKAR62: posts small blind $1
Hi Im Alexey: posts big blind $3
*** HOLE CARDS ***
NAZKAR62: calls $2
Hi Im Alexey: checks
*** FLOP *** [7c 5h 3d]
Hi Im Alexey: bets $3
NAZKAR62: calls $3
*** TURN *** [7c 5h 3d] [Kd]
Hi Im Alexey: checks
NAZKAR62: checks
*** RIVER *** [7c 5h 3d Kd] [4h]
Hi Im Alexey: checks
NAZKAR62: bets $6
Hi Im Alexey: folds
Uncalled bet ($6) returned to NAZKAR62
NAZKAR62 collected $11.76 from pot
NAZKAR62: doesn't show hand
*** SUMMARY ***
Total pot $12 | Rake $0.24
Board [7c 5h 3d Kd 4h]
Seat 5: NAZKAR62 (button) (small blind) collected ($11.76)
Seat 6: Hi Im Alexey (big blind) folded on the River


PokerStars Hand #151592084948:  Hold'em Limit ($3/$6 USD) - 2016/04/07 20:10:19 ET
Table 'Horemheb' 6-max Seat #6 is the button
Seat 5: NAZKAR62 ($525.94 in chips)
Seat 6: Hi Im Alexey ($139.16 in chips)
Hi Im Alexey: posts small blind $1
NAZKAR62: posts big blind $3
*** HOLE CARDS ***
Hi Im Alexey: raises $3 to $6
NAZKAR62: calls $3
*** FLOP *** [4d 9c Ts]
NAZKAR62: checks
Hi Im Alexey: bets $3
NAZKAR62: calls $3
*** TURN *** [4d 9c Ts] [3d]
NAZKAR62: checks
Hi Im Alexey: bets $6
NAZKAR62: folds
Uncalled bet ($6) returned to Hi Im Alexey
Hi Im Alexey collected $17.64 from pot
*** SUMMARY ***
Total pot $18 | Rake $0.36
Board [4d 9c Ts 3d]
Seat 5: NAZKAR62 (big blind) folded on the Turn
Seat 6: Hi Im Alexey (button) (small blind) collected ($17.64)


PokerStars Hand #151592061887:  Hold'em Limit ($3/$6 USD) - 2016/04/07 20:09:38 ET
Table 'Horemheb' 6-max Seat #6 is the button
Seat 5: NAZKAR62 ($549.94 in chips)
Seat 6: Hi Im Alexey ($115.90 in chips)
Hi Im Alexey: posts small blind $1
NAZKAR62: posts big blind $3
*** HOLE CARDS ***
Hi Im Alexey: raises $3 to $6
NAZKAR62: calls $3
*** FLOP *** [7h 2s Ad]
NAZKAR62: checks
Hi Im Alexey: bets $3
NAZKAR62: folds
Uncalled bet ($3) returned to Hi Im Alexey
Hi Im Alexey collected $11.76 from pot
*** SUMMARY ***
Total pot $12 | Rake $0.24
Board [7h 2s Ad]
Seat 5: NAZKAR62 (big blind) folded on the Flop
Seat 6: Hi Im Alexey (button) (small blind) collected ($11.76)


PokerStars Hand #151592069157:  Hold'em Limit ($3/$6 USD) - 2016/04/07 20:09:51 ET
Table 'Horemheb' 6-max Seat #5 is the button
Seat 5: NAZKAR62 ($543.94 in chips)
Seat 6: Hi Im Alexey ($121.66 in chips)
NAZKAR62: posts small blind $1
Hi Im Alexey: posts big blind $3
*** HOLE CARDS ***
NAZKAR62: raises $3 to $6
Hi Im Alexey: raises $3 to $9
NAZKAR62: calls $3
*** FLOP *** [4c 6s Jh]
Hi Im Alexey: bets $3
NAZKAR62: calls $3
*** TURN *** [4c 6s Jh] [4h]
Hi Im Alexey: bets $6
NAZKAR62: calls $6
*** RIVER *** [4c 6s Jh 4h] [7c]
Hi Im Alexey: bets $6
NAZKAR62: folds
Uncalled bet ($6) returned to Hi Im Alexey
Hi Im Alexey collected $35.50 from pot
*** SUMMARY ***
Total pot $36 | Rake $0.50
Board [4c 6s Jh 4h 7c]
Seat 5: NAZKAR62 (button) (small blind) folded on the River
Seat 6: Hi Im Alexey (big blind) collected ($35.50)


PokerStars Hand #151592095318:  Hold'em Limit ($3/$6 USD) - 2016/04/07 20:10:39 ET
Table 'Horemheb' 6-max Seat #5 is the button
Seat 5: NAZKAR62 ($516.94 in chips)
Seat 6: Hi Im Alexey ($147.80 in chips)
NAZKAR62: posts small blind $1
Hi Im Alexey: posts big blind $3
*** HOLE CARDS ***
NAZKAR62: raises $3 to $6
Hi Im Alexey: calls $3
*** FLOP *** [6s 7c 5d]
Hi Im Alexey: checks
NAZKAR62: bets $3
Hi Im Alexey: calls $3
*** TURN *** [6s 7c 5d] [6c]
GoliafUa leaves the table
Hi Im Alexey: checks
NAZKAR62: bets $6
Hi Im Alexey: calls $6
*** RIVER *** [6s 7c 5d 6c] [6d]
Hi Im Alexey: checks
NAZKAR62: checks
*** SHOW DOWN ***
Hi Im Alexey: shows [9d Ac] (three of a kind, Sixes)
NAZKAR62: shows [9s 8s] (a straight, Five to Nine)
NAZKAR62 collected $29.50 from pot
*** SUMMARY ***
Total pot $30 | Rake $0.50
Board [6s 7c 5d 6c 6d]
Seat 5: NAZKAR62 (button) (small blind) showed [9s 8s] and won ($29.50) with a straight, Five to Nine
Seat 6: Hi Im Alexey (big blind) showed [9d Ac] and lost with three of a kind, Sixes


PokerStars Hand #151592141964:  Hold'em Limit ($3/$6 USD) - 2016/04/07 20:12:14 ET
Table 'Horemheb' 6-max Seat #5 is the button
Seat 5: NAZKAR62 ($524.94 in chips)
Seat 6: Hi Im Alexey ($138.06 in chips)
NAZKAR62: posts small blind $1
Hi Im Alexey: posts big blind $3
*** HOLE CARDS ***
NAZKAR62: raises $3 to $6
Hi Im Alexey: calls $3
*** FLOP *** [4h 9d As]
Hi Im Alexey: checks
NAZKAR62: bets $3
Hi Im Alexey: calls $3
*** TURN *** [4h 9d As] [5d]
Hi Im Alexey: checks
NAZKAR62: bets $6
Hi Im Alexey: calls $6
*** RIVER *** [4h 9d As 5d] [3d]
Hi Im Alexey: checks
NAZKAR62: checks
*** SHOW DOWN ***
Hi Im Alexey: shows [9c 7c] (a pair of Nines)
NAZKAR62: mucks hand
Hi Im Alexey collected $29.50 from pot
*** SUMMARY ***
Total pot $30 | Rake $0.50
Board [4h 9d As 5d 3d]
Seat 5: NAZKAR62 (button) (small blind) mucked
Seat 6: Hi Im Alexey (big blind) showed [9c 7c] and won ($29.50) with a pair of Nines


PokerStars Hand #151592117006:  Hold'em Limit ($3/$6 USD) - 2016/04/07 20:11:23 ET
Table 'Horemheb' 6-max Seat #5 is the button
Seat 5: NAZKAR62 ($525.44 in chips)
Seat 6: Hi Im Alexey ($138.56 in chips)
NAZKAR62: posts small blind $1
Hi Im Alexey: posts big blind $3
*** HOLE CARDS ***
NAZKAR62: raises $3 to $6
Hi Im Alexey: calls $3
*** FLOP *** [9s 3c 6h]
Hi Im Alexey: checks
NAZKAR62: bets $3
Hi Im Alexey: raises $3 to $6
NAZKAR62: calls $3
*** TURN *** [9s 3c 6h] [2s]
Hi Im Alexey: bets $6
NAZKAR62: calls $6
*** RIVER *** [9s 3c 6h 2s] [6c]
Hi Im Alexey: bets $6
NAZKAR62: folds
Uncalled bet ($6) returned to Hi Im Alexey
Hi Im Alexey collected $35.50 from pot
*** SUMMARY ***
Total pot $36 | Rake $0.50
Board [9s 3c 6h 2s 6c]
Seat 5: NAZKAR62 (button) (small blind) folded on the River
Seat 6: Hi Im Alexey (big blind) collected ($35.50)


PokerStars Hand #151592131648:  Hold'em Limit ($3/$6 USD) - 2016/04/07 20:11:53 ET
Table 'Horemheb' 6-max Seat #6 is the button
Seat 5: NAZKAR62 ($507.44 in chips)
Seat 6: Hi Im Alexey ($156.06 in chips)
Hi Im Alexey: posts small blind $1
NAZKAR62: posts big blind $3
*** HOLE CARDS ***
Hi Im Alexey: raises $3 to $6
NAZKAR62: calls $3
*** FLOP *** [7d 4h 9d]
NAZKAR62: checks
Hi Im Alexey: checks
*** TURN *** [7d 4h 9d] [2c]
NAZKAR62: bets $6
Hi Im Alexey: calls $6
*** RIVER *** [7d 4h 9d 2c] [5d]
NAZKAR62: bets $6
Hi Im Alexey: calls $6
*** SHOW DOWN ***
NAZKAR62: shows [4c Qh] (a pair of Fours)
Hi Im Alexey: mucks hand
NAZKAR62 collected $35.50 from pot
*** SUMMARY ***
Total pot $36 | Rake $0.50
Board [7d 4h 9d 2c 5d]
Seat 5: NAZKAR62 (big blind) showed [4c Qh] and won ($35.50) with a pair of Fours
Seat 6: Hi Im Alexey (button) (small blind) mucked


PokerStars Hand #151592153036:  Hold'em Limit ($3/$6 USD) - 2016/04/07 20:12:38 ET
Table 'Horemheb' 6-max Seat #6 is the button
Seat 5: NAZKAR62 ($509.94 in chips)
Seat 6: Hi Im Alexey ($152.56 in chips)
Hi Im Alexey: posts small blind $1
NAZKAR62: posts big blind $3
*** HOLE CARDS ***
Hi Im Alexey: folds
Uncalled bet ($2) returned to NAZKAR62
NAZKAR62 collected $2 from pot
NAZKAR62: doesn't show hand
*** SUMMARY ***
Total pot $2 | Rake $0
Seat 5: NAZKAR62 (big blind) collected ($2)
Seat 6: Hi Im Alexey (button) (small blind) folded before Flop


PokerStars Hand #151592155531:  Hold'em Limit ($3/$6 USD) - 2016/04/07 20:12:44 ET
Table 'Horemheb' 6-max Seat #5 is the button
Seat 5: NAZKAR62 ($510.94 in chips)
Seat 6: Hi Im Alexey ($151.56 in chips)
NAZKAR62: posts small blind $1
Hi Im Alexey: posts big blind $3
*** HOLE CARDS ***
NAZKAR62: raises $3 to $6
TheU10 leaves the table
Hi Im Alexey: calls $3
*** FLOP *** [Jc 5d Qd]
Hi Im Alexey: checks
NAZKAR62: bets $3
Hi Im Alexey: raises $3 to $6
NAZKAR62: calls $3
*** TURN *** [Jc 5d Qd] [7h]
Hi Im Alexey: bets $6
NAZKAR62: calls $6
*** RIVER *** [Jc 5d Qd 7h] [Qc]
Hi Im Alexey: bets $6
NAZKAR62: calls $6
*** SHOW DOWN ***
Hi Im Alexey: shows [Qh 5c] (a full house, Queens full of Fives)
NAZKAR62: mucks hand
Hi Im Alexey collected $47.50 from pot
*** SUMMARY ***
Total pot $48 | Rake $0.50
Board [Jc 5d Qd 7h Qc]
Seat 5: NAZKAR62 (button) (small blind) mucked
Seat 6: Hi Im Alexey (big blind) showed [Qh 5c] and won ($47.50) with a full house, Queens full of Fives


PokerStars Hand #151592174249:  Hold'em Limit ($3/$6 USD) - 2016/04/07 20:13:25 ET
Table 'Horemheb' 6-max Seat #6 is the button
Seat 5: NAZKAR62 ($486.94 in chips)
Seat 6: Hi Im Alexey ($175.06 in chips)
Hi Im Alexey: posts small blind $1
NAZKAR62: posts big blind $3
*** HOLE CARDS ***
Hi Im Alexey: raises $3 to $6
NAZKAR62: calls $3
*** FLOP *** [Qd Tc 7d]
NAZKAR62: checks
Hi Im Alexey: bets $3
NAZKAR62: raises $3 to $6
Hi Im Alexey: calls $3
*** TURN *** [Qd Tc 7d] [6h]
NAZKAR62: bets $6
Hi Im Alexey: raises $6 to $12
NAZKAR62: calls $6
*** RIVER *** [Qd Tc 7d 6h] [3d]
NAZKAR62: checks
Hi Im Alexey: checks
*** SHOW DOWN ***
NAZKAR62: shows [9c Jd] (high card Queen)
Hi Im Alexey: shows [Qh 7s] (two pair, Queens and Sevens)
Hi Im Alexey collected $47.50 from pot
*** SUMMARY ***
Total pot $48 | Rake $0.50
Board [Qd Tc 7d 6h 3d]
Seat 5: NAZKAR62 (big blind) showed [9c Jd] and lost with high card Queen
Seat 6: Hi Im Alexey (button) (small blind) showed [Qh 7s] and won ($47.50) with two pair, Queens and Sevens


PokerStars Hand #151592188493:  Hold'em Limit ($3/$6 USD) - 2016/04/07 20:13:58 ET
Table 'Horemheb' 6-max Seat #5 is the button
Seat 5: NAZKAR62 ($462.94 in chips)
Seat 6: Hi Im Alexey ($198.56 in chips)
NAZKAR62: posts small blind $1
Hi Im Alexey: posts big blind $3
*** HOLE CARDS ***
NAZKAR62: raises $3 to $6
Hi Im Alexey: calls $3
*** FLOP *** [9h 2s 4d]
Hi Im Alexey: checks
NAZKAR62: bets $3
Hi Im Alexey: calls $3
*** TURN *** [9h 2s 4d] [Qs]
Hi Im Alexey: checks
NAZKAR62: bets $6
Hi Im Alexey: folds
Uncalled bet ($6) returned to NAZKAR62
NAZKAR62 collected $17.64 from pot
NAZKAR62: doesn't show hand
*** SUMMARY ***
Total pot $18 | Rake $0.36
Board [9h 2s 4d Qs]
Seat 5: NAZKAR62 (button) (small blind) collected ($17.64)
Seat 6: Hi Im Alexey (big blind) folded on the Turn


PokerStars Hand #151592196570:  Hold'em Limit ($3/$6 USD) - 2016/04/07 20:14:17 ET
Table 'Horemheb' 6-max Seat #6 is the button
Seat 5: NAZKAR62 ($471.58 in chips)
Seat 6: Hi Im Alexey ($189.56 in chips)
Hi Im Alexey: posts small blind $1
NAZKAR62: posts big blind $3
*** HOLE CARDS ***
Hi Im Alexey: raises $3 to $6
NAZKAR62: calls $3
*** FLOP *** [Ad Ac Tc]
NAZKAR62: checks
Hi Im Alexey: bets $3
NAZKAR62: folds
Uncalled bet ($3) returned to Hi Im Alexey
Hi Im Alexey collected $11.76 from pot
*** SUMMARY ***
Total pot $12 | Rake $0.24
Board [Ad Ac Tc]
Seat 5: NAZKAR62 (big blind) folded on the Flop
Seat 6: Hi Im Alexey (button) (small blind) collected ($11.76)


