PokerStars Hand #151591468687:  Hold'em Limit ($3/$6 USD) - 2016/04/07 19:50:14 ET
Table 'Horemheb' 6-max Seat #5 is the button
Seat 1: GoliafUa ($128.64 in chips)
Seat 5: NAZKAR62 ($495.10 in chips)
NAZKAR62: posts small blind $1
GoliafUa: posts big blind $3
*** HOLE CARDS ***
NAZKAR62: raises $3 to $6
GoliafUa: raises $3 to $9
NAZKAR62: calls $3
*** FLOP *** [Qd Qh Ad]
GoliafUa: bets $3
Hi Im Alexey joins the table at seat #6
NAZKAR62: calls $3
*** TURN *** [Qd Qh Ad] [Jd]
GoliafUa: bets $6
NAZKAR62: folds
Uncalled bet ($6) returned to GoliafUa
GoliafUa collected $23.52 from pot
*** SUMMARY ***
Total pot $24 | Rake $0.48
Board [Qd Qh Ad Jd]
Seat 1: GoliafUa (big blind) collected ($23.52)
Seat 5: NAZKAR62 (button) (small blind) folded on the Turn


PokerStars Hand #151591455523:  Hold'em Limit ($3/$6 USD) - 2016/04/07 19:49:51 ET
Table 'Horemheb' 6-max Seat #1 is the button
Seat 1: GoliafUa ($120 in chips)
Seat 5: NAZKAR62 ($504.10 in chips)
GoliafUa: posts small blind $1
NAZKAR62: posts big blind $3
*** HOLE CARDS ***
GoliafUa: raises $3 to $6
NAZKAR62: calls $3
*** FLOP *** [7h 7d 2h]
NAZKAR62: checks
GoliafUa: bets $3
NAZKAR62: calls $3
*** TURN *** [7h 7d 2h] [Ad]
NAZKAR62: checks
GoliafUa: bets $6
NAZKAR62: folds
Uncalled bet ($6) returned to GoliafUa
GoliafUa collected $17.64 from pot
*** SUMMARY ***
Total pot $18 | Rake $0.36
Board [7h 7d 2h Ad]
Seat 1: GoliafUa (button) (small blind) collected ($17.64)
Seat 5: NAZKAR62 (big blind) folded on the Turn


PokerStars Hand #151591493464:  Hold'em Limit ($3/$6 USD) - 2016/04/07 19:50:59 ET
Table 'Horemheb' 6-max Seat #5 is the button
Seat 5: NAZKAR62 ($462.10 in chips)
Seat 6: Hi Im Alexey ($72 in chips)
NAZKAR62: posts small blind $1
Hi Im Alexey: posts big blind $3
*** HOLE CARDS ***
NAZKAR62: folds
Uncalled bet ($2) returned to Hi Im Alexey
Hi Im Alexey collected $2 from pot
*** SUMMARY ***
Total pot $2 | Rake $0
Seat 5: NAZKAR62 (button) (small blind) folded before Flop
Seat 6: Hi Im Alexey (big blind) collected ($2)


PokerStars Hand #151591480401:  Hold'em Limit ($3/$6 USD) - 2016/04/07 19:50:36 ET
Table 'Horemheb' 6-max Seat #1 is the button
Seat 1: GoliafUa ($140.16 in chips)
Seat 5: NAZKAR62 ($483.10 in chips)
GoliafUa: posts small blind $1
NAZKAR62: posts big blind $3
*** HOLE CARDS ***
GoliafUa: raises $3 to $6
NAZKAR62: calls $3
*** FLOP *** [Qh Td 2h]
NAZKAR62: checks
GoliafUa: bets $3
NAZKAR62: calls $3
*** TURN *** [Qh Td 2h] [4s]
NAZKAR62: checks
GoliafUa: bets $6
NAZKAR62: calls $6
*** RIVER *** [Qh Td 2h 4s] [Tc]
NAZKAR62: checks
GoliafUa: bets $6
NAZKAR62: calls $6
*** SHOW DOWN ***
GoliafUa: shows [7d 4d] (two pair, Tens and Fours)
NAZKAR62: mucks hand
GoliafUa collected $41.50 from pot
*** SUMMARY ***
Total pot $42 | Rake $0.50
Board [Qh Td 2h 4s Tc]
Seat 1: GoliafUa (button) (small blind) showed [7d 4d] and won ($41.50) with two pair, Tens and Fours
Seat 5: NAZKAR62 (big blind) mucked


PokerStars Hand #151591531984:  Hold'em Limit ($3/$6 USD) - 2016/04/07 19:52:09 ET
Table 'Horemheb' 6-max Seat #6 is the button
Seat 5: NAZKAR62 ($484.60 in chips)
Seat 6: Hi Im Alexey ($86.50 in chips)
Hi Im Alexey: posts small blind $1
NAZKAR62: posts big blind $3
*** HOLE CARDS ***
Hi Im Alexey: raises $3 to $6
NAZKAR62: calls $3
*** FLOP *** [Th Jc 2s]
NAZKAR62: checks
Hi Im Alexey: bets $3
NAZKAR62: folds
Uncalled bet ($3) returned to Hi Im Alexey
Hi Im Alexey collected $11.76 from pot
*** SUMMARY ***
Total pot $12 | Rake $0.24
Board [Th Jc 2s]
Seat 5: NAZKAR62 (big blind) folded on the Flop
Seat 6: Hi Im Alexey (button) (small blind) collected ($11.76)


PokerStars Hand #151591519872:  Hold'em Limit ($3/$6 USD) - 2016/04/07 19:51:47 ET
Table 'Horemheb' 6-max Seat #5 is the button
Seat 5: NAZKAR62 ($499.60 in chips)
Seat 6: Hi Im Alexey ($72 in chips)
NAZKAR62: posts small blind $1
Hi Im Alexey: posts big blind $3
*** HOLE CARDS ***
NAZKAR62: raises $3 to $6
Hi Im Alexey: calls $3
*** FLOP *** [3s Ac 5d]
Hi Im Alexey: checks
NAZKAR62: bets $3
Hi Im Alexey: calls $3
*** TURN *** [3s Ac 5d] [2c]
Hi Im Alexey: checks
NAZKAR62: checks
*** RIVER *** [3s Ac 5d 2c] [Tc]
Hi Im Alexey: checks
NAZKAR62: bets $6
Hi Im Alexey: calls $6
*** SHOW DOWN ***
NAZKAR62: shows [8s 9s] (high card Ace)
Hi Im Alexey: shows [Jh 3h] (a pair of Threes)
Hi Im Alexey collected $29.50 from pot
*** SUMMARY ***
Total pot $30 | Rake $0.50
Board [3s Ac 5d 2c Tc]
Seat 5: NAZKAR62 (button) (small blind) showed [8s 9s] and lost with high card Ace
Seat 6: Hi Im Alexey (big blind) showed [Jh 3h] and won ($29.50) with a pair of Threes


PokerStars Hand #151591496699:  Hold'em Limit ($3/$6 USD) - 2016/04/07 19:51:05 ET
Table 'Horemheb' 6-max Seat #6 is the button
Seat 5: NAZKAR62 ($461.10 in chips)
Seat 6: Hi Im Alexey ($73 in chips)
Hi Im Alexey: posts small blind $1
NAZKAR62: posts big blind $3
*** HOLE CARDS ***
Hi Im Alexey: raises $3 to $6
NAZKAR62: calls $3
*** FLOP *** [8h Qh Tc]
NAZKAR62: checks
Hi Im Alexey: bets $3
NAZKAR62: calls $3
*** TURN *** [8h Qh Tc] [2h]
NAZKAR62: checks
Hi Im Alexey: bets $6
NAZKAR62: raises $6 to $12
Hi Im Alexey: raises $6 to $18
NAZKAR62: calls $6
*** RIVER *** [8h Qh Tc 2h] [Qc]
NAZKAR62: bets $6
Hi Im Alexey: raises $6 to $12
NAZKAR62: calls $6
*** SHOW DOWN ***
Hi Im Alexey: shows [5h Th] (a flush, Queen high)
NAZKAR62: shows [8s 8c] (a full house, Eights full of Queens)
NAZKAR62 collected $77.50 from pot
*** SUMMARY ***
Total pot $78 | Rake $0.50
Board [8h Qh Tc 2h Qc]
Seat 5: NAZKAR62 (big blind) showed [8s 8c] and won ($77.50) with a full house, Eights full of Queens
Seat 6: Hi Im Alexey (button) (small blind) showed [5h Th] and lost with a flush, Queen high


PokerStars Hand #151591556173:  Hold'em Limit ($3/$6 USD) - 2016/04/07 19:52:53 ET
Table 'Horemheb' 6-max Seat #5 is the button
Seat 5: NAZKAR62 ($506.10 in chips)
Seat 6: Hi Im Alexey ($72 in chips)
NAZKAR62: posts small blind $1
Hi Im Alexey: posts big blind $3
*** HOLE CARDS ***
NAZKAR62: calls $2
Hi Im Alexey: raises $3 to $6
NAZKAR62: calls $3
*** FLOP *** [4d Ac 8h]
Hi Im Alexey: bets $3
NAZKAR62: folds
Uncalled bet ($3) returned to Hi Im Alexey
Hi Im Alexey collected $11.76 from pot
*** SUMMARY ***
Total pot $12 | Rake $0.24
Board [4d Ac 8h]
Seat 5: NAZKAR62 (button) (small blind) folded on the Flop
Seat 6: Hi Im Alexey (big blind) collected ($11.76)


PokerStars Hand #151591552063:  Hold'em Limit ($3/$6 USD) - 2016/04/07 19:52:45 ET
Table 'Horemheb' 6-max Seat #6 is the button
Seat 5: NAZKAR62 ($505.10 in chips)
Seat 6: Hi Im Alexey ($72 in chips)
Hi Im Alexey: posts small blind $1
NAZKAR62: posts big blind $3
*** HOLE CARDS ***
Hi Im Alexey: folds
Uncalled bet ($2) returned to NAZKAR62
NAZKAR62 collected $2 from pot
NAZKAR62: doesn't show hand
*** SUMMARY ***
Total pot $2 | Rake $0
Seat 5: NAZKAR62 (big blind) collected ($2)
Seat 6: Hi Im Alexey (button) (small blind) folded before Flop


PokerStars Hand #151591539241:  Hold'em Limit ($3/$6 USD) - 2016/04/07 19:52:22 ET
Table 'Horemheb' 6-max Seat #5 is the button
Seat 5: NAZKAR62 ($478.60 in chips)
Seat 6: Hi Im Alexey ($92.26 in chips)
NAZKAR62: posts small blind $1
Hi Im Alexey: posts big blind $3
*** HOLE CARDS ***
NAZKAR62: calls $2
Hi Im Alexey: raises $3 to $6
NAZKAR62: calls $3
*** FLOP *** [6d Ah 3h]
Hi Im Alexey: bets $3
NAZKAR62: calls $3
*** TURN *** [6d Ah 3h] [5d]
Hi Im Alexey: bets $6
NAZKAR62: raises $6 to $12
Hi Im Alexey: calls $6
*** RIVER *** [6d Ah 3h 5d] [Td]
Hi Im Alexey: checks
NAZKAR62: bets $6
Hi Im Alexey: calls $6
*** SHOW DOWN ***
NAZKAR62: shows [5s 3c] (two pair, Fives and Threes)
Hi Im Alexey: mucks hand
NAZKAR62 collected $53.50 from pot
*** SUMMARY ***
Total pot $54 | Rake $0.50
Board [6d Ah 3h 5d Td]
Seat 5: NAZKAR62 (button) (small blind) showed [5s 3c] and won ($53.50) with two pair, Fives and Threes
Seat 6: Hi Im Alexey (big blind) mucked


PokerStars Hand #151591586480:  Hold'em Limit ($3/$6 USD) - 2016/04/07 19:53:48 ET
Table 'Horemheb' 6-max Seat #6 is the button
Seat 5: NAZKAR62 ($496.10 in chips)
Seat 6: Hi Im Alexey ($81.76 in chips)
Hi Im Alexey: posts small blind $1
NAZKAR62: posts big blind $3
*** HOLE CARDS ***
Hi Im Alexey: raises $3 to $6
NAZKAR62: calls $3
*** FLOP *** [5h 9c 9d]
NAZKAR62: bets $3
Hi Im Alexey: calls $3
*** TURN *** [5h 9c 9d] [Tc]
NAZKAR62: checks
Hi Im Alexey: checks
*** RIVER *** [5h 9c 9d Tc] [8s]
NAZKAR62: bets $6
Hi Im Alexey: calls $6
*** SHOW DOWN ***
NAZKAR62: shows [2d Ac] (a pair of Nines)
Hi Im Alexey: shows [As 8h] (two pair, Nines and Eights)
Hi Im Alexey collected $29.50 from pot
*** SUMMARY ***
Total pot $30 | Rake $0.50
Board [5h 9c 9d Tc 8s]
Seat 5: NAZKAR62 (big blind) showed [2d Ac] and lost with a pair of Nines
Seat 6: Hi Im Alexey (button) (small blind) showed [As 8h] and won ($29.50) with two pair, Nines and Eights


PokerStars Hand #151591583210:  Hold'em Limit ($3/$6 USD) - 2016/04/07 19:53:42 ET
Table 'Horemheb' 6-max Seat #5 is the button
Seat 5: NAZKAR62 ($497.10 in chips)
Seat 6: Hi Im Alexey ($80.76 in chips)
NAZKAR62: posts small blind $1
Hi Im Alexey: posts big blind $3
*** HOLE CARDS ***
NAZKAR62: folds
Uncalled bet ($2) returned to Hi Im Alexey
Hi Im Alexey collected $2 from pot
*** SUMMARY ***
Total pot $2 | Rake $0
Seat 5: NAZKAR62 (button) (small blind) folded before Flop
Seat 6: Hi Im Alexey (big blind) collected ($2)


PokerStars Hand #151591575914:  Hold'em Limit ($3/$6 USD) - 2016/04/07 19:53:28 ET
Table 'Horemheb' 6-max Seat #6 is the button
Seat 5: NAZKAR62 ($500.10 in chips)
Seat 6: Hi Im Alexey ($77.76 in chips)
Hi Im Alexey: posts small blind $1
NAZKAR62: posts big blind $3
*** HOLE CARDS ***
Hi Im Alexey: raises $3 to $6
NAZKAR62: folds
Uncalled bet ($3) returned to Hi Im Alexey
Hi Im Alexey collected $6 from pot
*** SUMMARY ***
Total pot $6 | Rake $0
Seat 5: NAZKAR62 (big blind) folded before Flop
Seat 6: Hi Im Alexey (button) (small blind) collected ($6)


PokerStars Hand #151591599694:  Hold'em Limit ($3/$6 USD) - 2016/04/07 19:54:12 ET
Table 'Horemheb' 6-max Seat #5 is the button
Seat 5: NAZKAR62 ($481.10 in chips)
Seat 6: Hi Im Alexey ($96.26 in chips)
NAZKAR62: posts small blind $1
Hi Im Alexey: posts big blind $3
*** HOLE CARDS ***
NAZKAR62: raises $3 to $6
Hi Im Alexey: raises $3 to $9
NAZKAR62: calls $3
*** FLOP *** [Ts 2s 3h]
Hi Im Alexey: bets $3
NAZKAR62: calls $3
*** TURN *** [Ts 2s 3h] [4c]
Hi Im Alexey: bets $6
NAZKAR62: raises $6 to $12
Hi Im Alexey: folds
Uncalled bet ($6) returned to NAZKAR62
NAZKAR62 collected $35.50 from pot
NAZKAR62: doesn't show hand
*** SUMMARY ***
Total pot $36 | Rake $0.50
Board [Ts 2s 3h 4c]
Seat 5: NAZKAR62 (button) (small blind) collected ($35.50)
Seat 6: Hi Im Alexey (big blind) folded on the Turn


PokerStars Hand #151591624345:  Hold'em Limit ($3/$6 USD) - 2016/04/07 19:54:57 ET
Table 'Horemheb' 6-max Seat #5 is the button
Seat 5: NAZKAR62 ($519.10 in chips)
Seat 6: Hi Im Alexey ($72 in chips)
NAZKAR62: posts small blind $1
Hi Im Alexey: posts big blind $3
*** HOLE CARDS ***
NAZKAR62: folds
Uncalled bet ($2) returned to Hi Im Alexey
Hi Im Alexey collected $2 from pot
*** SUMMARY ***
Total pot $2 | Rake $0
Seat 5: NAZKAR62 (button) (small blind) folded before Flop
Seat 6: Hi Im Alexey (big blind) collected ($2)


PokerStars Hand #151591610825:  Hold'em Limit ($3/$6 USD) - 2016/04/07 19:54:33 ET
Table 'Horemheb' 6-max Seat #6 is the button
Seat 5: NAZKAR62 ($498.60 in chips)
Seat 6: Hi Im Alexey ($78.26 in chips)
Hi Im Alexey: posts small blind $1
NAZKAR62: posts big blind $3
*** HOLE CARDS ***
Hi Im Alexey: raises $3 to $6
NAZKAR62: calls $3
*** FLOP *** [Js 5c 3c]
NAZKAR62: checks
Hi Im Alexey: bets $3
NAZKAR62: calls $3
*** TURN *** [Js 5c 3c] [6h]
NAZKAR62: checks
Hi Im Alexey: checks
*** RIVER *** [Js 5c 3c 6h] [2h]
NAZKAR62: bets $6
Hi Im Alexey: raises $6 to $12
NAZKAR62: raises $6 to $18
Hi Im Alexey: folds
Uncalled bet ($6) returned to NAZKAR62
NAZKAR62 collected $41.50 from pot
NAZKAR62: doesn't show hand
*** SUMMARY ***
Total pot $42 | Rake $0.50
Board [Js 5c 3c 6h 2h]
Seat 5: NAZKAR62 (big blind) collected ($41.50)
Seat 6: Hi Im Alexey (button) (small blind) folded on the River


PokerStars Hand #151591627194:  Hold'em Limit ($3/$6 USD) - 2016/04/07 19:55:03 ET
Table 'Horemheb' 6-max Seat #6 is the button
Seat 5: NAZKAR62 ($518.10 in chips)
Seat 6: Hi Im Alexey ($73 in chips)
Hi Im Alexey: posts small blind $1
NAZKAR62: posts big blind $3
*** HOLE CARDS ***
Hi Im Alexey: raises $3 to $6
NAZKAR62: calls $3
*** FLOP *** [6c 8d Jd]
NAZKAR62: checks
Hi Im Alexey: bets $3
NAZKAR62: calls $3
*** TURN *** [6c 8d Jd] [6s]
NAZKAR62: checks
Hi Im Alexey: bets $6
NAZKAR62: calls $6
*** RIVER *** [6c 8d Jd 6s] [5d]
NAZKAR62: bets $6
Hi Im Alexey: calls $6
*** SHOW DOWN ***
NAZKAR62: shows [Th Qc] (a pair of Sixes)
Hi Im Alexey: shows [Js 9s] (two pair, Jacks and Sixes)
Hi Im Alexey collected $41.50 from pot
*** SUMMARY ***
Total pot $42 | Rake $0.50
Board [6c 8d Jd 6s 5d]
Seat 5: NAZKAR62 (big blind) showed [Th Qc] and lost with a pair of Sixes
Seat 6: Hi Im Alexey (button) (small blind) showed [Js 9s] and won ($41.50) with two pair, Jacks and Sixes


PokerStars Hand #151591661700:  Hold'em Limit ($3/$6 USD) - 2016/04/07 19:56:19 ET
Table 'Horemheb' 6-max Seat #6 is the button
Seat 5: NAZKAR62 ($522.60 in chips)
Seat 6: Hi Im Alexey ($78.76 in chips)
Hi Im Alexey: posts small blind $1
NAZKAR62: posts big blind $3
*** HOLE CARDS ***
Hi Im Alexey: raises $3 to $6
NAZKAR62: calls $3
*** FLOP *** [9s Js 4d]
NAZKAR62: checks
Hi Im Alexey: bets $3
NAZKAR62: folds
Uncalled bet ($3) returned to Hi Im Alexey
Hi Im Alexey collected $11.76 from pot
*** SUMMARY ***
Total pot $12 | Rake $0.24
Board [9s Js 4d]
Seat 5: NAZKAR62 (big blind) folded on the Flop
Seat 6: Hi Im Alexey (button) (small blind) collected ($11.76)


PokerStars Hand #151591659055:  Hold'em Limit ($3/$6 USD) - 2016/04/07 19:56:14 ET
Table 'Horemheb' 6-max Seat #5 is the button
Seat 5: NAZKAR62 ($523.60 in chips)
Seat 6: Hi Im Alexey ($77.76 in chips)
NAZKAR62: posts small blind $1
Hi Im Alexey: posts big blind $3
*** HOLE CARDS ***
NAZKAR62: folds
Uncalled bet ($2) returned to Hi Im Alexey
Hi Im Alexey collected $2 from pot
*** SUMMARY ***
Total pot $2 | Rake $0
Seat 5: NAZKAR62 (button) (small blind) folded before Flop
Seat 6: Hi Im Alexey (big blind) collected ($2)


PokerStars Hand #151591654421:  Hold'em Limit ($3/$6 USD) - 2016/04/07 19:56:03 ET
Table 'Horemheb' 6-max Seat #6 is the button
Seat 5: NAZKAR62 ($529.60 in chips)
Seat 6: Hi Im Alexey ($72 in chips)
Hi Im Alexey: posts small blind $1
NAZKAR62: posts big blind $3
*** HOLE CARDS ***
Hi Im Alexey: raises $3 to $6
NAZKAR62: calls $3
*** FLOP *** [2s Ac Tc]
NAZKAR62: folds
Hi Im Alexey collected $11.76 from pot
*** SUMMARY ***
Total pot $12 | Rake $0.24
Board [2s Ac Tc]
Seat 5: NAZKAR62 (big blind) folded on the Flop
Seat 6: Hi Im Alexey (button) (small blind) collected ($11.76)


PokerStars Hand #151591640254:  Hold'em Limit ($3/$6 USD) - 2016/04/07 19:55:32 ET
Table 'Horemheb' 6-max Seat #5 is the button
Seat 5: NAZKAR62 ($497.10 in chips)
Seat 6: Hi Im Alexey ($93.50 in chips)
NAZKAR62: posts small blind $1
Hi Im Alexey: posts big blind $3
*** HOLE CARDS ***
NAZKAR62: raises $3 to $6
Hi Im Alexey: calls $3
*** FLOP *** [7d Kc 3h]
Hi Im Alexey: checks
NAZKAR62: bets $3
Hi Im Alexey: calls $3
*** TURN *** [7d Kc 3h] [4c]
Hi Im Alexey: checks
NAZKAR62: bets $6
Hi Im Alexey: calls $6
*** RIVER *** [7d Kc 3h 4c] [3c]
Hi Im Alexey: checks
NAZKAR62: bets $6
Hi Im Alexey: raises $6 to $12
NAZKAR62: raises $6 to $18
Hi Im Alexey: calls $6
*** SHOW DOWN ***
NAZKAR62: shows [3d 4d] (a full house, Threes full of Fours)
Hi Im Alexey: mucks hand
NAZKAR62 collected $65.50 from pot
*** SUMMARY ***
Total pot $66 | Rake $0.50
Board [7d Kc 3h 4c 3c]
Seat 5: NAZKAR62 (button) (small blind) showed [3d 4d] and won ($65.50) with a full house, Threes full of Fours
Seat 6: Hi Im Alexey (big blind) mucked


PokerStars Hand #151591668286:  Hold'em Limit ($3/$6 USD) - 2016/04/07 19:56:34 ET
Table 'Horemheb' 6-max Seat #5 is the button
Seat 5: NAZKAR62 ($516.60 in chips)
Seat 6: Hi Im Alexey ($84.52 in chips)
NAZKAR62: posts small blind $1
Hi Im Alexey: posts big blind $3
*** HOLE CARDS ***
NAZKAR62: folds
Uncalled bet ($2) returned to Hi Im Alexey
Hi Im Alexey collected $2 from pot
*** SUMMARY ***
Total pot $2 | Rake $0
Seat 5: NAZKAR62 (button) (small blind) folded before Flop
Seat 6: Hi Im Alexey (big blind) collected ($2)


PokerStars Hand #151591682414:  Hold'em Limit ($3/$6 USD) - 2016/04/07 19:57:05 ET
Table 'Horemheb' 6-max Seat #5 is the button
Seat 5: NAZKAR62 ($530.10 in chips)
Seat 6: Hi Im Alexey ($72 in chips)
NAZKAR62: posts small blind $1
Hi Im Alexey: posts big blind $3
*** HOLE CARDS ***
NAZKAR62: raises $3 to $6
Hi Im Alexey: raises $3 to $9
NAZKAR62: calls $3
*** FLOP *** [Ks Qh 6d]
Hi Im Alexey: bets $3
NAZKAR62: calls $3
*** TURN *** [Ks Qh 6d] [5h]
Hi Im Alexey: bets $6
NAZKAR62: calls $6
*** RIVER *** [Ks Qh 6d 5h] [4c]
Hi Im Alexey: bets $6
NAZKAR62: calls $6
*** SHOW DOWN ***
Hi Im Alexey: shows [5c 5d] (three of a kind, Fives)
NAZKAR62: mucks hand
Hi Im Alexey collected $47.50 from pot
*** SUMMARY ***
Total pot $48 | Rake $0.50
Board [Ks Qh 6d 5h 4c]
Seat 5: NAZKAR62 (button) (small blind) mucked
Seat 6: Hi Im Alexey (big blind) showed [5c 5d] and won ($47.50) with three of a kind, Fives


PokerStars Hand #151591670792:  Hold'em Limit ($3/$6 USD) - 2016/04/07 19:56:40 ET
Table 'Horemheb' 6-max Seat #6 is the button
Seat 5: NAZKAR62 ($515.60 in chips)
Seat 6: Hi Im Alexey ($85.52 in chips)
Hi Im Alexey: posts small blind $1
NAZKAR62: posts big blind $3
*** HOLE CARDS ***
Hi Im Alexey: raises $3 to $6
NAZKAR62: calls $3
*** FLOP *** [2h 8s Ah]
NAZKAR62: checks
Hi Im Alexey: bets $3
NAZKAR62: calls $3
*** TURN *** [2h 8s Ah] [Ad]
NAZKAR62: bets $6
Hi Im Alexey: calls $6
*** RIVER *** [2h 8s Ah Ad] [4d]
NAZKAR62: checks
Hi Im Alexey: checks
*** SHOW DOWN ***
NAZKAR62: shows [2d Qc] (two pair, Aces and Deuces)
Hi Im Alexey: mucks hand
NAZKAR62 collected $29.50 from pot
*** SUMMARY ***
Total pot $30 | Rake $0.50
Board [2h 8s Ah Ad 4d]
Seat 5: NAZKAR62 (big blind) showed [2d Qc] and won ($29.50) with two pair, Aces and Deuces
Seat 6: Hi Im Alexey (button) (small blind) mucked


PokerStars Hand #151591710235:  Hold'em Limit ($3/$6 USD) - 2016/04/07 19:58:06 ET
Table 'Horemheb' 6-max Seat #6 is the button
Seat 5: NAZKAR62 ($520.50 in chips)
Seat 6: Hi Im Alexey ($80.50 in chips)
Hi Im Alexey: posts small blind $1
NAZKAR62: posts big blind $3
*** HOLE CARDS ***
Hi Im Alexey: raises $3 to $6
NAZKAR62: calls $3
*** FLOP *** [3c 7s 2s]
NAZKAR62: checks
Hi Im Alexey: bets $3
NAZKAR62: calls $3
*** TURN *** [3c 7s 2s] [4s]
NAZKAR62: bets $6
Hi Im Alexey: raises $6 to $12
NAZKAR62: calls $6
*** RIVER *** [3c 7s 2s 4s] [Tc]
NAZKAR62: checks
Hi Im Alexey: checks
*** SHOW DOWN ***
NAZKAR62: shows [4d 6c] (a pair of Fours)
Hi Im Alexey: mucks hand
NAZKAR62 collected $41.50 from pot
*** SUMMARY ***
Total pot $42 | Rake $0.50
Board [3c 7s 2s 4s Tc]
Seat 5: NAZKAR62 (big blind) showed [4d 6c] and won ($41.50) with a pair of Fours
Seat 6: Hi Im Alexey (button) (small blind) mucked


PokerStars Hand #151591704588:  Hold'em Limit ($3/$6 USD) - 2016/04/07 19:57:54 ET
Table 'Horemheb' 6-max Seat #5 is the button
Seat 5: NAZKAR62 ($514.74 in chips)
Seat 6: Hi Im Alexey ($86.50 in chips)
NAZKAR62: posts small blind $1
Hi Im Alexey: posts big blind $3
*** HOLE CARDS ***
NAZKAR62: raises $3 to $6
Hi Im Alexey: calls $3
*** FLOP *** [8c Td 6s]
Hi Im Alexey: checks
NAZKAR62: bets $3
Hi Im Alexey: folds
Uncalled bet ($3) returned to NAZKAR62
NAZKAR62 collected $11.76 from pot
NAZKAR62: doesn't show hand
*** SUMMARY ***
Total pot $12 | Rake $0.24
Board [8c Td 6s]
Seat 5: NAZKAR62 (button) (small blind) collected ($11.76)
Seat 6: Hi Im Alexey (big blind) folded on the Flop


PokerStars Hand #151591691632:  Hold'em Limit ($3/$6 USD) - 2016/04/07 19:57:25 ET
Table 'Horemheb' 6-max Seat #6 is the button
Seat 5: NAZKAR62 ($506.10 in chips)
Seat 6: Hi Im Alexey ($95.50 in chips)
Hi Im Alexey: posts small blind $1
NAZKAR62: posts big blind $3
*** HOLE CARDS ***
Hi Im Alexey: raises $3 to $6
NAZKAR62: calls $3
*** FLOP *** [7c 4d Ts]
NAZKAR62: checks
Hi Im Alexey: bets $3
NAZKAR62: calls $3
*** TURN *** [7c 4d Ts] [2c]
NAZKAR62: checks
Hi Im Alexey: checks
*** RIVER *** [7c 4d Ts 2c] [9h]
NAZKAR62: checks
Hi Im Alexey: checks
*** SHOW DOWN ***
NAZKAR62: shows [6c As] (high card Ace)
Hi Im Alexey: mucks hand
NAZKAR62 collected $17.64 from pot
*** SUMMARY ***
Total pot $18 | Rake $0.36
Board [7c 4d Ts 2c 9h]
Seat 5: NAZKAR62 (big blind) showed [6c As] and won ($17.64) with high card Ace
Seat 6: Hi Im Alexey (button) (small blind) mucked


