PokerStars Hand #166919106806:  Hold'em Limit ($3/$6 USD) - 2017/02/28 16:02:42 ET
Table 'Horemheb II' 6-max Seat #4 is the button
Seat 3: ARARAT ANAPA ($48.15 in chips)
Seat 4: Actionni13 ($150 in chips)
Actionni13: posts small blind $1
ARARAT ANAPA: posts big blind $3
*** HOLE CARDS ***
Actionni13: raises $3 to $6
ARARAT ANAPA: calls $3
*** FLOP *** [Qh 8c 5h]
ARARAT ANAPA: bets $3
Actionni13: calls $3
*** TURN *** [Qh 8c 5h] [6c]
ARARAT ANAPA: bets $6
Actionni13: calls $6
*** RIVER *** [Qh 8c 5h 6c] [2d]
ARARAT ANAPA: bets $6
Actionni13: calls $6
*** SHOW DOWN ***
ARARAT ANAPA: shows [5d Qd] (two pair, Queens and Fives)
Actionni13: mucks hand
ARARAT ANAPA collected $41.50 from pot
*** SUMMARY ***
Total pot $42 | Rake $0.50
Board [Qh 8c 5h 6c 2d]
Seat 3: ARARAT ANAPA (big blind) showed [5d Qd] and won ($41.50) with two pair, Queens and Fives
Seat 4: Actionni13 (button) (small blind) mucked


PokerStars Hand #166919135813:  Hold'em Limit ($3/$6 USD) - 2017/02/28 16:03:14 ET
Table 'Horemheb II' 6-max Seat #3 is the button
Seat 3: ARARAT ANAPA ($68.65 in chips)
Seat 4: Actionni13 ($150 in chips)
ARARAT ANAPA: posts small blind $1
Actionni13: posts big blind $3
*** HOLE CARDS ***
ARARAT ANAPA: calls $2
Actionni13: raises $3 to $6
ARARAT ANAPA: calls $3
*** FLOP *** [3d Kd 9c]
Actionni13: bets $3
ARARAT ANAPA: folds
Uncalled bet ($3) returned to Actionni13
Actionni13 collected $11.76 from pot
Actionni13: doesn't show hand
*** SUMMARY ***
Total pot $12 | Rake $0.24
Board [3d Kd 9c]
Seat 3: ARARAT ANAPA (button) (small blind) folded on the Flop
Seat 4: Actionni13 (big blind) collected ($11.76)


PokerStars Hand #166919146319:  Hold'em Limit ($3/$6 USD) - 2017/02/28 16:03:25 ET
Table 'Horemheb II' 6-max Seat #4 is the button
Seat 3: ARARAT ANAPA ($62.65 in chips)
Seat 4: Actionni13 ($155.76 in chips)
Actionni13: posts small blind $1
ARARAT ANAPA: posts big blind $3
*** HOLE CARDS ***
Actionni13: raises $3 to $6
ARARAT ANAPA: calls $3
*** FLOP *** [6h 5s Kc]
ARARAT ANAPA is disconnected
ARARAT ANAPA has timed out while disconnected
ARARAT ANAPA: checks
Actionni13: bets $3
ARARAT ANAPA has timed out while disconnected
ARARAT ANAPA: folds
Uncalled bet ($3) returned to Actionni13
Actionni13 collected $11.76 from pot
Actionni13: doesn't show hand
*** SUMMARY ***
Total pot $12 | Rake $0.24
Board [6h 5s Kc]
Seat 3: ARARAT ANAPA (big blind) folded on the Flop
Seat 4: Actionni13 (button) (small blind) collected ($11.76)


