PokerStars Hand #147207189132:  Hold'em Limit ($3/$6 USD) - 2016/01/17 13:39:20 ET
Table 'Horemheb' 6-max Seat #3 is the button
Seat 3: Puzanchik 11 ($105.08 in chips)
Seat 5: LolDnkaments ($72 in chips)
Puzanchik 11: posts small blind $1
LolDnkaments: posts big blind $3
*** HOLE CARDS ***
Pokali leaves the table
Puzanchik 11: folds
Uncalled bet ($2) returned to LolDnkaments
LolDnkaments collected $2 from pot
LolDnkaments: doesn't show hand
*** SUMMARY ***
Total pot $2 | Rake $0
Seat 3: Puzanchik 11 (button) (small blind) folded before Flop
Seat 5: LolDnkaments (big blind) collected ($2)


PokerStars Hand #147207162316:  Hold'em Limit ($3/$6 USD) - 2016/01/17 13:38:58 ET
Table 'Horemheb' 6-max Seat #5 is the button
Seat 3: Puzanchik 11 ($81.58 in chips)
Seat 5: LolDnkaments ($73 in chips)
LolDnkaments: posts small blind $1
Puzanchik 11: posts big blind $3
*** HOLE CARDS ***
LolDnkaments: raises $3 to $6
Puzanchik 11: raises $3 to $9
LolDnkaments: calls $3
*** FLOP *** [3c 8d 5d]
Puzanchik 11: bets $3
aXeroX joins the table at seat #6
LolDnkaments: calls $3
*** TURN *** [3c 8d 5d] [5h]
Puzanchik 11: bets $6
LolDnkaments: calls $6
*** RIVER *** [3c 8d 5d 5h] [8s]
Puzanchik 11: bets $6
LolDnkaments: calls $6
*** SHOW DOWN ***
Puzanchik 11: shows [Ah Qd] (two pair, Eights and Fives)
LolDnkaments: mucks hand
Puzanchik 11 collected $47.50 from pot
*** SUMMARY ***
Total pot $48 | Rake $0.50
Board [3c 8d 5d 5h 8s]
Seat 3: Puzanchik 11 (big blind) showed [Ah Qd] and won ($47.50) with two pair, Eights and Fives
Seat 5: LolDnkaments (button) (small blind) mucked


PokerStars Hand #147207147548:  Hold'em Limit ($3/$6 USD) - 2016/01/17 13:38:45 ET
Table 'Horemheb' 6-max Seat #3 is the button
Seat 3: Puzanchik 11 ($82.58 in chips)
Seat 5: LolDnkaments ($72 in chips)
Puzanchik 11: posts small blind $1
Pokali: is sitting out
LolDnkaments: posts big blind $3
*** HOLE CARDS ***
Puzanchik 11: folds
Uncalled bet ($2) returned to LolDnkaments
LolDnkaments collected $2 from pot
LolDnkaments: doesn't show hand
*** SUMMARY ***
Total pot $2 | Rake $0
Seat 3: Puzanchik 11 (button) (small blind) folded before Flop
Seat 5: LolDnkaments (big blind) collected ($2)


PokerStars Hand #147213915506:  Hold'em Limit ($3/$6 USD) - 2016/01/17 15:15:20 ET
Table 'Horemheb' 6-max Seat #6 is the button
Seat 5: ChOfW ($66 in chips)
Seat 6: knas4 ($81.96 in chips)
knas4: posts small blind $1
DirtyDouble2: is sitting out
ChOfW: posts big blind $3
*** HOLE CARDS ***
DirtyDouble2 leaves the table
knas4: calls $2
ChOfW: raises $3 to $6
knas4: calls $3
*** FLOP *** [Tc 8s 2h]
ChOfW: bets $3
knas4: folds
Uncalled bet ($3) returned to ChOfW
ChOfW collected $11.76 from pot
ChOfW: doesn't show hand
*** SUMMARY ***
Total pot $12 | Rake $0.24
Board [Tc 8s 2h]
Seat 5: ChOfW (big blind) collected ($11.76)
Seat 6: knas4 (button) (small blind) folded on the Flop


PokerStars Hand #147217677989:  Hold'em Limit ($3/$6 USD) - 2016/01/17 16:08:35 ET
Table 'Horemheb' 6-max Seat #1 is the button
Seat 1: ChicagoBull4 ($102.33 in chips)
Seat 6: SmellyToes4u ($120 in chips)
ChicagoBull4: posts small blind $1
SmellyToes4u: posts big blind $3
*** HOLE CARDS ***
ChicagoBull4: folds
Uncalled bet ($2) returned to SmellyToes4u
SmellyToes4u collected $2 from pot
SmellyToes4u: doesn't show hand
*** SUMMARY ***
Total pot $2 | Rake $0
Seat 1: ChicagoBull4 (button) (small blind) folded before Flop
Seat 6: SmellyToes4u (big blind) collected ($2)


PokerStars Hand #147217751818:  Hold'em Limit ($3/$6 USD) - 2016/01/17 16:09:39 ET
Table 'Horemheb' 6-max Seat #6 is the button
Seat 1: ChicagoBull4 ($80.08 in chips)
Seat 6: SmellyToes4u ($141.25 in chips)
SmellyToes4u: posts small blind $1
ChicagoBull4: posts big blind $3
*** HOLE CARDS ***
SmellyToes4u: raises $3 to $6
sskpoker joins the table at seat #3
ChicagoBull4: calls $3
*** FLOP *** [6c 3d Kc]
ChicagoBull4: checks
SmellyToes4u: bets $3
ChicagoBull4: folds
Uncalled bet ($3) returned to SmellyToes4u
SmellyToes4u collected $11.76 from pot
SmellyToes4u: doesn't show hand
*** SUMMARY ***
Total pot $12 | Rake $0.24
Board [6c 3d Kc]
Seat 1: ChicagoBull4 (big blind) folded on the Flop
Seat 6: SmellyToes4u (button) (small blind) collected ($11.76)


PokerStars Hand #147217720078:  Hold'em Limit ($3/$6 USD) - 2016/01/17 16:09:11 ET
Table 'Horemheb' 6-max Seat #1 is the button
Seat 1: ChicagoBull4 ($101.08 in chips)
Seat 6: SmellyToes4u ($120.75 in chips)
ChicagoBull4: posts small blind $1
SmellyToes4u: posts big blind $3
*** HOLE CARDS ***
ChicagoBull4: raises $3 to $6
SmellyToes4u: raises $3 to $9
ChicagoBull4: raises $3 to $12
Betting is capped
SmellyToes4u: calls $3
*** FLOP *** [6d 9d 3h]
SmellyToes4u: checks
ChicagoBull4: bets $3
SmellyToes4u: calls $3
*** TURN *** [6d 9d 3h] [Qd]
SmellyToes4u: checks
ChicagoBull4: checks
*** RIVER *** [6d 9d 3h Qd] [9h]
SmellyToes4u: bets $6
ChicagoBull4: calls $6
*** SHOW DOWN ***
SmellyToes4u: shows [Ac Qh] (two pair, Queens and Nines)
ChicagoBull4: mucks hand
SmellyToes4u collected $41.50 from pot
*** SUMMARY ***
Total pot $42 | Rake $0.50
Board [6d 9d 3h Qd 9h]
Seat 1: ChicagoBull4 (button) (small blind) mucked
Seat 6: SmellyToes4u (big blind) showed [Ac Qh] and won ($41.50) with two pair, Queens and Nines


PokerStars Hand #147217686474:  Hold'em Limit ($3/$6 USD) - 2016/01/17 16:08:42 ET
Table 'Horemheb' 6-max Seat #6 is the button
Seat 1: ChicagoBull4 ($101.33 in chips)
Seat 6: SmellyToes4u ($121 in chips)
SmellyToes4u: posts small blind $1
ChicagoBull4: posts big blind $3
*** HOLE CARDS ***
SmellyToes4u: raises $3 to $6
ChicagoBull4: calls $3
*** FLOP *** [Jc Ac 4d]
ChicagoBull4: checks
SmellyToes4u: bets $3
ChicagoBull4: calls $3
*** TURN *** [Jc Ac 4d] [7d]
ChicagoBull4: checks
SmellyToes4u: bets $6
ChicagoBull4: calls $6
*** RIVER *** [Jc Ac 4d 7d] [2c]
ChicagoBull4: checks
SmellyToes4u: checks
*** SHOW DOWN ***
ChicagoBull4: shows [Jd 5h] (a pair of Jacks)
SmellyToes4u: shows [Js 5s] (a pair of Jacks)
ChicagoBull4 collected $14.75 from pot
SmellyToes4u collected $14.75 from pot
*** SUMMARY ***
Total pot $30 | Rake $0.50
Board [Jc Ac 4d 7d 2c]
Seat 1: ChicagoBull4 (big blind) showed [Jd 5h] and won ($14.75) with a pair of Jacks
Seat 6: SmellyToes4u (button) (small blind) showed [Js 5s] and won ($14.75) with a pair of Jacks


PokerStars Hand #147221051547:  Hold'em Limit ($3/$6 USD) - 2016/01/17 16:57:50 ET
Table 'Horemheb' 6-max Seat #4 is the button
Seat 4: Pokali ($133.34 in chips)
Seat 6: SmellyToes4u ($199.30 in chips)
Pokali: posts small blind $1
SmellyToes4u: posts big blind $3
*** HOLE CARDS ***
Pokali: folds
Uncalled bet ($2) returned to SmellyToes4u
SmellyToes4u collected $2 from pot
SmellyToes4u: doesn't show hand
*** SUMMARY ***
Total pot $2 | Rake $0
Seat 4: Pokali (button) (small blind) folded before Flop
Seat 6: SmellyToes4u (big blind) collected ($2)


PokerStars Hand #147221055348:  Hold'em Limit ($3/$6 USD) - 2016/01/17 16:57:54 ET
Table 'Horemheb' 6-max Seat #6 is the button
Seat 4: Pokali ($132.34 in chips)
Seat 6: SmellyToes4u ($200.30 in chips)
SmellyToes4u: posts small blind $1
Pokali: posts big blind $3
*** HOLE CARDS ***
SmellyToes4u: folds
Uncalled bet ($2) returned to Pokali
Pokali collected $2 from pot
Pokali: doesn't show hand
*** SUMMARY ***
Total pot $2 | Rake $0
Seat 4: Pokali (big blind) collected ($2)
Seat 6: SmellyToes4u (button) (small blind) folded before Flop


PokerStars Hand #147227421880:  Hold'em Limit ($3/$6 USD) - 2016/01/17 18:46:55 ET
Table 'Horemheb' 6-max Seat #6 is the button
Seat 5: fabricio004 ($38 in chips)
Seat 6: SmellyToes4u ($208.94 in chips)
SmellyToes4u: posts small blind $1
fabricio004: posts big blind $3
*** HOLE CARDS ***
SmellyToes4u: raises $3 to $6
fabricio004: calls $3
*** FLOP *** [8s 4d 6s]
fabricio004: checks
SmellyToes4u: bets $3
fabricio004: calls $3
*** TURN *** [8s 4d 6s] [8c]
fabricio004: checks
SmellyToes4u: bets $6
fabricio004: calls $6
*** RIVER *** [8s 4d 6s 8c] [2c]
fabricio004: checks
SmellyToes4u: bets $6
fabricio004: folds
Uncalled bet ($6) returned to SmellyToes4u
SmellyToes4u collected $29.50 from pot
SmellyToes4u: doesn't show hand
*** SUMMARY ***
Total pot $30 | Rake $0.50
Board [8s 4d 6s 8c 2c]
Seat 5: fabricio004 (big blind) folded on the River
Seat 6: SmellyToes4u (button) (small blind) collected ($29.50)


PokerStars Hand #147227418080:  Hold'em Limit ($3/$6 USD) - 2016/01/17 18:46:51 ET
Table 'Horemheb' 6-max Seat #5 is the button
Seat 5: fabricio004 ($39 in chips)
Seat 6: SmellyToes4u ($207.94 in chips)
fabricio004: posts small blind $1
SmellyToes4u: posts big blind $3
*** HOLE CARDS ***
fabricio004: folds
Uncalled bet ($2) returned to SmellyToes4u
SmellyToes4u collected $2 from pot
SmellyToes4u: doesn't show hand
*** SUMMARY ***
Total pot $2 | Rake $0
Seat 5: fabricio004 (button) (small blind) folded before Flop
Seat 6: SmellyToes4u (big blind) collected ($2)


PokerStars Hand #147227400881:  Hold'em Limit ($3/$6 USD) - 2016/01/17 18:46:31 ET
Table 'Horemheb' 6-max Seat #6 is the button
Seat 5: fabricio004 ($48 in chips)
Seat 6: SmellyToes4u ($199.30 in chips)
SmellyToes4u: posts small blind $1
fabricio004: posts big blind $3
*** HOLE CARDS ***
SmellyToes4u: raises $3 to $6
fabricio004: calls $3
*** FLOP *** [8h 3c Qc]
fabricio004: bets $3
SmellyToes4u: calls $3
*** TURN *** [8h 3c Qc] [Js]
fabricio004: checks
SmellyToes4u: bets $6
fabricio004: folds
Uncalled bet ($6) returned to SmellyToes4u
SmellyToes4u collected $17.64 from pot
*** SUMMARY ***
Total pot $18 | Rake $0.36
Board [8h 3c Qc Js]
Seat 5: fabricio004 (big blind) folded on the Turn
Seat 6: SmellyToes4u (button) (small blind) collected ($17.64)


PokerStars Hand #147227390783:  Hold'em Limit ($3/$6 USD) - 2016/01/17 18:46:19 ET
Table 'Horemheb' 6-max Seat #6 is the button
Seat 5: fabricio004 ($48 in chips)
Seat 6: SmellyToes4u ($199.30 in chips)
SmellyToes4u: posts small blind $1
fabricio004: posts big blind $3
*** HOLE CARDS ***
SmellyToes4u: folds
Uncalled bet ($2) returned to fabricio004
fabricio004 collected $2 from pot
fabricio004: doesn't show hand
*** SUMMARY ***
Total pot $2 | Rake $0
Seat 5: fabricio004 (big blind) collected ($2)
Seat 6: SmellyToes4u (button) (small blind) folded before Flop


PokerStars Hand #147227396396:  Hold'em Limit ($3/$6 USD) - 2016/01/17 18:46:25 ET
Table 'Horemheb' 6-max Seat #5 is the button
Seat 5: fabricio004 ($49 in chips)
Seat 6: SmellyToes4u ($198.30 in chips)
fabricio004: posts small blind $1
SmellyToes4u: posts big blind $3
*** HOLE CARDS ***
fabricio004: folds
Uncalled bet ($2) returned to SmellyToes4u
SmellyToes4u collected $2 from pot
SmellyToes4u: doesn't show hand
*** SUMMARY ***
Total pot $2 | Rake $0
Seat 5: fabricio004 (button) (small blind) folded before Flop
Seat 6: SmellyToes4u (big blind) collected ($2)


PokerStars Hand #147227468324:  Hold'em Limit ($3/$6 USD) - 2016/01/17 18:47:50 ET
Table 'Horemheb' 6-max Seat #5 is the button
Seat 5: fabricio004 ($118.22 in chips)
Seat 6: SmellyToes4u ($237.94 in chips)
fabricio004: posts small blind $1
SmellyToes4u: posts big blind $3
*** HOLE CARDS ***
fabricio004: calls $2
BuzovaPro joins the table at seat #1
SmellyToes4u: raises $3 to $6
fabricio004: calls $3
*** FLOP *** [Qh Ad 3d]
SmellyToes4u: bets $3
fabricio004: folds
Uncalled bet ($3) returned to SmellyToes4u
SmellyToes4u collected $11.76 from pot
SmellyToes4u: doesn't show hand
*** SUMMARY ***
Total pot $12 | Rake $0.24
Board [Qh Ad 3d]
Seat 5: fabricio004 (button) (small blind) folded on the Flop
Seat 6: SmellyToes4u (big blind) collected ($11.76)


PokerStars Hand #147227450546:  Hold'em Limit ($3/$6 USD) - 2016/01/17 18:47:29 ET
Table 'Horemheb' 6-max Seat #6 is the button
Seat 5: fabricio004 ($26 in chips)
Seat 6: SmellyToes4u ($220.44 in chips)
SmellyToes4u: posts small blind $1
fabricio004: posts big blind $3
*** HOLE CARDS ***
SmellyToes4u: raises $3 to $6
fabricio004: raises $3 to $9
SmellyToes4u: calls $3
*** FLOP *** [6c 2c 3c]
fabricio004: bets $3
SmellyToes4u: calls $3
*** TURN *** [6c 2c 3c] [8d]
fabricio004: bets $6
SmellyToes4u: raises $6 to $12
fabricio004: folds
Uncalled bet ($6) returned to SmellyToes4u
SmellyToes4u collected $35.50 from pot
SmellyToes4u: doesn't show hand
*** SUMMARY ***
Total pot $36 | Rake $0.50
Board [6c 2c 3c 8d]
Seat 5: fabricio004 (big blind) folded on the Turn
Seat 6: SmellyToes4u (button) (small blind) collected ($35.50)


PokerStars Hand #147227440213:  Hold'em Limit ($3/$6 USD) - 2016/01/17 18:47:17 ET
Table 'Horemheb' 6-max Seat #5 is the button
Seat 5: fabricio004 ($23 in chips)
Seat 6: SmellyToes4u ($223.44 in chips)
fabricio004: posts small blind $1
SmellyToes4u: posts big blind $3
*** HOLE CARDS ***
fabricio004: raises $3 to $6
SmellyToes4u: folds
Uncalled bet ($3) returned to fabricio004
fabricio004 collected $6 from pot
fabricio004: doesn't show hand
*** SUMMARY ***
Total pot $6 | Rake $0
Seat 5: fabricio004 (button) (small blind) collected ($6)
Seat 6: SmellyToes4u (big blind) folded before Flop


PokerStars Hand #147227757367:  Hold'em Limit ($3/$6 USD) - 2016/01/17 18:53:46 ET
Table 'Horemheb' 6-max Seat #5 is the button
Seat 1: BuzovaPro ($90.80 in chips)
Seat 5: fabricio004 ($129.59 in chips)
fabricio004: posts small blind $1
SmellyToes4u: is sitting out
BuzovaPro: posts big blind $3
*** HOLE CARDS ***
fabricio004: raises $3 to $6
BuzovaPro: calls $3
*** FLOP *** [6h Td 5s]
BuzovaPro: checks
fabricio004: checks
*** TURN *** [6h Td 5s] [9c]
BuzovaPro: checks
fabricio004: checks
*** RIVER *** [6h Td 5s 9c] [2c]
BuzovaPro: checks
fabricio004: checks
*** SHOW DOWN ***
BuzovaPro: shows [4s 8s] (high card Ten)
fabricio004: shows [4d As] (high card Ace)
fabricio004 collected $11.76 from pot
*** SUMMARY ***
Total pot $12 | Rake $0.24
Board [6h Td 5s 9c 2c]
Seat 1: BuzovaPro (big blind) showed [4s 8s] and lost with high card Ten
Seat 5: fabricio004 (button) (small blind) showed [4d As] and won ($11.76) with high card Ace


PokerStars Hand #147227775391:  Hold'em Limit ($3/$6 USD) - 2016/01/17 18:54:09 ET
Table 'Horemheb' 6-max Seat #1 is the button
Seat 1: BuzovaPro ($84.80 in chips)
Seat 5: fabricio004 ($135.35 in chips)
BuzovaPro: posts small blind $1
fabricio004: posts big blind $3
*** HOLE CARDS ***
BuzovaPro: raises $3 to $6
fabricio004: calls $3
*** FLOP *** [6s Qs 2d]
fabricio004: checks
BuzovaPro: bets $3
fabricio004: calls $3
*** TURN *** [6s Qs 2d] [7s]
fabricio004: checks
BuzovaPro: bets $6
fabricio004: calls $6
*** RIVER *** [6s Qs 2d 7s] [Ts]
fabricio004: bets $6
BuzovaPro: calls $6
*** SHOW DOWN ***
fabricio004: shows [Jh 6h] (a pair of Sixes)
BuzovaPro: shows [8d 7c] (a pair of Sevens)
BuzovaPro collected $41.50 from pot
*** SUMMARY ***
Total pot $42 | Rake $0.50
Board [6s Qs 2d 7s Ts]
Seat 1: BuzovaPro (button) (small blind) showed [8d 7c] and won ($41.50) with a pair of Sevens
Seat 5: fabricio004 (big blind) showed [Jh 6h] and lost with a pair of Sixes


PokerStars Hand #147227806026:  Hold'em Limit ($3/$6 USD) - 2016/01/17 18:54:48 ET
Table 'Horemheb' 6-max Seat #1 is the button
Seat 1: BuzovaPro ($99.30 in chips)
Seat 5: fabricio004 ($120.11 in chips)
BuzovaPro: posts small blind $1
fabricio004: posts big blind $3
*** HOLE CARDS ***
BuzovaPro: raises $3 to $6
fabricio004: raises $3 to $9
BuzovaPro: calls $3
*** FLOP *** [4c 6s Jd]
fabricio004: checks
BuzovaPro: bets $3
fabricio004: raises $3 to $6
BuzovaPro: calls $3
*** TURN *** [4c 6s Jd] [9d]
fabricio004: bets $6
BuzovaPro: raises $6 to $12
fabricio004: calls $6
*** RIVER *** [4c 6s Jd 9d] [5d]
fabricio004: checks
BuzovaPro: bets $6
fabricio004: calls $6
*** SHOW DOWN ***
BuzovaPro: shows [Jh 4h] (two pair, Jacks and Fours)
fabricio004: mucks hand
BuzovaPro collected $65.50 from pot
*** SUMMARY ***
Total pot $66 | Rake $0.50
Board [4c 6s Jd 9d 5d]
Seat 1: BuzovaPro (button) (small blind) showed [Jh 4h] and won ($65.50) with two pair, Jacks and Fours
Seat 5: fabricio004 (big blind) mucked


PokerStars Hand #147227791459:  Hold'em Limit ($3/$6 USD) - 2016/01/17 18:54:29 ET
Table 'Horemheb' 6-max Seat #5 is the button
Seat 1: BuzovaPro ($105.30 in chips)
Seat 5: fabricio004 ($114.35 in chips)
fabricio004: posts small blind $1
BuzovaPro: posts big blind $3
*** HOLE CARDS ***
fabricio004: calls $2
BuzovaPro: checks
*** FLOP *** [Js 5h 8d]
BuzovaPro: checks
fabricio004: bets $3
BuzovaPro: calls $3
*** TURN *** [Js 5h 8d] [Jh]
BuzovaPro: checks
fabricio004: bets $6
BuzovaPro: folds
Uncalled bet ($6) returned to fabricio004
fabricio004 collected $11.76 from pot
fabricio004: doesn't show hand
*** SUMMARY ***
Total pot $12 | Rake $0.24
Board [Js 5h 8d Jh]
Seat 1: BuzovaPro (big blind) folded on the Turn
Seat 5: fabricio004 (button) (small blind) collected ($11.76)


PokerStars Hand #147227825028:  Hold'em Limit ($3/$6 USD) - 2016/01/17 18:55:14 ET
Table 'Horemheb' 6-max Seat #5 is the button
Seat 1: BuzovaPro ($131.80 in chips)
Seat 5: fabricio004 ($87.11 in chips)
fabricio004: posts small blind $1
BuzovaPro: posts big blind $3
*** HOLE CARDS ***
fabricio004: calls $2
BuzovaPro: checks
*** FLOP *** [Kh Qh Jh]
BuzovaPro: bets $3
fabricio004: raises $3 to $6
BuzovaPro: raises $3 to $9
fabricio004: calls $3
*** TURN *** [Kh Qh Jh] [6s]
BuzovaPro: bets $6
fabricio004: calls $6
*** RIVER *** [Kh Qh Jh 6s] [Js]
BuzovaPro: checks
fabricio004: bets $6
BuzovaPro: calls $6
*** SHOW DOWN ***
fabricio004: shows [5c Jd] (three of a kind, Jacks)
BuzovaPro: mucks hand
fabricio004 collected $47.50 from pot
*** SUMMARY ***
Total pot $48 | Rake $0.50
Board [Kh Qh Jh 6s Js]
Seat 1: BuzovaPro (big blind) mucked
Seat 5: fabricio004 (button) (small blind) showed [5c Jd] and won ($47.50) with three of a kind, Jacks


PokerStars Hand #147227836837:  Hold'em Limit ($3/$6 USD) - 2016/01/17 18:55:35 ET
Table 'Horemheb' 6-max Seat #1 is the button
Seat 1: BuzovaPro ($107.80 in chips)
Seat 5: fabricio004 ($110.61 in chips)
BuzovaPro: posts small blind $1
fabricio004: posts big blind $3
*** HOLE CARDS ***
BuzovaPro: raises $3 to $6
fabricio004: calls $3
*** FLOP *** [Ah 4h 5s]
fabricio004: checks
BuzovaPro: bets $3
fabricio004: calls $3
*** TURN *** [Ah 4h 5s] [Qc]
fabricio004: checks
BuzovaPro: bets $6
fabricio004: calls $6
*** RIVER *** [Ah 4h 5s Qc] [Tc]
fabricio004: checks
BuzovaPro: bets $6
fabricio004: folds
Uncalled bet ($6) returned to BuzovaPro
BuzovaPro collected $29.50 from pot
BuzovaPro: doesn't show hand
*** SUMMARY ***
Total pot $30 | Rake $0.50
Board [Ah 4h 5s Qc Tc]
Seat 1: BuzovaPro (button) (small blind) collected ($29.50)
Seat 5: fabricio004 (big blind) folded on the River


PokerStars Hand #147227850990:  Hold'em Limit ($3/$6 USD) - 2016/01/17 18:55:59 ET
Table 'Horemheb' 6-max Seat #5 is the button
Seat 1: BuzovaPro ($122.30 in chips)
Seat 5: fabricio004 ($95.61 in chips)
fabricio004: posts small blind $1
BuzovaPro: posts big blind $3
*** HOLE CARDS ***
fabricio004: raises $3 to $6
BuzovaPro: folds
Uncalled bet ($3) returned to fabricio004
fabricio004 collected $6 from pot
fabricio004: doesn't show hand
*** SUMMARY ***
Total pot $6 | Rake $0
Seat 1: BuzovaPro (big blind) folded before Flop
Seat 5: fabricio004 (button) (small blind) collected ($6)


PokerStars Hand #147227867762:  Hold'em Limit ($3/$6 USD) - 2016/01/17 18:56:27 ET
Table 'Horemheb' 6-max Seat #5 is the button
Seat 1: BuzovaPro ($101.30 in chips)
Seat 5: fabricio004 ($116.11 in chips)
fabricio004: posts small blind $1
BuzovaPro: posts big blind $3
*** HOLE CARDS ***
fabricio004: folds
Uncalled bet ($2) returned to BuzovaPro
BuzovaPro collected $2 from pot
BuzovaPro: doesn't show hand
*** SUMMARY ***
Total pot $2 | Rake $0
Seat 1: BuzovaPro (big blind) collected ($2)
Seat 5: fabricio004 (button) (small blind) folded before Flop


PokerStars Hand #147227855054:  Hold'em Limit ($3/$6 USD) - 2016/01/17 18:56:05 ET
Table 'Horemheb' 6-max Seat #1 is the button
Seat 1: BuzovaPro ($119.30 in chips)
Seat 5: fabricio004 ($98.61 in chips)
BuzovaPro: posts small blind $1
fabricio004: posts big blind $3
*** HOLE CARDS ***
BuzovaPro: raises $3 to $6
fabricio004: calls $3
*** FLOP *** [9h 7d 2h]
fabricio004: checks
BuzovaPro: bets $3
fabricio004: raises $3 to $6
BuzovaPro: calls $3
*** TURN *** [9h 7d 2h] [Qs]
fabricio004: bets $6
BuzovaPro: calls $6
*** RIVER *** [9h 7d 2h Qs] [6c]
fabricio004: bets $6
BuzovaPro: folds
Uncalled bet ($6) returned to fabricio004
fabricio004 collected $35.50 from pot
fabricio004: doesn't show hand
*** SUMMARY ***
Total pot $36 | Rake $0.50
Board [9h 7d 2h Qs 6c]
Seat 1: BuzovaPro (button) (small blind) folded on the River
Seat 5: fabricio004 (big blind) collected ($35.50)


PokerStars Hand #147227877420:  Hold'em Limit ($3/$6 USD) - 2016/01/17 18:56:43 ET
Table 'Horemheb' 6-max Seat #5 is the button
Seat 1: BuzovaPro ($108.06 in chips)
Seat 5: fabricio004 ($109.11 in chips)
fabricio004: posts small blind $1
BuzovaPro: posts big blind $3
*** HOLE CARDS ***
fabricio004: folds
Uncalled bet ($2) returned to BuzovaPro
BuzovaPro collected $2 from pot
BuzovaPro: doesn't show hand
*** SUMMARY ***
Total pot $2 | Rake $0
Seat 1: BuzovaPro (big blind) collected ($2)
Seat 5: fabricio004 (button) (small blind) folded before Flop


PokerStars Hand #147227871247:  Hold'em Limit ($3/$6 USD) - 2016/01/17 18:56:33 ET
Table 'Horemheb' 6-max Seat #1 is the button
Seat 1: BuzovaPro ($102.30 in chips)
Seat 5: fabricio004 ($115.11 in chips)
BuzovaPro: posts small blind $1
fabricio004: posts big blind $3
*** HOLE CARDS ***
BuzovaPro: raises $3 to $6
fabricio004: calls $3
*** FLOP *** [3c Ac Js]
fabricio004: checks
BuzovaPro: bets $3
fabricio004: folds
Uncalled bet ($3) returned to BuzovaPro
BuzovaPro collected $11.76 from pot
BuzovaPro: doesn't show hand
*** SUMMARY ***
Total pot $12 | Rake $0.24
Board [3c Ac Js]
Seat 1: BuzovaPro (button) (small blind) collected ($11.76)
Seat 5: fabricio004 (big blind) folded on the Flop


PokerStars Hand #147227880600:  Hold'em Limit ($3/$6 USD) - 2016/01/17 18:56:48 ET
Table 'Horemheb' 6-max Seat #1 is the button
Seat 1: BuzovaPro ($109.06 in chips)
Seat 5: fabricio004 ($108.11 in chips)
BuzovaPro: posts small blind $1
fabricio004: posts big blind $3
*** HOLE CARDS ***
BuzovaPro: raises $3 to $6
fabricio004: calls $3
*** FLOP *** [2d 3c 2h]
fabricio004: checks
BuzovaPro: bets $3
fabricio004: calls $3
*** TURN *** [2d 3c 2h] [Jh]
fabricio004: bets $6
BuzovaPro: calls $6
*** RIVER *** [2d 3c 2h Jh] [3d]
fabricio004: bets $6
BuzovaPro: calls $6
*** SHOW DOWN ***
fabricio004: shows [5d 7c] (two pair, Threes and Deuces)
BuzovaPro: shows [6c Kd] (two pair, Threes and Deuces - King kicker)
BuzovaPro collected $41.50 from pot
*** SUMMARY ***
Total pot $42 | Rake $0.50
Board [2d 3c 2h Jh 3d]
Seat 1: BuzovaPro (button) (small blind) showed [6c Kd] and won ($41.50) with two pair, Threes and Deuces
Seat 5: fabricio004 (big blind) showed [5d 7c] and lost with two pair, Threes and Deuces


PokerStars Hand #147227897737:  Hold'em Limit ($3/$6 USD) - 2016/01/17 18:57:17 ET
Table 'Horemheb' 6-max Seat #5 is the button
Seat 1: BuzovaPro ($129.56 in chips)
Seat 5: fabricio004 ($87.11 in chips)
fabricio004: posts small blind $1
BuzovaPro: posts big blind $3
*** HOLE CARDS ***
fabricio004: folds
Uncalled bet ($2) returned to BuzovaPro
BuzovaPro collected $2 from pot
BuzovaPro: doesn't show hand
*** SUMMARY ***
Total pot $2 | Rake $0
Seat 1: BuzovaPro (big blind) collected ($2)
Seat 5: fabricio004 (button) (small blind) folded before Flop


PokerStars Hand #147227900922:  Hold'em Limit ($3/$6 USD) - 2016/01/17 18:57:22 ET
Table 'Horemheb' 6-max Seat #1 is the button
Seat 1: BuzovaPro ($130.56 in chips)
Seat 5: fabricio004 ($86.11 in chips)
BuzovaPro: posts small blind $1
fabricio004: posts big blind $3
*** HOLE CARDS ***
BuzovaPro: raises $3 to $6
fabricio004: raises $3 to $9
BuzovaPro: calls $3
*** FLOP *** [5h Ks 6c]
fabricio004: checks
BuzovaPro: checks
*** TURN *** [5h Ks 6c] [8s]
fabricio004: bets $6
BuzovaPro: folds
Uncalled bet ($6) returned to fabricio004
fabricio004 collected $17.64 from pot
fabricio004: doesn't show hand
*** SUMMARY ***
Total pot $18 | Rake $0.36
Board [5h Ks 6c 8s]
Seat 1: BuzovaPro (button) (small blind) folded on the Turn
Seat 5: fabricio004 (big blind) collected ($17.64)


PokerStars Hand #147227915289:  Hold'em Limit ($3/$6 USD) - 2016/01/17 18:57:46 ET
Table 'Horemheb' 6-max Seat #5 is the button
Seat 1: BuzovaPro ($121.56 in chips)
Seat 5: fabricio004 ($94.75 in chips)
fabricio004: posts small blind $1
BuzovaPro: posts big blind $3
*** HOLE CARDS ***
fabricio004: raises $3 to $6
BuzovaPro: calls $3
*** FLOP *** [6h 5c Ks]
BuzovaPro: bets $3
fabricio004: calls $3
*** TURN *** [6h 5c Ks] [Qs]
BuzovaPro: bets $6
fabricio004: calls $6
*** RIVER *** [6h 5c Ks Qs] [4d]
BuzovaPro: bets $6
fabricio004: raises $6 to $12
BuzovaPro: calls $6
*** SHOW DOWN ***
fabricio004: shows [6d 6c] (three of a kind, Sixes)
BuzovaPro: mucks hand
fabricio004 collected $53.50 from pot
*** SUMMARY ***
Total pot $54 | Rake $0.50
Board [6h 5c Ks Qs 4d]
Seat 1: BuzovaPro (big blind) mucked
Seat 5: fabricio004 (button) (small blind) showed [6d 6c] and won ($53.50) with three of a kind, Sixes


PokerStars Hand #147227942706:  Hold'em Limit ($3/$6 USD) - 2016/01/17 18:58:20 ET
Table 'Horemheb' 6-max Seat #1 is the button
Seat 1: BuzovaPro ($94.56 in chips)
Seat 5: fabricio004 ($121.25 in chips)
BuzovaPro: posts small blind $1
fabricio004: posts big blind $3
*** HOLE CARDS ***
BuzovaPro: raises $3 to $6
fabricio004: raises $3 to $9
BuzovaPro: raises $3 to $12
Betting is capped
fabricio004: calls $3
*** FLOP *** [8c 7d 3h]
fabricio004: checks
BuzovaPro: bets $3
fabricio004: calls $3
*** TURN *** [8c 7d 3h] [6h]
fabricio004: checks
BuzovaPro: bets $6
fabricio004: calls $6
*** RIVER *** [8c 7d 3h 6h] [Qc]
fabricio004: bets $6
BuzovaPro: calls $6
*** SHOW DOWN ***
fabricio004: shows [Kh Qs] (a pair of Queens)
BuzovaPro: mucks hand
fabricio004 collected $53.50 from pot
*** SUMMARY ***
Total pot $54 | Rake $0.50
Board [8c 7d 3h 6h Qc]
Seat 1: BuzovaPro (button) (small blind) mucked
Seat 5: fabricio004 (big blind) showed [Kh Qs] and won ($53.50) with a pair of Queens


PokerStars Hand #147227957655:  Hold'em Limit ($3/$6 USD) - 2016/01/17 18:58:42 ET
Table 'Horemheb' 6-max Seat #5 is the button
Seat 1: BuzovaPro ($72 in chips)
Seat 5: fabricio004 ($147.75 in chips)
fabricio004: posts small blind $1
BuzovaPro: posts big blind $3
*** HOLE CARDS ***
fabricio004: calls $2
BuzovaPro: checks
*** FLOP *** [5h Td 7c]
BuzovaPro: bets $3
fabricio004: calls $3
*** TURN *** [5h Td 7c] [7h]
BuzovaPro: bets $6
fabricio004: folds
Uncalled bet ($6) returned to BuzovaPro
BuzovaPro collected $11.76 from pot
BuzovaPro: doesn't show hand
*** SUMMARY ***
Total pot $12 | Rake $0.24
Board [5h Td 7c 7h]
Seat 1: BuzovaPro (big blind) collected ($11.76)
Seat 5: fabricio004 (button) (small blind) folded on the Turn


PokerStars Hand #147227969081:  Hold'em Limit ($3/$6 USD) - 2016/01/17 18:59:00 ET
Table 'Horemheb' 6-max Seat #1 is the button
Seat 1: BuzovaPro ($77.76 in chips)
Seat 5: fabricio004 ($141.75 in chips)
BuzovaPro: posts small blind $1
fabricio004: posts big blind $3
*** HOLE CARDS ***
BuzovaPro: raises $3 to $6
fabricio004: calls $3
*** FLOP *** [3s 5c 2c]
fabricio004: checks
BuzovaPro: bets $3
fabricio004: folds
Uncalled bet ($3) returned to BuzovaPro
BuzovaPro collected $11.76 from pot
BuzovaPro: doesn't show hand
*** SUMMARY ***
Total pot $12 | Rake $0.24
Board [3s 5c 2c]
Seat 1: BuzovaPro (button) (small blind) collected ($11.76)
Seat 5: fabricio004 (big blind) folded on the Flop


