PokerStars Hand #167240113847:  Hold'em Limit ($3/$6 USD) - 2017/03/07 7:18:01 ET
Table 'Horemheb' 6-max Seat #3 is the button
Seat 3: sim5sim5 ($72 in chips)
Seat 5: tilion22 ($120 in chips)
sim5sim5: posts small blind $1
tilion22: posts big blind $3
*** HOLE CARDS ***
B_loJkl joins the table at seat #6
sim5sim5: raises $3 to $6
tilion22: raises $3 to $9
sim5sim5: calls $3
*** FLOP *** [9c 4h 8c]
tilion22: bets $3
sim5sim5: calls $3
*** TURN *** [9c 4h 8c] [3s]
TbIP-TbIP 88 leaves the table
tilion22: bets $6
sim5sim5: calls $6
*** RIVER *** [9c 4h 8c 3s] [6h]
tilion22: bets $6
sim5sim5: raises $6 to $12
tilion22: calls $6
*** SHOW DOWN ***
sim5sim5: shows [3h 6s] (two pair, Sixes and Threes)
tilion22: mucks hand
sim5sim5 collected $59.50 from pot
*** SUMMARY ***
Total pot $60 | Rake $0.50
Board [9c 4h 8c 3s 6h]
Seat 3: sim5sim5 (button) (small blind) showed [3h 6s] and won ($59.50) with two pair, Sixes and Threes
Seat 5: tilion22 (big blind) mucked


PokerStars Hand #167240393818:  Hold'em Limit ($3/$6 USD) - 2017/03/07 7:27:38 ET
Table 'Horemheb' 6-max Seat #5 is the button
Seat 5: tilion22 ($84.19 in chips)
Seat 6: B_loJkl ($263.31 in chips)
tilion22: posts small blind $1
B_loJkl: posts big blind $3
*** HOLE CARDS ***
tilion22: raises $3 to $6
B_loJkl: calls $3
*** FLOP *** [Qh Ac 3h]
B_loJkl: checks
tilion22: bets $3
B_loJkl: raises $3 to $6
tilion22: calls $3
*** TURN *** [Qh Ac 3h] [7d]
B_loJkl: bets $6
tilion22: raises $6 to $12
B_loJkl: raises $6 to $18
tilion22: raises $6 to $24
Betting is capped
B_loJkl: calls $6
*** RIVER *** [Qh Ac 3h 7d] [4h]
B_loJkl: checks
tilion22: bets $6
B_loJkl: calls $6
*** SHOW DOWN ***
tilion22: shows [Qd 7s] (two pair, Queens and Sevens)
B_loJkl: shows [7c As] (two pair, Aces and Sevens)
B_loJkl collected $83.50 from pot
*** SUMMARY ***
Total pot $84 | Rake $0.50
Board [Qh Ac 3h 7d 4h]
Seat 5: tilion22 (button) (small blind) showed [Qd 7s] and lost with two pair, Queens and Sevens
Seat 6: B_loJkl (big blind) showed [7c As] and won ($83.50) with two pair, Aces and Sevens


PokerStars Hand #167240411728:  Hold'em Limit ($3/$6 USD) - 2017/03/07 7:28:14 ET
Table 'Horemheb' 6-max Seat #5 is the button
Seat 5: tilion22 ($43.19 in chips)
Seat 6: B_loJkl ($303.81 in chips)
tilion22: posts small blind $1
B_loJkl: posts big blind $3
*** HOLE CARDS ***
tilion22: raises $3 to $6
B_loJkl: calls $3
*** FLOP *** [5h 5c Kh]
B_loJkl: checks
tilion22: bets $3
B_loJkl: raises $3 to $6
tilion22: calls $3
*** TURN *** [5h 5c Kh] [Kd]
B_loJkl: bets $6
tilion22: calls $6
*** RIVER *** [5h 5c Kh Kd] [8h]
B_loJkl: bets $6
tilion22: calls $6
*** SHOW DOWN ***
B_loJkl: shows [2h Th] (a flush, King high)
tilion22: mucks hand
B_loJkl collected $47.50 from pot
*** SUMMARY ***
Total pot $48 | Rake $0.50
Board [5h 5c Kh Kd 8h]
Seat 5: tilion22 (button) (small blind) mucked
Seat 6: B_loJkl (big blind) showed [2h Th] and won ($47.50) with a flush, King high


PokerStars Hand #167240409296:  Hold'em Limit ($3/$6 USD) - 2017/03/07 7:28:09 ET
Table 'Horemheb' 6-max Seat #6 is the button
Seat 5: tilion22 ($42.19 in chips)
Seat 6: B_loJkl ($304.81 in chips)
B_loJkl: posts small blind $1
tilion22: posts big blind $3
*** HOLE CARDS ***
B_loJkl: folds
Uncalled bet ($2) returned to tilion22
tilion22 collected $2 from pot
tilion22: doesn't show hand
*** SUMMARY ***
Total pot $2 | Rake $0
Seat 5: tilion22 (big blind) collected ($2)
Seat 6: B_loJkl (button) (small blind) folded before Flop


PokerStars Hand #167240428879:  Hold'em Limit ($3/$6 USD) - 2017/03/07 7:28:50 ET
Table 'Horemheb' 6-max Seat #5 is the button
Seat 5: tilion22 ($60 in chips)
Seat 6: B_loJkl ($346 in chips)
tilion22: posts small blind $1
B_loJkl: posts big blind $3
*** HOLE CARDS ***
tilion22: folds
Uncalled bet ($2) returned to B_loJkl
B_loJkl collected $2 from pot
B_loJkl: doesn't show hand
*** SUMMARY ***
Total pot $2 | Rake $0
Seat 5: tilion22 (button) (small blind) folded before Flop
Seat 6: B_loJkl (big blind) collected ($2)


PokerStars Hand #167240421038:  Hold'em Limit ($3/$6 USD) - 2017/03/07 7:28:34 ET
Table 'Horemheb' 6-max Seat #6 is the button
Seat 5: tilion22 ($19.19 in chips)
Seat 6: B_loJkl ($327.31 in chips)
B_loJkl: posts small blind $1
tilion22: posts big blind $3
*** HOLE CARDS ***
B_loJkl: raises $3 to $6
tilion22: raises $3 to $9
B_loJkl: raises $3 to $12
Betting is capped
tilion22: calls $3
*** FLOP *** [2d 8d 4d]
tilion22: bets $3
B_loJkl: raises $3 to $6
tilion22: raises $1.19 to $7.19 and is all-in
B_loJkl: calls $1.19
*** TURN *** [2d 8d 4d] [Tc]
*** RIVER *** [2d 8d 4d Tc] [5d]
*** SHOW DOWN ***
tilion22: shows [Qc Kh] (high card King)
B_loJkl: shows [Ad Qh] (a flush, Ace high)
B_loJkl collected $37.88 from pot
*** SUMMARY ***
Total pot $38.38 | Rake $0.50
Board [2d 8d 4d Tc 5d]
Seat 5: tilion22 (big blind) showed [Qc Kh] and lost with high card King
Seat 6: B_loJkl (button) (small blind) showed [Ad Qh] and won ($37.88) with a flush, Ace high


PokerStars Hand #167240458088:  Hold'em Limit ($3/$6 USD) - 2017/03/07 7:29:49 ET
Table 'Horemheb' 6-max Seat #6 is the button
Seat 5: tilion22 ($141 in chips)
Seat 6: B_loJkl ($404 in chips)
B_loJkl: posts small blind $1
tilion22: posts big blind $3
*** HOLE CARDS ***
B_loJkl: raises $3 to $6
tilion22: raises $3 to $9
B_loJkl: calls $3
*** FLOP *** [Ks 6c 3s]
tilion22: bets $3
B_loJkl: calls $3
*** TURN *** [Ks 6c 3s] [Th]
tilion22: bets $6
B_loJkl: folds
Uncalled bet ($6) returned to tilion22
tilion22 collected $23.52 from pot
tilion22: doesn't show hand
*** SUMMARY ***
Total pot $24 | Rake $0.48
Board [Ks 6c 3s Th]
Seat 5: tilion22 (big blind) collected ($23.52)
Seat 6: B_loJkl (button) (small blind) folded on the Turn


PokerStars Hand #167240455164:  Hold'em Limit ($3/$6 USD) - 2017/03/07 7:29:43 ET
Table 'Horemheb' 6-max Seat #5 is the button
Seat 5: tilion22 ($142 in chips)
Seat 6: B_loJkl ($403 in chips)
tilion22: posts small blind $1
B_loJkl: posts big blind $3
*** HOLE CARDS ***
tilion22: folds
Uncalled bet ($2) returned to B_loJkl
B_loJkl collected $2 from pot
B_loJkl: doesn't show hand
*** SUMMARY ***
Total pot $2 | Rake $0
Seat 5: tilion22 (button) (small blind) folded before Flop
Seat 6: B_loJkl (big blind) collected ($2)


PokerStars Hand #167240452197:  Hold'em Limit ($3/$6 USD) - 2017/03/07 7:29:37 ET
Table 'Horemheb' 6-max Seat #6 is the button
Seat 5: tilion22 ($145 in chips)
Seat 6: B_loJkl ($400 in chips)
B_loJkl: posts small blind $1
tilion22: posts big blind $3
*** HOLE CARDS ***
B_loJkl: raises $3 to $6
tilion22: folds
Uncalled bet ($3) returned to B_loJkl
B_loJkl collected $6 from pot
B_loJkl: doesn't show hand
*** SUMMARY ***
Total pot $6 | Rake $0
Seat 5: tilion22 (big blind) folded before Flop
Seat 6: B_loJkl (button) (small blind) collected ($6)


PokerStars Hand #167240442069:  Hold'em Limit ($3/$6 USD) - 2017/03/07 7:29:17 ET
Table 'Horemheb' 6-max Seat #5 is the button
Seat 5: tilion22 ($63 in chips)
Seat 6: B_loJkl ($382.50 in chips)
tilion22: posts small blind $1
B_loJkl: posts big blind $3
*** HOLE CARDS ***
tilion22: raises $3 to $6
B_loJkl: raises $3 to $9
tilion22: calls $3
*** FLOP *** [3h Qd 2d]
B_loJkl: bets $3
tilion22: calls $3
*** TURN *** [3h Qd 2d] [Js]
B_loJkl: checks
tilion22: checks
*** RIVER *** [3h Qd 2d Js] [8c]
B_loJkl: bets $6
tilion22: calls $6
*** SHOW DOWN ***
B_loJkl: shows [9h 9d] (a pair of Nines)
tilion22: mucks hand
B_loJkl collected $35.50 from pot
*** SUMMARY ***
Total pot $36 | Rake $0.50
Board [3h Qd 2d Js 8c]
Seat 5: tilion22 (button) (small blind) mucked
Seat 6: B_loJkl (big blind) showed [9h 9d] and won ($35.50) with a pair of Nines


PokerStars Hand #167240432847:  Hold'em Limit ($3/$6 USD) - 2017/03/07 7:28:58 ET
Table 'Horemheb' 6-max Seat #6 is the button
Seat 5: tilion22 ($99 in chips)
Seat 6: B_loJkl ($347 in chips)
B_loJkl: posts small blind $1
tilion22: posts big blind $3
*** HOLE CARDS ***
B_loJkl: raises $3 to $6
tilion22: raises $3 to $9
B_loJkl: calls $3
*** FLOP *** [9d 7c 8c]
tilion22: bets $3
B_loJkl: calls $3
*** TURN *** [9d 7c 8c] [5h]
tilion22: bets $6
B_loJkl: raises $6 to $12
tilion22: raises $6 to $18
B_loJkl: calls $6
*** RIVER *** [9d 7c 8c 5h] [7d]
tilion22: checks
B_loJkl: bets $6
tilion22: calls $6
*** SHOW DOWN ***
B_loJkl: shows [6s Kh] (a straight, Five to Nine)
tilion22: mucks hand
B_loJkl collected $71.50 from pot
*** SUMMARY ***
Total pot $72 | Rake $0.50
Board [9d 7c 8c 5h 7d]
Seat 5: tilion22 (big blind) mucked
Seat 6: B_loJkl (button) (small blind) showed [6s Kh] and won ($71.50) with a straight, Five to Nine


PokerStars Hand #167240491681:  Hold'em Limit ($3/$6 USD) - 2017/03/07 7:30:58 ET
Table 'Horemheb' 6-max Seat #5 is the button
Seat 5: tilion22 ($147.02 in chips)
Seat 6: B_loJkl ($396.50 in chips)
tilion22: posts small blind $1
B_loJkl: posts big blind $3
*** HOLE CARDS ***
tilion22: raises $3 to $6
B_loJkl: folds
Uncalled bet ($3) returned to tilion22
tilion22 collected $6 from pot
tilion22: doesn't show hand
*** SUMMARY ***
Total pot $6 | Rake $0
Seat 5: tilion22 (button) (small blind) collected ($6)
Seat 6: B_loJkl (big blind) folded before Flop


PokerStars Hand #167240480352:  Hold'em Limit ($3/$6 USD) - 2017/03/07 7:30:34 ET
Table 'Horemheb' 6-max Seat #5 is the button
Seat 5: tilion22 ($175.02 in chips)
Seat 6: B_loJkl ($369 in chips)
tilion22: posts small blind $1
B_loJkl: posts big blind $3
*** HOLE CARDS ***
tilion22: folds
Uncalled bet ($2) returned to B_loJkl
B_loJkl collected $2 from pot
B_loJkl: doesn't show hand
*** SUMMARY ***
Total pot $2 | Rake $0
Seat 5: tilion22 (button) (small blind) folded before Flop
Seat 6: B_loJkl (big blind) collected ($2)


PokerStars Hand #167240472173:  Hold'em Limit ($3/$6 USD) - 2017/03/07 7:30:18 ET
Table 'Horemheb' 6-max Seat #6 is the button
Seat 5: tilion22 ($151.52 in chips)
Seat 6: B_loJkl ($393 in chips)
B_loJkl: posts small blind $1
tilion22: posts big blind $3
*** HOLE CARDS ***
B_loJkl: raises $3 to $6
tilion22: calls $3
*** FLOP *** [8d 6s 4s]
tilion22: checks
B_loJkl: bets $3
tilion22: raises $3 to $6
B_loJkl: calls $3
*** TURN *** [8d 6s 4s] [8s]
tilion22: bets $6
B_loJkl: calls $6
*** RIVER *** [8d 6s 4s 8s] [7s]
tilion22: bets $6
B_loJkl: calls $6
*** SHOW DOWN ***
tilion22: shows [5s 9s] (a straight flush, Five to Nine)
B_loJkl: mucks hand
tilion22 collected $47.50 from pot
*** SUMMARY ***
Total pot $48 | Rake $0.50
Board [8d 6s 4s 8s 7s]
Seat 5: tilion22 (big blind) showed [5s 9s] and won ($47.50) with a straight flush, Five to Nine
Seat 6: B_loJkl (button) (small blind) mucked


PokerStars Hand #167240483574:  Hold'em Limit ($3/$6 USD) - 2017/03/07 7:30:41 ET
Table 'Horemheb' 6-max Seat #6 is the button
Seat 5: tilion22 ($174.02 in chips)
Seat 6: B_loJkl ($370 in chips)
B_loJkl: posts small blind $1
tilion22: posts big blind $3
*** HOLE CARDS ***
B_loJkl: raises $3 to $6
tilion22: calls $3
*** FLOP *** [3h 4c 8s]
tilion22: checks
B_loJkl: bets $3
tilion22: calls $3
*** TURN *** [3h 4c 8s] [Kc]
tilion22: checks
B_loJkl: bets $6
tilion22: raises $6 to $12
B_loJkl: calls $6
*** RIVER *** [3h 4c 8s Kc] [Kd]
tilion22: bets $6
B_loJkl: calls $6
*** SHOW DOWN ***
tilion22: shows [3c 2c] (two pair, Kings and Threes)
B_loJkl: shows [3s Qh] (two pair, Kings and Threes - Queen kicker)
B_loJkl collected $53.50 from pot
*** SUMMARY ***
Total pot $54 | Rake $0.50
Board [3h 4c 8s Kc Kd]
Seat 5: tilion22 (big blind) showed [3c 2c] and lost with two pair, Kings and Threes
Seat 6: B_loJkl (button) (small blind) showed [3s Qh] and won ($53.50) with two pair, Kings and Threes


PokerStars Hand #167240469295:  Hold'em Limit ($3/$6 USD) - 2017/03/07 7:30:12 ET
Table 'Horemheb' 6-max Seat #5 is the button
Seat 5: tilion22 ($152.52 in chips)
Seat 6: B_loJkl ($392 in chips)
tilion22: posts small blind $1
B_loJkl: posts big blind $3
*** HOLE CARDS ***
tilion22: folds
Uncalled bet ($2) returned to B_loJkl
B_loJkl collected $2 from pot
B_loJkl: doesn't show hand
*** SUMMARY ***
Total pot $2 | Rake $0
Seat 5: tilion22 (button) (small blind) folded before Flop
Seat 6: B_loJkl (big blind) collected ($2)


PokerStars Hand #167240505834:  Hold'em Limit ($3/$6 USD) - 2017/03/07 7:31:26 ET
Table 'Horemheb' 6-max Seat #6 is the button
Seat 5: tilion22 ($146.78 in chips)
Seat 6: B_loJkl ($396.14 in chips)
B_loJkl: posts small blind $1
tilion22: posts big blind $3
*** HOLE CARDS ***
B_loJkl: raises $3 to $6
tilion22: calls $3
*** FLOP *** [5d As Kc]
tilion22: checks
B_loJkl: bets $3
tilion22: folds
Uncalled bet ($3) returned to B_loJkl
B_loJkl collected $11.76 from pot
B_loJkl: doesn't show hand
*** SUMMARY ***
Total pot $12 | Rake $0.24
Board [5d As Kc]
Seat 5: tilion22 (big blind) folded on the Flop
Seat 6: B_loJkl (button) (small blind) collected ($11.76)


PokerStars Hand #167240494939:  Hold'em Limit ($3/$6 USD) - 2017/03/07 7:31:04 ET
Table 'Horemheb' 6-max Seat #6 is the button
Seat 5: tilion22 ($150.02 in chips)
Seat 6: B_loJkl ($393.50 in chips)
B_loJkl: posts small blind $1
tilion22: posts big blind $3
*** HOLE CARDS ***
B_loJkl: raises $3 to $6
tilion22: calls $3
*** FLOP *** [As 4c 7h]
tilion22: checks
B_loJkl: bets $3
tilion22: calls $3
*** TURN *** [As 4c 7h] [Ac]
tilion22: checks
B_loJkl: bets $6
tilion22: folds
Uncalled bet ($6) returned to B_loJkl
B_loJkl collected $17.64 from pot
B_loJkl: doesn't show hand
*** SUMMARY ***
Total pot $18 | Rake $0.36
Board [As 4c 7h Ac]
Seat 5: tilion22 (big blind) folded on the Turn
Seat 6: B_loJkl (button) (small blind) collected ($17.64)


PokerStars Hand #167240512221:  Hold'em Limit ($3/$6 USD) - 2017/03/07 7:31:39 ET
Table 'Horemheb' 6-max Seat #5 is the button
Seat 5: tilion22 ($140.78 in chips)
Seat 6: B_loJkl ($401.90 in chips)
tilion22: posts small blind $1
B_loJkl: posts big blind $3
*** HOLE CARDS ***
tilion22: raises $3 to $6
B_loJkl: calls $3
*** FLOP *** [7h Ts 2s]
B_loJkl: checks
tilion22: bets $3
B_loJkl: calls $3
*** TURN *** [7h Ts 2s] [4d]
B_loJkl: checks
tilion22: bets $6
komornik joins the table at seat #2
B_loJkl: calls $6
*** RIVER *** [7h Ts 2s 4d] [6d]
B_loJkl: checks
tilion22: bets $6
B_loJkl: calls $6
*** SHOW DOWN ***
tilion22: shows [6h 4c] (two pair, Sixes and Fours)
B_loJkl: mucks hand
tilion22 collected $41.50 from pot
*** SUMMARY ***
Total pot $42 | Rake $0.50
Board [7h Ts 2s 4d 6d]
Seat 5: tilion22 (button) (small blind) showed [6h 4c] and won ($41.50) with two pair, Sixes and Fours
Seat 6: B_loJkl (big blind) mucked


PokerStars Hand #167240501257:  Hold'em Limit ($3/$6 USD) - 2017/03/07 7:31:17 ET
Table 'Horemheb' 6-max Seat #5 is the button
Seat 5: tilion22 ($141.02 in chips)
Seat 6: B_loJkl ($402.14 in chips)
tilion22: posts small blind $1
B_loJkl: posts big blind $3
*** HOLE CARDS ***
tilion22: raises $3 to $6
B_loJkl: calls $3
*** FLOP *** [7h Qc 2d]
B_loJkl: checks
tilion22: bets $3
B_loJkl: folds
Uncalled bet ($3) returned to tilion22
tilion22 collected $11.76 from pot
tilion22: doesn't show hand
*** SUMMARY ***
Total pot $12 | Rake $0.24
Board [7h Qc 2d]
Seat 5: tilion22 (button) (small blind) collected ($11.76)
Seat 6: B_loJkl (big blind) folded on the Flop


PokerStars Hand #167240550876:  Hold'em Limit ($3/$6 USD) - 2017/03/07 7:32:58 ET
Table 'Horemheb' 6-max Seat #2 is the button
Seat 2: komornik ($113 in chips)
Seat 6: B_loJkl ($398.64 in chips)
komornik: posts small blind $1
B_loJkl: posts big blind $3
*** HOLE CARDS ***
komornik: folds
Uncalled bet ($2) returned to B_loJkl
B_loJkl collected $2 from pot
B_loJkl: doesn't show hand
*** SUMMARY ***
Total pot $2 | Rake $0
Seat 2: komornik (button) (small blind) folded before Flop
Seat 6: B_loJkl (big blind) collected ($2)


PokerStars Hand #167240570511:  Hold'em Limit ($3/$6 USD) - 2017/03/07 7:33:38 ET
Table 'Horemheb' 6-max Seat #2 is the button
Seat 2: komornik ($129.50 in chips)
Seat 6: B_loJkl ($381.64 in chips)
komornik: posts small blind $1
B_loJkl: posts big blind $3
*** HOLE CARDS ***
komornik: raises $3 to $6
B_loJkl: raises $3 to $9
komornik: calls $3
*** FLOP *** [6s 6h 6c]
B_loJkl: bets $3
komornik: calls $3
*** TURN *** [6s 6h 6c] [3h]
B_loJkl: bets $6
komornik: raises $6 to $12
B_loJkl: calls $6
*** RIVER *** [6s 6h 6c 3h] [9h]
B_loJkl: checks
komornik: bets $6
B_loJkl: folds
Uncalled bet ($6) returned to komornik
komornik collected $47.50 from pot
komornik: doesn't show hand
*** SUMMARY ***
Total pot $48 | Rake $0.50
Board [6s 6h 6c 3h 9h]
Seat 2: komornik (button) (small blind) collected ($47.50)
Seat 6: B_loJkl (big blind) folded on the River


PokerStars Hand #167240603671:  Hold'em Limit ($3/$6 USD) - 2017/03/07 7:34:45 ET
Table 'Horemheb' 6-max Seat #5 is the button
Seat 5: tilion22 ($175.78 in chips)
Seat 6: B_loJkl ($330.64 in chips)
tilion22: posts small blind $1
B_loJkl: posts big blind $3
*** HOLE CARDS ***
tilion22: raises $3 to $6
B_loJkl: calls $3
*** FLOP *** [Kd 8s 5h]
B_loJkl: checks
tilion22: bets $3
B_loJkl: folds
Uncalled bet ($3) returned to tilion22
tilion22 collected $11.76 from pot
tilion22: doesn't show hand
*** SUMMARY ***
Total pot $12 | Rake $0.24
Board [Kd 8s 5h]
Seat 5: tilion22 (button) (small blind) collected ($11.76)
Seat 6: B_loJkl (big blind) folded on the Flop


PokerStars Hand #167240588446:  Hold'em Limit ($3/$6 USD) - 2017/03/07 7:34:14 ET
Table 'Horemheb' 6-max Seat #6 is the button
Seat 5: tilion22 ($149.28 in chips)
Seat 6: B_loJkl ($357.64 in chips)
komornik leaves the table
B_loJkl: posts small blind $1
tilion22: posts big blind $3
*** HOLE CARDS ***
B_loJkl: raises $3 to $6
tilion22: calls $3
*** FLOP *** [Ah 3d 6s]
tilion22: checks
B_loJkl: bets $3
tilion22: calls $3
*** TURN *** [Ah 3d 6s] [5s]
tilion22: checks
B_loJkl: bets $6
tilion22: raises $6 to $12
B_loJkl: calls $6
*** RIVER *** [Ah 3d 6s 5s] [4h]
tilion22: bets $6
B_loJkl: calls $6
*** SHOW DOWN ***
tilion22: shows [As 7c] (a straight, Three to Seven)
B_loJkl: mucks hand
tilion22 collected $53.50 from pot
*** SUMMARY ***
Total pot $54 | Rake $0.50
Board [Ah 3d 6s 5s 4h]
Seat 5: tilion22 (big blind) showed [As 7c] and won ($53.50) with a straight, Three to Seven
Seat 6: B_loJkl (button) (small blind) mucked


PokerStars Hand #167240608315:  Hold'em Limit ($3/$6 USD) - 2017/03/07 7:34:54 ET
Table 'Horemheb' 6-max Seat #6 is the button
Seat 5: tilion22 ($181.54 in chips)
Seat 6: B_loJkl ($324.64 in chips)
B_loJkl: posts small blind $1
tilion22: posts big blind $3
*** HOLE CARDS ***
B_loJkl: folds
Uncalled bet ($2) returned to tilion22
tilion22 collected $2 from pot
tilion22: doesn't show hand
*** SUMMARY ***
Total pot $2 | Rake $0
Seat 5: tilion22 (big blind) collected ($2)
Seat 6: B_loJkl (button) (small blind) folded before Flop


PokerStars Hand #167240610717:  Hold'em Limit ($3/$6 USD) - 2017/03/07 7:34:59 ET
Table 'Horemheb' 6-max Seat #5 is the button
Seat 5: tilion22 ($182.54 in chips)
Seat 6: B_loJkl ($323.64 in chips)
tilion22: posts small blind $1
B_loJkl: posts big blind $3
*** HOLE CARDS ***
tilion22: raises $3 to $6
B_loJkl: calls $3
*** FLOP *** [7s 2c Jc]
B_loJkl: checks
tilion22: bets $3
B_loJkl: raises $3 to $6
tilion22: folds
Uncalled bet ($3) returned to B_loJkl
B_loJkl collected $17.64 from pot
B_loJkl: doesn't show hand
*** SUMMARY ***
Total pot $18 | Rake $0.36
Board [7s 2c Jc]
Seat 5: tilion22 (button) (small blind) folded on the Flop
Seat 6: B_loJkl (big blind) collected ($17.64)


PokerStars Hand #167240632669:  Hold'em Limit ($3/$6 USD) - 2017/03/07 7:35:43 ET
Table 'Horemheb' 6-max Seat #6 is the button
Seat 5: tilion22 ($146.54 in chips)
Seat 6: B_loJkl ($358.54 in chips)
B_loJkl: posts small blind $1
tilion22: posts big blind $3
*** HOLE CARDS ***
B_loJkl: raises $3 to $6
tilion22: folds
Uncalled bet ($3) returned to B_loJkl
B_loJkl collected $6 from pot
B_loJkl: doesn't show hand
*** SUMMARY ***
Total pot $6 | Rake $0
Seat 5: tilion22 (big blind) folded before Flop
Seat 6: B_loJkl (button) (small blind) collected ($6)


PokerStars Hand #167240636356:  Hold'em Limit ($3/$6 USD) - 2017/03/07 7:35:50 ET
Table 'Horemheb' 6-max Seat #5 is the button
Seat 5: tilion22 ($143.54 in chips)
Seat 6: B_loJkl ($361.54 in chips)
tilion22: posts small blind $1
B_loJkl: posts big blind $3
*** HOLE CARDS ***
tilion22: raises $3 to $6
B_loJkl: calls $3
*** FLOP *** [As Kc 2s]
B_loJkl: checks
tilion22: bets $3
B_loJkl: calls $3
*** TURN *** [As Kc 2s] [Ad]
B_loJkl: checks
tilion22: bets $6
B_loJkl: calls $6
*** RIVER *** [As Kc 2s Ad] [5h]
B_loJkl: checks
tilion22: bets $6
B_loJkl: calls $6
*** SHOW DOWN ***
tilion22: shows [Kh 5s] (two pair, Aces and Kings)
B_loJkl: shows [Ks 2c] (two pair, Aces and Kings)
B_loJkl collected $20.75 from pot
tilion22 collected $20.75 from pot
*** SUMMARY ***
Total pot $42 | Rake $0.50
Board [As Kc 2s Ad 5h]
Seat 5: tilion22 (button) (small blind) showed [Kh 5s] and won ($20.75) with two pair, Aces and Kings
Seat 6: B_loJkl (big blind) showed [Ks 2c] and won ($20.75) with two pair, Aces and Kings


PokerStars Hand #167240618082:  Hold'em Limit ($3/$6 USD) - 2017/03/07 7:35:14 ET
Table 'Horemheb' 6-max Seat #6 is the button
Seat 5: tilion22 ($173.54 in chips)
Seat 6: B_loJkl ($332.28 in chips)
B_loJkl: posts small blind $1
tilion22: posts big blind $3
*** HOLE CARDS ***
B_loJkl: raises $3 to $6
tilion22: calls $3
*** FLOP *** [Ac Ks 9d]
tilion22: checks
B_loJkl: bets $3
tilion22: folds
Uncalled bet ($3) returned to B_loJkl
B_loJkl collected $11.76 from pot
B_loJkl: doesn't show hand
*** SUMMARY ***
Total pot $12 | Rake $0.24
Board [Ac Ks 9d]
Seat 5: tilion22 (big blind) folded on the Flop
Seat 6: B_loJkl (button) (small blind) collected ($11.76)


PokerStars Hand #167240624850:  Hold'em Limit ($3/$6 USD) - 2017/03/07 7:35:27 ET
Table 'Horemheb' 6-max Seat #5 is the button
Seat 5: tilion22 ($167.54 in chips)
Seat 6: B_loJkl ($338.04 in chips)
tilion22: posts small blind $1
B_loJkl: posts big blind $3
*** HOLE CARDS ***
tilion22: raises $3 to $6
B_loJkl: calls $3
*** FLOP *** [4c Jh Qh]
B_loJkl: checks
tilion22: bets $3
B_loJkl: raises $3 to $6
tilion22: raises $3 to $9
B_loJkl: calls $3
*** TURN *** [4c Jh Qh] [4s]
B_loJkl: checks
tilion22: bets $6
B_loJkl: calls $6
*** RIVER *** [4c Jh Qh 4s] [3h]
B_loJkl: checks
tilion22: checks
*** SHOW DOWN ***
B_loJkl: shows [2d Qd] (two pair, Queens and Fours)
tilion22: mucks hand
B_loJkl collected $41.50 from pot
*** SUMMARY ***
Total pot $42 | Rake $0.50
Board [4c Jh Qh 4s 3h]
Seat 5: tilion22 (button) (small blind) mucked
Seat 6: B_loJkl (big blind) showed [2d Qd] and won ($41.50) with two pair, Queens and Fours


