PokerStars Hand #153278432629:  Hold'em Limit ($3/$6 USD) - 2016/05/13 20:20:35 ET
Table 'Horemheb' 6-max Seat #3 is the button
Seat 3: buddhasway ($90 in chips)
Seat 4: BuzovaPro ($72 in chips)
buddhasway: posts small blind $1
BuzovaPro: posts big blind $3
*** HOLE CARDS ***
buddhasway: raises $3 to $6
BuzovaPro: folds
Uncalled bet ($3) returned to buddhasway
buddhasway collected $6 from pot
buddhasway: doesn't show hand
*** SUMMARY ***
Total pot $6 | Rake $0
Seat 3: buddhasway (button) (small blind) collected ($6)
Seat 4: BuzovaPro (big blind) folded before Flop


PokerStars Hand #153278453546:  Hold'em Limit ($3/$6 USD) - 2016/05/13 20:21:16 ET
Table 'Horemheb' 6-max Seat #4 is the button
Seat 3: buddhasway ($93 in chips)
Seat 4: BuzovaPro ($72 in chips)
BuzovaPro: posts small blind $1
buddhasway: posts big blind $3
*** HOLE CARDS ***
BuzovaPro: folds
Uncalled bet ($2) returned to buddhasway
buddhasway collected $2 from pot
buddhasway: doesn't show hand
*** SUMMARY ***
Total pot $2 | Rake $0
Seat 3: buddhasway (big blind) collected ($2)
Seat 4: BuzovaPro (button) (small blind) folded before Flop


PokerStars Hand #153278466033:  Hold'em Limit ($3/$6 USD) - 2016/05/13 20:21:39 ET
Table 'Horemheb' 6-max Seat #4 is the button
Seat 3: buddhasway ($93 in chips)
Seat 4: BuzovaPro ($73 in chips)
BuzovaPro: posts small blind $1
buddhasway: posts big blind $3
*** HOLE CARDS ***
BuzovaPro: folds
Uncalled bet ($2) returned to buddhasway
buddhasway collected $2 from pot
buddhasway: doesn't show hand
*** SUMMARY ***
Total pot $2 | Rake $0
Seat 3: buddhasway (big blind) collected ($2)
Seat 4: BuzovaPro (button) (small blind) folded before Flop


PokerStars Hand #153278460916:  Hold'em Limit ($3/$6 USD) - 2016/05/13 20:21:30 ET
Table 'Horemheb' 6-max Seat #3 is the button
Seat 3: buddhasway ($94 in chips)
Seat 4: BuzovaPro ($72 in chips)
buddhasway: posts small blind $1
BuzovaPro: posts big blind $3
*** HOLE CARDS ***
buddhasway: folds
Uncalled bet ($2) returned to BuzovaPro
BuzovaPro collected $2 from pot
BuzovaPro: doesn't show hand
*** SUMMARY ***
Total pot $2 | Rake $0
Seat 3: buddhasway (button) (small blind) folded before Flop
Seat 4: BuzovaPro (big blind) collected ($2)


PokerStars Hand #153278469093:  Hold'em Limit ($3/$6 USD) - 2016/05/13 20:21:45 ET
Table 'Horemheb' 6-max Seat #3 is the button
Seat 3: buddhasway ($94 in chips)
Seat 4: BuzovaPro ($72 in chips)
buddhasway: posts small blind $1
BuzovaPro: posts big blind $3
*** HOLE CARDS ***
buddhasway: raises $3 to $6
BuzovaPro: calls $3
*** FLOP *** [Td 3c 2c]
BuzovaPro: checks
buddhasway: bets $3
BuzovaPro: calls $3
*** TURN *** [Td 3c 2c] [Qh]
BuzovaPro: checks
BigMoe77 joins the table at seat #6
buddhasway: bets $6
BuzovaPro: calls $6
*** RIVER *** [Td 3c 2c Qh] [4c]
BuzovaPro: checks
buddhasway: checks
*** SHOW DOWN ***
BuzovaPro: shows [4d Ad] (a pair of Fours)
buddhasway: mucks hand
BuzovaPro collected $29.50 from pot
*** SUMMARY ***
Total pot $30 | Rake $0.50
Board [Td 3c 2c Qh 4c]
Seat 3: buddhasway (button) (small blind) mucked
Seat 4: BuzovaPro (big blind) showed [4d Ad] and won ($29.50) with a pair of Fours


PokerStars Hand #153279088463:  Hold'em Limit ($3/$6 USD) - 2016/05/13 20:41:53 ET
Table 'Horemheb' 6-max Seat #6 is the button
Seat 4: BuzovaPro ($144.01 in chips)
Seat 6: BigMoe77 ($159.68 in chips)
BigMoe77: posts small blind $1
Pti4ka_Tucan was removed from the table for failing to post
BuzovaPro: posts big blind $3
*** HOLE CARDS ***
BigMoe77: folds
Uncalled bet ($2) returned to BuzovaPro
BuzovaPro collected $2 from pot
BuzovaPro: doesn't show hand
*** SUMMARY ***
Total pot $2 | Rake $0
Seat 4: BuzovaPro (big blind) collected ($2)
Seat 6: BigMoe77 (button) (small blind) folded before Flop


PokerStars Hand #153279148525:  Hold'em Limit ($3/$6 USD) - 2016/05/13 20:43:55 ET
Table 'Horemheb' 6-max Seat #5 is the button
Seat 5: buddhasway ($100 in chips)
Seat 6: Chessnok ($120 in chips)
buddhasway: posts small blind $1
Chessnok: posts big blind $3
*** HOLE CARDS ***
buddhasway: folds
Uncalled bet ($2) returned to Chessnok
Chessnok collected $2 from pot
Chessnok: doesn't show hand
*** SUMMARY ***
Total pot $2 | Rake $0
Seat 5: buddhasway (button) (small blind) folded before Flop
Seat 6: Chessnok (big blind) collected ($2)


PokerStars Hand #153279157006:  Hold'em Limit ($3/$6 USD) - 2016/05/13 20:44:12 ET
Table 'Horemheb' 6-max Seat #6 is the button
Seat 5: buddhasway ($99 in chips)
Seat 6: Chessnok ($121 in chips)
Chessnok: posts small blind $1
buddhasway: posts big blind $3
*** HOLE CARDS ***
Chessnok: calls $2
buddhasway: checks
*** FLOP *** [Jc Tc Qc]
buddhasway: checks
Chessnok: checks
*** TURN *** [Jc Tc Qc] [7c]
buddhasway: checks
Chessnok: bets $6
buddhasway: folds
Uncalled bet ($6) returned to Chessnok
Chessnok collected $5.88 from pot
Chessnok: doesn't show hand
*** SUMMARY ***
Total pot $6 | Rake $0.12
Board [Jc Tc Qc 7c]
Seat 5: buddhasway (big blind) folded on the Turn
Seat 6: Chessnok (button) (small blind) collected ($5.88)


PokerStars Hand #153279184757:  Hold'em Limit ($3/$6 USD) - 2016/05/13 20:45:08 ET
Table 'Horemheb' 6-max Seat #6 is the button
Seat 5: buddhasway ($75 in chips)
Seat 6: Chessnok ($144.38 in chips)
Chessnok: posts small blind $1
buddhasway: posts big blind $3
*** HOLE CARDS ***
Chessnok: folds
Uncalled bet ($2) returned to buddhasway
buddhasway collected $2 from pot
buddhasway: doesn't show hand
*** SUMMARY ***
Total pot $2 | Rake $0
Seat 5: buddhasway (big blind) collected ($2)
Seat 6: Chessnok (button) (small blind) folded before Flop


PokerStars Hand #153279170043:  Hold'em Limit ($3/$6 USD) - 2016/05/13 20:44:38 ET
Table 'Horemheb' 6-max Seat #5 is the button
Seat 5: buddhasway ($96 in chips)
Seat 6: Chessnok ($123.88 in chips)
buddhasway: posts small blind $1
Chessnok: posts big blind $3
*** HOLE CARDS ***
buddhasway: raises $3 to $6
Chessnok: calls $3
*** FLOP *** [3c Kc 4h]
Chessnok: checks
buddhasway: bets $3
Chessnok: calls $3
*** TURN *** [3c Kc 4h] [4s]
Chessnok: checks
buddhasway: bets $6
Chessnok: calls $6
*** RIVER *** [3c Kc 4h 4s] [6h]
Chessnok: checks
buddhasway: bets $6
Chessnok: calls $6
*** SHOW DOWN ***
buddhasway: shows [8h Ts] (a pair of Fours)
Chessnok: shows [7s Ad] (a pair of Fours - Ace kicker)
Chessnok collected $41.50 from pot
*** SUMMARY ***
Total pot $42 | Rake $0.50
Board [3c Kc 4h 4s 6h]
Seat 5: buddhasway (button) (small blind) showed [8h Ts] and lost with a pair of Fours
Seat 6: Chessnok (big blind) showed [7s Ad] and won ($41.50) with a pair of Fours


PokerStars Hand #153279187429:  Hold'em Limit ($3/$6 USD) - 2016/05/13 20:45:14 ET
Table 'Horemheb' 6-max Seat #5 is the button
Seat 5: buddhasway ($76 in chips)
Seat 6: Chessnok ($143.38 in chips)
buddhasway: posts small blind $1
Chessnok: posts big blind $3
*** HOLE CARDS ***
buddhasway: calls $2
Chessnok: raises $3 to $6
buddhasway: calls $3
*** FLOP *** [Jh Tc Js]
Chessnok: bets $3
buddhasway: calls $3
*** TURN *** [Jh Tc Js] [Qs]
Chessnok: bets $6
buddhasway: calls $6
*** RIVER *** [Jh Tc Js Qs] [9c]
Chessnok: checks
buddhasway: checks
*** SHOW DOWN ***
Chessnok: shows [Ts 7h] (two pair, Jacks and Tens)
buddhasway: shows [Td 3d] (two pair, Jacks and Tens)
Chessnok collected $14.75 from pot
buddhasway collected $14.75 from pot
*** SUMMARY ***
Total pot $30 | Rake $0.50
Board [Jh Tc Js Qs 9c]
Seat 5: buddhasway (button) (small blind) showed [Td 3d] and won ($14.75) with two pair, Jacks and Tens
Seat 6: Chessnok (big blind) showed [Ts 7h] and won ($14.75) with two pair, Jacks and Tens


PokerStars Hand #153279213445:  Hold'em Limit ($3/$6 USD) - 2016/05/13 20:46:06 ET
Table 'Horemheb' 6-max Seat #5 is the button
Seat 5: buddhasway ($90.25 in chips)
Seat 6: Chessnok ($128.13 in chips)
buddhasway: posts small blind $1
Chessnok: posts big blind $3
*** HOLE CARDS ***
buddhasway: folds
Uncalled bet ($2) returned to Chessnok
Chessnok collected $2 from pot
Chessnok: doesn't show hand
*** SUMMARY ***
Total pot $2 | Rake $0
Seat 5: buddhasway (button) (small blind) folded before Flop
Seat 6: Chessnok (big blind) collected ($2)


PokerStars Hand #153279201542:  Hold'em Limit ($3/$6 USD) - 2016/05/13 20:45:42 ET
Table 'Horemheb' 6-max Seat #6 is the button
Seat 5: buddhasway ($75.75 in chips)
Seat 6: Chessnok ($143.13 in chips)
Chessnok: posts small blind $1
buddhasway: posts big blind $3
*** HOLE CARDS ***
Chessnok: raises $3 to $6
buddhasway: calls $3
*** FLOP *** [Ts Jc Td]
buddhasway: checks
Chessnok: bets $3
buddhasway: calls $3
*** TURN *** [Ts Jc Td] [Kd]
buddhasway: checks
Chessnok: checks
*** RIVER *** [Ts Jc Td Kd] [Ad]
buddhasway: bets $6
Chessnok: calls $6
*** SHOW DOWN ***
buddhasway: shows [4c Qd] (a straight, Ten to Ace)
Chessnok: mucks hand
buddhasway collected $29.50 from pot
*** SUMMARY ***
Total pot $30 | Rake $0.50
Board [Ts Jc Td Kd Ad]
Seat 5: buddhasway (big blind) showed [4c Qd] and won ($29.50) with a straight, Ten to Ace
Seat 6: Chessnok (button) (small blind) mucked


PokerStars Hand #153279216397:  Hold'em Limit ($3/$6 USD) - 2016/05/13 20:46:12 ET
Table 'Horemheb' 6-max Seat #6 is the button
Seat 5: buddhasway ($89.25 in chips)
Seat 6: Chessnok ($129.13 in chips)
Chessnok: posts small blind $1
buddhasway: posts big blind $3
*** HOLE CARDS ***
Chessnok: raises $3 to $6
buddhasway: raises $3 to $9
Chessnok: calls $3
*** FLOP *** [4s 4d 7s]
buddhasway: bets $3
Chessnok: calls $3
*** TURN *** [4s 4d 7s] [4h]
buddhasway: bets $6
Chessnok: calls $6
*** RIVER *** [4s 4d 7s 4h] [3c]
buddhasway: bets $6
Chessnok: calls $6
*** SHOW DOWN ***
buddhasway: shows [7h Ad] (a full house, Fours full of Sevens)
Chessnok: mucks hand
buddhasway collected $47.50 from pot
*** SUMMARY ***
Total pot $48 | Rake $0.50
Board [4s 4d 7s 4h 3c]
Seat 5: buddhasway (big blind) showed [7h Ad] and won ($47.50) with a full house, Fours full of Sevens
Seat 6: Chessnok (button) (small blind) mucked


PokerStars Hand #153279229473:  Hold'em Limit ($3/$6 USD) - 2016/05/13 20:46:39 ET
Table 'Horemheb' 6-max Seat #5 is the button
Seat 5: buddhasway ($112.75 in chips)
Seat 6: Chessnok ($105.13 in chips)
buddhasway: posts small blind $1
Chessnok: posts big blind $3
*** HOLE CARDS ***
buddhasway: raises $3 to $6
Chessnok: folds
Uncalled bet ($3) returned to buddhasway
buddhasway collected $6 from pot
buddhasway: doesn't show hand
*** SUMMARY ***
Total pot $6 | Rake $0
Seat 5: buddhasway (button) (small blind) collected ($6)
Seat 6: Chessnok (big blind) folded before Flop


PokerStars Hand #153279234155:  Hold'em Limit ($3/$6 USD) - 2016/05/13 20:46:48 ET
Table 'Horemheb' 6-max Seat #6 is the button
Seat 5: buddhasway ($115.75 in chips)
Seat 6: Chessnok ($102.13 in chips)
Chessnok: posts small blind $1
buddhasway: posts big blind $3
*** HOLE CARDS ***
Chessnok: raises $3 to $6
buddhasway: calls $3
*** FLOP *** [3d 5d Ac]
buddhasway: checks
Chessnok: bets $3
buddhasway: calls $3
*** TURN *** [3d 5d Ac] [5h]
buddhasway: checks
Chessnok: bets $6
buddhasway: calls $6
*** RIVER *** [3d 5d Ac 5h] [7h]
buddhasway: bets $6
Chessnok: folds
Uncalled bet ($6) returned to buddhasway
buddhasway collected $29.50 from pot
buddhasway: doesn't show hand
*** SUMMARY ***
Total pot $30 | Rake $0.50
Board [3d 5d Ac 5h 7h]
Seat 5: buddhasway (big blind) collected ($29.50)
Seat 6: Chessnok (button) (small blind) folded on the River


PokerStars Hand #153279266156:  Hold'em Limit ($3/$6 USD) - 2016/05/13 20:47:54 ET
Table 'Horemheb' 6-max Seat #5 is the button
Seat 5: buddhasway ($135.01 in chips)
Seat 6: Chessnok ($82.13 in chips)
buddhasway: posts small blind $1
Chessnok: posts big blind $3
*** HOLE CARDS ***
buddhasway: folds
Uncalled bet ($2) returned to Chessnok
Chessnok collected $2 from pot
Chessnok: doesn't show hand
*** SUMMARY ***
Total pot $2 | Rake $0
Seat 5: buddhasway (button) (small blind) folded before Flop
Seat 6: Chessnok (big blind) collected ($2)


PokerStars Hand #153279254309:  Hold'em Limit ($3/$6 USD) - 2016/05/13 20:47:29 ET
Table 'Horemheb' 6-max Seat #5 is the button
Seat 5: buddhasway ($130.25 in chips)
Seat 6: Chessnok ($87.13 in chips)
buddhasway: posts small blind $1
Chessnok: posts big blind $3
*** HOLE CARDS ***
buddhasway: folds
Uncalled bet ($2) returned to Chessnok
Chessnok collected $2 from pot
Chessnok: doesn't show hand
*** SUMMARY ***
Total pot $2 | Rake $0
Seat 5: buddhasway (button) (small blind) folded before Flop
Seat 6: Chessnok (big blind) collected ($2)


PokerStars Hand #153279269169:  Hold'em Limit ($3/$6 USD) - 2016/05/13 20:48:00 ET
Table 'Horemheb' 6-max Seat #6 is the button
Seat 5: buddhasway ($134.01 in chips)
Seat 6: Chessnok ($83.13 in chips)
Chessnok: posts small blind $1
buddhasway: posts big blind $3
*** HOLE CARDS ***
Chessnok: raises $3 to $6
buddhasway: calls $3
*** FLOP *** [Jh Ad 2s]
buddhasway: checks
Chessnok: bets $3
buddhasway: folds
Uncalled bet ($3) returned to Chessnok
Chessnok collected $11.76 from pot
Chessnok: doesn't show hand
*** SUMMARY ***
Total pot $12 | Rake $0.24
Board [Jh Ad 2s]
Seat 5: buddhasway (big blind) folded on the Flop
Seat 6: Chessnok (button) (small blind) collected ($11.76)


PokerStars Hand #153279293077:  Hold'em Limit ($3/$6 USD) - 2016/05/13 20:48:49 ET
Table 'Horemheb' 6-max Seat #6 is the button
Seat 5: buddhasway ($125.01 in chips)
Seat 6: Chessnok ($91.77 in chips)
Chessnok: posts small blind $1
buddhasway: posts big blind $3
*** HOLE CARDS ***
Chessnok: raises $3 to $6
buddhasway: calls $3
*** FLOP *** [7s 5d Kc]
buddhasway: checks
Chessnok: bets $3
buddhasway: raises $3 to $6
Chessnok: folds
Uncalled bet ($3) returned to buddhasway
buddhasway collected $17.64 from pot
buddhasway: doesn't show hand
*** SUMMARY ***
Total pot $18 | Rake $0.36
Board [7s 5d Kc]
Seat 5: buddhasway (big blind) collected ($17.64)
Seat 6: Chessnok (button) (small blind) folded on the Flop


PokerStars Hand #153279283596:  Hold'em Limit ($3/$6 USD) - 2016/05/13 20:48:29 ET
Table 'Horemheb' 6-max Seat #5 is the button
Seat 5: buddhasway ($128.01 in chips)
Seat 6: Chessnok ($88.89 in chips)
buddhasway: posts small blind $1
Chessnok: posts big blind $3
*** HOLE CARDS ***
buddhasway: calls $2
Chessnok: checks
*** FLOP *** [Td 9d 3h]
Chessnok: bets $3
buddhasway: folds
Uncalled bet ($3) returned to Chessnok
Chessnok collected $5.88 from pot
Chessnok: doesn't show hand
*** SUMMARY ***
Total pot $6 | Rake $0.12
Board [Td 9d 3h]
Seat 5: buddhasway (button) (small blind) folded on the Flop
Seat 6: Chessnok (big blind) collected ($5.88)


PokerStars Hand #153279339868:  Hold'em Limit ($3/$6 USD) - 2016/05/13 20:50:26 ET
Table 'Horemheb' 6-max Seat #6 is the button
Seat 5: buddhasway ($115.65 in chips)
Seat 6: Chessnok ($99.93 in chips)
Chessnok: posts small blind $1
buddhasway: posts big blind $3
*** HOLE CARDS ***
Chessnok: folds
Uncalled bet ($2) returned to buddhasway
buddhasway collected $2 from pot
buddhasway: doesn't show hand
*** SUMMARY ***
Total pot $2 | Rake $0
Seat 5: buddhasway (big blind) collected ($2)
Seat 6: Chessnok (button) (small blind) folded before Flop


PokerStars Hand #153279326911:  Hold'em Limit ($3/$6 USD) - 2016/05/13 20:49:59 ET
Table 'Horemheb' 6-max Seat #5 is the button
Seat 5: buddhasway ($127.65 in chips)
Seat 6: Chessnok ($88.41 in chips)
buddhasway: posts small blind $1
Chessnok: posts big blind $3
*** HOLE CARDS ***
buddhasway: calls $2
Chessnok: checks
*** FLOP *** [4c 7c Js]
Chessnok: bets $3
buddhasway: calls $3
*** TURN *** [4c 7c Js] [6d]
Chessnok: bets $6
buddhasway: calls $6
*** RIVER *** [4c 7c Js 6d] [4d]
Chessnok: checks
buddhasway: checks
*** SHOW DOWN ***
Chessnok: shows [8h 6c] (two pair, Sixes and Fours)
buddhasway: mucks hand
Chessnok collected $23.52 from pot
*** SUMMARY ***
Total pot $24 | Rake $0.48
Board [4c 7c Js 6d 4d]
Seat 5: buddhasway (button) (small blind) mucked
Seat 6: Chessnok (big blind) showed [8h 6c] and won ($23.52) with two pair, Sixes and Fours


PokerStars Hand #153279312436:  Hold'em Limit ($3/$6 USD) - 2016/05/13 20:49:28 ET
Table 'Horemheb' 6-max Seat #5 is the button
Seat 5: buddhasway ($133.65 in chips)
Seat 6: Chessnok ($82.77 in chips)
buddhasway: posts small blind $1
Chessnok: posts big blind $3
*** HOLE CARDS ***
buddhasway: raises $3 to $6
Chessnok: folds
Uncalled bet ($3) returned to buddhasway
buddhasway collected $6 from pot
buddhasway: doesn't show hand
*** SUMMARY ***
Total pot $6 | Rake $0
Seat 5: buddhasway (button) (small blind) collected ($6)
Seat 6: Chessnok (big blind) folded before Flop


PokerStars Hand #153279317341:  Hold'em Limit ($3/$6 USD) - 2016/05/13 20:49:39 ET
Table 'Horemheb' 6-max Seat #6 is the button
Seat 5: buddhasway ($136.65 in chips)
Seat 6: Chessnok ($79.77 in chips)
Chessnok: posts small blind $1
buddhasway: posts big blind $3
*** HOLE CARDS ***
Chessnok: raises $3 to $6
buddhasway: calls $3
*** FLOP *** [8d Ac 9h]
buddhasway: checks
Chessnok: bets $3
buddhasway: calls $3
*** TURN *** [8d Ac 9h] [3s]
buddhasway: checks
Chessnok: bets $6
buddhasway: folds
Uncalled bet ($6) returned to Chessnok
Chessnok collected $17.64 from pot
Chessnok: doesn't show hand
*** SUMMARY ***
Total pot $18 | Rake $0.36
Board [8d Ac 9h 3s]
Seat 5: buddhasway (big blind) folded on the Turn
Seat 6: Chessnok (button) (small blind) collected ($17.64)


PokerStars Hand #153279342248:  Hold'em Limit ($3/$6 USD) - 2016/05/13 20:50:31 ET
Table 'Horemheb' 6-max Seat #5 is the button
Seat 5: buddhasway ($116.65 in chips)
Seat 6: Chessnok ($98.93 in chips)
buddhasway: posts small blind $1
Chessnok: posts big blind $3
*** HOLE CARDS ***
buddhasway: raises $3 to $6
Chessnok: calls $3
*** FLOP *** [7d 5d Ad]
Chessnok: bets $3
buddhasway: raises $3 to $6
Chessnok: raises $3 to $9
buddhasway: calls $3
*** TURN *** [7d 5d Ad] [2h]
Chessnok: bets $6
buddhasway: calls $6
*** RIVER *** [7d 5d Ad 2h] [Qs]
Chessnok: bets $6
buddhasway: calls $6
*** SHOW DOWN ***
Chessnok: shows [As 8d] (a pair of Aces)
buddhasway: mucks hand
Chessnok collected $53.50 from pot
*** SUMMARY ***
Total pot $54 | Rake $0.50
Board [7d 5d Ad 2h Qs]
Seat 5: buddhasway (button) (small blind) mucked
Seat 6: Chessnok (big blind) showed [As 8d] and won ($53.50) with a pair of Aces


PokerStars Hand #153279376360:  Hold'em Limit ($3/$6 USD) - 2016/05/13 20:51:43 ET
Table 'Horemheb' 6-max Seat #5 is the button
Seat 5: buddhasway ($68.65 in chips)
Seat 6: Chessnok ($145.93 in chips)
buddhasway: posts small blind $1
Chessnok: posts big blind $3
*** HOLE CARDS ***
buddhasway: folds
Uncalled bet ($2) returned to Chessnok
Chessnok collected $2 from pot
Chessnok: doesn't show hand
*** SUMMARY ***
Total pot $2 | Rake $0
Seat 5: buddhasway (button) (small blind) folded before Flop
Seat 6: Chessnok (big blind) collected ($2)


PokerStars Hand #153279360220:  Hold'em Limit ($3/$6 USD) - 2016/05/13 20:51:08 ET
Table 'Horemheb' 6-max Seat #6 is the button
Seat 5: buddhasway ($89.65 in chips)
Seat 6: Chessnok ($125.43 in chips)
Chessnok: posts small blind $1
buddhasway: posts big blind $3
*** HOLE CARDS ***
Chessnok: raises $3 to $6
buddhasway: calls $3
*** FLOP *** [3h Ad Ts]
buddhasway: checks
Chessnok: bets $3
buddhasway: calls $3
*** TURN *** [3h Ad Ts] [Th]
buddhasway: checks
Chessnok: bets $6
buddhasway: calls $6
*** RIVER *** [3h Ad Ts Th] [Qs]
buddhasway: checks
Chessnok: bets $6
buddhasway: calls $6
*** SHOW DOWN ***
Chessnok: shows [Qh 8s] (two pair, Queens and Tens)
buddhasway: mucks hand
Chessnok collected $41.50 from pot
*** SUMMARY ***
Total pot $42 | Rake $0.50
Board [3h Ad Ts Th Qs]
Seat 5: buddhasway (big blind) mucked
Seat 6: Chessnok (button) (small blind) showed [Qh 8s] and won ($41.50) with two pair, Queens and Tens


PokerStars Hand #153279379699:  Hold'em Limit ($3/$6 USD) - 2016/05/13 20:51:50 ET
Table 'Horemheb' 6-max Seat #6 is the button
Seat 5: buddhasway ($67.65 in chips)
Seat 6: Chessnok ($146.93 in chips)
Chessnok: posts small blind $1
buddhasway: posts big blind $3
*** HOLE CARDS ***
Chessnok: raises $3 to $6
buddhasway: folds
Uncalled bet ($3) returned to Chessnok
Chessnok collected $6 from pot
Chessnok: doesn't show hand
*** SUMMARY ***
Total pot $6 | Rake $0
Seat 5: buddhasway (big blind) folded before Flop
Seat 6: Chessnok (button) (small blind) collected ($6)


PokerStars Hand #153279384297:  Hold'em Limit ($3/$6 USD) - 2016/05/13 20:51:59 ET
Table 'Horemheb' 6-max Seat #5 is the button
Seat 5: buddhasway ($64.65 in chips)
Seat 6: Chessnok ($149.93 in chips)
buddhasway: posts small blind $1
Chessnok: posts big blind $3
*** HOLE CARDS ***
buddhasway: raises $3 to $6
Chessnok: folds
Uncalled bet ($3) returned to buddhasway
buddhasway collected $6 from pot
buddhasway: doesn't show hand
*** SUMMARY ***
Total pot $6 | Rake $0
Seat 5: buddhasway (button) (small blind) collected ($6)
Seat 6: Chessnok (big blind) folded before Flop


PokerStars Hand #153279389390:  Hold'em Limit ($3/$6 USD) - 2016/05/13 20:52:10 ET
Table 'Horemheb' 6-max Seat #6 is the button
Seat 5: buddhasway ($67.65 in chips)
Seat 6: Chessnok ($146.93 in chips)
Chessnok: posts small blind $1
buddhasway: posts big blind $3
*** HOLE CARDS ***
Chessnok: raises $3 to $6
buddhasway: calls $3
*** FLOP *** [2s 4c Jc]
buddhasway: checks
Chessnok: bets $3
buddhasway: raises $3 to $6
Chessnok: calls $3
*** TURN *** [2s 4c Jc] [8h]
buddhasway: bets $6
Chessnok: calls $6
*** RIVER *** [2s 4c Jc 8h] [7s]
buddhasway: bets $6
Chessnok: calls $6
*** SHOW DOWN ***
buddhasway: shows [2c 8d] (two pair, Eights and Deuces)
Chessnok: mucks hand
buddhasway collected $47.50 from pot
*** SUMMARY ***
Total pot $48 | Rake $0.50
Board [2s 4c Jc 8h 7s]
Seat 5: buddhasway (big blind) showed [2c 8d] and won ($47.50) with two pair, Eights and Deuces
Seat 6: Chessnok (button) (small blind) mucked


PokerStars Hand #153279408040:  Hold'em Limit ($3/$6 USD) - 2016/05/13 20:52:49 ET
Table 'Horemheb' 6-max Seat #5 is the button
Seat 5: buddhasway ($91.15 in chips)
Seat 6: Chessnok ($122.93 in chips)
buddhasway: posts small blind $1
Chessnok: posts big blind $3
*** HOLE CARDS ***
buddhasway: raises $3 to $6
Chessnok: folds
Uncalled bet ($3) returned to buddhasway
buddhasway collected $6 from pot
buddhasway: doesn't show hand
*** SUMMARY ***
Total pot $6 | Rake $0
Seat 5: buddhasway (button) (small blind) collected ($6)
Seat 6: Chessnok (big blind) folded before Flop


PokerStars Hand #153279428180:  Hold'em Limit ($3/$6 USD) - 2016/05/13 20:53:31 ET
Table 'Horemheb' 6-max Seat #5 is the button
Seat 5: buddhasway ($73.15 in chips)
Seat 6: Chessnok ($140.43 in chips)
buddhasway: posts small blind $1
Chessnok: posts big blind $3
*** HOLE CARDS ***
buddhasway: raises $3 to $6
Chessnok: calls $3
*** FLOP *** [7h Kc 6d]
Chessnok: checks
buddhasway: bets $3
Chessnok: folds
Uncalled bet ($3) returned to buddhasway
buddhasway collected $11.76 from pot
buddhasway: doesn't show hand
*** SUMMARY ***
Total pot $12 | Rake $0.24
Board [7h Kc 6d]
Seat 5: buddhasway (button) (small blind) collected ($11.76)
Seat 6: Chessnok (big blind) folded on the Flop


PokerStars Hand #153279434158:  Hold'em Limit ($3/$6 USD) - 2016/05/13 20:53:44 ET
Table 'Horemheb' 6-max Seat #6 is the button
Seat 5: buddhasway ($78.91 in chips)
Seat 6: Chessnok ($134.43 in chips)
Chessnok: posts small blind $1
buddhasway: posts big blind $3
*** HOLE CARDS ***
Chessnok: raises $3 to $6
buddhasway: calls $3
*** FLOP *** [2d 8d Js]
buddhasway: checks
Chessnok: bets $3
buddhasway: folds
Uncalled bet ($3) returned to Chessnok
Chessnok collected $11.76 from pot
Chessnok: doesn't show hand
*** SUMMARY ***
Total pot $12 | Rake $0.24
Board [2d 8d Js]
Seat 5: buddhasway (big blind) folded on the Flop
Seat 6: Chessnok (button) (small blind) collected ($11.76)


PokerStars Hand #153279442262:  Hold'em Limit ($3/$6 USD) - 2016/05/13 20:54:01 ET
Table 'Horemheb' 6-max Seat #5 is the button
Seat 5: buddhasway ($72.91 in chips)
Seat 6: Chessnok ($140.19 in chips)
buddhasway: posts small blind $1
Chessnok: posts big blind $3
*** HOLE CARDS ***
buddhasway: raises $3 to $6
Chessnok: calls $3
*** FLOP *** [4c 7h Jc]
Chessnok: checks
buddhasway: bets $3
Chessnok: calls $3
*** TURN *** [4c 7h Jc] [Qh]
Chessnok: checks
buddhasway: bets $6
Chessnok: folds
Uncalled bet ($6) returned to buddhasway
buddhasway collected $17.64 from pot
buddhasway: doesn't show hand
*** SUMMARY ***
Total pot $18 | Rake $0.36
Board [4c 7h Jc Qh]
Seat 5: buddhasway (button) (small blind) collected ($17.64)
Seat 6: Chessnok (big blind) folded on the Turn


PokerStars Hand #153279471120:  Hold'em Limit ($3/$6 USD) - 2016/05/13 20:54:47 ET
Table 'Horemheb' 6-max Seat #5 is the button
Seat 5: buddhasway ($90.19 in chips)
Seat 6: Chessnok ($122.19 in chips)
buddhasway: posts small blind $1
Chessnok: posts big blind $3
*** HOLE CARDS ***
buddhasway: raises $3 to $6
Chessnok: calls $3
*** FLOP *** [9c 2h 6s]
Chessnok: checks
buddhasway: bets $3
Chessnok: calls $3
*** TURN *** [9c 2h 6s] [Ac]
Chessnok: checks
buddhasway: bets $6
Chessnok: raises $6 to $12
buddhasway: folds
Uncalled bet ($6) returned to Chessnok
Chessnok collected $29.50 from pot
Chessnok: doesn't show hand
*** SUMMARY ***
Total pot $30 | Rake $0.50
Board [9c 2h 6s Ac]
Seat 5: buddhasway (button) (small blind) folded on the Turn
Seat 6: Chessnok (big blind) collected ($29.50)


PokerStars Hand #153279469059:  Hold'em Limit ($3/$6 USD) - 2016/05/13 20:54:43 ET
Table 'Horemheb' 6-max Seat #6 is the button
Seat 5: buddhasway ($89.19 in chips)
Seat 6: Chessnok ($123.19 in chips)
Chessnok: posts small blind $1
buddhasway: posts big blind $3
*** HOLE CARDS ***
Chessnok: folds
Uncalled bet ($2) returned to buddhasway
buddhasway collected $2 from pot
buddhasway: doesn't show hand
*** SUMMARY ***
Total pot $2 | Rake $0
Seat 5: buddhasway (big blind) collected ($2)
Seat 6: Chessnok (button) (small blind) folded before Flop


PokerStars Hand #153279466341:  Hold'em Limit ($3/$6 USD) - 2016/05/13 20:54:37 ET
Table 'Horemheb' 6-max Seat #5 is the button
Seat 5: buddhasway ($90.19 in chips)
Seat 6: Chessnok ($122.19 in chips)
buddhasway: posts small blind $1
Chessnok: posts big blind $3
*** HOLE CARDS ***
buddhasway: folds
Uncalled bet ($2) returned to Chessnok
Chessnok collected $2 from pot
Chessnok: doesn't show hand
*** SUMMARY ***
Total pot $2 | Rake $0
Seat 5: buddhasway (button) (small blind) folded before Flop
Seat 6: Chessnok (big blind) collected ($2)


PokerStars Hand #153279451719:  Hold'em Limit ($3/$6 USD) - 2016/05/13 20:54:21 ET
Table 'Horemheb' 6-max Seat #6 is the button
Seat 5: buddhasway ($81.55 in chips)
Seat 6: Chessnok ($131.19 in chips)
Chessnok: posts small blind $1
buddhasway: posts big blind $3
*** HOLE CARDS ***
Chessnok: raises $3 to $6
buddhasway: raises $3 to $9
Chessnok: calls $3
*** FLOP *** [Td 3s Ah]
buddhasway: bets $3
Chessnok: folds
Uncalled bet ($3) returned to buddhasway
buddhasway collected $17.64 from pot
buddhasway: doesn't show hand
*** SUMMARY ***
Total pot $18 | Rake $0.36
Board [Td 3s Ah]
Seat 5: buddhasway (big blind) collected ($17.64)
Seat 6: Chessnok (button) (small blind) folded on the Flop


PokerStars Hand #153279491506:  Hold'em Limit ($3/$6 USD) - 2016/05/13 20:55:34 ET
Table 'Horemheb' 6-max Seat #5 is the button
Seat 5: buddhasway ($83.83 in chips)
Seat 6: Chessnok ($127.69 in chips)
buddhasway: posts small blind $1
Chessnok: posts big blind $3
*** HOLE CARDS ***
buddhasway: raises $3 to $6
Chessnok: calls $3
*** FLOP *** [Jh Kh Qd]
Chessnok: checks
buddhasway: bets $3
Chessnok: calls $3
*** TURN *** [Jh Kh Qd] [Jc]
Chessnok: checks
buddhasway: bets $6
Chessnok: raises $6 to $12
buddhasway: raises $6 to $18
Chessnok: calls $6
*** RIVER *** [Jh Kh Qd Jc] [2s]
Chessnok: checks
buddhasway: checks
*** SHOW DOWN ***
Chessnok: shows [4s Ks] (two pair, Kings and Jacks)
buddhasway: mucks hand
Chessnok collected $53.50 from pot
*** SUMMARY ***
Total pot $54 | Rake $0.50
Board [Jh Kh Qd Jc 2s]
Seat 5: buddhasway (button) (small blind) mucked
Seat 6: Chessnok (big blind) showed [4s Ks] and won ($53.50) with two pair, Kings and Jacks


PokerStars Hand #153279484531:  Hold'em Limit ($3/$6 USD) - 2016/05/13 20:55:16 ET
Table 'Horemheb' 6-max Seat #6 is the button
Seat 5: buddhasway ($75.19 in chips)
Seat 6: Chessnok ($136.69 in chips)
Chessnok: posts small blind $1
buddhasway: posts big blind $3
*** HOLE CARDS ***
Chessnok: raises $3 to $6
buddhasway: raises $3 to $9
Chessnok: calls $3
*** FLOP *** [7d Qh Qd]
buddhasway: bets $3
Chessnok: folds
Uncalled bet ($3) returned to buddhasway
buddhasway collected $17.64 from pot
buddhasway: doesn't show hand
*** SUMMARY ***
Total pot $18 | Rake $0.36
Board [7d Qh Qd]
Seat 5: buddhasway (big blind) collected ($17.64)
Seat 6: Chessnok (button) (small blind) folded on the Flop


PokerStars Hand #153279512238:  Hold'em Limit ($3/$6 USD) - 2016/05/13 20:56:29 ET
Table 'Horemheb' 6-max Seat #5 is the button
Seat 5: buddhasway ($98.33 in chips)
Seat 6: Chessnok ($112.19 in chips)
buddhasway: posts small blind $1
Chessnok: posts big blind $3
*** HOLE CARDS ***
buddhasway: raises $3 to $6
Chessnok: calls $3
*** FLOP *** [6s 7c 2s]
Chessnok: checks
buddhasway: bets $3
Chessnok: raises $3 to $6
buddhasway: raises $3 to $9
Chessnok: calls $3
*** TURN *** [6s 7c 2s] [7s]
Chessnok: checks
buddhasway: bets $6
Chessnok: calls $6
*** RIVER *** [6s 7c 2s 7s] [8d]
Chessnok: checks
buddhasway: bets $6
Chessnok: calls $6
*** SHOW DOWN ***
buddhasway: shows [4h 7h] (three of a kind, Sevens)
Chessnok: mucks hand
buddhasway collected $53.50 from pot
*** SUMMARY ***
Total pot $54 | Rake $0.50
Board [6s 7c 2s 7s 8d]
Seat 5: buddhasway (button) (small blind) showed [4h 7h] and won ($53.50) with three of a kind, Sevens
Seat 6: Chessnok (big blind) mucked


PokerStars Hand #153279537766:  Hold'em Limit ($3/$6 USD) - 2016/05/13 20:57:34 ET
Table 'Horemheb' 6-max Seat #5 is the button
Seat 5: buddhasway ($109.83 in chips)
Seat 6: Chessnok ($99.69 in chips)
buddhasway: posts small blind $1
Chessnok: posts big blind $3
*** HOLE CARDS ***
buddhasway: raises $3 to $6
Chessnok: calls $3
*** FLOP *** [6d Tc 2s]
Chessnok: checks
buddhasway: bets $3
Chessnok: calls $3
*** TURN *** [6d Tc 2s] [Jc]
Chessnok: checks
buddhasway: bets $6
Chessnok: calls $6
*** RIVER *** [6d Tc 2s Jc] [9d]
Chessnok: checks
buddhasway: bets $6
Chessnok: calls $6
*** SHOW DOWN ***
buddhasway: shows [5s 6s] (a pair of Sixes)
Chessnok: shows [7s 6h] (a pair of Sixes)
Chessnok collected $20.75 from pot
buddhasway collected $20.75 from pot
*** SUMMARY ***
Total pot $42 | Rake $0.50
Board [6d Tc 2s Jc 9d]
Seat 5: buddhasway (button) (small blind) showed [5s 6s] and won ($20.75) with a pair of Sixes
Seat 6: Chessnok (big blind) showed [7s 6h] and won ($20.75) with a pair of Sixes


PokerStars Hand #153279524766:  Hold'em Limit ($3/$6 USD) - 2016/05/13 20:57:01 ET
Table 'Horemheb' 6-max Seat #6 is the button
Seat 5: buddhasway ($124.83 in chips)
Seat 6: Chessnok ($85.19 in chips)
Chessnok: posts small blind $1
buddhasway: posts big blind $3
*** HOLE CARDS ***
Chessnok: raises $3 to $6
buddhasway: calls $3
*** FLOP *** [8c 4d 5s]
buddhasway: checks
Chessnok: bets $3
buddhasway: calls $3
*** TURN *** [8c 4d 5s] [5c]
buddhasway: checks
Chessnok: bets $6
buddhasway: calls $6
*** RIVER *** [8c 4d 5s 5c] [As]
buddhasway: checks
otto joins the table at seat #1
Chessnok: bets $6
buddhasway: folds
Uncalled bet ($6) returned to Chessnok
Chessnok collected $29.50 from pot
Chessnok: doesn't show hand
*** SUMMARY ***
Total pot $30 | Rake $0.50
Board [8c 4d 5s 5c As]
Seat 5: buddhasway (big blind) folded on the River
Seat 6: Chessnok (button) (small blind) collected ($29.50)


PokerStars Hand #153279602945:  Hold'em Limit ($3/$6 USD) - 2016/05/13 21:00:21 ET
Table 'Horemheb' 6-max Seat #5 is the button
Seat 5: buddhasway ($101.11 in chips)
Seat 6: Chessnok ($108.44 in chips)
buddhasway: posts small blind $1
Chessnok: posts big blind $3
*** HOLE CARDS ***
buddhasway: calls $2
Chessnok: checks
*** FLOP *** [3h Kd 8d]
Chessnok: checks
buddhasway: bets $3
Chessnok: folds
Uncalled bet ($3) returned to buddhasway
buddhasway collected $5.88 from pot
buddhasway: doesn't show hand
*** SUMMARY ***
Total pot $6 | Rake $0.12
Board [3h Kd 8d]
Seat 5: buddhasway (button) (small blind) collected ($5.88)
Seat 6: Chessnok (big blind) folded on the Flop


PokerStars Hand #153279591596:  Hold'em Limit ($3/$6 USD) - 2016/05/13 20:59:52 ET
Table 'Horemheb' 6-max Seat #6 is the button
Seat 5: buddhasway ($92.47 in chips)
Seat 6: Chessnok ($117.44 in chips)
Chessnok: posts small blind $1
buddhasway: posts big blind $3
*** HOLE CARDS ***
Chessnok: raises $3 to $6
buddhasway: calls $3
*** FLOP *** [Qh Tc Qc]
buddhasway: checks
Chessnok: bets $3
buddhasway: calls $3
*** TURN *** [Qh Tc Qc] [4d]
buddhasway: checks
Chessnok: checks
*** RIVER *** [Qh Tc Qc 4d] [Kc]
buddhasway: bets $6
Chessnok: folds
Uncalled bet ($6) returned to buddhasway
buddhasway collected $17.64 from pot
buddhasway: doesn't show hand
*** SUMMARY ***
Total pot $18 | Rake $0.36
Board [Qh Tc Qc 4d Kc]
Seat 5: buddhasway (big blind) collected ($17.64)
Seat 6: Chessnok (button) (small blind) folded on the River


PokerStars Hand #153279626851:  Hold'em Limit ($3/$6 USD) - 2016/05/13 21:01:18 ET
Table 'Horemheb' 6-max Seat #5 is the button
Seat 5: buddhasway ($67.99 in chips)
Seat 6: Chessnok ($140.94 in chips)
buddhasway: posts small blind $1
Chessnok: posts big blind $3
*** HOLE CARDS ***
buddhasway: calls $2
Chessnok: raises $3 to $6
buddhasway: calls $3
*** FLOP *** [5c 7c 8s]
Chessnok: bets $3
buddhasway: folds
Uncalled bet ($3) returned to Chessnok
Chessnok collected $11.76 from pot
Chessnok: doesn't show hand
*** SUMMARY ***
Total pot $12 | Rake $0.24
Board [5c 7c 8s]
Seat 5: buddhasway (button) (small blind) folded on the Flop
Seat 6: Chessnok (big blind) collected ($11.76)


PokerStars Hand #153279624772:  Hold'em Limit ($3/$6 USD) - 2016/05/13 21:01:13 ET
Table 'Horemheb' 6-max Seat #6 is the button
Seat 5: buddhasway ($66.99 in chips)
Seat 6: Chessnok ($141.94 in chips)
Chessnok: posts small blind $1
buddhasway: posts big blind $3
*** HOLE CARDS ***
Chessnok: folds
Uncalled bet ($2) returned to buddhasway
buddhasway collected $2 from pot
buddhasway: doesn't show hand
*** SUMMARY ***
Total pot $2 | Rake $0
Seat 5: buddhasway (big blind) collected ($2)
Seat 6: Chessnok (button) (small blind) folded before Flop


PokerStars Hand #153279620573:  Hold'em Limit ($3/$6 USD) - 2016/05/13 21:01:03 ET
Table 'Horemheb' 6-max Seat #5 is the button
Seat 5: buddhasway ($67.99 in chips)
Seat 6: Chessnok ($140.94 in chips)
buddhasway: posts small blind $1
Chessnok: posts big blind $3
*** HOLE CARDS ***
buddhasway: folds
Uncalled bet ($2) returned to Chessnok
Chessnok collected $2 from pot
Chessnok: doesn't show hand
*** SUMMARY ***
Total pot $2 | Rake $0
Seat 5: buddhasway (button) (small blind) folded before Flop
Seat 6: Chessnok (big blind) collected ($2)


PokerStars Hand #153279608111:  Hold'em Limit ($3/$6 USD) - 2016/05/13 21:00:34 ET
Table 'Horemheb' 6-max Seat #6 is the button
Seat 5: buddhasway ($103.99 in chips)
Seat 6: Chessnok ($105.44 in chips)
Chessnok: posts small blind $1
buddhasway: posts big blind $3
*** HOLE CARDS ***
Chessnok: raises $3 to $6
buddhasway: raises $3 to $9
Chessnok: calls $3
*** FLOP *** [9s Js 2c]
buddhasway: bets $3
Chessnok: calls $3
*** TURN *** [9s Js 2c] [8h]
buddhasway: bets $6
Chessnok: raises $6 to $12
buddhasway: raises $6 to $18
Chessnok: calls $6
*** RIVER *** [9s Js 2c 8h] [3d]
buddhasway: bets $6
Chessnok: calls $6
*** SHOW DOWN ***
buddhasway: shows [2h Ah] (a pair of Deuces)
Chessnok: shows [Ts 3s] (a pair of Threes)
Chessnok collected $71.50 from pot
*** SUMMARY ***
Total pot $72 | Rake $0.50
Board [9s Js 2c 8h 3d]
Seat 5: buddhasway (big blind) showed [2h Ah] and lost with a pair of Deuces
Seat 6: Chessnok (button) (small blind) showed [Ts 3s] and won ($71.50) with a pair of Threes


PokerStars Hand #153279639941:  Hold'em Limit ($3/$6 USD) - 2016/05/13 21:01:47 ET
Table 'Horemheb' 6-max Seat #5 is the button
Seat 5: buddhasway ($70.63 in chips)
Seat 6: Chessnok ($137.70 in chips)
buddhasway: posts small blind $1
Chessnok: posts big blind $3
*** HOLE CARDS ***
buddhasway: raises $3 to $6
Chessnok: raises $3 to $9
buddhasway: calls $3
*** FLOP *** [2d 6s Ac]
Chessnok: bets $3
buddhasway: calls $3
*** TURN *** [2d 6s Ac] [Ah]
Chessnok: bets $6
buddhasway: folds
Uncalled bet ($6) returned to Chessnok
Chessnok collected $23.52 from pot
Chessnok: doesn't show hand
*** SUMMARY ***
Total pot $24 | Rake $0.48
Board [2d 6s Ac Ah]
Seat 5: buddhasway (button) (small blind) folded on the Turn
Seat 6: Chessnok (big blind) collected ($23.52)


PokerStars Hand #153279632622:  Hold'em Limit ($3/$6 USD) - 2016/05/13 21:01:30 ET
Table 'Horemheb' 6-max Seat #6 is the button
Seat 5: buddhasway ($61.99 in chips)
Seat 6: Chessnok ($146.70 in chips)
Chessnok: posts small blind $1
buddhasway: posts big blind $3
*** HOLE CARDS ***
Chessnok: raises $3 to $6
buddhasway: raises $3 to $9
Chessnok: calls $3
*** FLOP *** [7s Kd 9d]
buddhasway: bets $3
Chessnok: folds
Uncalled bet ($3) returned to buddhasway
buddhasway collected $17.64 from pot
buddhasway: doesn't show hand
*** SUMMARY ***
Total pot $18 | Rake $0.36
Board [7s Kd 9d]
Seat 5: buddhasway (big blind) collected ($17.64)
Seat 6: Chessnok (button) (small blind) folded on the Flop


PokerStars Hand #153279664807:  Hold'em Limit ($3/$6 USD) - 2016/05/13 21:02:40 ET
Table 'Horemheb' 6-max Seat #5 is the button
Seat 5: buddhasway ($31.63 in chips)
Seat 6: Chessnok ($175.72 in chips)
buddhasway: posts small blind $1
Chessnok: posts big blind $3
*** HOLE CARDS ***
buddhasway: raises $3 to $6
Chessnok: raises $3 to $9
buddhasway: raises $3 to $12
Betting is capped
Chessnok: calls $3
*** FLOP *** [Tc Ad Qs]
Chessnok: checks
buddhasway: bets $3
Chessnok: folds
Uncalled bet ($3) returned to buddhasway
buddhasway collected $23.52 from pot
buddhasway: doesn't show hand
*** SUMMARY ***
Total pot $24 | Rake $0.48
Board [Tc Ad Qs]
Seat 5: buddhasway (button) (small blind) collected ($23.52)
Seat 6: Chessnok (big blind) folded on the Flop


PokerStars Hand #153279647937:  Hold'em Limit ($3/$6 USD) - 2016/05/13 21:02:04 ET
Table 'Horemheb' 6-max Seat #6 is the button
Seat 5: buddhasway ($58.63 in chips)
Seat 6: Chessnok ($149.22 in chips)
Chessnok: posts small blind $1
buddhasway: posts big blind $3
*** HOLE CARDS ***
Chessnok: raises $3 to $6
buddhasway: raises $3 to $9
Chessnok: calls $3
*** FLOP *** [7s 9d 6h]
buddhasway: bets $3
Chessnok: raises $3 to $6
buddhasway: calls $3
*** TURN *** [7s 9d 6h] [7c]
buddhasway: checks
Chessnok: checks
*** RIVER *** [7s 9d 6h 7c] [Ts]
buddhasway: bets $6
Chessnok: raises $6 to $12
buddhasway: calls $6
*** SHOW DOWN ***
Chessnok: shows [Js 8s] (a straight, Seven to Jack)
buddhasway: mucks hand
Chessnok collected $53.50 from pot
*** SUMMARY ***
Total pot $54 | Rake $0.50
Board [7s 9d 6h 7c Ts]
Seat 5: buddhasway (big blind) mucked
Seat 6: Chessnok (button) (small blind) showed [Js 8s] and won ($53.50) with a straight, Seven to Jack


PokerStars Hand #153280438520:  Hold'em Limit ($3/$6 USD) - 2016/05/13 21:30:40 ET
Table 'Horemheb' 6-max Seat #5 is the button
Seat 4: BuzovaPro ($113.95 in chips)
Seat 5: lin1rabbit ($301.04 in chips)
lin1rabbit: posts small blind $1
BuzovaPro: posts big blind $3
*** HOLE CARDS ***
lin1rabbit: raises $3 to $6
BuzovaPro: calls $3
*** FLOP *** [6c Jc 8s]
BuzovaPro: checks
Mustafatyrk said, "sick"
lin1rabbit: bets $3
BuzovaPro: calls $3
*** TURN *** [6c Jc 8s] [2s]
BuzovaPro: checks
lin1rabbit: bets $6
BuzovaPro: calls $6
*** RIVER *** [6c Jc 8s 2s] [5s]
BuzovaPro: checks
lin1rabbit: checks
*** SHOW DOWN ***
BuzovaPro: shows [6d 5h] (two pair, Sixes and Fives)
lin1rabbit: mucks hand
BuzovaPro collected $29.50 from pot
*** SUMMARY ***
Total pot $30 | Rake $0.50
Board [6c Jc 8s 2s 5s]
Seat 4: BuzovaPro (big blind) showed [6d 5h] and won ($29.50) with two pair, Sixes and Fives
Seat 5: lin1rabbit (button) (small blind) mucked


