PokerStars Hand #151446183218:  Hold'em Limit ($3/$6 USD) - 2016/04/04 19:45:00 ET
Table 'Hormuthia II' 6-max Seat #6 is the button
Seat 1: ev-angel3 ($120 in chips)
Seat 6: anetkaapro ($72 in chips)
anetkaapro: posts small blind $1
ev-angel3: posts big blind $3
*** HOLE CARDS ***
anetkaapro: raises $3 to $6
ev-angel3: raises $3 to $9
anetkaapro: calls $3
*** FLOP *** [Ac 2s Jd]
ev-angel3: bets $3
anetkaapro: folds
Uncalled bet ($3) returned to ev-angel3
ev-angel3 collected $17.64 from pot
*** SUMMARY ***
Total pot $18 | Rake $0.36
Board [Ac 2s Jd]
Seat 1: ev-angel3 (big blind) collected ($17.64)
Seat 6: anetkaapro (button) (small blind) folded on the Flop


PokerStars Hand #151446223627:  Hold'em Limit ($3/$6 USD) - 2016/04/04 19:46:09 ET
Table 'Hormuthia II' 6-max Seat #6 is the button
Seat 1: ev-angel3 ($103.40 in chips)
Seat 6: anetkaapro ($96.50 in chips)
anetkaapro: posts small blind $1
ev-angel3: posts big blind $3
*** HOLE CARDS ***
anetkaapro: raises $3 to $6
ev-angel3: folds
Uncalled bet ($3) returned to anetkaapro
anetkaapro collected $6 from pot
anetkaapro: doesn't show hand
*** SUMMARY ***
Total pot $6 | Rake $0
Seat 1: ev-angel3 (big blind) folded before Flop
Seat 6: anetkaapro (button) (small blind) collected ($6)


PokerStars Hand #151446215269:  Hold'em Limit ($3/$6 USD) - 2016/04/04 19:45:55 ET
Table 'Hormuthia II' 6-max Seat #1 is the button
Seat 1: ev-angel3 ($97.64 in chips)
Seat 6: anetkaapro ($102.50 in chips)
ev-angel3: posts small blind $1
anetkaapro: posts big blind $3
*** HOLE CARDS ***
ev-angel3: raises $3 to $6
anetkaapro: calls $3
*** FLOP *** [2h 9d 8d]
anetkaapro: checks
ev-angel3: bets $3
anetkaapro: folds
Uncalled bet ($3) returned to ev-angel3
ev-angel3 collected $11.76 from pot
*** SUMMARY ***
Total pot $12 | Rake $0.24
Board [2h 9d 8d]
Seat 1: ev-angel3 (button) (small blind) collected ($11.76)
Seat 6: anetkaapro (big blind) folded on the Flop


PokerStars Hand #151446211811:  Hold'em Limit ($3/$6 USD) - 2016/04/04 19:45:49 ET
Table 'Hormuthia II' 6-max Seat #6 is the button
Seat 1: ev-angel3 ($100.64 in chips)
Seat 6: anetkaapro ($99.50 in chips)
anetkaapro: posts small blind $1
ev-angel3: posts big blind $3
*** HOLE CARDS ***
anetkaapro: raises $3 to $6
ev-angel3: folds
Uncalled bet ($3) returned to anetkaapro
anetkaapro collected $6 from pot
anetkaapro: doesn't show hand
*** SUMMARY ***
Total pot $6 | Rake $0
Seat 1: ev-angel3 (big blind) folded before Flop
Seat 6: anetkaapro (button) (small blind) collected ($6)


PokerStars Hand #151446208916:  Hold'em Limit ($3/$6 USD) - 2016/04/04 19:45:44 ET
Table 'Hormuthia II' 6-max Seat #1 is the button
Seat 1: ev-angel3 ($101.64 in chips)
Seat 6: anetkaapro ($98.50 in chips)
ev-angel3: posts small blind $1
anetkaapro: posts big blind $3
*** HOLE CARDS ***
ev-angel3: folds
Uncalled bet ($2) returned to anetkaapro
anetkaapro collected $2 from pot
anetkaapro: doesn't show hand
*** SUMMARY ***
Total pot $2 | Rake $0
Seat 1: ev-angel3 (button) (small blind) folded before Flop
Seat 6: anetkaapro (big blind) collected ($2)


PokerStars Hand #151446192325:  Hold'em Limit ($3/$6 USD) - 2016/04/04 19:45:15 ET
Table 'Hormuthia II' 6-max Seat #1 is the button
Seat 1: ev-angel3 ($128.64 in chips)
Seat 6: anetkaapro ($72 in chips)
ev-angel3: posts small blind $1
anetkaapro: posts big blind $3
*** HOLE CARDS ***
ev-angel3: raises $3 to $6
anetkaapro: raises $3 to $9
ev-angel3: calls $3
*** FLOP *** [Qh 5d 2s]
anetkaapro: bets $3
ev-angel3: calls $3
*** TURN *** [Qh 5d 2s] [Qc]
anetkaapro: bets $6
ev-angel3: calls $6
*** RIVER *** [Qh 5d 2s Qc] [9c]
anetkaapro: bets $6
ev-angel3: calls $6
*** SHOW DOWN ***
anetkaapro: shows [9d Ts] (two pair, Queens and Nines)
ev-angel3: mucks hand
anetkaapro collected $47.50 from pot
*** SUMMARY ***
Total pot $48 | Rake $0.50
Board [Qh 5d 2s Qc 9c]
Seat 1: ev-angel3 (button) (small blind) mucked
Seat 6: anetkaapro (big blind) showed [9d Ts] and won ($47.50) with two pair, Queens and Nines


PokerStars Hand #151446205806:  Hold'em Limit ($3/$6 USD) - 2016/04/04 19:45:38 ET
Table 'Hormuthia II' 6-max Seat #6 is the button
Seat 1: ev-angel3 ($104.64 in chips)
Seat 6: anetkaapro ($95.50 in chips)
anetkaapro: posts small blind $1
ev-angel3: posts big blind $3
*** HOLE CARDS ***
anetkaapro: raises $3 to $6
ev-angel3: folds
Uncalled bet ($3) returned to anetkaapro
anetkaapro collected $6 from pot
anetkaapro: doesn't show hand
*** SUMMARY ***
Total pot $6 | Rake $0
Seat 1: ev-angel3 (big blind) folded before Flop
Seat 6: anetkaapro (button) (small blind) collected ($6)


PokerStars Hand #151446226588:  Hold'em Limit ($3/$6 USD) - 2016/04/04 19:46:14 ET
Table 'Hormuthia II' 6-max Seat #1 is the button
Seat 1: ev-angel3 ($100.40 in chips)
Seat 6: anetkaapro ($99.50 in chips)
ev-angel3: posts small blind $1
anetkaapro: posts big blind $3
*** HOLE CARDS ***
ev-angel3: folds
Uncalled bet ($2) returned to anetkaapro
anetkaapro collected $2 from pot
anetkaapro: doesn't show hand
*** SUMMARY ***
Total pot $2 | Rake $0
Seat 1: ev-angel3 (button) (small blind) folded before Flop
Seat 6: anetkaapro (big blind) collected ($2)


PokerStars Hand #151446241371:  Hold'em Limit ($3/$6 USD) - 2016/04/04 19:46:39 ET
Table 'Hormuthia II' 6-max Seat #1 is the button
Seat 1: ev-angel3 ($108.04 in chips)
Seat 6: anetkaapro ($91.50 in chips)
ev-angel3: posts small blind $1
anetkaapro: posts big blind $3
*** HOLE CARDS ***
ev-angel3: folds
Uncalled bet ($2) returned to anetkaapro
anetkaapro collected $2 from pot
anetkaapro: doesn't show hand
*** SUMMARY ***
Total pot $2 | Rake $0
Seat 1: ev-angel3 (button) (small blind) folded before Flop
Seat 6: anetkaapro (big blind) collected ($2)


PokerStars Hand #151446230216:  Hold'em Limit ($3/$6 USD) - 2016/04/04 19:46:20 ET
Table 'Hormuthia II' 6-max Seat #6 is the button
Seat 1: ev-angel3 ($99.40 in chips)
Seat 6: anetkaapro ($100.50 in chips)
anetkaapro: posts small blind $1
ev-angel3: posts big blind $3
*** HOLE CARDS ***
anetkaapro: raises $3 to $6
ev-angel3: calls $3
*** FLOP *** [4d As Ad]
ev-angel3: checks
anetkaapro: bets $3
ev-angel3: calls $3
*** TURN *** [4d As Ad] [9h]
ev-angel3: checks
anetkaapro: checks
*** RIVER *** [4d As Ad 9h] [6d]
ev-angel3: bets $6
anetkaapro: folds
Uncalled bet ($6) returned to ev-angel3
ev-angel3 collected $17.64 from pot
*** SUMMARY ***
Total pot $18 | Rake $0.36
Board [4d As Ad 9h 6d]
Seat 1: ev-angel3 (big blind) collected ($17.64)
Seat 6: anetkaapro (button) (small blind) folded on the River


PokerStars Hand #151446249368:  Hold'em Limit ($3/$6 USD) - 2016/04/04 19:46:52 ET
Table 'Hormuthia II' 6-max Seat #1 is the button
Seat 1: ev-angel3 ($104.04 in chips)
Seat 6: anetkaapro ($95.50 in chips)
ev-angel3: posts small blind $1
anetkaapro: posts big blind $3
*** HOLE CARDS ***
ev-angel3: folds
Uncalled bet ($2) returned to anetkaapro
anetkaapro collected $2 from pot
anetkaapro: doesn't show hand
*** SUMMARY ***
Total pot $2 | Rake $0
Seat 1: ev-angel3 (button) (small blind) folded before Flop
Seat 6: anetkaapro (big blind) collected ($2)


PokerStars Hand #151446244472:  Hold'em Limit ($3/$6 USD) - 2016/04/04 19:46:44 ET
Table 'Hormuthia II' 6-max Seat #6 is the button
Seat 1: ev-angel3 ($107.04 in chips)
Seat 6: anetkaapro ($92.50 in chips)
anetkaapro: posts small blind $1
ev-angel3: posts big blind $3
*** HOLE CARDS ***
anetkaapro: raises $3 to $6
ev-angel3: folds
Uncalled bet ($3) returned to anetkaapro
anetkaapro collected $6 from pot
anetkaapro: doesn't show hand
*** SUMMARY ***
Total pot $6 | Rake $0
Seat 1: ev-angel3 (big blind) folded before Flop
Seat 6: anetkaapro (button) (small blind) collected ($6)


PokerStars Hand #151446252459:  Hold'em Limit ($3/$6 USD) - 2016/04/04 19:46:58 ET
Table 'Hormuthia II' 6-max Seat #6 is the button
Seat 1: ev-angel3 ($103.04 in chips)
Seat 6: anetkaapro ($96.50 in chips)
anetkaapro: posts small blind $1
ev-angel3: posts big blind $3
*** HOLE CARDS ***
anetkaapro: raises $3 to $6
ev-angel3: folds
Uncalled bet ($3) returned to anetkaapro
anetkaapro collected $6 from pot
anetkaapro: doesn't show hand
*** SUMMARY ***
Total pot $6 | Rake $0
Seat 1: ev-angel3 (big blind) folded before Flop
Seat 6: anetkaapro (button) (small blind) collected ($6)


PokerStars Hand #151446267100:  Hold'em Limit ($3/$6 USD) - 2016/04/04 19:47:23 ET
Table 'Hormuthia II' 6-max Seat #6 is the button
Seat 1: ev-angel3 ($99.80 in chips)
Seat 6: anetkaapro ($99.26 in chips)
anetkaapro: posts small blind $1
ev-angel3: posts big blind $3
*** HOLE CARDS ***
anetkaapro: raises $3 to $6
ev-angel3: folds
Uncalled bet ($3) returned to anetkaapro
anetkaapro collected $6 from pot
anetkaapro: doesn't show hand
*** SUMMARY ***
Total pot $6 | Rake $0
Seat 1: ev-angel3 (big blind) folded before Flop
Seat 6: anetkaapro (button) (small blind) collected ($6)


PokerStars Hand #151446255769:  Hold'em Limit ($3/$6 USD) - 2016/04/04 19:47:03 ET
Table 'Hormuthia II' 6-max Seat #1 is the button
Seat 1: ev-angel3 ($100.04 in chips)
Seat 6: anetkaapro ($99.50 in chips)
ev-angel3: posts small blind $1
anetkaapro: posts big blind $3
*** HOLE CARDS ***
ev-angel3: raises $3 to $6
anetkaapro: raises $3 to $9
ev-angel3: calls $3
*** FLOP *** [4c 4d 8h]
anetkaapro: bets $3
ev-angel3: calls $3
*** TURN *** [4c 4d 8h] [9s]
anetkaapro: checks
ev-angel3: checks
*** RIVER *** [4c 4d 8h 9s] [3d]
anetkaapro: checks
ev-angel3: checks
*** SHOW DOWN ***
anetkaapro: shows [Tc Kc] (a pair of Fours)
ev-angel3: shows [Td Kd] (a pair of Fours)
anetkaapro collected $11.76 from pot
ev-angel3 collected $11.76 from pot
*** SUMMARY ***
Total pot $24 | Rake $0.48
Board [4c 4d 8h 9s 3d]
Seat 1: ev-angel3 (button) (small blind) showed [Td Kd] and won ($11.76) with a pair of Fours
Seat 6: anetkaapro (big blind) showed [Tc Kc] and won ($11.76) with a pair of Fours


PokerStars Hand #151446270620:  Hold'em Limit ($3/$6 USD) - 2016/04/04 19:47:29 ET
Table 'Hormuthia II' 6-max Seat #1 is the button
Seat 1: ev-angel3 ($96.80 in chips)
Seat 6: anetkaapro ($102.26 in chips)
ev-angel3: posts small blind $1
anetkaapro: posts big blind $3
*** HOLE CARDS ***
ev-angel3: raises $3 to $6
anetkaapro: calls $3
*** FLOP *** [3s 6s 7h]
anetkaapro: checks
ev-angel3: bets $3
anetkaapro: calls $3
*** TURN *** [3s 6s 7h] [9s]
anetkaapro: checks
ev-angel3: bets $6
anetkaapro: raises $6 to $12
ev-angel3: folds
Uncalled bet ($6) returned to anetkaapro
anetkaapro collected $29.50 from pot
anetkaapro: doesn't show hand
*** SUMMARY ***
Total pot $30 | Rake $0.50
Board [3s 6s 7h 9s]
Seat 1: ev-angel3 (button) (small blind) folded on the Turn
Seat 6: anetkaapro (big blind) collected ($29.50)


PokerStars Hand #151446288492:  Hold'em Limit ($3/$6 USD) - 2016/04/04 19:47:59 ET
Table 'Hormuthia II' 6-max Seat #1 is the button
Seat 1: ev-angel3 ($78.80 in chips)
Seat 6: anetkaapro ($119.76 in chips)
ev-angel3: posts small blind $1
anetkaapro: posts big blind $3
*** HOLE CARDS ***
ev-angel3: folds
Uncalled bet ($2) returned to anetkaapro
anetkaapro collected $2 from pot
anetkaapro: doesn't show hand
*** SUMMARY ***
Total pot $2 | Rake $0
Seat 1: ev-angel3 (button) (small blind) folded before Flop
Seat 6: anetkaapro (big blind) collected ($2)


PokerStars Hand #151446284510:  Hold'em Limit ($3/$6 USD) - 2016/04/04 19:47:53 ET
Table 'Hormuthia II' 6-max Seat #6 is the button
Seat 1: ev-angel3 ($81.80 in chips)
Seat 6: anetkaapro ($116.76 in chips)
anetkaapro: posts small blind $1
ev-angel3: posts big blind $3
*** HOLE CARDS ***
anetkaapro: raises $3 to $6
ev-angel3: folds
Uncalled bet ($3) returned to anetkaapro
anetkaapro collected $6 from pot
anetkaapro: doesn't show hand
*** SUMMARY ***
Total pot $6 | Rake $0
Seat 1: ev-angel3 (big blind) folded before Flop
Seat 6: anetkaapro (button) (small blind) collected ($6)


PokerStars Hand #151446291016:  Hold'em Limit ($3/$6 USD) - 2016/04/04 19:48:04 ET
Table 'Hormuthia II' 6-max Seat #6 is the button
Seat 1: ev-angel3 ($77.80 in chips)
Seat 6: anetkaapro ($120.76 in chips)
anetkaapro: posts small blind $1
ev-angel3: posts big blind $3
*** HOLE CARDS ***
anetkaapro: raises $3 to $6
ev-angel3: calls $3
*** FLOP *** [Kd 7s 8h]
ev-angel3: checks
anetkaapro: bets $3
ev-angel3: calls $3
*** TURN *** [Kd 7s 8h] [Th]
ev-angel3: checks
anetkaapro: bets $6
ev-angel3: folds
Uncalled bet ($6) returned to anetkaapro
anetkaapro collected $17.64 from pot
anetkaapro: doesn't show hand
*** SUMMARY ***
Total pot $18 | Rake $0.36
Board [Kd 7s 8h Th]
Seat 1: ev-angel3 (big blind) folded on the Turn
Seat 6: anetkaapro (button) (small blind) collected ($17.64)


PokerStars Hand #151446301328:  Hold'em Limit ($3/$6 USD) - 2016/04/04 19:48:22 ET
Table 'Hormuthia II' 6-max Seat #1 is the button
Seat 1: ev-angel3 ($68.80 in chips)
Seat 6: anetkaapro ($129.40 in chips)
ev-angel3: posts small blind $1
anetkaapro: posts big blind $3
*** HOLE CARDS ***
ev-angel3: raises $3 to $6
anetkaapro: raises $3 to $9
ev-angel3: calls $3
*** FLOP *** [9c Ah 4c]
anetkaapro: bets $3
ev-angel3: calls $3
*** TURN *** [9c Ah 4c] [9h]
anetkaapro: bets $6
ev-angel3: calls $6
*** RIVER *** [9c Ah 4c 9h] [Jc]
anetkaapro: bets $6
ev-angel3: calls $6
*** SHOW DOWN ***
anetkaapro: shows [Js Ad] (two pair, Aces and Jacks)
ev-angel3: mucks hand
anetkaapro collected $47.50 from pot
*** SUMMARY ***
Total pot $48 | Rake $0.50
Board [9c Ah 4c 9h Jc]
Seat 1: ev-angel3 (button) (small blind) mucked
Seat 6: anetkaapro (big blind) showed [Js Ad] and won ($47.50) with two pair, Aces and Jacks


PokerStars Hand #151446311238:  Hold'em Limit ($3/$6 USD) - 2016/04/04 19:48:39 ET
Table 'Hormuthia II' 6-max Seat #6 is the button
Seat 1: ev-angel3 ($44.80 in chips)
Seat 6: anetkaapro ($152.90 in chips)
anetkaapro: posts small blind $1
ev-angel3: posts big blind $3
*** HOLE CARDS ***
anetkaapro: raises $3 to $6
ev-angel3: folds
Uncalled bet ($3) returned to anetkaapro
anetkaapro collected $6 from pot
anetkaapro: doesn't show hand
*** SUMMARY ***
Total pot $6 | Rake $0
Seat 1: ev-angel3 (big blind) folded before Flop
Seat 6: anetkaapro (button) (small blind) collected ($6)


PokerStars Hand #151446314486:  Hold'em Limit ($3/$6 USD) - 2016/04/04 19:48:44 ET
Table 'Hormuthia II' 6-max Seat #1 is the button
Seat 1: ev-angel3 ($41.80 in chips)
Seat 6: anetkaapro ($155.90 in chips)
ev-angel3: posts small blind $1
anetkaapro: posts big blind $3
*** HOLE CARDS ***
ev-angel3: raises $3 to $6
anetkaapro: calls $3
*** FLOP *** [3c 6s 5c]
anetkaapro: checks
ev-angel3: bets $3
anetkaapro: raises $3 to $6
ev-angel3: calls $3
*** TURN *** [3c 6s 5c] [Ts]
anetkaapro: bets $6
ev-angel3: folds
Uncalled bet ($6) returned to anetkaapro
anetkaapro collected $23.52 from pot
anetkaapro: doesn't show hand
*** SUMMARY ***
Total pot $24 | Rake $0.48
Board [3c 6s 5c Ts]
Seat 1: ev-angel3 (button) (small blind) folded on the Turn
Seat 6: anetkaapro (big blind) collected ($23.52)


PokerStars Hand #151446321725:  Hold'em Limit ($3/$6 USD) - 2016/04/04 19:48:57 ET
Table 'Hormuthia II' 6-max Seat #6 is the button
Seat 1: ev-angel3 ($29.80 in chips)
Seat 6: anetkaapro ($167.42 in chips)
anetkaapro: posts small blind $1
ev-angel3: posts big blind $3
*** HOLE CARDS ***
anetkaapro: raises $3 to $6
ev-angel3: calls $3
*** FLOP *** [Qs 2h 7h]
ev-angel3: checks
anetkaapro: bets $3
ev-angel3: folds
Uncalled bet ($3) returned to anetkaapro
anetkaapro collected $11.76 from pot
anetkaapro: doesn't show hand
*** SUMMARY ***
Total pot $12 | Rake $0.24
Board [Qs 2h 7h]
Seat 1: ev-angel3 (big blind) folded on the Flop
Seat 6: anetkaapro (button) (small blind) collected ($11.76)


PokerStars Hand #151446333978:  Hold'em Limit ($3/$6 USD) - 2016/04/04 19:49:18 ET
Table 'Hormuthia II' 6-max Seat #1 is the button
Seat 1: ev-angel3 ($23.80 in chips)
Seat 6: anetkaapro ($173.18 in chips)
ev-angel3: posts small blind $1
anetkaapro: posts big blind $3
*** HOLE CARDS ***
ev-angel3: raises $3 to $6
anetkaapro: calls $3
*** FLOP *** [8h Ks 5s]
anetkaapro: checks
ev-angel3: bets $3
anetkaapro: raises $3 to $6
ev-angel3: folds
Uncalled bet ($3) returned to anetkaapro
anetkaapro collected $17.64 from pot
anetkaapro: doesn't show hand
*** SUMMARY ***
Total pot $18 | Rake $0.36
Board [8h Ks 5s]
Seat 1: ev-angel3 (button) (small blind) folded on the Flop
Seat 6: anetkaapro (big blind) collected ($17.64)


PokerStars Hand #151446343998:  Hold'em Limit ($3/$6 USD) - 2016/04/04 19:49:35 ET
Table 'Hormuthia II' 6-max Seat #6 is the button
Seat 1: ev-angel3 ($14.80 in chips)
Seat 6: anetkaapro ($181.82 in chips)
anetkaapro: posts small blind $1
ev-angel3: posts big blind $3
*** HOLE CARDS ***
anetkaapro: raises $3 to $6
ev-angel3: raises $3 to $9
anetkaapro: calls $3
*** FLOP *** [4d 6d Qd]
ev-angel3: bets $3
anetkaapro: raises $3 to $6
ev-angel3: calls $2.80 and is all-in
Uncalled bet ($0.20) returned to anetkaapro
*** TURN *** [4d 6d Qd] [6c]
*** RIVER *** [4d 6d Qd 6c] [Kd]
*** SHOW DOWN ***
ev-angel3: shows [Kc Ah] (two pair, Kings and Sixes)
anetkaapro: shows [Ks 2d] (a flush, King high)
anetkaapro collected $29.10 from pot
*** SUMMARY ***
Total pot $29.60 | Rake $0.50
Board [4d 6d Qd 6c Kd]
Seat 1: ev-angel3 (big blind) showed [Kc Ah] and lost with two pair, Kings and Sixes
Seat 6: anetkaapro (button) (small blind) showed [Ks 2d] and won ($29.10) with a flush, King high


