PokerStars Hand #148715890531:  Hold'em Limit ($3/$6 USD) - 2016/02/13 4:09:50 ET
Table 'Hormuthia' 6-max Seat #2 is the button
Seat 1: VolkovDmitri ($123 in chips)
Seat 2: hairy1961 ($57 in chips)
hairy1961: posts small blind $1
VolkovDmitri: posts big blind $3
*** HOLE CARDS ***
hairy1961: raises $3 to $6
VolkovDmitri: calls $3
*** FLOP *** [4s Kc Ks]
VolkovDmitri: checks
hairy1961: bets $3
VolkovDmitri: raises $3 to $6
hairy1961: raises $3 to $9
VolkovDmitri: calls $3
*** TURN *** [4s Kc Ks] [2c]
VolkovDmitri: checks
hairy1961: bets $6
VolkovDmitri: raises $6 to $12
hairy1961: raises $6 to $18
VolkovDmitri: calls $6
*** RIVER *** [4s Kc Ks 2c] [Qc]
VolkovDmitri: checks
hairy1961: bets $6
VolkovDmitri: calls $6
*** SHOW DOWN ***
hairy1961: shows [3c 7c] (a flush, King high)
VolkovDmitri: mucks hand
hairy1961 collected $77.50 from pot
*** SUMMARY ***
Total pot $78 | Rake $0.50
Board [4s Kc Ks 2c Qc]
Seat 1: VolkovDmitri (big blind) mucked
Seat 2: hairy1961 (button) (small blind) showed [3c 7c] and won ($77.50) with a flush, King high


PokerStars Hand #148715881263:  Hold'em Limit ($3/$6 USD) - 2016/02/13 4:09:28 ET
Table 'Hormuthia' 6-max Seat #1 is the button
Seat 1: VolkovDmitri ($120 in chips)
Seat 2: hairy1961 ($60 in chips)
VolkovDmitri: posts small blind $1
hairy1961: posts big blind $3
*** HOLE CARDS ***
VolkovDmitri: raises $3 to $6
hairy1961: folds
Uncalled bet ($3) returned to VolkovDmitri
VolkovDmitri collected $6 from pot
VolkovDmitri: doesn't show hand
*** SUMMARY ***
Total pot $6 | Rake $0
Seat 1: VolkovDmitri (button) (small blind) collected ($6)
Seat 2: hairy1961 (big blind) folded before Flop


PokerStars Hand #148715924855:  Hold'em Limit ($3/$6 USD) - 2016/02/13 4:11:10 ET
Table 'Hormuthia' 6-max Seat #1 is the button
Seat 1: VolkovDmitri ($121 in chips)
Seat 2: hairy1961 ($95.50 in chips)
VolkovDmitri: posts small blind $1
hairy1961: posts big blind $3
*** HOLE CARDS ***
VolkovDmitri: raises $3 to $6
hairy1961: calls $3
*** FLOP *** [Tc 2d 3d]
hairy1961: checks
VolkovDmitri: bets $3
hairy1961: folds
Uncalled bet ($3) returned to VolkovDmitri
VolkovDmitri collected $11.76 from pot
VolkovDmitri: doesn't show hand
*** SUMMARY ***
Total pot $12 | Rake $0.24
Board [Tc 2d 3d]
Seat 1: VolkovDmitri (button) (small blind) collected ($11.76)
Seat 2: hairy1961 (big blind) folded on the Flop


PokerStars Hand #148715921932:  Hold'em Limit ($3/$6 USD) - 2016/02/13 4:11:03 ET
Table 'Hormuthia' 6-max Seat #2 is the button
Seat 1: VolkovDmitri ($120 in chips)
Seat 2: hairy1961 ($96.50 in chips)
hairy1961: posts small blind $1
VolkovDmitri: posts big blind $3
*** HOLE CARDS ***
hairy1961: folds
Uncalled bet ($2) returned to VolkovDmitri
VolkovDmitri collected $2 from pot
VolkovDmitri: doesn't show hand
*** SUMMARY ***
Total pot $2 | Rake $0
Seat 1: VolkovDmitri (big blind) collected ($2)
Seat 2: hairy1961 (button) (small blind) folded before Flop


PokerStars Hand #148715918844:  Hold'em Limit ($3/$6 USD) - 2016/02/13 4:10:56 ET
Table 'Hormuthia' 6-max Seat #1 is the button
Seat 1: VolkovDmitri ($121 in chips)
Seat 2: hairy1961 ($95.50 in chips)
VolkovDmitri: posts small blind $1
hairy1961: posts big blind $3
*** HOLE CARDS ***
VolkovDmitri: folds
Uncalled bet ($2) returned to hairy1961
hairy1961 collected $2 from pot
hairy1961: doesn't show hand
*** SUMMARY ***
Total pot $2 | Rake $0
Seat 1: VolkovDmitri (button) (small blind) folded before Flop
Seat 2: hairy1961 (big blind) collected ($2)


PokerStars Hand #148715916404:  Hold'em Limit ($3/$6 USD) - 2016/02/13 4:10:50 ET
Table 'Hormuthia' 6-max Seat #2 is the button
Seat 1: VolkovDmitri ($120 in chips)
Seat 2: hairy1961 ($96.50 in chips)
hairy1961: posts small blind $1
VolkovDmitri: posts big blind $3
*** HOLE CARDS ***
hairy1961: folds
Uncalled bet ($2) returned to VolkovDmitri
VolkovDmitri collected $2 from pot
VolkovDmitri: doesn't show hand
*** SUMMARY ***
Total pot $2 | Rake $0
Seat 1: VolkovDmitri (big blind) collected ($2)
Seat 2: hairy1961 (button) (small blind) folded before Flop


PokerStars Hand #148715909982:  Hold'em Limit ($3/$6 USD) - 2016/02/13 4:10:35 ET
Table 'Hormuthia' 6-max Seat #1 is the button
Seat 1: VolkovDmitri ($120 in chips)
Seat 2: hairy1961 ($95.50 in chips)
VolkovDmitri: posts small blind $1
hairy1961: posts big blind $3
*** HOLE CARDS ***
VolkovDmitri: folds
Uncalled bet ($2) returned to hairy1961
hairy1961 collected $2 from pot
hairy1961: doesn't show hand
*** SUMMARY ***
Total pot $2 | Rake $0
Seat 1: VolkovDmitri (button) (small blind) folded before Flop
Seat 2: hairy1961 (big blind) collected ($2)


PokerStars Hand #148715946924:  Hold'em Limit ($3/$6 USD) - 2016/02/13 4:12:00 ET
Table 'Hormuthia' 6-max Seat #1 is the button
Seat 1: VolkovDmitri ($144.26 in chips)
Seat 2: hairy1961 ($71.50 in chips)
VolkovDmitri: posts small blind $1
hairy1961: posts big blind $3
*** HOLE CARDS ***
VolkovDmitri: raises $3 to $6
hairy1961: raises $3 to $9
VolkovDmitri: calls $3
*** FLOP *** [3h Tc 7h]
hairy1961: bets $3
VolkovDmitri: calls $3
*** TURN *** [3h Tc 7h] [4h]
hairy1961: bets $6
VolkovDmitri: raises $6 to $12
hairy1961: calls $6
*** RIVER *** [3h Tc 7h 4h] [Jh]
hairy1961: bets $6
VolkovDmitri: calls $6
*** SHOW DOWN ***
hairy1961: shows [4c 4s] (three of a kind, Fours)
VolkovDmitri: mucks hand
hairy1961 collected $59.50 from pot
*** SUMMARY ***
Total pot $60 | Rake $0.50
Board [3h Tc 7h 4h Jh]
Seat 1: VolkovDmitri (button) (small blind) mucked
Seat 2: hairy1961 (big blind) showed [4c 4s] and won ($59.50) with three of a kind, Fours


PokerStars Hand #148715934822:  Hold'em Limit ($3/$6 USD) - 2016/02/13 4:11:33 ET
Table 'Hormuthia' 6-max Seat #2 is the button
Seat 1: VolkovDmitri ($126.76 in chips)
Seat 2: hairy1961 ($89.50 in chips)
hairy1961: posts small blind $1
VolkovDmitri: posts big blind $3
*** HOLE CARDS ***
hairy1961: raises $3 to $6
VolkovDmitri: raises $3 to $9
hairy1961: calls $3
*** FLOP *** [8d 7c 6c]
VolkovDmitri: bets $3
hairy1961: calls $3
*** TURN *** [8d 7c 6c] [8h]
VolkovDmitri: bets $6
hairy1961: calls $6
*** RIVER *** [8d 7c 6c 8h] [2d]
VolkovDmitri: checks
hairy1961: checks
*** SHOW DOWN ***
VolkovDmitri: shows [4s 4h] (two pair, Eights and Fours)
hairy1961: mucks hand
VolkovDmitri collected $35.50 from pot
*** SUMMARY ***
Total pot $36 | Rake $0.50
Board [8d 7c 6c 8h 2d]
Seat 1: VolkovDmitri (big blind) showed [4s 4h] and won ($35.50) with two pair, Eights and Fours
Seat 2: hairy1961 (button) (small blind) mucked


PokerStars Hand #148715984810:  Hold'em Limit ($3/$6 USD) - 2016/02/13 4:13:27 ET
Table 'Hormuthia' 6-max Seat #1 is the button
Seat 1: VolkovDmitri ($120 in chips)
Seat 2: hairy1961 ($118.26 in chips)
VolkovDmitri: posts small blind $1
hairy1961: posts big blind $3
*** HOLE CARDS ***
VolkovDmitri: raises $3 to $6
hairy1961: calls $3
*** FLOP *** [4s 9s Tc]
hairy1961: checks
VolkovDmitri: bets $3
hairy1961: folds
Uncalled bet ($3) returned to VolkovDmitri
VolkovDmitri collected $11.76 from pot
VolkovDmitri: doesn't show hand
*** SUMMARY ***
Total pot $12 | Rake $0.24
Board [4s 9s Tc]
Seat 1: VolkovDmitri (button) (small blind) collected ($11.76)
Seat 2: hairy1961 (big blind) folded on the Flop


PokerStars Hand #148715974293:  Hold'em Limit ($3/$6 USD) - 2016/02/13 4:13:03 ET
Table 'Hormuthia' 6-max Seat #2 is the button
Seat 1: VolkovDmitri ($123 in chips)
Seat 2: hairy1961 ($103.76 in chips)
hairy1961: posts small blind $1
VolkovDmitri: posts big blind $3
*** HOLE CARDS ***
hairy1961: raises $3 to $6
VolkovDmitri: calls $3
*** FLOP *** [6h Jd 4c]
VolkovDmitri: checks
hairy1961: bets $3
VolkovDmitri: calls $3
*** TURN *** [6h Jd 4c] [5c]
VolkovDmitri: checks
hairy1961: bets $6
VolkovDmitri: calls $6
*** RIVER *** [6h Jd 4c 5c] [Kd]
VolkovDmitri: checks
hairy1961: checks
*** SHOW DOWN ***
VolkovDmitri: shows [Tc 4h] (a pair of Fours)
hairy1961: shows [Js Td] (a pair of Jacks)
hairy1961 collected $29.50 from pot
*** SUMMARY ***
Total pot $30 | Rake $0.50
Board [6h Jd 4c 5c Kd]
Seat 1: VolkovDmitri (big blind) showed [Tc 4h] and lost with a pair of Fours
Seat 2: hairy1961 (button) (small blind) showed [Js Td] and won ($29.50) with a pair of Jacks


PokerStars Hand #148715971188:  Hold'em Limit ($3/$6 USD) - 2016/02/13 4:12:56 ET
Table 'Hormuthia' 6-max Seat #1 is the button
Seat 1: VolkovDmitri ($120 in chips)
Seat 2: hairy1961 ($106.76 in chips)
VolkovDmitri: posts small blind $1
hairy1961: posts big blind $3
*** HOLE CARDS ***
VolkovDmitri: raises $3 to $6
hairy1961: folds
Uncalled bet ($3) returned to VolkovDmitri
VolkovDmitri collected $6 from pot
VolkovDmitri: doesn't show hand
*** SUMMARY ***
Total pot $6 | Rake $0
Seat 1: VolkovDmitri (button) (small blind) collected ($6)
Seat 2: hairy1961 (big blind) folded before Flop


PokerStars Hand #148715963030:  Hold'em Limit ($3/$6 USD) - 2016/02/13 4:12:37 ET
Table 'Hormuthia' 6-max Seat #2 is the button
Seat 1: VolkovDmitri ($120 in chips)
Seat 2: hairy1961 ($101 in chips)
hairy1961: posts small blind $1
VolkovDmitri: posts big blind $3
*** HOLE CARDS ***
hairy1961: raises $3 to $6
VolkovDmitri: calls $3
*** FLOP *** [Kc 3s 4h]
VolkovDmitri: checks
hairy1961: bets $3
VolkovDmitri: folds
Uncalled bet ($3) returned to hairy1961
hairy1961 collected $11.76 from pot
*** SUMMARY ***
Total pot $12 | Rake $0.24
Board [Kc 3s 4h]
Seat 1: VolkovDmitri (big blind) folded on the Flop
Seat 2: hairy1961 (button) (small blind) collected ($11.76)


PokerStars Hand #148716007474:  Hold'em Limit ($3/$6 USD) - 2016/02/13 4:14:20 ET
Table 'Hormuthia' 6-max Seat #2 is the button
Seat 1: VolkovDmitri ($164.26 in chips)
Seat 2: hairy1961 ($73.26 in chips)
hairy1961: posts small blind $1
VolkovDmitri: posts big blind $3
*** HOLE CARDS ***
hairy1961: raises $3 to $6
VolkovDmitri: calls $3
*** FLOP *** [Qc 4d 3h]
VolkovDmitri: checks
hairy1961: checks
*** TURN *** [Qc 4d 3h] [Qh]
VolkovDmitri: checks
hairy1961: checks
*** RIVER *** [Qc 4d 3h Qh] [2d]
VolkovDmitri: checks
hairy1961: checks
*** SHOW DOWN ***
VolkovDmitri: shows [7d Js] (a pair of Queens)
hairy1961: shows [Ad 9h] (a pair of Queens - Ace kicker)
hairy1961 collected $11.76 from pot
*** SUMMARY ***
Total pot $12 | Rake $0.24
Board [Qc 4d 3h Qh 2d]
Seat 1: VolkovDmitri (big blind) showed [7d Js] and lost with a pair of Queens
Seat 2: hairy1961 (button) (small blind) showed [Ad 9h] and won ($11.76) with a pair of Queens


PokerStars Hand #148716004079:  Hold'em Limit ($3/$6 USD) - 2016/02/13 4:14:12 ET
Table 'Hormuthia' 6-max Seat #1 is the button
Seat 1: VolkovDmitri ($161.26 in chips)
Seat 2: hairy1961 ($76.26 in chips)
VolkovDmitri: posts small blind $1
hairy1961: posts big blind $3
*** HOLE CARDS ***
VolkovDmitri: raises $3 to $6
hairy1961: folds
Uncalled bet ($3) returned to VolkovDmitri
VolkovDmitri collected $6 from pot
VolkovDmitri: doesn't show hand
*** SUMMARY ***
Total pot $6 | Rake $0
Seat 1: VolkovDmitri (button) (small blind) collected ($6)
Seat 2: hairy1961 (big blind) folded before Flop


PokerStars Hand #148715991922:  Hold'em Limit ($3/$6 USD) - 2016/02/13 4:13:44 ET
Table 'Hormuthia' 6-max Seat #2 is the button
Seat 1: VolkovDmitri ($125.76 in chips)
Seat 2: hairy1961 ($112.26 in chips)
hairy1961: posts small blind $1
VolkovDmitri: posts big blind $3
*** HOLE CARDS ***
hairy1961: raises $3 to $6
VolkovDmitri: raises $3 to $9
hairy1961: calls $3
*** FLOP *** [3c 5c Ts]
VolkovDmitri: bets $3
hairy1961: calls $3
*** TURN *** [3c 5c Ts] [3s]
VolkovDmitri: bets $6
hairy1961: calls $6
*** RIVER *** [3c 5c Ts 3s] [3d]
VolkovDmitri: bets $6
hairy1961: raises $6 to $12
VolkovDmitri: raises $6 to $18
hairy1961: calls $6
*** SHOW DOWN ***
VolkovDmitri: shows [Js Jd] (a full house, Threes full of Jacks)
hairy1961: mucks hand
VolkovDmitri collected $71.50 from pot
*** SUMMARY ***
Total pot $72 | Rake $0.50
Board [3c 5c Ts 3s 3d]
Seat 1: VolkovDmitri (big blind) showed [Js Jd] and won ($71.50) with a full house, Threes full of Jacks
Seat 2: hairy1961 (button) (small blind) mucked


