PokerStars Hand #167927105362:  Hold'em Limit ($3/$6 USD) - 2017/03/21 20:04:14 ET
Table 'Horus' 6-max Seat #6 is the button
Seat 5: RaisemyNut$ ($125.68 in chips)
Seat 6: MICHIGAN1870 ($49.01 in chips)
MICHIGAN1870: posts small blind $1
masterblstr8: is sitting out
Jack_Wu1985: is sitting out
RaisemyNut$: posts big blind $3
*** HOLE CARDS ***
masterblstr8 leaves the table
MICHIGAN1870: calls $2
masterblstr8 joins the table at seat #1
RaisemyNut$: raises $3 to $6
MICHIGAN1870: calls $3
*** FLOP *** [Ac Jc 3c]
RaisemyNut$: bets $3
MICHIGAN1870: folds
Uncalled bet ($3) returned to RaisemyNut$
RaisemyNut$ collected $11.76 from pot
RaisemyNut$: doesn't show hand
*** SUMMARY ***
Total pot $12 | Rake $0.24
Board [Ac Jc 3c]
Seat 5: RaisemyNut$ (big blind) collected ($11.76)
Seat 6: MICHIGAN1870 (button) (small blind) folded on the Flop


PokerStars Hand #167927118563:  Hold'em Limit ($3/$6 USD) - 2017/03/21 20:04:35 ET
Table 'Horus' 6-max Seat #5 is the button
Seat 5: RaisemyNut$ ($131.44 in chips)
Seat 6: MICHIGAN1870 ($43.01 in chips)
RaisemyNut$: posts small blind $1
MICHIGAN1870: posts big blind $3
*** HOLE CARDS ***
RaisemyNut$: raises $3 to $6
MICHIGAN1870: folds
Uncalled bet ($3) returned to RaisemyNut$
RaisemyNut$ collected $6 from pot
RaisemyNut$: doesn't show hand
*** SUMMARY ***
Total pot $6 | Rake $0
Seat 5: RaisemyNut$ (button) (small blind) collected ($6)
Seat 6: MICHIGAN1870 (big blind) folded before Flop


PokerStars Hand #167927311765:  Hold'em Limit ($3/$6 USD) - 2017/03/21 20:09:45 ET
Table 'Horus' 6-max Seat #1 is the button
Seat 1: masterblstr8 ($72.38 in chips)
Seat 5: RaisemyNut$ ($210.71 in chips)
masterblstr8: posts small blind $1
RaisemyNut$: posts big blind $3
*** HOLE CARDS ***
masterblstr8: raises $3 to $6
RaisemyNut$: calls $3
*** FLOP *** [2c Ts Ac]
RaisemyNut$: checks
masterblstr8: bets $3
RaisemyNut$: folds
Uncalled bet ($3) returned to masterblstr8
masterblstr8 collected $11.76 from pot
masterblstr8: doesn't show hand
*** SUMMARY ***
Total pot $12 | Rake $0.24
Board [2c Ts Ac]
Seat 1: masterblstr8 (button) (small blind) collected ($11.76)
Seat 5: RaisemyNut$ (big blind) folded on the Flop


