PokerStars Hand #145641913689:  Hold'em Limit ($3/$6 USD) - 2015/12/20 12:31:30 ET
Table 'Houssay II' 2-max Seat #1 is the button
Seat 1: aruhtart ($121.50 in chips)
Seat 2: Donroyos ($218.50 in chips)
aruhtart: posts small blind $1
Donroyos: posts big blind $3
*** HOLE CARDS ***
aruhtart: raises $3 to $6
Donroyos: calls $3
*** FLOP *** [8s 3d Kd]
Donroyos: checks
aruhtart: bets $3
Donroyos: folds
Uncalled bet ($3) returned to aruhtart
aruhtart collected $11.76 from pot
aruhtart: doesn't show hand
*** SUMMARY ***
Total pot $12 | Rake $0.24
Board [8s 3d Kd]
Seat 1: aruhtart (button) (small blind) collected ($11.76)
Seat 2: Donroyos (big blind) folded on the Flop


PokerStars Hand #145641978085:  Hold'em Limit ($3/$6 USD) - 2015/12/20 12:32:37 ET
Table 'Houssay II' 2-max Seat #1 is the button
Seat 1: aruhtart ($140.76 in chips)
Seat 2: Donroyos ($198.50 in chips)
aruhtart: posts small blind $1
Donroyos: posts big blind $3
*** HOLE CARDS ***
aruhtart: raises $3 to $6
Donroyos: folds
Uncalled bet ($3) returned to aruhtart
aruhtart collected $6 from pot
aruhtart: doesn't show hand
*** SUMMARY ***
Total pot $6 | Rake $0
Seat 1: aruhtart (button) (small blind) collected ($6)
Seat 2: Donroyos (big blind) folded before Flop


PokerStars Hand #145641966291:  Hold'em Limit ($3/$6 USD) - 2015/12/20 12:32:24 ET
Table 'Houssay II' 2-max Seat #2 is the button
Seat 1: aruhtart ($143.76 in chips)
Seat 2: Donroyos ($195.50 in chips)
Donroyos: posts small blind $1
aruhtart: posts big blind $3
*** HOLE CARDS ***
Donroyos: raises $3 to $6
aruhtart: folds
Uncalled bet ($3) returned to Donroyos
Donroyos collected $6 from pot
Donroyos: doesn't show hand
*** SUMMARY ***
Total pot $6 | Rake $0
Seat 1: aruhtart (big blind) folded before Flop
Seat 2: Donroyos (button) (small blind) collected ($6)


PokerStars Hand #145641961563:  Hold'em Limit ($3/$6 USD) - 2015/12/20 12:32:20 ET
Table 'Houssay II' 2-max Seat #1 is the button
Seat 1: aruhtart ($144.76 in chips)
Seat 2: Donroyos ($194.50 in chips)
aruhtart: posts small blind $1
Donroyos: posts big blind $3
*** HOLE CARDS ***
aruhtart: folds
Uncalled bet ($2) returned to Donroyos
Donroyos collected $2 from pot
Donroyos: doesn't show hand
*** SUMMARY ***
Total pot $2 | Rake $0
Seat 1: aruhtart (button) (small blind) folded before Flop
Seat 2: Donroyos (big blind) collected ($2)


PokerStars Hand #145641945305:  Hold'em Limit ($3/$6 USD) - 2015/12/20 12:32:03 ET
Table 'Houssay II' 2-max Seat #2 is the button
Seat 1: aruhtart ($127.26 in chips)
Seat 2: Donroyos ($212.50 in chips)
Donroyos: posts small blind $1
aruhtart: posts big blind $3
*** HOLE CARDS ***
Donroyos: raises $3 to $6
aruhtart: calls $3
*** FLOP *** [2h Jh 3s]
aruhtart: checks
Donroyos: checks
*** TURN *** [2h Jh 3s] [Ac]
aruhtart: checks
Donroyos: bets $6
aruhtart: calls $6
*** RIVER *** [2h Jh 3s Ac] [6s]
aruhtart: checks
Donroyos: bets $6
aruhtart: calls $6
*** SHOW DOWN ***
Donroyos: shows [4d Th] (high card Ace)
aruhtart: shows [8c 3c] (a pair of Threes)
aruhtart collected $35.50 from pot
*** SUMMARY ***
Total pot $36 | Rake $0.50
Board [2h Jh 3s Ac 6s]
Seat 1: aruhtart (big blind) showed [8c 3c] and won ($35.50) with a pair of Threes
Seat 2: Donroyos (button) (small blind) showed [4d Th] and lost with high card Ace


PokerStars Hand #145641939928:  Hold'em Limit ($3/$6 USD) - 2015/12/20 12:31:57 ET
Table 'Houssay II' 2-max Seat #1 is the button
Seat 1: aruhtart ($124.26 in chips)
Seat 2: Donroyos ($215.50 in chips)
aruhtart: posts small blind $1
Donroyos: posts big blind $3
*** HOLE CARDS ***
aruhtart: raises $3 to $6
Donroyos: folds
Uncalled bet ($3) returned to aruhtart
aruhtart collected $6 from pot
aruhtart: doesn't show hand
*** SUMMARY ***
Total pot $6 | Rake $0
Seat 1: aruhtart (button) (small blind) collected ($6)
Seat 2: Donroyos (big blind) folded before Flop


PokerStars Hand #145641935167:  Hold'em Limit ($3/$6 USD) - 2015/12/20 12:31:52 ET
Table 'Houssay II' 2-max Seat #2 is the button
Seat 1: aruhtart ($123.26 in chips)
Seat 2: Donroyos ($216.50 in chips)
Donroyos: posts small blind $1
aruhtart: posts big blind $3
*** HOLE CARDS ***
Donroyos: folds
Uncalled bet ($2) returned to aruhtart
aruhtart collected $2 from pot
aruhtart: doesn't show hand
*** SUMMARY ***
Total pot $2 | Rake $0
Seat 1: aruhtart (big blind) collected ($2)
Seat 2: Donroyos (button) (small blind) folded before Flop


PokerStars Hand #145641929549:  Hold'em Limit ($3/$6 USD) - 2015/12/20 12:31:47 ET
Table 'Houssay II' 2-max Seat #1 is the button
Seat 1: aruhtart ($124.26 in chips)
Seat 2: Donroyos ($215.50 in chips)
aruhtart: posts small blind $1
Donroyos: posts big blind $3
*** HOLE CARDS ***
aruhtart: folds
Uncalled bet ($2) returned to Donroyos
Donroyos collected $2 from pot
Donroyos: doesn't show hand
*** SUMMARY ***
Total pot $2 | Rake $0
Seat 1: aruhtart (button) (small blind) folded before Flop
Seat 2: Donroyos (big blind) collected ($2)


PokerStars Hand #145641923197:  Hold'em Limit ($3/$6 USD) - 2015/12/20 12:31:40 ET
Table 'Houssay II' 2-max Seat #2 is the button
Seat 1: aruhtart ($127.26 in chips)
Seat 2: Donroyos ($212.50 in chips)
Donroyos: posts small blind $1
aruhtart: posts big blind $3
*** HOLE CARDS ***
Donroyos: raises $3 to $6
aruhtart: folds
Uncalled bet ($3) returned to Donroyos
Donroyos collected $6 from pot
Donroyos: doesn't show hand
*** SUMMARY ***
Total pot $6 | Rake $0
Seat 1: aruhtart (big blind) folded before Flop
Seat 2: Donroyos (button) (small blind) collected ($6)


PokerStars Hand #145642024422:  Hold'em Limit ($3/$6 USD) - 2015/12/20 12:33:24 ET
Table 'Houssay II' 2-max Seat #1 is the button
Seat 1: aruhtart ($122.76 in chips)
Seat 2: Donroyos ($215.66 in chips)
aruhtart: posts small blind $1
Donroyos: posts big blind $3
*** HOLE CARDS ***
aruhtart: folds
Uncalled bet ($2) returned to Donroyos
Donroyos collected $2 from pot
Donroyos: doesn't show hand
*** SUMMARY ***
Total pot $2 | Rake $0
Seat 1: aruhtart (button) (small blind) folded before Flop
Seat 2: Donroyos (big blind) collected ($2)


PokerStars Hand #145642008523:  Hold'em Limit ($3/$6 USD) - 2015/12/20 12:33:08 ET
Table 'Houssay II' 2-max Seat #2 is the button
Seat 1: aruhtart ($128.76 in chips)
Seat 2: Donroyos ($209.90 in chips)
Donroyos: posts small blind $1
aruhtart: posts big blind $3
*** HOLE CARDS ***
Donroyos: raises $3 to $6
aruhtart: calls $3
*** FLOP *** [Qc Ah Ts]
aruhtart: checks
Donroyos: checks
*** TURN *** [Qc Ah Ts] [6s]
aruhtart: checks
Donroyos: checks
*** RIVER *** [Qc Ah Ts 6s] [Qd]
aruhtart: checks
Donroyos: bets $6
aruhtart: folds
Uncalled bet ($6) returned to Donroyos
Donroyos collected $11.76 from pot
Donroyos: doesn't show hand
*** SUMMARY ***
Total pot $12 | Rake $0.24
Board [Qc Ah Ts 6s Qd]
Seat 1: aruhtart (big blind) folded on the River
Seat 2: Donroyos (button) (small blind) collected ($11.76)


PokerStars Hand #145641993116:  Hold'em Limit ($3/$6 USD) - 2015/12/20 12:32:52 ET
Table 'Houssay II' 2-max Seat #1 is the button
Seat 1: aruhtart ($137.76 in chips)
Seat 2: Donroyos ($201.26 in chips)
aruhtart: posts small blind $1
Donroyos: posts big blind $3
*** HOLE CARDS ***
aruhtart: raises $3 to $6
Donroyos: calls $3
*** FLOP *** [Jc 6c 2s]
Donroyos: checks
aruhtart: bets $3
Donroyos: calls $3
*** TURN *** [Jc 6c 2s] [Td]
Donroyos: checks
aruhtart: checks
*** RIVER *** [Jc 6c 2s Td] [3c]
Donroyos: checks
aruhtart: checks
*** SHOW DOWN ***
Donroyos: shows [6h Ts] (two pair, Tens and Sixes)
aruhtart: mucks hand
Donroyos collected $17.64 from pot
*** SUMMARY ***
Total pot $18 | Rake $0.36
Board [Jc 6c 2s Td 3c]
Seat 1: aruhtart (button) (small blind) mucked
Seat 2: Donroyos (big blind) showed [6h Ts] and won ($17.64) with two pair, Tens and Sixes


PokerStars Hand #145641983873:  Hold'em Limit ($3/$6 USD) - 2015/12/20 12:32:43 ET
Table 'Houssay II' 2-max Seat #2 is the button
Seat 1: aruhtart ($143.76 in chips)
Seat 2: Donroyos ($195.50 in chips)
Donroyos: posts small blind $1
aruhtart: posts big blind $3
*** HOLE CARDS ***
Donroyos: raises $3 to $6
aruhtart: calls $3
*** FLOP *** [Js Kc 8d]
aruhtart: checks
Donroyos: bets $3
aruhtart: folds
Uncalled bet ($3) returned to Donroyos
Donroyos collected $11.76 from pot
Donroyos: doesn't show hand
*** SUMMARY ***
Total pot $12 | Rake $0.24
Board [Js Kc 8d]
Seat 1: aruhtart (big blind) folded on the Flop
Seat 2: Donroyos (button) (small blind) collected ($11.76)


PokerStars Hand #145642080525:  Hold'em Limit ($3/$6 USD) - 2015/12/20 12:34:22 ET
Table 'Houssay II' 2-max Seat #1 is the button
Seat 1: aruhtart ($120 in chips)
Seat 2: Donroyos ($245.46 in chips)
aruhtart: posts small blind $1
Donroyos: posts big blind $3
*** HOLE CARDS ***
aruhtart: raises $3 to $6
Donroyos: calls $3
*** FLOP *** [4s Qc 7c]
Donroyos: checks
aruhtart: bets $3
Donroyos: calls $3
*** TURN *** [4s Qc 7c] [5h]
Donroyos: bets $6
aruhtart: calls $6
*** RIVER *** [4s Qc 7c 5h] [4c]
Donroyos: bets $6
aruhtart: folds
Uncalled bet ($6) returned to Donroyos
Donroyos collected $29.50 from pot
Donroyos: doesn't show hand
*** SUMMARY ***
Total pot $30 | Rake $0.50
Board [4s Qc 7c 5h 4c]
Seat 1: aruhtart (button) (small blind) folded on the River
Seat 2: Donroyos (big blind) collected ($29.50)


PokerStars Hand #145642066912:  Hold'em Limit ($3/$6 USD) - 2015/12/20 12:34:08 ET
Table 'Houssay II' 2-max Seat #2 is the button
Seat 1: aruhtart ($120 in chips)
Seat 2: Donroyos ($239.70 in chips)
Donroyos: posts small blind $1
aruhtart: posts big blind $3
*** HOLE CARDS ***
Donroyos: raises $3 to $6
aruhtart: calls $3
*** FLOP *** [9c 4c Jh]
aruhtart: checks
Donroyos: checks
*** TURN *** [9c 4c Jh] [Qc]
aruhtart: checks
Donroyos: checks
*** RIVER *** [9c 4c Jh Qc] [2s]
aruhtart: checks
Donroyos: bets $6
aruhtart: folds
Uncalled bet ($6) returned to Donroyos
Donroyos collected $11.76 from pot
Donroyos: doesn't show hand
*** SUMMARY ***
Total pot $12 | Rake $0.24
Board [9c 4c Jh Qc 2s]
Seat 1: aruhtart (big blind) folded on the River
Seat 2: Donroyos (button) (small blind) collected ($11.76)


PokerStars Hand #145642049899:  Hold'em Limit ($3/$6 USD) - 2015/12/20 12:33:50 ET
Table 'Houssay II' 2-max Seat #1 is the button
Seat 1: aruhtart ($120 in chips)
Seat 2: Donroyos ($228.18 in chips)
aruhtart: posts small blind $1
Donroyos: posts big blind $3
*** HOLE CARDS ***
aruhtart: raises $3 to $6
Donroyos: raises $3 to $9
aruhtart: calls $3
*** FLOP *** [2h Tc 7c]
Donroyos: bets $3
aruhtart: calls $3
*** TURN *** [2h Tc 7c] [6h]
Donroyos: checks
aruhtart: checks
*** RIVER *** [2h Tc 7c 6h] [3h]
Donroyos: checks
aruhtart: checks
*** SHOW DOWN ***
Donroyos: shows [Ad 4c] (high card Ace)
aruhtart: mucks hand
Donroyos collected $23.52 from pot
*** SUMMARY ***
Total pot $24 | Rake $0.48
Board [2h Tc 7c 6h 3h]
Seat 1: aruhtart (button) (small blind) mucked
Seat 2: Donroyos (big blind) showed [Ad 4c] and won ($23.52) with high card Ace


PokerStars Hand #145642028882:  Hold'em Limit ($3/$6 USD) - 2015/12/20 12:33:29 ET
Table 'Houssay II' 2-max Seat #2 is the button
Seat 1: aruhtart ($121.76 in chips)
Seat 2: Donroyos ($216.66 in chips)
Donroyos: posts small blind $1
aruhtart: posts big blind $3
*** HOLE CARDS ***
Donroyos: raises $3 to $6
aruhtart: calls $3
*** FLOP *** [8h Jc 6s]
aruhtart: checks
Donroyos: checks
*** TURN *** [8h Jc 6s] [2d]
aruhtart: bets $6
Donroyos: calls $6
*** RIVER *** [8h Jc 6s 2d] [4h]
aruhtart: checks
Donroyos: checks
*** SHOW DOWN ***
aruhtart: shows [9s Kh] (high card King)
Donroyos: shows [6c 5h] (a pair of Sixes)
Donroyos collected $23.52 from pot
*** SUMMARY ***
Total pot $24 | Rake $0.48
Board [8h Jc 6s 2d 4h]
Seat 1: aruhtart (big blind) showed [9s Kh] and lost with high card King
Seat 2: Donroyos (button) (small blind) showed [6c 5h] and won ($23.52) with a pair of Sixes


PokerStars Hand #145642146143:  Hold'em Limit ($3/$6 USD) - 2015/12/20 12:35:30 ET
Table 'Houssay II' 2-max Seat #2 is the button
Seat 1: aruhtart ($120 in chips)
Seat 2: Donroyos ($299.96 in chips)
Donroyos: posts small blind $1
aruhtart: posts big blind $3
*** HOLE CARDS ***
Donroyos: raises $3 to $6
aruhtart: raises $3 to $9
Donroyos: calls $3
*** FLOP *** [5d 3c Tc]
aruhtart: bets $3
Donroyos: calls $3
*** TURN *** [5d 3c Tc] [Th]
aruhtart: bets $6
Donroyos: raises $6 to $12
aruhtart: calls $6
*** RIVER *** [5d 3c Tc Th] [Js]
aruhtart: checks
Donroyos: bets $6
aruhtart: calls $6
*** SHOW DOWN ***
Donroyos: shows [Jd Td] (a full house, Tens full of Jacks)
aruhtart: mucks hand
Donroyos collected $59.50 from pot
*** SUMMARY ***
Total pot $60 | Rake $0.50
Board [5d 3c Tc Th Js]
Seat 1: aruhtart (big blind) mucked
Seat 2: Donroyos (button) (small blind) showed [Jd Td] and won ($59.50) with a full house, Tens full of Jacks


PokerStars Hand #145642131224:  Hold'em Limit ($3/$6 USD) - 2015/12/20 12:35:14 ET
Table 'Houssay II' 2-max Seat #1 is the button
Seat 1: aruhtart ($124 in chips)
Seat 2: Donroyos ($276.46 in chips)
aruhtart: posts small blind $1
Donroyos: posts big blind $3
*** HOLE CARDS ***
aruhtart: raises $3 to $6
Donroyos: raises $3 to $9
aruhtart: calls $3
*** FLOP *** [3c 2s Td]
Donroyos: bets $3
aruhtart: calls $3
*** TURN *** [3c 2s Td] [9h]
Donroyos: bets $6
aruhtart: calls $6
*** RIVER *** [3c 2s Td 9h] [4d]
Donroyos: bets $6
aruhtart: calls $6
*** SHOW DOWN ***
Donroyos: shows [As Ad] (a pair of Aces)
aruhtart: mucks hand
Donroyos collected $47.50 from pot
*** SUMMARY ***
Total pot $48 | Rake $0.50
Board [3c 2s Td 9h 4d]
Seat 1: aruhtart (button) (small blind) mucked
Seat 2: Donroyos (big blind) showed [As Ad] and won ($47.50) with a pair of Aces


PokerStars Hand #145642126098:  Hold'em Limit ($3/$6 USD) - 2015/12/20 12:35:09 ET
Table 'Houssay II' 2-max Seat #2 is the button
Seat 1: aruhtart ($127 in chips)
Seat 2: Donroyos ($273.46 in chips)
Donroyos: posts small blind $1
aruhtart: posts big blind $3
*** HOLE CARDS ***
Donroyos: raises $3 to $6
aruhtart: folds
Uncalled bet ($3) returned to Donroyos
Donroyos collected $6 from pot
Donroyos: doesn't show hand
*** SUMMARY ***
Total pot $6 | Rake $0
Seat 1: aruhtart (big blind) folded before Flop
Seat 2: Donroyos (button) (small blind) collected ($6)


PokerStars Hand #145642120601:  Hold'em Limit ($3/$6 USD) - 2015/12/20 12:35:03 ET
Table 'Houssay II' 2-max Seat #1 is the button
Seat 1: aruhtart ($124 in chips)
Seat 2: Donroyos ($276.46 in chips)
aruhtart: posts small blind $1
Donroyos: posts big blind $3
*** HOLE CARDS ***
aruhtart: raises $3 to $6
Donroyos: folds
Uncalled bet ($3) returned to aruhtart
aruhtart collected $6 from pot
aruhtart: doesn't show hand
*** SUMMARY ***
Total pot $6 | Rake $0
Seat 1: aruhtart (button) (small blind) collected ($6)
Seat 2: Donroyos (big blind) folded before Flop


PokerStars Hand #145642116085:  Hold'em Limit ($3/$6 USD) - 2015/12/20 12:34:58 ET
Table 'Houssay II' 2-max Seat #2 is the button
Seat 1: aruhtart ($123 in chips)
Seat 2: Donroyos ($277.46 in chips)
Donroyos: posts small blind $1
aruhtart: posts big blind $3
*** HOLE CARDS ***
Donroyos: folds
Uncalled bet ($2) returned to aruhtart
aruhtart collected $2 from pot
aruhtart: doesn't show hand
*** SUMMARY ***
Total pot $2 | Rake $0
Seat 1: aruhtart (big blind) collected ($2)
Seat 2: Donroyos (button) (small blind) folded before Flop


PokerStars Hand #145642111314:  Hold'em Limit ($3/$6 USD) - 2015/12/20 12:34:53 ET
Table 'Houssay II' 2-max Seat #1 is the button
Seat 1: aruhtart ($120 in chips)
Seat 2: Donroyos ($280.46 in chips)
aruhtart: posts small blind $1
Donroyos: posts big blind $3
*** HOLE CARDS ***
aruhtart: raises $3 to $6
Donroyos: folds
Uncalled bet ($3) returned to aruhtart
aruhtart collected $6 from pot
aruhtart: doesn't show hand
*** SUMMARY ***
Total pot $6 | Rake $0
Seat 1: aruhtart (button) (small blind) collected ($6)
Seat 2: Donroyos (big blind) folded before Flop


PokerStars Hand #145642096314:  Hold'em Limit ($3/$6 USD) - 2015/12/20 12:34:38 ET
Table 'Houssay II' 2-max Seat #2 is the button
Seat 1: aruhtart ($120 in chips)
Seat 2: Donroyos ($259.96 in chips)
Donroyos: posts small blind $1
aruhtart: posts big blind $3
*** HOLE CARDS ***
Donroyos: raises $3 to $6
aruhtart: calls $3
*** FLOP *** [2h Jh Qh]
aruhtart: checks
Donroyos: bets $3
aruhtart: calls $3
*** TURN *** [2h Jh Qh] [2d]
aruhtart: checks
Donroyos: bets $6
aruhtart: calls $6
*** RIVER *** [2h Jh Qh 2d] [Th]
aruhtart: checks
Donroyos: bets $6
aruhtart: calls $6
*** SHOW DOWN ***
Donroyos: shows [Ac Ah] (a flush, Ace high)
aruhtart: mucks hand
Donroyos collected $41.50 from pot
*** SUMMARY ***
Total pot $42 | Rake $0.50
Board [2h Jh Qh 2d Th]
Seat 1: aruhtart (big blind) mucked
Seat 2: Donroyos (button) (small blind) showed [Ac Ah] and won ($41.50) with a flush, Ace high


PokerStars Hand #145642196947:  Hold'em Limit ($3/$6 USD) - 2015/12/20 12:36:22 ET
Table 'Houssay II' 2-max Seat #2 is the button
Seat 1: aruhtart ($125.76 in chips)
Seat 2: Donroyos ($331.98 in chips)
Donroyos: posts small blind $1
aruhtart: posts big blind $3
*** HOLE CARDS ***
Donroyos: raises $3 to $6
aruhtart: raises $3 to $9
Donroyos: calls $3
*** FLOP *** [Kd 9d Ks]
aruhtart: bets $3
Donroyos: folds
Uncalled bet ($3) returned to aruhtart
aruhtart collected $17.64 from pot
aruhtart: doesn't show hand
*** SUMMARY ***
Total pot $18 | Rake $0.36
Board [Kd 9d Ks]
Seat 1: aruhtart (big blind) collected ($17.64)
Seat 2: Donroyos (button) (small blind) folded on the Flop


PokerStars Hand #145642183250:  Hold'em Limit ($3/$6 USD) - 2015/12/20 12:36:08 ET
Table 'Houssay II' 2-max Seat #1 is the button
Seat 1: aruhtart ($120 in chips)
Seat 2: Donroyos ($337.98 in chips)
aruhtart: posts small blind $1
Donroyos: posts big blind $3
*** HOLE CARDS ***
aruhtart: raises $3 to $6
Donroyos: calls $3
*** FLOP *** [Ad 8h 7h]
Donroyos: checks
aruhtart: bets $3
Donroyos: folds
Uncalled bet ($3) returned to aruhtart
aruhtart collected $11.76 from pot
aruhtart: doesn't show hand
*** SUMMARY ***
Total pot $12 | Rake $0.24
Board [Ad 8h 7h]
Seat 1: aruhtart (button) (small blind) collected ($11.76)
Seat 2: Donroyos (big blind) folded on the Flop


PokerStars Hand #145642171840:  Hold'em Limit ($3/$6 USD) - 2015/12/20 12:35:56 ET
Table 'Houssay II' 2-max Seat #2 is the button
Seat 1: aruhtart ($123 in chips)
Seat 2: Donroyos ($326.46 in chips)
Donroyos: posts small blind $1
aruhtart: posts big blind $3
*** HOLE CARDS ***
Donroyos: raises $3 to $6
aruhtart: raises $3 to $9
Donroyos: raises $3 to $12
Betting is capped
aruhtart: calls $3
*** FLOP *** [Td Kd 3h]
aruhtart: checks
Donroyos: bets $3
aruhtart: folds
Uncalled bet ($3) returned to Donroyos
Donroyos collected $23.52 from pot
Donroyos: doesn't show hand
*** SUMMARY ***
Total pot $24 | Rake $0.48
Board [Td Kd 3h]
Seat 1: aruhtart (big blind) folded on the Flop
Seat 2: Donroyos (button) (small blind) collected ($23.52)


PokerStars Hand #145642162152:  Hold'em Limit ($3/$6 USD) - 2015/12/20 12:35:46 ET
Table 'Houssay II' 2-max Seat #1 is the button
Seat 1: aruhtart ($120 in chips)
Seat 2: Donroyos ($329.46 in chips)
aruhtart: posts small blind $1
Donroyos: posts big blind $3
*** HOLE CARDS ***
aruhtart: raises $3 to $6
Donroyos: folds
Uncalled bet ($3) returned to aruhtart
aruhtart collected $6 from pot
aruhtart: doesn't show hand
*** SUMMARY ***
Total pot $6 | Rake $0
Seat 1: aruhtart (button) (small blind) collected ($6)
Seat 2: Donroyos (big blind) folded before Flop


