PokerStars Hand #147905282508:  Hold'em Limit ($3/$6 USD) - 2016/01/29 18:59:15 ET
Table 'Houzeau' 6-max Seat #1 is the button
Seat 1: Philly0813 ($91.35 in chips)
Seat 2: SashaYuvelir ($117.83 in chips)
Philly0813: posts small blind $1
SashaYuvelir: posts big blind $3
*** HOLE CARDS ***
Philly0813: folds
Uncalled bet ($2) returned to SashaYuvelir
SashaYuvelir collected $2 from pot
SashaYuvelir: doesn't show hand
*** SUMMARY ***
Total pot $2 | Rake $0
Seat 1: Philly0813 (button) (small blind) folded before Flop
Seat 2: SashaYuvelir (big blind) collected ($2)


PokerStars Hand #147905274348:  Hold'em Limit ($3/$6 USD) - 2016/01/29 18:59:03 ET
Table 'Houzeau' 6-max Seat #2 is the button
Seat 1: Philly0813 ($67.85 in chips)
Seat 2: SashaYuvelir ($141.83 in chips)
SashaYuvelir: posts small blind $1
Philly0813: posts big blind $3
*** HOLE CARDS ***
SashaYuvelir: raises $3 to $6
Philly0813: raises $3 to $9
SashaYuvelir: calls $3
*** FLOP *** [Kd 3d 5h]
Philly0813: bets $3
SashaYuvelir: calls $3
*** TURN *** [Kd 3d 5h] [8h]
Philly0813: bets $6
SashaYuvelir: calls $6
*** RIVER *** [Kd 3d 5h 8h] [3c]
Philly0813: bets $6
SashaYuvelir: calls $6
*** SHOW DOWN ***
Philly0813: shows [As Ac] (two pair, Aces and Threes)
SashaYuvelir: mucks hand
Philly0813 collected $47.50 from pot
*** SUMMARY ***
Total pot $48 | Rake $0.50
Board [Kd 3d 5h 8h 3c]
Seat 1: Philly0813 (big blind) showed [As Ac] and won ($47.50) with two pair, Aces and Threes
Seat 2: SashaYuvelir (button) (small blind) mucked


PokerStars Hand #147905288399:  Hold'em Limit ($3/$6 USD) - 2016/01/29 18:59:24 ET
Table 'Houzeau' 6-max Seat #1 is the button
Seat 1: Philly0813 ($91.35 in chips)
Seat 2: SashaYuvelir ($117.83 in chips)
Philly0813: posts small blind $1
SashaYuvelir: posts big blind $3
*** HOLE CARDS ***
Philly0813: raises $3 to $6
SashaYuvelir: calls $3
*** FLOP *** [Jc 3c Ad]
SashaYuvelir: checks
Philly0813: bets $3
SashaYuvelir: folds
Uncalled bet ($3) returned to Philly0813
Philly0813 collected $11.76 from pot
Philly0813: doesn't show hand
*** SUMMARY ***
Total pot $12 | Rake $0.24
Board [Jc 3c Ad]
Seat 1: Philly0813 (button) (small blind) collected ($11.76)
Seat 2: SashaYuvelir (big blind) folded on the Flop


PokerStars Hand #147905285410:  Hold'em Limit ($3/$6 USD) - 2016/01/29 18:59:20 ET
Table 'Houzeau' 6-max Seat #2 is the button
Seat 1: Philly0813 ($90.35 in chips)
Seat 2: SashaYuvelir ($118.83 in chips)
SashaYuvelir: posts small blind $1
Philly0813: posts big blind $3
*** HOLE CARDS ***
SashaYuvelir: folds
Uncalled bet ($2) returned to Philly0813
Philly0813 collected $2 from pot
Philly0813: doesn't show hand
*** SUMMARY ***
Total pot $2 | Rake $0
Seat 1: Philly0813 (big blind) collected ($2)
Seat 2: SashaYuvelir (button) (small blind) folded before Flop


PokerStars Hand #147905302107:  Hold'em Limit ($3/$6 USD) - 2016/01/29 18:59:44 ET
Table 'Houzeau' 6-max Seat #1 is the button
Seat 1: Philly0813 ($105.75 in chips)
Seat 2: SashaYuvelir ($102.83 in chips)
Philly0813: posts small blind $1
SashaYuvelir: posts big blind $3
*** HOLE CARDS ***
Philly0813: raises $3 to $6
SashaYuvelir: calls $3
*** FLOP *** [Jd Qh 6c]
SashaYuvelir: checks
Philly0813: bets $3
SashaYuvelir: folds
Uncalled bet ($3) returned to Philly0813
Philly0813 collected $11.76 from pot
Philly0813: doesn't show hand
*** SUMMARY ***
Total pot $12 | Rake $0.24
Board [Jd Qh 6c]
Seat 1: Philly0813 (button) (small blind) collected ($11.76)
Seat 2: SashaYuvelir (big blind) folded on the Flop


PokerStars Hand #147905293590:  Hold'em Limit ($3/$6 USD) - 2016/01/29 18:59:32 ET
Table 'Houzeau' 6-max Seat #2 is the button
Seat 1: Philly0813 ($97.11 in chips)
Seat 2: SashaYuvelir ($111.83 in chips)
SashaYuvelir: posts small blind $1
Philly0813: posts big blind $3
*** HOLE CARDS ***
SashaYuvelir: raises $3 to $6
Philly0813: calls $3
*** FLOP *** [8d 9c 9d]
Philly0813: checks
SashaYuvelir: bets $3
Philly0813: calls $3
*** TURN *** [8d 9c 9d] [Js]
Philly0813: checks
SashaYuvelir: checks
*** RIVER *** [8d 9c 9d Js] [Jh]
Philly0813: bets $6
SashaYuvelir: folds
Uncalled bet ($6) returned to Philly0813
Philly0813 collected $17.64 from pot
Philly0813: doesn't show hand
*** SUMMARY ***
Total pot $18 | Rake $0.36
Board [8d 9c 9d Js Jh]
Seat 1: Philly0813 (big blind) collected ($17.64)
Seat 2: SashaYuvelir (button) (small blind) folded on the River


PokerStars Hand #147905308205:  Hold'em Limit ($3/$6 USD) - 2016/01/29 18:59:53 ET
Table 'Houzeau' 6-max Seat #2 is the button
Seat 1: Philly0813 ($111.51 in chips)
Seat 2: SashaYuvelir ($96.83 in chips)
SashaYuvelir: posts small blind $1
Philly0813: posts big blind $3
*** HOLE CARDS ***
SashaYuvelir: raises $3 to $6
Philly0813: folds
Uncalled bet ($3) returned to SashaYuvelir
SashaYuvelir collected $6 from pot
SashaYuvelir: doesn't show hand
*** SUMMARY ***
Total pot $6 | Rake $0
Seat 1: Philly0813 (big blind) folded before Flop
Seat 2: SashaYuvelir (button) (small blind) collected ($6)


PokerStars Hand #147905311133:  Hold'em Limit ($3/$6 USD) - 2016/01/29 18:59:58 ET
Table 'Houzeau' 6-max Seat #1 is the button
Seat 1: Philly0813 ($108.51 in chips)
Seat 2: SashaYuvelir ($99.83 in chips)
Philly0813: posts small blind $1
SashaYuvelir: posts big blind $3
*** HOLE CARDS ***
Philly0813: raises $3 to $6
SashaYuvelir: calls $3
*** FLOP *** [7d Kc 9h]
SashaYuvelir: checks
Philly0813: bets $3
SashaYuvelir: folds
Uncalled bet ($3) returned to Philly0813
Philly0813 collected $11.76 from pot
Philly0813: doesn't show hand
*** SUMMARY ***
Total pot $12 | Rake $0.24
Board [7d Kc 9h]
Seat 1: Philly0813 (button) (small blind) collected ($11.76)
Seat 2: SashaYuvelir (big blind) folded on the Flop


PokerStars Hand #147905316688:  Hold'em Limit ($3/$6 USD) - 2016/01/29 19:00:06 ET
Table 'Houzeau' 6-max Seat #2 is the button
Seat 1: Philly0813 ($114.27 in chips)
Seat 2: SashaYuvelir ($93.83 in chips)
SashaYuvelir: posts small blind $1
Philly0813: posts big blind $3
*** HOLE CARDS ***
SashaYuvelir: raises $3 to $6
Philly0813: calls $3
*** FLOP *** [3h 4s 3d]
Philly0813: checks
SashaYuvelir: bets $3
Philly0813: calls $3
*** TURN *** [3h 4s 3d] [9d]
Philly0813: checks
SashaYuvelir: checks
*** RIVER *** [3h 4s 3d 9d] [2c]
Philly0813: bets $6
SashaYuvelir: calls $6
*** SHOW DOWN ***
Philly0813: shows [7s Kd] (a pair of Threes)
SashaYuvelir: shows [As 6s] (a pair of Threes - Ace kicker)
SashaYuvelir collected $29.50 from pot
*** SUMMARY ***
Total pot $30 | Rake $0.50
Board [3h 4s 3d 9d 2c]
Seat 1: Philly0813 (big blind) showed [7s Kd] and lost with a pair of Threes
Seat 2: SashaYuvelir (button) (small blind) showed [As 6s] and won ($29.50) with a pair of Threes


PokerStars Hand #147905327391:  Hold'em Limit ($3/$6 USD) - 2016/01/29 19:00:21 ET
Table 'Houzeau' 6-max Seat #1 is the button
Seat 1: Philly0813 ($99.27 in chips)
Seat 2: SashaYuvelir ($108.33 in chips)
Philly0813: posts small blind $1
SashaYuvelir: posts big blind $3
*** HOLE CARDS ***
Philly0813: raises $3 to $6
SashaYuvelir: calls $3
*** FLOP *** [Qh Ks 5c]
SashaYuvelir: checks
Philly0813: bets $3
SashaYuvelir: folds
Uncalled bet ($3) returned to Philly0813
Philly0813 collected $11.76 from pot
Philly0813: doesn't show hand
*** SUMMARY ***
Total pot $12 | Rake $0.24
Board [Qh Ks 5c]
Seat 1: Philly0813 (button) (small blind) collected ($11.76)
Seat 2: SashaYuvelir (big blind) folded on the Flop


PokerStars Hand #147905347380:  Hold'em Limit ($3/$6 USD) - 2016/01/29 19:00:49 ET
Table 'Houzeau' 6-max Seat #1 is the button
Seat 1: Philly0813 ($122.53 in chips)
Seat 2: SashaYuvelir ($84.33 in chips)
Philly0813: posts small blind $1
SashaYuvelir: posts big blind $3
*** HOLE CARDS ***
Philly0813: folds
Uncalled bet ($2) returned to SashaYuvelir
SashaYuvelir collected $2 from pot
SashaYuvelir: doesn't show hand
*** SUMMARY ***
Total pot $2 | Rake $0
Seat 1: Philly0813 (button) (small blind) folded before Flop
Seat 2: SashaYuvelir (big blind) collected ($2)


PokerStars Hand #147905332693:  Hold'em Limit ($3/$6 USD) - 2016/01/29 19:00:29 ET
Table 'Houzeau' 6-max Seat #2 is the button
Seat 1: Philly0813 ($105.03 in chips)
Seat 2: SashaYuvelir ($102.33 in chips)
SashaYuvelir: posts small blind $1
Philly0813: posts big blind $3
*** HOLE CARDS ***
SashaYuvelir: raises $3 to $6
Philly0813: calls $3
*** FLOP *** [5d 3h 5h]
Philly0813: checks
SashaYuvelir: bets $3
Philly0813: raises $3 to $6
SashaYuvelir: calls $3
*** TURN *** [5d 3h 5h] [8h]
Philly0813: bets $6
SashaYuvelir: calls $6
*** RIVER *** [5d 3h 5h 8h] [8s]
Philly0813: bets $6
SashaYuvelir: folds
Uncalled bet ($6) returned to Philly0813
Philly0813 collected $35.50 from pot
Philly0813: doesn't show hand
*** SUMMARY ***
Total pot $36 | Rake $0.50
Board [5d 3h 5h 8h 8s]
Seat 1: Philly0813 (big blind) collected ($35.50)
Seat 2: SashaYuvelir (button) (small blind) folded on the River


PokerStars Hand #147905350602:  Hold'em Limit ($3/$6 USD) - 2016/01/29 19:00:54 ET
Table 'Houzeau' 6-max Seat #2 is the button
Seat 1: Philly0813 ($121.53 in chips)
Seat 2: SashaYuvelir ($85.33 in chips)
SashaYuvelir: posts small blind $1
Philly0813: posts big blind $3
*** HOLE CARDS ***
SashaYuvelir: raises $3 to $6
Philly0813: folds
Uncalled bet ($3) returned to SashaYuvelir
SashaYuvelir collected $6 from pot
SashaYuvelir: doesn't show hand
*** SUMMARY ***
Total pot $6 | Rake $0
Seat 1: Philly0813 (big blind) folded before Flop
Seat 2: SashaYuvelir (button) (small blind) collected ($6)


PokerStars Hand #147905354348:  Hold'em Limit ($3/$6 USD) - 2016/01/29 19:00:59 ET
Table 'Houzeau' 6-max Seat #1 is the button
Seat 1: Philly0813 ($118.53 in chips)
Seat 2: SashaYuvelir ($88.33 in chips)
Philly0813: posts small blind $1
SashaYuvelir: posts big blind $3
*** HOLE CARDS ***
Philly0813: raises $3 to $6
SashaYuvelir: folds
Uncalled bet ($3) returned to Philly0813
Philly0813 collected $6 from pot
Philly0813: doesn't show hand
*** SUMMARY ***
Total pot $6 | Rake $0
Seat 1: Philly0813 (button) (small blind) collected ($6)
Seat 2: SashaYuvelir (big blind) folded before Flop


PokerStars Hand #147905360621:  Hold'em Limit ($3/$6 USD) - 2016/01/29 19:01:07 ET
Table 'Houzeau' 6-max Seat #2 is the button
Seat 1: Philly0813 ($121.53 in chips)
Seat 2: SashaYuvelir ($85.33 in chips)
SashaYuvelir: posts small blind $1
Philly0813: posts big blind $3
*** HOLE CARDS ***
SashaYuvelir: raises $3 to $6
Philly0813: calls $3
*** FLOP *** [9c 4h Kh]
Philly0813: checks
SashaYuvelir: bets $3
Philly0813: calls $3
*** TURN *** [9c 4h Kh] [Ks]
Philly0813: checks
SashaYuvelir: bets $6
Philly0813: folds
Uncalled bet ($6) returned to SashaYuvelir
SashaYuvelir collected $17.64 from pot
SashaYuvelir: doesn't show hand
*** SUMMARY ***
Total pot $18 | Rake $0.36
Board [9c 4h Kh Ks]
Seat 1: Philly0813 (big blind) folded on the Turn
Seat 2: SashaYuvelir (button) (small blind) collected ($17.64)


PokerStars Hand #147905371360:  Hold'em Limit ($3/$6 USD) - 2016/01/29 19:01:21 ET
Table 'Houzeau' 6-max Seat #1 is the button
Seat 1: Philly0813 ($112.53 in chips)
Seat 2: SashaYuvelir ($93.97 in chips)
Philly0813: posts small blind $1
SashaYuvelir: posts big blind $3
*** HOLE CARDS ***
Philly0813: raises $3 to $6
SashaYuvelir: calls $3
*** FLOP *** [7h 6d 9s]
SashaYuvelir: checks
Philly0813: bets $3
SashaYuvelir: raises $3 to $6
Philly0813: raises $3 to $9
SashaYuvelir: calls $3
*** TURN *** [7h 6d 9s] [3h]
SashaYuvelir: checks
Philly0813: checks
*** RIVER *** [7h 6d 9s 3h] [Ks]
SashaYuvelir: checks
Philly0813: checks
*** SHOW DOWN ***
SashaYuvelir: shows [Qc 5d] (high card King)
Philly0813: shows [Jd 6h] (a pair of Sixes)
Philly0813 collected $29.50 from pot
*** SUMMARY ***
Total pot $30 | Rake $0.50
Board [7h 6d 9s 3h Ks]
Seat 1: Philly0813 (button) (small blind) showed [Jd 6h] and won ($29.50) with a pair of Sixes
Seat 2: SashaYuvelir (big blind) showed [Qc 5d] and lost with high card King


PokerStars Hand #147905381498:  Hold'em Limit ($3/$6 USD) - 2016/01/29 19:01:34 ET
Table 'Houzeau' 6-max Seat #2 is the button
Seat 1: Philly0813 ($127.03 in chips)
Seat 2: SashaYuvelir ($78.97 in chips)
SashaYuvelir: posts small blind $1
Philly0813: posts big blind $3
*** HOLE CARDS ***
SashaYuvelir: raises $3 to $6
Philly0813: calls $3
*** FLOP *** [3d Kc 4h]
Philly0813: checks
SashaYuvelir: bets $3
Philly0813: calls $3
*** TURN *** [3d Kc 4h] [8s]
Philly0813: checks
SashaYuvelir: bets $6
Philly0813: folds
Uncalled bet ($6) returned to SashaYuvelir
SashaYuvelir collected $17.64 from pot
SashaYuvelir: doesn't show hand
*** SUMMARY ***
Total pot $18 | Rake $0.36
Board [3d Kc 4h 8s]
Seat 1: Philly0813 (big blind) folded on the Turn
Seat 2: SashaYuvelir (button) (small blind) collected ($17.64)


PokerStars Hand #147905392136:  Hold'em Limit ($3/$6 USD) - 2016/01/29 19:01:48 ET
Table 'Houzeau' 6-max Seat #1 is the button
Seat 1: Philly0813 ($118.03 in chips)
Seat 2: SashaYuvelir ($87.61 in chips)
Philly0813: posts small blind $1
SashaYuvelir: posts big blind $3
*** HOLE CARDS ***
Philly0813: raises $3 to $6
SashaYuvelir: calls $3
*** FLOP *** [2d 8c Js]
SashaYuvelir: checks
Philly0813: bets $3
SashaYuvelir: folds
Uncalled bet ($3) returned to Philly0813
Philly0813 collected $11.76 from pot
Philly0813: doesn't show hand
*** SUMMARY ***
Total pot $12 | Rake $0.24
Board [2d 8c Js]
Seat 1: Philly0813 (button) (small blind) collected ($11.76)
Seat 2: SashaYuvelir (big blind) folded on the Flop


PokerStars Hand #147905408003:  Hold'em Limit ($3/$6 USD) - 2016/01/29 19:02:07 ET
Table 'Houzeau' 6-max Seat #1 is the button
Seat 1: Philly0813 ($135.31 in chips)
Seat 2: SashaYuvelir ($72 in chips)
Philly0813: posts small blind $1
SashaYuvelir: posts big blind $3
*** HOLE CARDS ***
Philly0813: raises $3 to $6
SashaYuvelir: calls $3
*** FLOP *** [2c 2s 6s]
SashaYuvelir: checks
Philly0813: bets $3
SashaYuvelir: folds
Uncalled bet ($3) returned to Philly0813
Philly0813 collected $11.76 from pot
Philly0813: doesn't show hand
*** SUMMARY ***
Total pot $12 | Rake $0.24
Board [2c 2s 6s]
Seat 1: Philly0813 (button) (small blind) collected ($11.76)
Seat 2: SashaYuvelir (big blind) folded on the Flop


PokerStars Hand #147905398897:  Hold'em Limit ($3/$6 USD) - 2016/01/29 19:01:56 ET
Table 'Houzeau' 6-max Seat #2 is the button
Seat 1: Philly0813 ($123.79 in chips)
Seat 2: SashaYuvelir ($81.61 in chips)
SashaYuvelir: posts small blind $1
Philly0813: posts big blind $3
*** HOLE CARDS ***
SashaYuvelir: raises $3 to $6
Philly0813: raises $3 to $9
SashaYuvelir: calls $3
*** FLOP *** [3d Tc Jc]
Philly0813: bets $3
SashaYuvelir: calls $3
*** TURN *** [3d Tc Jc] [Qc]
Philly0813: bets $6
SashaYuvelir: folds
Uncalled bet ($6) returned to Philly0813
Philly0813 collected $23.52 from pot
Philly0813: doesn't show hand
*** SUMMARY ***
Total pot $24 | Rake $0.48
Board [3d Tc Jc Qc]
Seat 1: Philly0813 (big blind) collected ($23.52)
Seat 2: SashaYuvelir (button) (small blind) folded on the Turn


PokerStars Hand #147905413471:  Hold'em Limit ($3/$6 USD) - 2016/01/29 19:02:14 ET
Table 'Houzeau' 6-max Seat #2 is the button
Seat 1: Philly0813 ($141.07 in chips)
Seat 2: SashaYuvelir ($72 in chips)
SashaYuvelir: posts small blind $1
Philly0813: posts big blind $3
*** HOLE CARDS ***
SashaYuvelir: raises $3 to $6
Philly0813: calls $3
*** FLOP *** [Js 4h Ks]
Philly0813: checks
SashaYuvelir: bets $3
Philly0813: raises $3 to $6
SashaYuvelir: calls $3
*** TURN *** [Js 4h Ks] [Kh]
Philly0813: bets $6
SashaYuvelir: raises $6 to $12
Philly0813: calls $6
*** RIVER *** [Js 4h Ks Kh] [Jc]
Philly0813: checks
SashaYuvelir: bets $6
Philly0813: calls $6
*** SHOW DOWN ***
SashaYuvelir: shows [Kd 3c] (a full house, Kings full of Jacks)
Philly0813: mucks hand
SashaYuvelir collected $59.50 from pot
*** SUMMARY ***
Total pot $60 | Rake $0.50
Board [Js 4h Ks Kh Jc]
Seat 1: Philly0813 (big blind) mucked
Seat 2: SashaYuvelir (button) (small blind) showed [Kd 3c] and won ($59.50) with a full house, Kings full of Jacks


PokerStars Hand #147905423845:  Hold'em Limit ($3/$6 USD) - 2016/01/29 19:02:28 ET
Table 'Houzeau' 6-max Seat #1 is the button
Seat 1: Philly0813 ($111.07 in chips)
Seat 2: SashaYuvelir ($101.50 in chips)
Philly0813: posts small blind $1
SashaYuvelir: posts big blind $3
*** HOLE CARDS ***
Philly0813: raises $3 to $6
SashaYuvelir: calls $3
*** FLOP *** [9c 8d Qd]
SashaYuvelir: checks
Philly0813: bets $3
SashaYuvelir: raises $3 to $6
Philly0813: calls $3
*** TURN *** [9c 8d Qd] [3h]
SashaYuvelir: bets $6
Philly0813: calls $6
*** RIVER *** [9c 8d Qd 3h] [5s]
SashaYuvelir: bets $6
Philly0813: folds
Uncalled bet ($6) returned to SashaYuvelir
SashaYuvelir collected $35.50 from pot
SashaYuvelir: doesn't show hand
*** SUMMARY ***
Total pot $36 | Rake $0.50
Board [9c 8d Qd 3h 5s]
Seat 1: Philly0813 (button) (small blind) folded on the River
Seat 2: SashaYuvelir (big blind) collected ($35.50)


PokerStars Hand #147905434044:  Hold'em Limit ($3/$6 USD) - 2016/01/29 19:02:41 ET
Table 'Houzeau' 6-max Seat #2 is the button
Seat 1: Philly0813 ($93.07 in chips)
Seat 2: SashaYuvelir ($119 in chips)
SashaYuvelir: posts small blind $1
Philly0813: posts big blind $3
*** HOLE CARDS ***
SashaYuvelir: raises $3 to $6
Philly0813: folds
Uncalled bet ($3) returned to SashaYuvelir
SashaYuvelir collected $6 from pot
SashaYuvelir: doesn't show hand
*** SUMMARY ***
Total pot $6 | Rake $0
Seat 1: Philly0813 (big blind) folded before Flop
Seat 2: SashaYuvelir (button) (small blind) collected ($6)


PokerStars Hand #147905446219:  Hold'em Limit ($3/$6 USD) - 2016/01/29 19:02:56 ET
Table 'Houzeau' 6-max Seat #2 is the button
Seat 1: Philly0813 ($110.57 in chips)
Seat 2: SashaYuvelir ($101 in chips)
SashaYuvelir: posts small blind $1
Philly0813: posts big blind $3
*** HOLE CARDS ***
SashaYuvelir: raises $3 to $6
Philly0813: calls $3
*** FLOP *** [Qc 7s 7h]
Philly0813: checks
SashaYuvelir: bets $3
Philly0813: folds
Uncalled bet ($3) returned to SashaYuvelir
SashaYuvelir collected $11.76 from pot
SashaYuvelir: doesn't show hand
*** SUMMARY ***
Total pot $12 | Rake $0.24
Board [Qc 7s 7h]
Seat 1: Philly0813 (big blind) folded on the Flop
Seat 2: SashaYuvelir (button) (small blind) collected ($11.76)


PokerStars Hand #147905437405:  Hold'em Limit ($3/$6 USD) - 2016/01/29 19:02:45 ET
Table 'Houzeau' 6-max Seat #1 is the button
Seat 1: Philly0813 ($90.07 in chips)
Seat 2: SashaYuvelir ($122 in chips)
Philly0813: posts small blind $1
SashaYuvelir: posts big blind $3
*** HOLE CARDS ***
Philly0813: raises $3 to $6
SashaYuvelir: calls $3
*** FLOP *** [Tc 9d 4h]
SashaYuvelir: checks
Philly0813: bets $3
SashaYuvelir: calls $3
*** TURN *** [Tc 9d 4h] [7d]
SashaYuvelir: checks
Philly0813: bets $6
SashaYuvelir: calls $6
*** RIVER *** [Tc 9d 4h 7d] [3h]
SashaYuvelir: checks
Philly0813: bets $6
SashaYuvelir: calls $6
*** SHOW DOWN ***
Philly0813: shows [9h Qs] (a pair of Nines)
SashaYuvelir: mucks hand
Philly0813 collected $41.50 from pot
*** SUMMARY ***
Total pot $42 | Rake $0.50
Board [Tc 9d 4h 7d 3h]
Seat 1: Philly0813 (button) (small blind) showed [9h Qs] and won ($41.50) with a pair of Nines
Seat 2: SashaYuvelir (big blind) mucked


PokerStars Hand #147905451445:  Hold'em Limit ($3/$6 USD) - 2016/01/29 19:03:03 ET
Table 'Houzeau' 6-max Seat #1 is the button
Seat 1: Philly0813 ($104.57 in chips)
Seat 2: SashaYuvelir ($106.76 in chips)
Philly0813: posts small blind $1
SashaYuvelir: posts big blind $3
*** HOLE CARDS ***
Philly0813: raises $3 to $6
SashaYuvelir: folds
Uncalled bet ($3) returned to Philly0813
Philly0813 collected $6 from pot
Philly0813: doesn't show hand
*** SUMMARY ***
Total pot $6 | Rake $0
Seat 1: Philly0813 (button) (small blind) collected ($6)
Seat 2: SashaYuvelir (big blind) folded before Flop


PokerStars Hand #147905455055:  Hold'em Limit ($3/$6 USD) - 2016/01/29 19:03:08 ET
Table 'Houzeau' 6-max Seat #2 is the button
Seat 1: Philly0813 ($107.57 in chips)
Seat 2: SashaYuvelir ($103.76 in chips)
SashaYuvelir: posts small blind $1
Philly0813: posts big blind $3
*** HOLE CARDS ***
SashaYuvelir: raises $3 to $6
Philly0813: calls $3
*** FLOP *** [Jh Ad Qc]
Philly0813: checks
SashaYuvelir: bets $3
Philly0813: folds
Uncalled bet ($3) returned to SashaYuvelir
SashaYuvelir collected $11.76 from pot
SashaYuvelir: doesn't show hand
*** SUMMARY ***
Total pot $12 | Rake $0.24
Board [Jh Ad Qc]
Seat 1: Philly0813 (big blind) folded on the Flop
Seat 2: SashaYuvelir (button) (small blind) collected ($11.76)


PokerStars Hand #147905462334:  Hold'em Limit ($3/$6 USD) - 2016/01/29 19:03:17 ET
Table 'Houzeau' 6-max Seat #1 is the button
Seat 1: Philly0813 ($101.57 in chips)
Seat 2: SashaYuvelir ($109.52 in chips)
Philly0813: posts small blind $1
SashaYuvelir: posts big blind $3
*** HOLE CARDS ***
Philly0813: raises $3 to $6
SashaYuvelir: calls $3
*** FLOP *** [Ks Td 2c]
SashaYuvelir: checks
Philly0813: bets $3
SashaYuvelir: raises $3 to $6
Philly0813: raises $3 to $9
SashaYuvelir: raises $3 to $12
Betting is capped
Philly0813: calls $3
*** TURN *** [Ks Td 2c] [Js]
SashaYuvelir: checks
Philly0813: bets $6
SashaYuvelir: calls $6
*** RIVER *** [Ks Td 2c Js] [6d]
SashaYuvelir: checks
Philly0813: bets $6
SashaYuvelir: calls $6
*** SHOW DOWN ***
Philly0813: shows [Kd Qc] (a pair of Kings)
SashaYuvelir: mucks hand
Philly0813 collected $59.50 from pot
*** SUMMARY ***
Total pot $60 | Rake $0.50
Board [Ks Td 2c Js 6d]
Seat 1: Philly0813 (button) (small blind) showed [Kd Qc] and won ($59.50) with a pair of Kings
Seat 2: SashaYuvelir (big blind) mucked


PokerStars Hand #147905475968:  Hold'em Limit ($3/$6 USD) - 2016/01/29 19:03:34 ET
Table 'Houzeau' 6-max Seat #2 is the button
Seat 1: Philly0813 ($131.07 in chips)
Seat 2: SashaYuvelir ($79.52 in chips)
SashaYuvelir: posts small blind $1
Philly0813: posts big blind $3
*** HOLE CARDS ***
SashaYuvelir: raises $3 to $6
Philly0813: calls $3
*** FLOP *** [6s 2c 3h]
Philly0813: checks
SashaYuvelir: bets $3
Philly0813: raises $3 to $6
SashaYuvelir: calls $3
*** TURN *** [6s 2c 3h] [3c]
Philly0813: bets $6
SashaYuvelir: calls $6
*** RIVER *** [6s 2c 3h 3c] [8c]
Philly0813: checks
SashaYuvelir: checks
*** SHOW DOWN ***
Philly0813: shows [7d Kh] (a pair of Threes)
SashaYuvelir: shows [4c 4h] (two pair, Fours and Threes)
SashaYuvelir collected $35.50 from pot
*** SUMMARY ***
Total pot $36 | Rake $0.50
Board [6s 2c 3h 3c 8c]
Seat 1: Philly0813 (big blind) showed [7d Kh] and lost with a pair of Threes
Seat 2: SashaYuvelir (button) (small blind) showed [4c 4h] and won ($35.50) with two pair, Fours and Threes


PokerStars Hand #147905508707:  Hold'em Limit ($3/$6 USD) - 2016/01/29 19:04:15 ET
Table 'Houzeau' 6-max Seat #1 is the button
Seat 1: Philly0813 ($113.82 in chips)
Seat 2: SashaYuvelir ($95.77 in chips)
Philly0813: posts small blind $1
SashaYuvelir: posts big blind $3
*** HOLE CARDS ***
Philly0813: raises $3 to $6
SashaYuvelir: raises $3 to $9
Philly0813: calls $3
*** FLOP *** [4s 5c 2s]
SashaYuvelir: bets $3
Philly0813: raises $3 to $6
SashaYuvelir: calls $3
*** TURN *** [4s 5c 2s] [8d]
SashaYuvelir: checks
Philly0813: bets $6
SashaYuvelir: raises $6 to $12
Philly0813: calls $6
*** RIVER *** [4s 5c 2s 8d] [Ks]
SashaYuvelir: bets $6
Philly0813: calls $6
*** SHOW DOWN ***
SashaYuvelir: shows [Jc 8c] (a pair of Eights)
Philly0813: mucks hand
SashaYuvelir collected $65.50 from pot
*** SUMMARY ***
Total pot $66 | Rake $0.50
Board [4s 5c 2s 8d Ks]
Seat 1: Philly0813 (button) (small blind) mucked
Seat 2: SashaYuvelir (big blind) showed [Jc 8c] and won ($65.50) with a pair of Eights


PokerStars Hand #147905519919:  Hold'em Limit ($3/$6 USD) - 2016/01/29 19:04:29 ET
Table 'Houzeau' 6-max Seat #2 is the button
Seat 1: Philly0813 ($80.82 in chips)
Seat 2: SashaYuvelir ($128.27 in chips)
SashaYuvelir: posts small blind $1
Philly0813: posts big blind $3
*** HOLE CARDS ***
SashaYuvelir: raises $3 to $6
Philly0813: calls $3
*** FLOP *** [3d 5s Kc]
Philly0813: checks
SashaYuvelir: bets $3
Philly0813: raises $3 to $6
SashaYuvelir: calls $3
*** TURN *** [3d 5s Kc] [As]
Philly0813: bets $6
SashaYuvelir: calls $6
*** RIVER *** [3d 5s Kc As] [Ac]
Philly0813: checks
SashaYuvelir: bets $6
Philly0813: calls $6
*** SHOW DOWN ***
SashaYuvelir: shows [7d 7h] (two pair, Aces and Sevens)
Philly0813: mucks hand
SashaYuvelir collected $47.50 from pot
*** SUMMARY ***
Total pot $48 | Rake $0.50
Board [3d 5s Kc As Ac]
Seat 1: Philly0813 (big blind) mucked
Seat 2: SashaYuvelir (button) (small blind) showed [7d 7h] and won ($47.50) with two pair, Aces and Sevens


PokerStars Hand #147905531186:  Hold'em Limit ($3/$6 USD) - 2016/01/29 19:04:43 ET
Table 'Houzeau' 6-max Seat #1 is the button
Seat 1: Philly0813 ($56.82 in chips)
Seat 2: SashaYuvelir ($151.77 in chips)
Philly0813: posts small blind $1
SashaYuvelir: posts big blind $3
*** HOLE CARDS ***
Philly0813: raises $3 to $6
SashaYuvelir: calls $3
*** FLOP *** [Jd Ts 2h]
SashaYuvelir: checks
Philly0813: bets $3
SashaYuvelir: folds
Uncalled bet ($3) returned to Philly0813
Philly0813 collected $11.76 from pot
Philly0813: doesn't show hand
*** SUMMARY ***
Total pot $12 | Rake $0.24
Board [Jd Ts 2h]
Seat 1: Philly0813 (button) (small blind) collected ($11.76)
Seat 2: SashaYuvelir (big blind) folded on the Flop


PokerStars Hand #147905537036:  Hold'em Limit ($3/$6 USD) - 2016/01/29 19:04:51 ET
Table 'Houzeau' 6-max Seat #2 is the button
Seat 1: Philly0813 ($62.58 in chips)
Seat 2: SashaYuvelir ($145.77 in chips)
SashaYuvelir: posts small blind $1
Philly0813: posts big blind $3
*** HOLE CARDS ***
SashaYuvelir: raises $3 to $6
Philly0813: calls $3
*** FLOP *** [3c 3h Qh]
Philly0813: checks
SashaYuvelir: bets $3
Philly0813: calls $3
*** TURN *** [3c 3h Qh] [6d]
Philly0813: checks
SashaYuvelir: checks
*** RIVER *** [3c 3h Qh 6d] [5s]
Philly0813: bets $6
SashaYuvelir: folds
Uncalled bet ($6) returned to Philly0813
Philly0813 collected $17.64 from pot
Philly0813: doesn't show hand
*** SUMMARY ***
Total pot $18 | Rake $0.36
Board [3c 3h Qh 6d 5s]
Seat 1: Philly0813 (big blind) collected ($17.64)
Seat 2: SashaYuvelir (button) (small blind) folded on the River


PokerStars Hand #147905505313:  Hold'em Limit ($3/$6 USD) - 2016/01/29 19:04:11 ET
Table 'Houzeau' 6-max Seat #2 is the button
Seat 1: Philly0813 ($112.82 in chips)
Seat 2: SashaYuvelir ($96.77 in chips)
SashaYuvelir: posts small blind $1
Philly0813: posts big blind $3
*** HOLE CARDS ***
SashaYuvelir: folds
Uncalled bet ($2) returned to Philly0813
Philly0813 collected $2 from pot
Philly0813: doesn't show hand
*** SUMMARY ***
Total pot $2 | Rake $0
Seat 1: Philly0813 (big blind) collected ($2)
Seat 2: SashaYuvelir (button) (small blind) folded before Flop


PokerStars Hand #147905491649:  Hold'em Limit ($3/$6 USD) - 2016/01/29 19:03:54 ET
Table 'Houzeau' 6-max Seat #1 is the button
Seat 1: Philly0813 ($113.07 in chips)
Seat 2: SashaYuvelir ($97.02 in chips)
Philly0813: posts small blind $1
SashaYuvelir: posts big blind $3
*** HOLE CARDS ***
Philly0813: raises $3 to $6
SashaYuvelir: calls $3
*** FLOP *** [Ks 3h 8d]
SashaYuvelir: checks
Philly0813: bets $3
SashaYuvelir: calls $3
*** TURN *** [Ks 3h 8d] [6c]
SashaYuvelir: checks
Philly0813: checks
*** RIVER *** [Ks 3h 8d 6c] [7c]
SashaYuvelir: bets $6
Philly0813: calls $6
*** SHOW DOWN ***
SashaYuvelir: shows [4d 3s] (a pair of Threes)
Philly0813: shows [5c 3c] (a pair of Threes)
SashaYuvelir collected $14.75 from pot
Philly0813 collected $14.75 from pot
*** SUMMARY ***
Total pot $30 | Rake $0.50
Board [Ks 3h 8d 6c 7c]
Seat 1: Philly0813 (button) (small blind) showed [5c 3c] and won ($14.75) with a pair of Threes
Seat 2: SashaYuvelir (big blind) showed [4d 3s] and won ($14.75) with a pair of Threes


PokerStars Hand #147905560600:  Hold'em Limit ($3/$6 USD) - 2016/01/29 19:05:20 ET
Table 'Houzeau' 6-max Seat #1 is the button
Seat 1: Philly0813 ($61.98 in chips)
Seat 2: SashaYuvelir ($145.27 in chips)
Philly0813: posts small blind $1
SashaYuvelir: posts big blind $3
*** HOLE CARDS ***
Philly0813: folds
Uncalled bet ($2) returned to SashaYuvelir
SashaYuvelir collected $2 from pot
SashaYuvelir: doesn't show hand
*** SUMMARY ***
Total pot $2 | Rake $0
Seat 1: Philly0813 (button) (small blind) folded before Flop
Seat 2: SashaYuvelir (big blind) collected ($2)


PokerStars Hand #147905551421:  Hold'em Limit ($3/$6 USD) - 2016/01/29 19:05:09 ET
Table 'Houzeau' 6-max Seat #2 is the button
Seat 1: Philly0813 ($76.98 in chips)
Seat 2: SashaYuvelir ($130.77 in chips)
SashaYuvelir: posts small blind $1
Philly0813: posts big blind $3
*** HOLE CARDS ***
SashaYuvelir: raises $3 to $6
Philly0813: calls $3
*** FLOP *** [7d 6h 7c]
Philly0813: checks
SashaYuvelir: bets $3
Philly0813: calls $3
*** TURN *** [7d 6h 7c] [2s]
Philly0813: checks
SashaYuvelir: checks
*** RIVER *** [7d 6h 7c 2s] [Ac]
Philly0813: bets $6
SashaYuvelir: calls $6
*** SHOW DOWN ***
Philly0813: shows [3c Qc] (a pair of Sevens)
SashaYuvelir: shows [Kc 3h] (a pair of Sevens - Ace+King kicker)
SashaYuvelir collected $29.50 from pot
*** SUMMARY ***
Total pot $30 | Rake $0.50
Board [7d 6h 7c 2s Ac]
Seat 1: Philly0813 (big blind) showed [3c Qc] and lost with a pair of Sevens
Seat 2: SashaYuvelir (button) (small blind) showed [Kc 3h] and won ($29.50) with a pair of Sevens


PokerStars Hand #147905573444:  Hold'em Limit ($3/$6 USD) - 2016/01/29 19:05:36 ET
Table 'Houzeau' 6-max Seat #1 is the button
Seat 1: Philly0813 ($75.48 in chips)
Seat 2: SashaYuvelir ($131.27 in chips)
Philly0813: posts small blind $1
SashaYuvelir: posts big blind $3
*** HOLE CARDS ***
Philly0813: raises $3 to $6
SashaYuvelir: calls $3
*** FLOP *** [6d Qd Qh]
SashaYuvelir: checks
Philly0813: bets $3
SashaYuvelir: folds
Uncalled bet ($3) returned to Philly0813
Philly0813 collected $11.76 from pot
Philly0813: doesn't show hand
*** SUMMARY ***
Total pot $12 | Rake $0.24
Board [6d Qd Qh]
Seat 1: Philly0813 (button) (small blind) collected ($11.76)
Seat 2: SashaYuvelir (big blind) folded on the Flop


PokerStars Hand #147905563707:  Hold'em Limit ($3/$6 USD) - 2016/01/29 19:05:24 ET
Table 'Houzeau' 6-max Seat #2 is the button
Seat 1: Philly0813 ($60.98 in chips)
Seat 2: SashaYuvelir ($146.27 in chips)
SashaYuvelir: posts small blind $1
Philly0813: posts big blind $3
*** HOLE CARDS ***
SashaYuvelir: raises $3 to $6
Philly0813: calls $3
*** FLOP *** [Kc Qc 8s]
Philly0813: checks
SashaYuvelir: bets $3
Philly0813: calls $3
*** TURN *** [Kc Qc 8s] [Ac]
Philly0813: checks
SashaYuvelir: checks
*** RIVER *** [Kc Qc 8s Ac] [5h]
Philly0813: bets $6
SashaYuvelir: calls $6
*** SHOW DOWN ***
Philly0813: shows [5s 5d] (three of a kind, Fives)
SashaYuvelir: mucks hand
Philly0813 collected $29.50 from pot
*** SUMMARY ***
Total pot $30 | Rake $0.50
Board [Kc Qc 8s Ac 5h]
Seat 1: Philly0813 (big blind) showed [5s 5d] and won ($29.50) with three of a kind, Fives
Seat 2: SashaYuvelir (button) (small blind) mucked


PokerStars Hand #147905580396:  Hold'em Limit ($3/$6 USD) - 2016/01/29 19:05:45 ET
Table 'Houzeau' 6-max Seat #2 is the button
Seat 1: Philly0813 ($81.24 in chips)
Seat 2: SashaYuvelir ($125.27 in chips)
SashaYuvelir: posts small blind $1
Philly0813: posts big blind $3
*** HOLE CARDS ***
SashaYuvelir: raises $3 to $6
Philly0813: calls $3
*** FLOP *** [Js 3d 2d]
Philly0813: checks
SashaYuvelir: bets $3
Philly0813: calls $3
*** TURN *** [Js 3d 2d] [4h]
Philly0813: checks
SashaYuvelir: checks
*** RIVER *** [Js 3d 2d 4h] [Ks]
Philly0813: bets $6
SashaYuvelir: raises $6 to $12
Philly0813: raises $6 to $18
SashaYuvelir: folds
Uncalled bet ($6) returned to Philly0813
Philly0813 collected $41.50 from pot
Philly0813: doesn't show hand
*** SUMMARY ***
Total pot $42 | Rake $0.50
Board [Js 3d 2d 4h Ks]
Seat 1: Philly0813 (big blind) collected ($41.50)
Seat 2: SashaYuvelir (button) (small blind) folded on the River


PokerStars Hand #147905545251:  Hold'em Limit ($3/$6 USD) - 2016/01/29 19:05:01 ET
Table 'Houzeau' 6-max Seat #1 is the button
Seat 1: Philly0813 ($71.22 in chips)
Seat 2: SashaYuvelir ($136.77 in chips)
Philly0813: posts small blind $1
SashaYuvelir: posts big blind $3
*** HOLE CARDS ***
Philly0813: raises $3 to $6
SashaYuvelir: calls $3
*** FLOP *** [3c Js Ac]
SashaYuvelir: checks
Philly0813: bets $3
SashaYuvelir: folds
Uncalled bet ($3) returned to Philly0813
Philly0813 collected $11.76 from pot
Philly0813: doesn't show hand
*** SUMMARY ***
Total pot $12 | Rake $0.24
Board [3c Js Ac]
Seat 1: Philly0813 (button) (small blind) collected ($11.76)
Seat 2: SashaYuvelir (big blind) folded on the Flop


PokerStars Hand #147905606310:  Hold'em Limit ($3/$6 USD) - 2016/01/29 19:06:18 ET
Table 'Houzeau' 6-max Seat #1 is the button
Seat 1: Philly0813 ($116.24 in chips)
Seat 2: SashaYuvelir ($88.91 in chips)
Philly0813: posts small blind $1
SashaYuvelir: posts big blind $3
*** HOLE CARDS ***
Philly0813: raises $3 to $6
SashaYuvelir: calls $3
*** FLOP *** [Kd 3h 2d]
SashaYuvelir: checks
Philly0813: bets $3
SashaYuvelir: folds
Uncalled bet ($3) returned to Philly0813
Philly0813 collected $11.76 from pot
Philly0813: doesn't show hand
*** SUMMARY ***
Total pot $12 | Rake $0.24
Board [Kd 3h 2d]
Seat 1: Philly0813 (button) (small blind) collected ($11.76)
Seat 2: SashaYuvelir (big blind) folded on the Flop


PokerStars Hand #147905597507:  Hold'em Limit ($3/$6 USD) - 2016/01/29 19:06:06 ET
Table 'Houzeau' 6-max Seat #2 is the button
Seat 1: Philly0813 ($92.74 in chips)
Seat 2: SashaYuvelir ($112.91 in chips)
SashaYuvelir: posts small blind $1
Philly0813: posts big blind $3
*** HOLE CARDS ***
SashaYuvelir: raises $3 to $6
Philly0813: calls $3
*** FLOP *** [7s 5c 9d]
Philly0813: checks
SashaYuvelir: bets $3
Philly0813: raises $3 to $6
SashaYuvelir: calls $3
*** TURN *** [7s 5c 9d] [3s]
Philly0813: bets $6
SashaYuvelir: calls $6
*** RIVER *** [7s 5c 9d 3s] [5s]
Philly0813: bets $6
SashaYuvelir: calls $6
*** SHOW DOWN ***
Philly0813: shows [9c Qh] (two pair, Nines and Fives)
SashaYuvelir: mucks hand
Philly0813 collected $47.50 from pot
*** SUMMARY ***
Total pot $48 | Rake $0.50
Board [7s 5c 9d 3s 5s]
Seat 1: Philly0813 (big blind) showed [9c Qh] and won ($47.50) with two pair, Nines and Fives
Seat 2: SashaYuvelir (button) (small blind) mucked


PokerStars Hand #147905612165:  Hold'em Limit ($3/$6 USD) - 2016/01/29 19:06:25 ET
Table 'Houzeau' 6-max Seat #2 is the button
Seat 1: Philly0813 ($122 in chips)
Seat 2: SashaYuvelir ($82.91 in chips)
SashaYuvelir: posts small blind $1
Philly0813: posts big blind $3
*** HOLE CARDS ***
SashaYuvelir: raises $3 to $6
Philly0813: raises $3 to $9
SashaYuvelir: calls $3
*** FLOP *** [6h 4c 4d]
Philly0813: bets $3
SashaYuvelir: raises $3 to $6
Philly0813: calls $3
*** TURN *** [6h 4c 4d] [3c]
Philly0813: checks
SashaYuvelir: bets $6
Philly0813: calls $6
*** RIVER *** [6h 4c 4d 3c] [Ac]
Philly0813: checks
SashaYuvelir: checks
*** SHOW DOWN ***
Philly0813: shows [9c Tc] (a flush, Ace high)
SashaYuvelir: mucks hand
Philly0813 collected $41.50 from pot
*** SUMMARY ***
Total pot $42 | Rake $0.50
Board [6h 4c 4d 3c Ac]
Seat 1: Philly0813 (big blind) showed [9c Tc] and won ($41.50) with a flush, Ace high
Seat 2: SashaYuvelir (button) (small blind) mucked


PokerStars Hand #147905624447:  Hold'em Limit ($3/$6 USD) - 2016/01/29 19:06:41 ET
Table 'Houzeau' 6-max Seat #1 is the button
Seat 1: Philly0813 ($142.50 in chips)
Seat 2: SashaYuvelir ($72 in chips)
Philly0813: posts small blind $1
SashaYuvelir: posts big blind $3
*** HOLE CARDS ***
Philly0813: raises $3 to $6
SashaYuvelir: calls $3
*** FLOP *** [5s 8h 7d]
SashaYuvelir: checks
Philly0813: bets $3
SashaYuvelir: calls $3
*** TURN *** [5s 8h 7d] [Ac]
SashaYuvelir: checks
Philly0813: checks
*** RIVER *** [5s 8h 7d Ac] [Qh]
SashaYuvelir: checks
Philly0813: checks
*** SHOW DOWN ***
SashaYuvelir: shows [2d 5d] (a pair of Fives)
Philly0813: mucks hand
SashaYuvelir collected $17.64 from pot
*** SUMMARY ***
Total pot $18 | Rake $0.36
Board [5s 8h 7d Ac Qh]
Seat 1: Philly0813 (button) (small blind) mucked
Seat 2: SashaYuvelir (big blind) showed [2d 5d] and won ($17.64) with a pair of Fives


PokerStars Hand #147905636689:  Hold'em Limit ($3/$6 USD) - 2016/01/29 19:06:56 ET
Table 'Houzeau' 6-max Seat #1 is the button
Seat 1: Philly0813 ($134.50 in chips)
Seat 2: SashaYuvelir ($79.64 in chips)
Philly0813: posts small blind $1
SashaYuvelir: posts big blind $3
*** HOLE CARDS ***
Philly0813: raises $3 to $6
SashaYuvelir: calls $3
*** FLOP *** [7h Jd Js]
SashaYuvelir: checks
Philly0813: bets $3
SashaYuvelir: folds
Uncalled bet ($3) returned to Philly0813
Philly0813 collected $11.76 from pot
Philly0813: doesn't show hand
*** SUMMARY ***
Total pot $12 | Rake $0.24
Board [7h Jd Js]
Seat 1: Philly0813 (button) (small blind) collected ($11.76)
Seat 2: SashaYuvelir (big blind) folded on the Flop


PokerStars Hand #147905633521:  Hold'em Limit ($3/$6 USD) - 2016/01/29 19:06:52 ET
Table 'Houzeau' 6-max Seat #2 is the button
Seat 1: Philly0813 ($133.50 in chips)
Seat 2: SashaYuvelir ($80.64 in chips)
SashaYuvelir: posts small blind $1
Philly0813: posts big blind $3
*** HOLE CARDS ***
SashaYuvelir: folds
Uncalled bet ($2) returned to Philly0813
Philly0813 collected $2 from pot
Philly0813: doesn't show hand
*** SUMMARY ***
Total pot $2 | Rake $0
Seat 1: Philly0813 (big blind) collected ($2)
Seat 2: SashaYuvelir (button) (small blind) folded before Flop


PokerStars Hand #147905590754:  Hold'em Limit ($3/$6 USD) - 2016/01/29 19:05:58 ET
Table 'Houzeau' 6-max Seat #1 is the button
Seat 1: Philly0813 ($101.74 in chips)
Seat 2: SashaYuvelir ($104.27 in chips)
Philly0813: posts small blind $1
SashaYuvelir: posts big blind $3
*** HOLE CARDS ***
Philly0813: raises $3 to $6
SashaYuvelir: raises $3 to $9
Philly0813: calls $3
*** FLOP *** [Jd 8s 8c]
SashaYuvelir: bets $3
Philly0813: folds
Uncalled bet ($3) returned to SashaYuvelir
SashaYuvelir collected $17.64 from pot
SashaYuvelir: doesn't show hand
*** SUMMARY ***
Total pot $18 | Rake $0.36
Board [Jd 8s 8c]
Seat 1: Philly0813 (button) (small blind) folded on the Flop
Seat 2: SashaYuvelir (big blind) collected ($17.64)


PokerStars Hand #147905653470:  Hold'em Limit ($3/$6 USD) - 2016/01/29 19:07:18 ET
Table 'Houzeau' 6-max Seat #1 is the button
Seat 1: Philly0813 ($166.76 in chips)
Seat 2: SashaYuvelir ($72 in chips)
Philly0813: posts small blind $1
SashaYuvelir: posts big blind $3
*** HOLE CARDS ***
Philly0813: raises $3 to $6
SashaYuvelir: calls $3
*** FLOP *** [Jd 8d Jc]
SashaYuvelir: checks
Philly0813: bets $3
SashaYuvelir: folds
Uncalled bet ($3) returned to Philly0813
Philly0813 collected $11.76 from pot
Philly0813: doesn't show hand
*** SUMMARY ***
Total pot $12 | Rake $0.24
Board [Jd 8d Jc]
Seat 1: Philly0813 (button) (small blind) collected ($11.76)
Seat 2: SashaYuvelir (big blind) folded on the Flop


PokerStars Hand #147905643613:  Hold'em Limit ($3/$6 USD) - 2016/01/29 19:07:05 ET
Table 'Houzeau' 6-max Seat #2 is the button
Seat 1: Philly0813 ($140.26 in chips)
Seat 2: SashaYuvelir ($73.64 in chips)
SashaYuvelir: posts small blind $1
Philly0813: posts big blind $3
*** HOLE CARDS ***
SashaYuvelir: raises $3 to $6
Philly0813: calls $3
*** FLOP *** [7d 9c Ad]
Philly0813: checks
SashaYuvelir: bets $3
Philly0813: calls $3
*** TURN *** [7d 9c Ad] [Jh]
Philly0813: checks
SashaYuvelir: bets $6
Philly0813: raises $6 to $12
SashaYuvelir: calls $6
*** RIVER *** [7d 9c Ad Jh] [Kd]
Philly0813: bets $6
SashaYuvelir: calls $6
*** SHOW DOWN ***
Philly0813: shows [8d Th] (a straight, Seven to Jack)
SashaYuvelir: mucks hand
Philly0813 collected $53.50 from pot
*** SUMMARY ***
Total pot $54 | Rake $0.50
Board [7d 9c Ad Jh Kd]
Seat 1: Philly0813 (big blind) showed [8d Th] and won ($53.50) with a straight, Seven to Jack
Seat 2: SashaYuvelir (button) (small blind) mucked


PokerStars Hand #147905659489:  Hold'em Limit ($3/$6 USD) - 2016/01/29 19:07:26 ET
Table 'Houzeau' 6-max Seat #2 is the button
Seat 1: Philly0813 ($172.52 in chips)
Seat 2: SashaYuvelir ($72 in chips)
SashaYuvelir: posts small blind $1
Philly0813: posts big blind $3
*** HOLE CARDS ***
SashaYuvelir: raises $3 to $6
Philly0813: raises $3 to $9
SashaYuvelir: calls $3
*** FLOP *** [Tc 5d 5c]
Philly0813: bets $3
SashaYuvelir: calls $3
*** TURN *** [Tc 5d 5c] [Td]
Philly0813: bets $6
SashaYuvelir: raises $6 to $12
Philly0813: calls $6
*** RIVER *** [Tc 5d 5c Td] [9d]
Philly0813: checks
SashaYuvelir: bets $6
Philly0813: calls $6
*** SHOW DOWN ***
SashaYuvelir: shows [Qs Th] (a full house, Tens full of Fives)
Philly0813: mucks hand
SashaYuvelir collected $59.50 from pot
*** SUMMARY ***
Total pot $60 | Rake $0.50
Board [Tc 5d 5c Td 9d]
Seat 1: Philly0813 (big blind) mucked
Seat 2: SashaYuvelir (button) (small blind) showed [Qs Th] and won ($59.50) with a full house, Tens full of Fives


PokerStars Hand #147905669357:  Hold'em Limit ($3/$6 USD) - 2016/01/29 19:07:38 ET
Table 'Houzeau' 6-max Seat #1 is the button
Seat 1: Philly0813 ($142.52 in chips)
Seat 2: SashaYuvelir ($101.50 in chips)
Philly0813: posts small blind $1
SashaYuvelir: posts big blind $3
*** HOLE CARDS ***
Philly0813: raises $3 to $6
SashaYuvelir: raises $3 to $9
Philly0813: raises $3 to $12
Betting is capped
SashaYuvelir: calls $3
*** FLOP *** [2h 8d 6d]
SashaYuvelir: bets $3
Philly0813: raises $3 to $6
SashaYuvelir: raises $3 to $9
Philly0813: calls $3
*** TURN *** [2h 8d 6d] [4h]
SashaYuvelir: bets $6
Philly0813: calls $6
*** RIVER *** [2h 8d 6d 4h] [8c]
SashaYuvelir: bets $6
Philly0813: calls $6
*** SHOW DOWN ***
SashaYuvelir: shows [Kc Kh] (two pair, Kings and Eights)
Philly0813: mucks hand
SashaYuvelir collected $65.50 from pot
*** SUMMARY ***
Total pot $66 | Rake $0.50
Board [2h 8d 6d 4h 8c]
Seat 1: Philly0813 (button) (small blind) mucked
Seat 2: SashaYuvelir (big blind) showed [Kc Kh] and won ($65.50) with two pair, Kings and Eights


PokerStars Hand #147905679001:  Hold'em Limit ($3/$6 USD) - 2016/01/29 19:07:51 ET
Table 'Houzeau' 6-max Seat #2 is the button
Seat 1: Philly0813 ($109.52 in chips)
Seat 2: SashaYuvelir ($134 in chips)
SashaYuvelir: posts small blind $1
Philly0813: posts big blind $3
*** HOLE CARDS ***
SashaYuvelir: raises $3 to $6
Philly0813: calls $3
*** FLOP *** [7c Kc 8d]
Philly0813: checks
SashaYuvelir: bets $3
Philly0813: folds
Uncalled bet ($3) returned to SashaYuvelir
SashaYuvelir collected $11.76 from pot
SashaYuvelir: doesn't show hand
*** SUMMARY ***
Total pot $12 | Rake $0.24
Board [7c Kc 8d]
Seat 1: Philly0813 (big blind) folded on the Flop
Seat 2: SashaYuvelir (button) (small blind) collected ($11.76)


PokerStars Hand #147905691702:  Hold'em Limit ($3/$6 USD) - 2016/01/29 19:08:07 ET
Table 'Houzeau' 6-max Seat #2 is the button
Seat 1: Philly0813 ($109.28 in chips)
Seat 2: SashaYuvelir ($133.76 in chips)
SashaYuvelir: posts small blind $1
Philly0813: posts big blind $3
*** HOLE CARDS ***
SashaYuvelir: raises $3 to $6
Philly0813: calls $3
*** FLOP *** [6c 2h Kc]
Philly0813: checks
SashaYuvelir: bets $3
Philly0813: calls $3
*** TURN *** [6c 2h Kc] [8d]
Philly0813: checks
SashaYuvelir: bets $6
Philly0813: folds
Uncalled bet ($6) returned to SashaYuvelir
SashaYuvelir collected $17.64 from pot
SashaYuvelir: doesn't show hand
*** SUMMARY ***
Total pot $18 | Rake $0.36
Board [6c 2h Kc 8d]
Seat 1: Philly0813 (big blind) folded on the Turn
Seat 2: SashaYuvelir (button) (small blind) collected ($17.64)


PokerStars Hand #147905700645:  Hold'em Limit ($3/$6 USD) - 2016/01/29 19:08:19 ET
Table 'Houzeau' 6-max Seat #1 is the button
Seat 1: Philly0813 ($100.28 in chips)
Seat 2: SashaYuvelir ($142.40 in chips)
Philly0813: posts small blind $1
SashaYuvelir: posts big blind $3
*** HOLE CARDS ***
Philly0813: raises $3 to $6
SashaYuvelir: raises $3 to $9
Philly0813: calls $3
*** FLOP *** [Kc 4h 8h]
SashaYuvelir: bets $3
Philly0813: raises $3 to $6
SashaYuvelir: calls $3
*** TURN *** [Kc 4h 8h] [Td]
SashaYuvelir: checks
Philly0813: bets $6
SashaYuvelir: calls $6
*** RIVER *** [Kc 4h 8h Td] [9s]
SashaYuvelir: checks
Philly0813: checks
*** SHOW DOWN ***
SashaYuvelir: shows [As Qh] (high card Ace)
Philly0813: mucks hand
SashaYuvelir collected $41.50 from pot
*** SUMMARY ***
Total pot $42 | Rake $0.50
Board [Kc 4h 8h Td 9s]
Seat 1: Philly0813 (button) (small blind) mucked
Seat 2: SashaYuvelir (big blind) showed [As Qh] and won ($41.50) with high card Ace


PokerStars Hand #147905726576:  Hold'em Limit ($3/$6 USD) - 2016/01/29 19:08:52 ET
Table 'Houzeau' 6-max Seat #1 is the button
Seat 1: Philly0813 ($67.28 in chips)
Seat 2: SashaYuvelir ($174.42 in chips)
Philly0813: posts small blind $1
SashaYuvelir: posts big blind $3
*** HOLE CARDS ***
Philly0813: folds
Uncalled bet ($2) returned to SashaYuvelir
SashaYuvelir collected $2 from pot
SashaYuvelir: doesn't show hand
*** SUMMARY ***
Total pot $2 | Rake $0
Seat 1: Philly0813 (button) (small blind) folded before Flop
Seat 2: SashaYuvelir (big blind) collected ($2)


PokerStars Hand #147905715631:  Hold'em Limit ($3/$6 USD) - 2016/01/29 19:08:38 ET
Table 'Houzeau' 6-max Seat #2 is the button
Seat 1: Philly0813 ($79.28 in chips)
Seat 2: SashaYuvelir ($162.90 in chips)
SashaYuvelir: posts small blind $1
Philly0813: posts big blind $3
*** HOLE CARDS ***
SashaYuvelir: raises $3 to $6
Philly0813: raises $3 to $9
SashaYuvelir: calls $3
*** FLOP *** [Ah Th 6h]
Philly0813: bets $3
SashaYuvelir: calls $3
*** TURN *** [Ah Th 6h] [2d]
Philly0813: checks
SashaYuvelir: bets $6
Philly0813: folds
Uncalled bet ($6) returned to SashaYuvelir
SashaYuvelir collected $23.52 from pot
SashaYuvelir: doesn't show hand
*** SUMMARY ***
Total pot $24 | Rake $0.48
Board [Ah Th 6h 2d]
Seat 1: Philly0813 (big blind) folded on the Turn
Seat 2: SashaYuvelir (button) (small blind) collected ($23.52)


PokerStars Hand #147905732829:  Hold'em Limit ($3/$6 USD) - 2016/01/29 19:09:00 ET
Table 'Houzeau' 6-max Seat #1 is the button
Seat 1: Philly0813 ($67.28 in chips)
Seat 2: SashaYuvelir ($174.42 in chips)
Philly0813: posts small blind $1
SashaYuvelir: posts big blind $3
*** HOLE CARDS ***
Philly0813: folds
Uncalled bet ($2) returned to SashaYuvelir
SashaYuvelir collected $2 from pot
SashaYuvelir: doesn't show hand
*** SUMMARY ***
Total pot $2 | Rake $0
Seat 1: Philly0813 (button) (small blind) folded before Flop
Seat 2: SashaYuvelir (big blind) collected ($2)


PokerStars Hand #147905729726:  Hold'em Limit ($3/$6 USD) - 2016/01/29 19:08:56 ET
Table 'Houzeau' 6-max Seat #2 is the button
Seat 1: Philly0813 ($66.28 in chips)
Seat 2: SashaYuvelir ($175.42 in chips)
SashaYuvelir: posts small blind $1
Philly0813: posts big blind $3
*** HOLE CARDS ***
SashaYuvelir: folds
Uncalled bet ($2) returned to Philly0813
Philly0813 collected $2 from pot
Philly0813: doesn't show hand
*** SUMMARY ***
Total pot $2 | Rake $0
Seat 1: Philly0813 (big blind) collected ($2)
Seat 2: SashaYuvelir (button) (small blind) folded before Flop


PokerStars Hand #147905684762:  Hold'em Limit ($3/$6 USD) - 2016/01/29 19:07:58 ET
Table 'Houzeau' 6-max Seat #1 is the button
Seat 1: Philly0813 ($103.52 in chips)
Seat 2: SashaYuvelir ($139.76 in chips)
Philly0813: posts small blind $1
SashaYuvelir: posts big blind $3
*** HOLE CARDS ***
Philly0813: raises $3 to $6
SashaYuvelir: calls $3
*** FLOP *** [2s Js 7c]
SashaYuvelir: checks
Philly0813: bets $3
SashaYuvelir: folds
Uncalled bet ($3) returned to Philly0813
Philly0813 collected $11.76 from pot
Philly0813: doesn't show hand
*** SUMMARY ***
Total pot $12 | Rake $0.24
Board [2s Js 7c]
Seat 1: Philly0813 (button) (small blind) collected ($11.76)
Seat 2: SashaYuvelir (big blind) folded on the Flop


PokerStars Hand #147905780328:  Hold'em Limit ($3/$6 USD) - 2016/01/29 19:10:02 ET
Table 'Houzeau' 6-max Seat #2 is the button
Seat 1: Philly0813 ($75.42 in chips)
Seat 2: SashaYuvelir ($164.68 in chips)
SashaYuvelir: posts small blind $1
Philly0813: posts big blind $3
*** HOLE CARDS ***
SashaYuvelir: folds
Uncalled bet ($2) returned to Philly0813
Philly0813 collected $2 from pot
Philly0813: doesn't show hand
*** SUMMARY ***
Total pot $2 | Rake $0
Seat 1: Philly0813 (big blind) collected ($2)
Seat 2: SashaYuvelir (button) (small blind) folded before Flop


PokerStars Hand #147905775902:  Hold'em Limit ($3/$6 USD) - 2016/01/29 19:09:56 ET
Table 'Houzeau' 6-max Seat #1 is the button
Seat 1: Philly0813 ($76.42 in chips)
Seat 2: SashaYuvelir ($163.68 in chips)
Philly0813: posts small blind $1
SashaYuvelir: posts big blind $3
*** HOLE CARDS ***
Philly0813: folds
Uncalled bet ($2) returned to SashaYuvelir
SashaYuvelir collected $2 from pot
SashaYuvelir: doesn't show hand
*** SUMMARY ***
Total pot $2 | Rake $0
Seat 1: Philly0813 (button) (small blind) folded before Flop
Seat 2: SashaYuvelir (big blind) collected ($2)


PokerStars Hand #147905770721:  Hold'em Limit ($3/$6 USD) - 2016/01/29 19:09:49 ET
Table 'Houzeau' 6-max Seat #2 is the button
Seat 1: Philly0813 ($82.42 in chips)
Seat 2: SashaYuvelir ($157.92 in chips)
SashaYuvelir: posts small blind $1
Philly0813: posts big blind $3
*** HOLE CARDS ***
SashaYuvelir: raises $3 to $6
Philly0813: calls $3
*** FLOP *** [9s Kh 2h]
Philly0813: checks
SashaYuvelir: bets $3
Philly0813: folds
Uncalled bet ($3) returned to SashaYuvelir
SashaYuvelir collected $11.76 from pot
SashaYuvelir: doesn't show hand
*** SUMMARY ***
Total pot $12 | Rake $0.24
Board [9s Kh 2h]
Seat 1: Philly0813 (big blind) folded on the Flop
Seat 2: SashaYuvelir (button) (small blind) collected ($11.76)


PokerStars Hand #147905761878:  Hold'em Limit ($3/$6 USD) - 2016/01/29 19:09:38 ET
Table 'Houzeau' 6-max Seat #1 is the button
Seat 1: Philly0813 ($97.42 in chips)
Seat 2: SashaYuvelir ($143.42 in chips)
Philly0813: posts small blind $1
SashaYuvelir: posts big blind $3
*** HOLE CARDS ***
Philly0813: raises $3 to $6
SashaYuvelir: calls $3
*** FLOP *** [5s Kh Jh]
SashaYuvelir: checks
Philly0813: bets $3
SashaYuvelir: calls $3
*** TURN *** [5s Kh Jh] [7s]
SashaYuvelir: checks
Philly0813: checks
*** RIVER *** [5s Kh Jh 7s] [4d]
SashaYuvelir: bets $6
Philly0813: calls $6
*** SHOW DOWN ***
SashaYuvelir: shows [5h Qc] (a pair of Fives)
Philly0813: mucks hand
SashaYuvelir collected $29.50 from pot
*** SUMMARY ***
Total pot $30 | Rake $0.50
Board [5s Kh Jh 7s 4d]
Seat 1: Philly0813 (button) (small blind) mucked
Seat 2: SashaYuvelir (big blind) showed [5h Qc] and won ($29.50) with a pair of Fives


PokerStars Hand #147905752304:  Hold'em Limit ($3/$6 USD) - 2016/01/29 19:09:25 ET
Table 'Houzeau' 6-max Seat #2 is the button
Seat 1: Philly0813 ($73.92 in chips)
Seat 2: SashaYuvelir ($167.42 in chips)
SashaYuvelir: posts small blind $1
Philly0813: posts big blind $3
*** HOLE CARDS ***
SashaYuvelir: raises $3 to $6
Philly0813: raises $3 to $9
SashaYuvelir: calls $3
*** FLOP *** [6c Qs Ah]
Philly0813: bets $3
SashaYuvelir: calls $3
*** TURN *** [6c Qs Ah] [Js]
Philly0813: bets $6
SashaYuvelir: calls $6
*** RIVER *** [6c Qs Ah Js] [Td]
Philly0813: bets $6
SashaYuvelir: calls $6
*** SHOW DOWN ***
Philly0813: shows [Ac 3c] (a pair of Aces)
SashaYuvelir: mucks hand
Philly0813 collected $47.50 from pot
*** SUMMARY ***
Total pot $48 | Rake $0.50
Board [6c Qs Ah Js Td]
Seat 1: Philly0813 (big blind) showed [Ac 3c] and won ($47.50) with a pair of Aces
Seat 2: SashaYuvelir (button) (small blind) mucked


PokerStars Hand #147905749216:  Hold'em Limit ($3/$6 USD) - 2016/01/29 19:09:21 ET
Table 'Houzeau' 6-max Seat #1 is the button
Seat 1: Philly0813 ($74.92 in chips)
Seat 2: SashaYuvelir ($166.42 in chips)
Philly0813: posts small blind $1
SashaYuvelir: posts big blind $3
*** HOLE CARDS ***
Philly0813: folds
Uncalled bet ($2) returned to SashaYuvelir
SashaYuvelir collected $2 from pot
SashaYuvelir: doesn't show hand
*** SUMMARY ***
Total pot $2 | Rake $0
Seat 1: Philly0813 (button) (small blind) folded before Flop
Seat 2: SashaYuvelir (big blind) collected ($2)


PokerStars Hand #147905736188:  Hold'em Limit ($3/$6 USD) - 2016/01/29 19:09:04 ET
Table 'Houzeau' 6-max Seat #2 is the button
Seat 1: Philly0813 ($66.28 in chips)
Seat 2: SashaYuvelir ($175.42 in chips)
SashaYuvelir: posts small blind $1
Philly0813: posts big blind $3
*** HOLE CARDS ***
SashaYuvelir: raises $3 to $6
Philly0813: calls $3
*** FLOP *** [7d Jd Kh]
Philly0813: checks
SashaYuvelir: bets $3
Philly0813: calls $3
*** TURN *** [7d Jd Kh] [Ad]
Philly0813: bets $6
SashaYuvelir: folds
Uncalled bet ($6) returned to Philly0813
Philly0813 collected $17.64 from pot
Philly0813: doesn't show hand
*** SUMMARY ***
Total pot $18 | Rake $0.36
Board [7d Jd Kh Ad]
Seat 1: Philly0813 (big blind) collected ($17.64)
Seat 2: SashaYuvelir (button) (small blind) folded on the Turn


PokerStars Hand #147905815384:  Hold'em Limit ($3/$6 USD) - 2016/01/29 19:10:48 ET
Table 'Houzeau' 6-max Seat #1 is the button
Seat 1: Philly0813 ($72.68 in chips)
Seat 2: SashaYuvelir ($165.82 in chips)
Philly0813: posts small blind $1
SashaYuvelir: posts big blind $3
*** HOLE CARDS ***
Philly0813: raises $3 to $6
SashaYuvelir: raises $3 to $9
Philly0813: calls $3
*** FLOP *** [6c 2h 7c]
SashaYuvelir: bets $3
Philly0813: raises $3 to $6
SashaYuvelir: calls $3
*** TURN *** [6c 2h 7c] [Jd]
SashaYuvelir: checks
Philly0813: checks
*** RIVER *** [6c 2h 7c Jd] [Qc]
SashaYuvelir: checks
Philly0813: checks
*** SHOW DOWN ***
SashaYuvelir: shows [Kd 9s] (high card King)
Philly0813: shows [Td 6d] (a pair of Sixes)
Philly0813 collected $29.50 from pot
*** SUMMARY ***
Total pot $30 | Rake $0.50
Board [6c 2h 7c Jd Qc]
Seat 1: Philly0813 (button) (small blind) showed [Td 6d] and won ($29.50) with a pair of Sixes
Seat 2: SashaYuvelir (big blind) showed [Kd 9s] and lost with high card King


PokerStars Hand #147905806966:  Hold'em Limit ($3/$6 USD) - 2016/01/29 19:10:37 ET
Table 'Houzeau' 6-max Seat #2 is the button
Seat 1: Philly0813 ($93.68 in chips)
Seat 2: SashaYuvelir ($145.32 in chips)
SashaYuvelir: posts small blind $1
Philly0813: posts big blind $3
*** HOLE CARDS ***
SashaYuvelir: raises $3 to $6
Philly0813: calls $3
*** FLOP *** [Ah 3c 5h]
Philly0813: checks
SashaYuvelir: bets $3
Philly0813: calls $3
*** TURN *** [Ah 3c 5h] [Ac]
Philly0813: checks
SashaYuvelir: bets $6
Philly0813: calls $6
*** RIVER *** [Ah 3c 5h Ac] [9h]
Philly0813: checks
SashaYuvelir: bets $6
Philly0813: calls $6
*** SHOW DOWN ***
SashaYuvelir: shows [5s Qc] (two pair, Aces and Fives)
Philly0813: mucks hand
SashaYuvelir collected $41.50 from pot
*** SUMMARY ***
Total pot $42 | Rake $0.50
Board [Ah 3c 5h Ac 9h]
Seat 1: Philly0813 (big blind) mucked
Seat 2: SashaYuvelir (button) (small blind) showed [5s Qc] and won ($41.50) with two pair, Aces and Fives


PokerStars Hand #147905797595:  Hold'em Limit ($3/$6 USD) - 2016/01/29 19:10:24 ET
Table 'Houzeau' 6-max Seat #1 is the button
Seat 1: Philly0813 ($73.18 in chips)
Seat 2: SashaYuvelir ($166.32 in chips)
Philly0813: posts small blind $1
SashaYuvelir: posts big blind $3
*** HOLE CARDS ***
Philly0813: raises $3 to $6
SashaYuvelir: raises $3 to $9
Philly0813: calls $3
*** FLOP *** [6c Td 9c]
SashaYuvelir: bets $3
Philly0813: raises $3 to $6
SashaYuvelir: calls $3
*** TURN *** [6c Td 9c] [Js]
SashaYuvelir: checks
Philly0813: checks
*** RIVER *** [6c Td 9c Js] [2s]
SashaYuvelir: checks
Philly0813: bets $6
SashaYuvelir: calls $6
*** SHOW DOWN ***
Philly0813: shows [9d Ah] (a pair of Nines)
SashaYuvelir: mucks hand
Philly0813 collected $41.50 from pot
*** SUMMARY ***
Total pot $42 | Rake $0.50
Board [6c Td 9c Js 2s]
Seat 1: Philly0813 (button) (small blind) showed [9d Ah] and won ($41.50) with a pair of Nines
Seat 2: SashaYuvelir (big blind) mucked


PokerStars Hand #147905789715:  Hold'em Limit ($3/$6 USD) - 2016/01/29 19:10:14 ET
Table 'Houzeau' 6-max Seat #2 is the button
Seat 1: Philly0813 ($82.18 in chips)
Seat 2: SashaYuvelir ($157.68 in chips)
SashaYuvelir: posts small blind $1
Philly0813: posts big blind $3
*** HOLE CARDS ***
SashaYuvelir: raises $3 to $6
Philly0813: calls $3
*** FLOP *** [Kh 2d 4s]
Philly0813: checks
SashaYuvelir: bets $3
Philly0813: calls $3
*** TURN *** [Kh 2d 4s] [7s]
Philly0813: checks
SashaYuvelir: bets $6
Philly0813: folds
Uncalled bet ($6) returned to SashaYuvelir
SashaYuvelir collected $17.64 from pot
SashaYuvelir: doesn't show hand
*** SUMMARY ***
Total pot $18 | Rake $0.36
Board [Kh 2d 4s 7s]
Seat 1: Philly0813 (big blind) folded on the Turn
Seat 2: SashaYuvelir (button) (small blind) collected ($17.64)


PokerStars Hand #147905783174:  Hold'em Limit ($3/$6 USD) - 2016/01/29 19:10:05 ET
Table 'Houzeau' 6-max Seat #1 is the button
Seat 1: Philly0813 ($76.42 in chips)
Seat 2: SashaYuvelir ($163.68 in chips)
Philly0813: posts small blind $1
SashaYuvelir: posts big blind $3
*** HOLE CARDS ***
Philly0813: raises $3 to $6
SashaYuvelir: calls $3
*** FLOP *** [Jd 2d Td]
SashaYuvelir: checks
Philly0813: bets $3
SashaYuvelir: folds
Uncalled bet ($3) returned to Philly0813
Philly0813 collected $11.76 from pot
Philly0813: doesn't show hand
*** SUMMARY ***
Total pot $12 | Rake $0.24
Board [Jd 2d Td]
Seat 1: Philly0813 (button) (small blind) collected ($11.76)
Seat 2: SashaYuvelir (big blind) folded on the Flop


PokerStars Hand #147905862044:  Hold'em Limit ($3/$6 USD) - 2016/01/29 19:11:49 ET
Table 'Houzeau' 6-max Seat #2 is the button
Seat 1: Philly0813 ($101.08 in chips)
Seat 2: SashaYuvelir ($135.32 in chips)
SashaYuvelir: posts small blind $1
Philly0813: posts big blind $3
*** HOLE CARDS ***
SashaYuvelir: raises $3 to $6
Philly0813: calls $3
*** FLOP *** [Th 6d 5h]
Philly0813: bets $3
SashaYuvelir: raises $3 to $6
Philly0813: calls $3
*** TURN *** [Th 6d 5h] [3h]
Philly0813: checks
SashaYuvelir: bets $6
Philly0813: calls $6
*** RIVER *** [Th 6d 5h 3h] [2h]
Philly0813: checks
SashaYuvelir: bets $6
Philly0813: folds
Uncalled bet ($6) returned to SashaYuvelir
SashaYuvelir collected $35.50 from pot
SashaYuvelir: doesn't show hand
*** SUMMARY ***
Total pot $36 | Rake $0.50
Board [Th 6d 5h 3h 2h]
Seat 1: Philly0813 (big blind) folded on the River
Seat 2: SashaYuvelir (button) (small blind) collected ($35.50)


PokerStars Hand #147905849710:  Hold'em Limit ($3/$6 USD) - 2016/01/29 19:11:33 ET
Table 'Houzeau' 6-max Seat #1 is the button
Seat 1: Philly0813 ($71.58 in chips)
Seat 2: SashaYuvelir ($165.32 in chips)
Philly0813: posts small blind $1
SashaYuvelir: posts big blind $3
*** HOLE CARDS ***
Philly0813: raises $3 to $6
SashaYuvelir: raises $3 to $9
Philly0813: calls $3
*** FLOP *** [6h 5h Jh]
SashaYuvelir: bets $3
Philly0813: raises $3 to $6
SashaYuvelir: raises $3 to $9
Philly0813: calls $3
*** TURN *** [6h 5h Jh] [4h]
SashaYuvelir: bets $6
carmello774 joins the table at seat #3
Philly0813: calls $6
*** RIVER *** [6h 5h Jh 4h] [9h]
SashaYuvelir: checks
Philly0813: bets $6
SashaYuvelir: calls $6
*** SHOW DOWN ***
Philly0813: shows [Th Qd] (a flush, Jack high)
SashaYuvelir: mucks hand
Philly0813 collected $59.50 from pot
*** SUMMARY ***
Total pot $60 | Rake $0.50
Board [6h 5h Jh 4h 9h]
Seat 1: Philly0813 (button) (small blind) showed [Th Qd] and won ($59.50) with a flush, Jack high
Seat 2: SashaYuvelir (big blind) mucked


PokerStars Hand #147905838222:  Hold'em Limit ($3/$6 USD) - 2016/01/29 19:11:18 ET
Table 'Houzeau' 6-max Seat #2 is the button
Seat 1: Philly0813 ($101.58 in chips)
Seat 2: SashaYuvelir ($135.82 in chips)
SashaYuvelir: posts small blind $1
Philly0813: posts big blind $3
*** HOLE CARDS ***
SashaYuvelir: raises $3 to $6
Philly0813: calls $3
*** FLOP *** [2s 4h 9d]
Philly0813: checks
SashaYuvelir: bets $3
Philly0813: raises $3 to $6
SashaYuvelir: calls $3
*** TURN *** [2s 4h 9d] [6h]
Philly0813: bets $6
SashaYuvelir: raises $6 to $12
Philly0813: calls $6
*** RIVER *** [2s 4h 9d 6h] [3d]
Philly0813: checks
SashaYuvelir: bets $6
Philly0813: calls $6
*** SHOW DOWN ***
SashaYuvelir: shows [3s 9s] (two pair, Nines and Threes)
Philly0813: mucks hand
SashaYuvelir collected $59.50 from pot
*** SUMMARY ***
Total pot $60 | Rake $0.50
Board [2s 4h 9d 6h 3d]
Seat 1: Philly0813 (big blind) mucked
Seat 2: SashaYuvelir (button) (small blind) showed [3s 9s] and won ($59.50) with two pair, Nines and Threes


PokerStars Hand #147905831906:  Hold'em Limit ($3/$6 USD) - 2016/01/29 19:11:09 ET
Table 'Houzeau' 6-max Seat #1 is the button
Seat 1: Philly0813 ($95.82 in chips)
Seat 2: SashaYuvelir ($141.82 in chips)
Philly0813: posts small blind $1
SashaYuvelir: posts big blind $3
*** HOLE CARDS ***
Philly0813: raises $3 to $6
SashaYuvelir: calls $3
*** FLOP *** [Kc As 8d]
SashaYuvelir: checks
Philly0813: bets $3
SashaYuvelir: folds
Uncalled bet ($3) returned to Philly0813
Philly0813 collected $11.76 from pot
Philly0813: doesn't show hand
*** SUMMARY ***
Total pot $12 | Rake $0.24
Board [Kc As 8d]
Seat 1: Philly0813 (button) (small blind) collected ($11.76)
Seat 2: SashaYuvelir (big blind) folded on the Flop


PokerStars Hand #147905824997:  Hold'em Limit ($3/$6 USD) - 2016/01/29 19:11:00 ET
Table 'Houzeau' 6-max Seat #2 is the button
Seat 1: Philly0813 ($87.18 in chips)
Seat 2: SashaYuvelir ($150.82 in chips)
SashaYuvelir: posts small blind $1
Philly0813: posts big blind $3
*** HOLE CARDS ***
SashaYuvelir: raises $3 to $6
Philly0813: raises $3 to $9
SashaYuvelir: calls $3
*** FLOP *** [Ts Jh 5c]
Philly0813: bets $3
SashaYuvelir: folds
Uncalled bet ($3) returned to Philly0813
Philly0813 collected $17.64 from pot
Philly0813: doesn't show hand
*** SUMMARY ***
Total pot $18 | Rake $0.36
Board [Ts Jh 5c]
Seat 1: Philly0813 (big blind) collected ($17.64)
Seat 2: SashaYuvelir (button) (small blind) folded on the Flop


PokerStars Hand #147905882241:  Hold'em Limit ($3/$6 USD) - 2016/01/29 19:12:15 ET
Table 'Houzeau' 6-max Seat #1 is the button
Seat 1: Philly0813 ($79.08 in chips)
Seat 2: SashaYuvelir ($156.82 in chips)
Philly0813: posts small blind $1
SashaYuvelir: posts big blind $3
*** HOLE CARDS ***
Philly0813: raises $3 to $6
SashaYuvelir: calls $3
*** FLOP *** [2d Ac 3s]
SashaYuvelir: checks
Philly0813: bets $3
SashaYuvelir: folds
Uncalled bet ($3) returned to Philly0813
BelSv joins the table at seat #4
Philly0813 collected $11.76 from pot
Philly0813: doesn't show hand
*** SUMMARY ***
Total pot $12 | Rake $0.24
Board [2d Ac 3s]
Seat 1: Philly0813 (button) (small blind) collected ($11.76)
Seat 2: SashaYuvelir (big blind) folded on the Flop


PokerStars Hand #147905879022:  Hold'em Limit ($3/$6 USD) - 2016/01/29 19:12:11 ET
Table 'Houzeau' 6-max Seat #2 is the button
Seat 1: Philly0813 ($82.08 in chips)
Seat 2: SashaYuvelir ($153.82 in chips)
SashaYuvelir: posts small blind $1
Philly0813: posts big blind $3
*** HOLE CARDS ***
SashaYuvelir: raises $3 to $6
Philly0813: folds
Uncalled bet ($3) returned to SashaYuvelir
SashaYuvelir collected $6 from pot
SashaYuvelir: doesn't show hand
*** SUMMARY ***
Total pot $6 | Rake $0
Seat 1: Philly0813 (big blind) folded before Flop
Seat 2: SashaYuvelir (button) (small blind) collected ($6)


PokerStars Hand #147905875572:  Hold'em Limit ($3/$6 USD) - 2016/01/29 19:12:07 ET
Table 'Houzeau' 6-max Seat #1 is the button
Seat 1: Philly0813 ($83.08 in chips)
Seat 2: SashaYuvelir ($152.82 in chips)
Philly0813: posts small blind $1
SashaYuvelir: posts big blind $3
*** HOLE CARDS ***
Philly0813: folds
Uncalled bet ($2) returned to SashaYuvelir
SashaYuvelir collected $2 from pot
SashaYuvelir: doesn't show hand
*** SUMMARY ***
Total pot $2 | Rake $0
Seat 1: Philly0813 (button) (small blind) folded before Flop
Seat 2: SashaYuvelir (big blind) collected ($2)


