PokerStars Hand #156106407535:  Hold'em Limit ($3/$6 USD) - 2016/07/17 18:37:27 ET
Table 'Houzeau' 6-max Seat #4 is the button
Seat 3: Darts ($151.08 in chips)
Seat 4: Actionni13 ($161.52 in chips)
Actionni13: posts small blind $1
Darts: posts big blind $3
*** HOLE CARDS ***
Actionni13: folds
Uncalled bet ($2) returned to Darts
Darts collected $2 from pot
Darts: doesn't show hand
*** SUMMARY ***
Total pot $2 | Rake $0
Seat 3: Darts (big blind) collected ($2)
Seat 4: Actionni13 (button) (small blind) folded before Flop


PokerStars Hand #156106411041:  Hold'em Limit ($3/$6 USD) - 2016/07/17 18:37:32 ET
Table 'Houzeau' 6-max Seat #3 is the button
Seat 3: Darts ($152.08 in chips)
Seat 4: Actionni13 ($160.52 in chips)
Darts: posts small blind $1
Actionni13: posts big blind $3
*** HOLE CARDS ***
Darts: raises $3 to $6
Jigorek1989 joins the table at seat #2
Actionni13: raises $3 to $9
Darts: calls $3
*** FLOP *** [2h 7s 7c]
Actionni13: bets $3
Darts: raises $3 to $6
Actionni13: calls $3
*** TURN *** [2h 7s 7c] [7d]
Actionni13: checks
Darts: bets $6
Actionni13: calls $6
*** RIVER *** [2h 7s 7c 7d] [Td]
Actionni13: checks
Darts: bets $6
gazzzzzza joins the table at seat #5
Actionni13: calls $6
*** SHOW DOWN ***
Darts: shows [6s Ah] (three of a kind, Sevens)
Actionni13: mucks hand
Darts collected $53.50 from pot
*** SUMMARY ***
Total pot $54 | Rake $0.50
Board [2h 7s 7c 7d Td]
Seat 3: Darts (button) (small blind) showed [6s Ah] and won ($53.50) with three of a kind, Sevens
Seat 4: Actionni13 (big blind) mucked


PokerStars Hand #156106660997:  Hold'em Limit ($3/$6 USD) - 2016/07/17 18:43:42 ET
Table 'Houzeau' 6-max Seat #5 is the button
Seat 4: Actionni13 ($182.02 in chips)
Seat 5: gazzzzzza ($62.65 in chips)
gazzzzzza: posts small blind $1
Actionni13: posts big blind $3
*** HOLE CARDS ***
gazzzzzza: folds
Uncalled bet ($2) returned to Actionni13
Actionni13 collected $2 from pot
Actionni13: doesn't show hand
*** SUMMARY ***
Total pot $2 | Rake $0
Seat 4: Actionni13 (big blind) collected ($2)
Seat 5: gazzzzzza (button) (small blind) folded before Flop


PokerStars Hand #156106665428:  Hold'em Limit ($3/$6 USD) - 2016/07/17 18:43:49 ET
Table 'Houzeau' 6-max Seat #4 is the button
Seat 4: Actionni13 ($183.02 in chips)
Seat 5: gazzzzzza ($61.65 in chips)
Actionni13: posts small blind $1
gazzzzzza: posts big blind $3
*** HOLE CARDS ***
Actionni13: raises $3 to $6
gazzzzzza: calls $3
*** FLOP *** [Jd 6c 9c]
gazzzzzza: checks
Actionni13: bets $3
gazzzzzza: raises $3 to $6
Actionni13: calls $3
*** TURN *** [Jd 6c 9c] [7c]
gazzzzzza: bets $6
Actionni13: raises $6 to $12
gazzzzzza: calls $6
*** RIVER *** [Jd 6c 9c 7c] [4d]
gazzzzzza: checks
Actionni13: bets $6
gazzzzzza: calls $6
*** SHOW DOWN ***
Actionni13: shows [Js 4h] (two pair, Jacks and Fours)
gazzzzzza: mucks hand
Actionni13 collected $59.50 from pot
*** SUMMARY ***
Total pot $60 | Rake $0.50
Board [Jd 6c 9c 7c 4d]
Seat 4: Actionni13 (button) (small blind) showed [Js 4h] and won ($59.50) with two pair, Jacks and Fours
Seat 5: gazzzzzza (big blind) mucked


PokerStars Hand #156106736204:  Hold'em Limit ($3/$6 USD) - 2016/07/17 18:45:34 ET
Table 'Houzeau' 6-max Seat #4 is the button
Seat 4: Actionni13 ($179.27 in chips)
Seat 5: gazzzzzza ($63.90 in chips)
Actionni13: posts small blind $1
gazzzzzza: posts big blind $3
*** HOLE CARDS ***
Actionni13: raises $3 to $6
gazzzzzza: folds
Uncalled bet ($3) returned to Actionni13
Actionni13 collected $6 from pot
Actionni13: doesn't show hand
*** SUMMARY ***
Total pot $6 | Rake $0
Seat 4: Actionni13 (button) (small blind) collected ($6)
Seat 5: gazzzzzza (big blind) folded before Flop


PokerStars Hand #156106730073:  Hold'em Limit ($3/$6 USD) - 2016/07/17 18:45:25 ET
Table 'Houzeau' 6-max Seat #5 is the button
Seat 4: Actionni13 ($182.27 in chips)
Seat 5: gazzzzzza ($60.90 in chips)
gazzzzzza: posts small blind $1
Actionni13: posts big blind $3
*** HOLE CARDS ***
gazzzzzza: raises $3 to $6
Actionni13: folds
Uncalled bet ($3) returned to gazzzzzza
gazzzzzza collected $6 from pot
*** SUMMARY ***
Total pot $6 | Rake $0
Seat 4: Actionni13 (big blind) folded before Flop
Seat 5: gazzzzzza (button) (small blind) collected ($6)


PokerStars Hand #156106711825:  Hold'em Limit ($3/$6 USD) - 2016/07/17 18:44:58 ET
Table 'Houzeau' 6-max Seat #4 is the button
Seat 4: Actionni13 ($182.52 in chips)
Seat 5: gazzzzzza ($61.15 in chips)
Actionni13: posts small blind $1
gazzzzzza: posts big blind $3
*** HOLE CARDS ***
Actionni13: raises $3 to $6
gazzzzzza: raises $3 to $9
Actionni13: calls $3
*** FLOP *** [3s 6h 2h]
gazzzzzza: bets $3
Actionni13: calls $3
*** TURN *** [3s 6h 2h] [5s]
gazzzzzza: bets $6
Actionni13: calls $6
*** RIVER *** [3s 6h 2h 5s] [6c]
gazzzzzza: bets $6
Actionni13: calls $6
*** SHOW DOWN ***
gazzzzzza: shows [7s Ah] (a pair of Sixes)
Actionni13: shows [Ad 7c] (a pair of Sixes)
gazzzzzza collected $23.75 from pot
Actionni13 collected $23.75 from pot
*** SUMMARY ***
Total pot $48 | Rake $0.50
Board [3s 6h 2h 5s 6c]
Seat 4: Actionni13 (button) (small blind) showed [Ad 7c] and won ($23.75) with a pair of Sixes
Seat 5: gazzzzzza (big blind) showed [7s Ah] and won ($23.75) with a pair of Sixes


PokerStars Hand #156106688942:  Hold'em Limit ($3/$6 USD) - 2016/07/17 18:44:24 ET
Table 'Houzeau' 6-max Seat #5 is the button
Seat 4: Actionni13 ($212.52 in chips)
Seat 5: gazzzzzza ($31.65 in chips)
gazzzzzza: posts small blind $1
Actionni13: posts big blind $3
*** HOLE CARDS ***
gazzzzzza: raises $3 to $6
Actionni13: calls $3
*** FLOP *** [8d Qh 7c]
Actionni13: checks
gazzzzzza: bets $3
Actionni13: raises $3 to $6
gazzzzzza: calls $3
*** TURN *** [8d Qh 7c] [4d]
Actionni13: bets $6
gazzzzzza: raises $6 to $12
Actionni13: calls $6
*** RIVER *** [8d Qh 7c 4d] [9s]
Actionni13: checks
gazzzzzza: bets $6
Actionni13: calls $6
*** SHOW DOWN ***
gazzzzzza: shows [9d Qd] (two pair, Queens and Nines)
Actionni13: mucks hand
gazzzzzza collected $59.50 from pot
*** SUMMARY ***
Total pot $60 | Rake $0.50
Board [8d Qh 7c 4d 9s]
Seat 4: Actionni13 (big blind) mucked
Seat 5: gazzzzzza (button) (small blind) showed [9d Qd] and won ($59.50) with two pair, Queens and Nines


PokerStars Hand #156106740768:  Hold'em Limit ($3/$6 USD) - 2016/07/17 18:45:40 ET
Table 'Houzeau' 6-max Seat #5 is the button
Seat 4: Actionni13 ($182.27 in chips)
Seat 5: gazzzzzza ($60.90 in chips)
gazzzzzza: posts small blind $1
Actionni13: posts big blind $3
*** HOLE CARDS ***
gazzzzzza: raises $3 to $6
Actionni13: folds
Uncalled bet ($3) returned to gazzzzzza
gazzzzzza collected $6 from pot
*** SUMMARY ***
Total pot $6 | Rake $0
Seat 4: Actionni13 (big blind) folded before Flop
Seat 5: gazzzzzza (button) (small blind) collected ($6)


PokerStars Hand #156106759596:  Hold'em Limit ($3/$6 USD) - 2016/07/17 18:46:07 ET
Table 'Houzeau' 6-max Seat #4 is the button
Seat 4: Actionni13 ($179.27 in chips)
Seat 5: gazzzzzza ($63.90 in chips)
Actionni13: posts small blind $1
gazzzzzza: posts big blind $3
*** HOLE CARDS ***
Actionni13: raises $3 to $6
gazzzzzza: calls $3
*** FLOP *** [9d 8s Qh]
gazzzzzza: checks
Actionni13: bets $3
gazzzzzza: raises $3 to $6
Actionni13: calls $3
*** TURN *** [9d 8s Qh] [9h]
gazzzzzza: bets $6
Actionni13: raises $6 to $12
gazzzzzza: calls $6
*** RIVER *** [9d 8s Qh 9h] [Ad]
gazzzzzza: checks
Actionni13: checks
*** SHOW DOWN ***
gazzzzzza: shows [7c Qs] (two pair, Queens and Nines)
Actionni13: shows [Kh Qd] (two pair, Queens and Nines)
gazzzzzza collected $23.75 from pot
Actionni13 collected $23.75 from pot
*** SUMMARY ***
Total pot $48 | Rake $0.50
Board [9d 8s Qh 9h Ad]
Seat 4: Actionni13 (button) (small blind) showed [Kh Qd] and won ($23.75) with two pair, Queens and Nines
Seat 5: gazzzzzza (big blind) showed [7c Qs] and won ($23.75) with two pair, Queens and Nines


PokerStars Hand #156106777004:  Hold'em Limit ($3/$6 USD) - 2016/07/17 18:46:33 ET
Table 'Houzeau' 6-max Seat #5 is the button
Seat 4: Actionni13 ($179.02 in chips)
Seat 5: gazzzzzza ($63.65 in chips)
gazzzzzza: posts small blind $1
Actionni13: posts big blind $3
*** HOLE CARDS ***
gazzzzzza: folds
Uncalled bet ($2) returned to Actionni13
Actionni13 collected $2 from pot
Actionni13: doesn't show hand
*** SUMMARY ***
Total pot $2 | Rake $0
Seat 4: Actionni13 (big blind) collected ($2)
Seat 5: gazzzzzza (button) (small blind) folded before Flop


PokerStars Hand #156106746330:  Hold'em Limit ($3/$6 USD) - 2016/07/17 18:45:48 ET
Table 'Houzeau' 6-max Seat #4 is the button
Seat 4: Actionni13 ($179.27 in chips)
Seat 5: gazzzzzza ($63.90 in chips)
Actionni13: posts small blind $1
gazzzzzza: posts big blind $3
*** HOLE CARDS ***
Actionni13: raises $3 to $6
gazzzzzza: folds
Uncalled bet ($3) returned to Actionni13
Actionni13 collected $6 from pot
Actionni13: doesn't show hand
*** SUMMARY ***
Total pot $6 | Rake $0
Seat 4: Actionni13 (button) (small blind) collected ($6)
Seat 5: gazzzzzza (big blind) folded before Flop


PokerStars Hand #156106752908:  Hold'em Limit ($3/$6 USD) - 2016/07/17 18:45:58 ET
Table 'Houzeau' 6-max Seat #5 is the button
Seat 4: Actionni13 ($182.27 in chips)
Seat 5: gazzzzzza ($60.90 in chips)
gazzzzzza: posts small blind $1
Actionni13: posts big blind $3
*** HOLE CARDS ***
gazzzzzza: raises $3 to $6
Actionni13: folds
Uncalled bet ($3) returned to gazzzzzza
gazzzzzza collected $6 from pot
*** SUMMARY ***
Total pot $6 | Rake $0
Seat 4: Actionni13 (big blind) folded before Flop
Seat 5: gazzzzzza (button) (small blind) collected ($6)


PokerStars Hand #156106790824:  Hold'em Limit ($3/$6 USD) - 2016/07/17 18:46:52 ET
Table 'Houzeau' 6-max Seat #5 is the button
Seat 4: Actionni13 ($171.02 in chips)
Seat 5: gazzzzzza ($71.29 in chips)
gazzzzzza: posts small blind $1
Actionni13: posts big blind $3
*** HOLE CARDS ***
gazzzzzza: raises $3 to $6
Actionni13: calls $3
*** FLOP *** [2d Qc 8d]
Actionni13: checks
gazzzzzza: bets $3
Actionni13: folds
Uncalled bet ($3) returned to gazzzzzza
gazzzzzza collected $11.76 from pot
*** SUMMARY ***
Total pot $12 | Rake $0.24
Board [2d Qc 8d]
Seat 4: Actionni13 (big blind) folded on the Flop
Seat 5: gazzzzzza (button) (small blind) collected ($11.76)


PokerStars Hand #156106821246:  Hold'em Limit ($3/$6 USD) - 2016/07/17 18:47:24 ET
Table 'Houzeau' 6-max Seat #5 is the button
Seat 4: Actionni13 ($173.66 in chips)
Seat 5: gazzzzzza ($68.05 in chips)
gazzzzzza: posts small blind $1
Actionni13: posts big blind $3
*** HOLE CARDS ***
gazzzzzza: raises $3 to $6
Actionni13: folds
Uncalled bet ($3) returned to gazzzzzza
gazzzzzza collected $6 from pot
*** SUMMARY ***
Total pot $6 | Rake $0
Seat 4: Actionni13 (big blind) folded before Flop
Seat 5: gazzzzzza (button) (small blind) collected ($6)


PokerStars Hand #156106800347:  Hold'em Limit ($3/$6 USD) - 2016/07/17 18:47:06 ET
Table 'Houzeau' 6-max Seat #4 is the button
Seat 4: Actionni13 ($165.02 in chips)
Seat 5: gazzzzzza ($77.05 in chips)
Actionni13: posts small blind $1
gazzzzzza: posts big blind $3
*** HOLE CARDS ***
Actionni13: raises $3 to $6
gazzzzzza: calls $3
*** FLOP *** [6c Td 7d]
gazzzzzza: checks
Actionni13: bets $3
gazzzzzza: calls $3
*** TURN *** [6c Td 7d] [Ah]
gazzzzzza: checks
Actionni13: bets $6
gazzzzzza: folds
Uncalled bet ($6) returned to Actionni13
Actionni13 collected $17.64 from pot
Actionni13: doesn't show hand
*** SUMMARY ***
Total pot $18 | Rake $0.36
Board [6c Td 7d Ah]
Seat 4: Actionni13 (button) (small blind) collected ($17.64)
Seat 5: gazzzzzza (big blind) folded on the Turn


PokerStars Hand #156106781197:  Hold'em Limit ($3/$6 USD) - 2016/07/17 18:46:38 ET
Table 'Houzeau' 6-max Seat #4 is the button
Seat 4: Actionni13 ($180.02 in chips)
Seat 5: gazzzzzza ($62.65 in chips)
Actionni13: posts small blind $1
gazzzzzza: posts big blind $3
*** HOLE CARDS ***
Actionni13: raises $3 to $6
gazzzzzza: raises $3 to $9
Actionni13: calls $3
*** FLOP *** [Kh 3c 9d]
gazzzzzza: bets $3
Actionni13: folds
Uncalled bet ($3) returned to gazzzzzza
gazzzzzza collected $17.64 from pot
*** SUMMARY ***
Total pot $18 | Rake $0.36
Board [Kh 3c 9d]
Seat 4: Actionni13 (button) (small blind) folded on the Flop
Seat 5: gazzzzzza (big blind) collected ($17.64)


PokerStars Hand #156107167793:  Hold'em Limit ($3/$6 USD) - 2016/07/17 18:56:24 ET
Table 'Houzeau' 6-max Seat #1 is the button
Seat 1: Pete81 ($74.50 in chips)
Seat 4: Actionni13 ($155.42 in chips)
Pete81: posts small blind $1
Actionni13: posts big blind $3
*** HOLE CARDS ***
Pete81: folds
Uncalled bet ($2) returned to Actionni13
Actionni13 collected $2 from pot
Actionni13: doesn't show hand
*** SUMMARY ***
Total pot $2 | Rake $0
Seat 1: Pete81 (button) (small blind) folded before Flop
Seat 4: Actionni13 (big blind) collected ($2)


PokerStars Hand #156107157045:  Hold'em Limit ($3/$6 USD) - 2016/07/17 18:56:02 ET
Table 'Houzeau' 6-max Seat #4 is the button
Seat 1: Pete81 ($57 in chips)
Seat 4: Actionni13 ($173.42 in chips)
Actionni13: posts small blind $1
Pete81: posts big blind $3
*** HOLE CARDS ***
Actionni13: raises $3 to $6
Pete81: raises $3 to $9
Actionni13: calls $3
*** FLOP *** [Td 8h 4d]
Pete81: bets $3
Actionni13: calls $3
*** TURN *** [Td 8h 4d] [Jd]
Pete81: bets $6
Actionni13: calls $6
*** RIVER *** [Td 8h 4d Jd] [Js]
Pete81: checks
Actionni13: checks
*** SHOW DOWN ***
Pete81: shows [6c Ad] (a pair of Jacks)
Actionni13: mucks hand
Pete81 collected $35.50 from pot
*** SUMMARY ***
Total pot $36 | Rake $0.50
Board [Td 8h 4d Jd Js]
Seat 1: Pete81 (big blind) showed [6c Ad] and won ($35.50) with a pair of Jacks
Seat 4: Actionni13 (button) (small blind) mucked


PokerStars Hand #156107144167:  Hold'em Limit ($3/$6 USD) - 2016/07/17 18:55:35 ET
Table 'Houzeau' 6-max Seat #1 is the button
Seat 1: Pete81 ($61 in chips)
Seat 4: Actionni13 ($169.66 in chips)
Pete81: posts small blind $1
Actionni13: posts big blind $3
*** HOLE CARDS ***
Pete81: folds
Uncalled bet ($2) returned to Actionni13
Actionni13 collected $2 from pot
Actionni13: doesn't show hand
*** SUMMARY ***
Total pot $2 | Rake $0
Seat 1: Pete81 (button) (small blind) folded before Flop
Seat 4: Actionni13 (big blind) collected ($2)


PokerStars Hand #156107146514:  Hold'em Limit ($3/$6 USD) - 2016/07/17 18:55:40 ET
Table 'Houzeau' 6-max Seat #4 is the button
Seat 1: Pete81 ($60 in chips)
Seat 4: Actionni13 ($170.66 in chips)
Actionni13: posts small blind $1
Pete81: posts big blind $3
*** HOLE CARDS ***
Actionni13: raises $3 to $6
Pete81: calls $3
*** FLOP *** [6d 9c As]
Pete81: checks
Actionni13: bets $3
Pete81: folds
Uncalled bet ($3) returned to Actionni13
Actionni13 collected $11.76 from pot
Actionni13: doesn't show hand
*** SUMMARY ***
Total pot $12 | Rake $0.24
Board [6d 9c As]
Seat 1: Pete81 (big blind) folded on the Flop
Seat 4: Actionni13 (button) (small blind) collected ($11.76)


PokerStars Hand #156107152405:  Hold'em Limit ($3/$6 USD) - 2016/07/17 18:55:52 ET
Table 'Houzeau' 6-max Seat #1 is the button
Seat 1: Pete81 ($54 in chips)
Seat 4: Actionni13 ($176.42 in chips)
Pete81: posts small blind $1
Actionni13: posts big blind $3
*** HOLE CARDS ***
Pete81: raises $3 to $6
Actionni13: folds
Uncalled bet ($3) returned to Pete81
Pete81 collected $6 from pot
Pete81: doesn't show hand
*** SUMMARY ***
Total pot $6 | Rake $0
Seat 1: Pete81 (button) (small blind) collected ($6)
Seat 4: Actionni13 (big blind) folded before Flop


PokerStars Hand #156107177006:  Hold'em Limit ($3/$6 USD) - 2016/07/17 18:56:43 ET
Table 'Houzeau' 6-max Seat #1 is the button
Seat 1: Pete81 ($67.50 in chips)
Seat 4: Actionni13 ($162.18 in chips)
Pete81: posts small blind $1
Actionni13: posts big blind $3
*** HOLE CARDS ***
Pete81: raises $3 to $6
Actionni13: calls $3
*** FLOP *** [7d 4c 9h]
Actionni13: checks
Pete81: bets $3
Actionni13: raises $3 to $6
Pete81: calls $3
*** TURN *** [7d 4c 9h] [5c]
Actionni13: bets $6
Pete81: calls $6
*** RIVER *** [7d 4c 9h 5c] [Kh]
Actionni13: bets $6
Pete81: raises $6 to $12
Actionni13: folds
Uncalled bet ($6) returned to Pete81
Pete81 collected $47.50 from pot
Pete81: doesn't show hand
*** SUMMARY ***
Total pot $48 | Rake $0.50
Board [7d 4c 9h 5c Kh]
Seat 1: Pete81 (button) (small blind) collected ($47.50)
Seat 4: Actionni13 (big blind) folded on the River


PokerStars Hand #156107170160:  Hold'em Limit ($3/$6 USD) - 2016/07/17 18:56:29 ET
Table 'Houzeau' 6-max Seat #4 is the button
Seat 1: Pete81 ($73.50 in chips)
Seat 4: Actionni13 ($156.42 in chips)
Actionni13: posts small blind $1
Pete81: posts big blind $3
*** HOLE CARDS ***
Actionni13: raises $3 to $6
Pete81: calls $3
*** FLOP *** [Ac Ks 9c]
Pete81: checks
Actionni13: bets $3
Pete81: folds
Uncalled bet ($3) returned to Actionni13
Actionni13 collected $11.76 from pot
Actionni13: doesn't show hand
*** SUMMARY ***
Total pot $12 | Rake $0.24
Board [Ac Ks 9c]
Seat 1: Pete81 (big blind) folded on the Flop
Seat 4: Actionni13 (button) (small blind) collected ($11.76)


PokerStars Hand #156107206578:  Hold'em Limit ($3/$6 USD) - 2016/07/17 18:57:43 ET
Table 'Houzeau' 6-max Seat #1 is the button
Seat 1: Pete81 ($108.50 in chips)
Seat 4: Actionni13 ($150 in chips)
Pete81: posts small blind $1
Actionni13: posts big blind $3
*** HOLE CARDS ***
Pete81: raises $3 to $6
Actionni13: calls $3
*** FLOP *** [As 8c 5h]
Actionni13: checks
Pete81: bets $3
Actionni13: calls $3
*** TURN *** [As 8c 5h] [8s]
Actionni13: checks
Pete81: checks
*** RIVER *** [As 8c 5h 8s] [9d]
Actionni13: bets $6
Pete81: calls $6
*** SHOW DOWN ***
Actionni13: shows [Tc Ts] (two pair, Tens and Eights)
Pete81: mucks hand
Actionni13 collected $29.50 from pot
*** SUMMARY ***
Total pot $30 | Rake $0.50
Board [As 8c 5h 8s 9d]
Seat 1: Pete81 (button) (small blind) mucked
Seat 4: Actionni13 (big blind) showed [Tc Ts] and won ($29.50) with two pair, Tens and Eights


PokerStars Hand #156107193497:  Hold'em Limit ($3/$6 USD) - 2016/07/17 18:57:16 ET
Table 'Houzeau' 6-max Seat #4 is the button
Seat 1: Pete81 ($91 in chips)
Seat 4: Actionni13 ($150 in chips)
Actionni13: posts small blind $1
Pete81: posts big blind $3
*** HOLE CARDS ***
Actionni13: raises $3 to $6
Pete81: raises $3 to $9
Actionni13: calls $3
*** FLOP *** [3h Td 2h]
Pete81: bets $3
Actionni13: calls $3
*** TURN *** [3h Td 2h] [8c]
Pete81: bets $6
Actionni13: calls $6
*** RIVER *** [3h Td 2h 8c] [8d]
Pete81: bets $6
Actionni13: folds
Uncalled bet ($6) returned to Pete81
Pete81 collected $35.50 from pot
Pete81: doesn't show hand
*** SUMMARY ***
Total pot $36 | Rake $0.50
Board [3h Td 2h 8c 8d]
Seat 1: Pete81 (big blind) collected ($35.50)
Seat 4: Actionni13 (button) (small blind) folded on the River


PokerStars Hand #156107227513:  Hold'em Limit ($3/$6 USD) - 2016/07/17 18:58:25 ET
Table 'Houzeau' 6-max Seat #1 is the button
Seat 1: Pete81 ($102.14 in chips)
Seat 4: Actionni13 ($155.50 in chips)
Pete81: posts small blind $1
Actionni13: posts big blind $3
*** HOLE CARDS ***
Pete81: raises $3 to $6
Actionni13: calls $3
*** FLOP *** [Kc 3s 5c]
Actionni13: checks
Pete81: bets $3
Actionni13: raises $3 to $6
Pete81: raises $3 to $9
Actionni13: calls $3
*** TURN *** [Kc 3s 5c] [Ts]
Actionni13: checks
Pete81: bets $6
Actionni13: folds
Uncalled bet ($6) returned to Pete81
Pete81 collected $29.50 from pot
Pete81: doesn't show hand
*** SUMMARY ***
Total pot $30 | Rake $0.50
Board [Kc 3s 5c Ts]
Seat 1: Pete81 (button) (small blind) collected ($29.50)
Seat 4: Actionni13 (big blind) folded on the Turn


PokerStars Hand #156107216783:  Hold'em Limit ($3/$6 USD) - 2016/07/17 18:58:03 ET
Table 'Houzeau' 6-max Seat #4 is the button
Seat 1: Pete81 ($93.50 in chips)
Seat 4: Actionni13 ($164.50 in chips)
Actionni13: posts small blind $1
Pete81: posts big blind $3
*** HOLE CARDS ***
Actionni13: raises $3 to $6
Pete81: calls $3
*** FLOP *** [Ac 4s 2d]
Pete81: checks
Actionni13: bets $3
Pete81: calls $3
*** TURN *** [Ac 4s 2d] [7d]
Pete81: checks
Actionni13: checks
*** RIVER *** [Ac 4s 2d 7d] [Kd]
Pete81: bets $6
Actionni13: folds
Uncalled bet ($6) returned to Pete81
Pete81 collected $17.64 from pot
Pete81: doesn't show hand
*** SUMMARY ***
Total pot $18 | Rake $0.36
Board [Ac 4s 2d 7d Kd]
Seat 1: Pete81 (big blind) collected ($17.64)
Seat 4: Actionni13 (button) (small blind) folded on the River


PokerStars Hand #156107244460:  Hold'em Limit ($3/$6 USD) - 2016/07/17 18:58:59 ET
Table 'Houzeau' 6-max Seat #4 is the button
Seat 1: Pete81 ($116.64 in chips)
Seat 4: Actionni13 ($150 in chips)
Actionni13: posts small blind $1
Pete81: posts big blind $3
*** HOLE CARDS ***
Actionni13: raises $3 to $6
Pete81: calls $3
*** FLOP *** [7h Tc 5d]
Pete81: checks
Actionni13: bets $3
Pete81: folds
Uncalled bet ($3) returned to Actionni13
Actionni13 collected $11.76 from pot
Actionni13: doesn't show hand
*** SUMMARY ***
Total pot $12 | Rake $0.24
Board [7h Tc 5d]
Seat 1: Pete81 (big blind) folded on the Flop
Seat 4: Actionni13 (button) (small blind) collected ($11.76)


PokerStars Hand #156107249237:  Hold'em Limit ($3/$6 USD) - 2016/07/17 18:59:08 ET
Table 'Houzeau' 6-max Seat #1 is the button
Seat 1: Pete81 ($110.64 in chips)
Seat 4: Actionni13 ($155.76 in chips)
Pete81: posts small blind $1
Actionni13: posts big blind $3
*** HOLE CARDS ***
Pete81: raises $3 to $6
Actionni13: calls $3
*** FLOP *** [6c 3h 8s]
Actionni13: checks
Pete81: bets $3
Actionni13: raises $3 to $6
Pete81: calls $3
*** TURN *** [6c 3h 8s] [9d]
Actionni13: checks
Pete81: bets $6
Actionni13: folds
Uncalled bet ($6) returned to Pete81
Pete81 collected $23.52 from pot
Pete81: doesn't show hand
*** SUMMARY ***
Total pot $24 | Rake $0.48
Board [6c 3h 8s 9d]
Seat 1: Pete81 (button) (small blind) collected ($23.52)
Seat 4: Actionni13 (big blind) folded on the Turn


PokerStars Hand #156107270027:  Hold'em Limit ($3/$6 USD) - 2016/07/17 18:59:50 ET
Table 'Houzeau' 6-max Seat #4 is the button
Seat 1: Pete81 ($122.16 in chips)
Seat 4: Actionni13 ($150 in chips)
Actionni13: posts small blind $1
Pete81: posts big blind $3
*** HOLE CARDS ***
Actionni13: raises $3 to $6
Pete81: calls $3
*** FLOP *** [Jc 3c 3h]
Pete81: checks
Actionni13: bets $3
Pete81: calls $3
*** TURN *** [Jc 3c 3h] [6s]
Pete81: checks
Actionni13: checks
*** RIVER *** [Jc 3c 3h 6s] [6h]
Pete81: bets $6
Actionni13: folds
Uncalled bet ($6) returned to Pete81
Pete81 collected $17.64 from pot
Pete81: doesn't show hand
*** SUMMARY ***
Total pot $18 | Rake $0.36
Board [Jc 3c 3h 6s 6h]
Seat 1: Pete81 (big blind) collected ($17.64)
Seat 4: Actionni13 (button) (small blind) folded on the River


PokerStars Hand #156107285875:  Hold'em Limit ($3/$6 USD) - 2016/07/17 19:00:21 ET
Table 'Houzeau' 6-max Seat #1 is the button
Seat 1: Pete81 ($130.80 in chips)
Seat 4: Actionni13 ($150 in chips)
Pete81: posts small blind $1
Actionni13: posts big blind $3
*** HOLE CARDS ***
Pete81: raises $3 to $6
Actionni13: calls $3
*** FLOP *** [2d Tc 6h]
Actionni13: checks
Pete81: bets $3
Actionni13: raises $3 to $6
Pete81: raises $3 to $9
Actionni13: raises $3 to $12
Betting is capped
Pete81: calls $3
*** TURN *** [2d Tc 6h] [Ah]
Actionni13: bets $6
Pete81: raises $6 to $12
Actionni13: folds
Uncalled bet ($6) returned to Pete81
Pete81 collected $47.50 from pot
Pete81: doesn't show hand
*** SUMMARY ***
Total pot $48 | Rake $0.50
Board [2d Tc 6h Ah]
Seat 1: Pete81 (button) (small blind) collected ($47.50)
Seat 4: Actionni13 (big blind) folded on the Turn


PokerStars Hand #156107299415:  Hold'em Limit ($3/$6 USD) - 2016/07/17 19:00:47 ET
Table 'Houzeau' 6-max Seat #4 is the button
Seat 1: Pete81 ($154.30 in chips)
Seat 4: Actionni13 ($150 in chips)
Actionni13: posts small blind $1
Pete81: posts big blind $3
*** HOLE CARDS ***
Actionni13: raises $3 to $6
Pete81: calls $3
*** FLOP *** [Kc Ah Qs]
Pete81: checks
Actionni13: bets $3
Pete81: calls $3
*** TURN *** [Kc Ah Qs] [8s]
Pete81: checks
Actionni13: bets $6
Pete81: calls $6
*** RIVER *** [Kc Ah Qs 8s] [4c]
Pete81: checks
Actionni13: bets $6
Pete81: calls $6
*** SHOW DOWN ***
Actionni13: shows [5s 9s] (high card Ace)
Pete81: shows [Kh 2s] (a pair of Kings)
Jigorek1989 joins the table at seat #3
Pete81 collected $41.50 from pot
*** SUMMARY ***
Total pot $42 | Rake $0.50
Board [Kc Ah Qs 8s 4c]
Seat 1: Pete81 (big blind) showed [Kh 2s] and won ($41.50) with a pair of Kings
Seat 4: Actionni13 (button) (small blind) showed [5s 9s] and lost with high card Ace


PokerStars Hand #156107424052:  Hold'em Limit ($3/$6 USD) - 2016/07/17 19:04:09 ET
Table 'Houzeau' 6-max Seat #6 is the button
Seat 4: Actionni13 ($166.92 in chips)
Seat 6: belik555 ($72 in chips)
belik555: posts small blind $1
Jigorek1989: is sitting out
Actionni13: posts big blind $3
*** HOLE CARDS ***
belik555: raises $3 to $6
Actionni13: calls $3
*** FLOP *** [Qs 8s 9s]
Actionni13: checks
belik555: bets $3
Actionni13: calls $3
*** TURN *** [Qs 8s 9s] [2h]
Actionni13: bets $6
belik555: folds
Uncalled bet ($6) returned to Actionni13
Actionni13 collected $17.64 from pot
Actionni13: doesn't show hand
*** SUMMARY ***
Total pot $18 | Rake $0.36
Board [Qs 8s 9s 2h]
Seat 4: Actionni13 (big blind) collected ($17.64)
Seat 6: belik555 (button) (small blind) folded on the Turn


PokerStars Hand #156107446915:  Hold'em Limit ($3/$6 USD) - 2016/07/17 19:04:45 ET
Table 'Houzeau' 6-max Seat #4 is the button
Seat 4: Actionni13 ($175.56 in chips)
Seat 6: belik555 ($72 in chips)
Actionni13: posts small blind $1
belik555: posts big blind $3
*** HOLE CARDS ***
Actionni13: raises $3 to $6
belik555: calls $3
*** FLOP *** [Ks 9s Jh]
belik555: checks
Actionni13: bets $3
belik555: calls $3
*** TURN *** [Ks 9s Jh] [Th]
belik555: bets $6
Actionni13: calls $6
*** RIVER *** [Ks 9s Jh Th] [2c]
belik555: bets $6
Actionni13: calls $6
*** SHOW DOWN ***
belik555: shows [7d 8c] (a straight, Seven to Jack)
Actionni13: mucks hand
belik555 collected $41.50 from pot
*** SUMMARY ***
Total pot $42 | Rake $0.50
Board [Ks 9s Jh Th 2c]
Seat 4: Actionni13 (button) (small blind) mucked
Seat 6: belik555 (big blind) showed [7d 8c] and won ($41.50) with a straight, Seven to Jack


PokerStars Hand #156107655009:  Hold'em Limit ($3/$6 USD) - 2016/07/17 19:10:10 ET
Table 'Houzeau' 6-max Seat #3 is the button
Seat 3: Jigorek1989 ($150.04 in chips)
Seat 6: belik555 ($115.58 in chips)
Jigorek1989: posts small blind $1
Actionni13: is sitting out
belik555: posts big blind $3
*** HOLE CARDS ***
Jigorek1989: folds
Uncalled bet ($2) returned to belik555
belik555 collected $2 from pot
belik555: doesn't show hand
*** SUMMARY ***
Total pot $2 | Rake $0
Seat 3: Jigorek1989 (button) (small blind) folded before Flop
Seat 6: belik555 (big blind) collected ($2)


