PokerStars Hand #157363975358:  Hold'em Limit ($3/$6 USD) - 2016/08/16 17:13:14 ET
Table 'Houzeau II' 6-max Seat #2 is the button
Seat 2: mh1111 ($99 in chips)
Seat 3: BuzovaPro ($75 in chips)
mh1111: posts small blind $1
BuzovaPro: posts big blind $3
*** HOLE CARDS ***
mh1111: calls $2
BuzovaPro: checks
*** FLOP *** [6d Ac Kd]
BuzovaPro: bets $3
mh1111: folds
Uncalled bet ($3) returned to BuzovaPro
BuzovaPro collected $5.88 from pot
BuzovaPro: doesn't show hand
*** SUMMARY ***
Total pot $6 | Rake $0.12
Board [6d Ac Kd]
Seat 2: mh1111 (button) (small blind) folded on the Flop
Seat 3: BuzovaPro (big blind) collected ($5.88)


PokerStars Hand #157365763224:  Hold'em Limit ($3/$6 USD) - 2016/08/16 17:50:45 ET
Table 'Houzeau II' 6-max Seat #5 is the button
Seat 4: Ag3r0n ($100.93 in chips)
Seat 5: CrongCrong ($135.80 in chips)
CrongCrong: posts small blind $1
wobetting: is sitting out
Ag3r0n: posts big blind $3
*** HOLE CARDS ***
CrongCrong: raises $3 to $6
Ag3r0n: calls $3
*** FLOP *** [5c 9s 6c]
Ag3r0n: checks
CrongCrong: bets $3
Ag3r0n: folds
Uncalled bet ($3) returned to CrongCrong
CrongCrong collected $11.76 from pot
CrongCrong: doesn't show hand
*** SUMMARY ***
Total pot $12 | Rake $0.24
Board [5c 9s 6c]
Seat 4: Ag3r0n (big blind) folded on the Flop
Seat 5: CrongCrong (button) (small blind) collected ($11.76)


PokerStars Hand #157365820851:  Hold'em Limit ($3/$6 USD) - 2016/08/16 17:52:00 ET
Table 'Houzeau II' 6-max Seat #5 is the button
Seat 4: Ag3r0n ($103.43 in chips)
Seat 5: CrongCrong ($132.06 in chips)
CrongCrong: posts small blind $1
Ag3r0n: posts big blind $3
*** HOLE CARDS ***
CrongCrong: raises $3 to $6
Ag3r0n: calls $3
*** FLOP *** [4s 5c Kc]
Ag3r0n: checks
CrongCrong: bets $3
Ag3r0n: folds
Uncalled bet ($3) returned to CrongCrong
CrongCrong collected $11.76 from pot
*** SUMMARY ***
Total pot $12 | Rake $0.24
Board [4s 5c Kc]
Seat 4: Ag3r0n (big blind) folded on the Flop
Seat 5: CrongCrong (button) (small blind) collected ($11.76)


PokerStars Hand #157365810646:  Hold'em Limit ($3/$6 USD) - 2016/08/16 17:51:46 ET
Table 'Houzeau II' 6-max Seat #4 is the button
Seat 4: Ag3r0n ($121.43 in chips)
Seat 5: CrongCrong ($114.56 in chips)
Ag3r0n: posts small blind $1
CrongCrong: posts big blind $3
*** HOLE CARDS ***
Ag3r0n: raises $3 to $6
CrongCrong: raises $3 to $9
Ag3r0n: calls $3
*** FLOP *** [Ts 5c Td]
CrongCrong: bets $3
Ag3r0n: calls $3
*** TURN *** [Ts 5c Td] [Jh]
CrongCrong: checks
Ag3r0n: bets $6
CrongCrong: calls $6
*** RIVER *** [Ts 5c Td Jh] [Ac]
CrongCrong: checks
Ag3r0n: checks
*** SHOW DOWN ***
CrongCrong: shows [Ah Qh] (two pair, Aces and Tens)
Ag3r0n: mucks hand
CrongCrong collected $35.50 from pot
*** SUMMARY ***
Total pot $36 | Rake $0.50
Board [Ts 5c Td Jh Ac]
Seat 4: Ag3r0n (button) (small blind) mucked
Seat 5: CrongCrong (big blind) showed [Ah Qh] and won ($35.50) with two pair, Aces and Tens


PokerStars Hand #157365795278:  Hold'em Limit ($3/$6 USD) - 2016/08/16 17:51:26 ET
Table 'Houzeau II' 6-max Seat #5 is the button
Seat 4: Ag3r0n ($97.93 in chips)
Seat 5: CrongCrong ($138.56 in chips)
CrongCrong: posts small blind $1
Ag3r0n: posts big blind $3
*** HOLE CARDS ***
CrongCrong: raises $3 to $6
Ag3r0n: calls $3
*** FLOP *** [Qh Js Ah]
Ag3r0n: checks
CrongCrong: bets $3
Ag3r0n: raises $3 to $6
CrongCrong: calls $3
*** TURN *** [Qh Js Ah] [3d]
Ag3r0n: bets $6
CrongCrong: calls $6
*** RIVER *** [Qh Js Ah 3d] [3s]
Ag3r0n: bets $6
CrongCrong: calls $6
*** SHOW DOWN ***
Ag3r0n: shows [As 5c] (two pair, Aces and Threes)
CrongCrong: mucks hand
Ag3r0n collected $47.50 from pot
*** SUMMARY ***
Total pot $48 | Rake $0.50
Board [Qh Js Ah 3d 3s]
Seat 4: Ag3r0n (big blind) showed [As 5c] and won ($47.50) with two pair, Aces and Threes
Seat 5: CrongCrong (button) (small blind) mucked


PokerStars Hand #157365833226:  Hold'em Limit ($3/$6 USD) - 2016/08/16 17:52:16 ET
Table 'Houzeau II' 6-max Seat #5 is the button
Seat 4: Ag3r0n ($103.19 in chips)
Seat 5: CrongCrong ($131.82 in chips)
CrongCrong: posts small blind $1
Ag3r0n: posts big blind $3
*** HOLE CARDS ***
CrongCrong: folds
Uncalled bet ($2) returned to Ag3r0n
Ag3r0n collected $2 from pot
*** SUMMARY ***
Total pot $2 | Rake $0
Seat 4: Ag3r0n (big blind) collected ($2)
Seat 5: CrongCrong (button) (small blind) folded before Flop


PokerStars Hand #157365826960:  Hold'em Limit ($3/$6 USD) - 2016/08/16 17:52:08 ET
Table 'Houzeau II' 6-max Seat #4 is the button
Seat 4: Ag3r0n ($97.43 in chips)
Seat 5: CrongCrong ($137.82 in chips)
Ag3r0n: posts small blind $1
CrongCrong: posts big blind $3
*** HOLE CARDS ***
Ag3r0n: raises $3 to $6
CrongCrong: calls $3
*** FLOP *** [Td 2d Ks]
CrongCrong: checks
Ag3r0n: bets $3
CrongCrong: folds
Uncalled bet ($3) returned to Ag3r0n
Ag3r0n collected $11.76 from pot
*** SUMMARY ***
Total pot $12 | Rake $0.24
Board [Td 2d Ks]
Seat 4: Ag3r0n (button) (small blind) collected ($11.76)
Seat 5: CrongCrong (big blind) folded on the Flop


PokerStars Hand #157365790728:  Hold'em Limit ($3/$6 USD) - 2016/08/16 17:51:21 ET
Table 'Houzeau II' 6-max Seat #4 is the button
Seat 4: Ag3r0n ($94.93 in chips)
Seat 5: CrongCrong ($141.56 in chips)
Ag3r0n: posts small blind $1
CrongCrong: posts big blind $3
*** HOLE CARDS ***
Ag3r0n: raises $3 to $6
CrongCrong: folds
Uncalled bet ($3) returned to Ag3r0n
Ag3r0n collected $6 from pot
*** SUMMARY ***
Total pot $6 | Rake $0
Seat 4: Ag3r0n (button) (small blind) collected ($6)
Seat 5: CrongCrong (big blind) folded before Flop


PokerStars Hand #157365857348:  Hold'em Limit ($3/$6 USD) - 2016/08/16 17:52:48 ET
Table 'Houzeau II' 6-max Seat #4 is the button
Seat 4: Ag3r0n ($121.47 in chips)
Seat 5: CrongCrong ($112.82 in chips)
Ag3r0n: posts small blind $1
CrongCrong: posts big blind $3
*** HOLE CARDS ***
Ag3r0n: raises $3 to $6
CrongCrong: raises $3 to $9
Ag3r0n: calls $3
*** FLOP *** [3c 9d Jd]
CrongCrong: bets $3
Ag3r0n: calls $3
*** TURN *** [3c 9d Jd] [Kd]
CrongCrong: checks
Ag3r0n: checks
*** RIVER *** [3c 9d Jd Kd] [Ah]
CrongCrong: checks
Ag3r0n: checks
*** SHOW DOWN ***
CrongCrong: shows [7h 7s] (a pair of Sevens)
Ag3r0n: mucks hand
CrongCrong collected $23.52 from pot
*** SUMMARY ***
Total pot $24 | Rake $0.48
Board [3c 9d Jd Kd Ah]
Seat 4: Ag3r0n (button) (small blind) mucked
Seat 5: CrongCrong (big blind) showed [7h 7s] and won ($23.52) with a pair of Sevens


PokerStars Hand #157365847878:  Hold'em Limit ($3/$6 USD) - 2016/08/16 17:52:35 ET
Table 'Houzeau II' 6-max Seat #5 is the button
Seat 4: Ag3r0n ($112.83 in chips)
Seat 5: CrongCrong ($121.82 in chips)
CrongCrong: posts small blind $1
Ag3r0n: posts big blind $3
*** HOLE CARDS ***
CrongCrong: raises $3 to $6
Ag3r0n: calls $3
*** FLOP *** [Ks Qs 4d]
Ag3r0n: checks
CrongCrong: bets $3
Ag3r0n: raises $3 to $6
CrongCrong: folds
Uncalled bet ($3) returned to Ag3r0n
Ag3r0n collected $17.64 from pot
*** SUMMARY ***
Total pot $18 | Rake $0.36
Board [Ks Qs 4d]
Seat 4: Ag3r0n (big blind) collected ($17.64)
Seat 5: CrongCrong (button) (small blind) folded on the Flop


PokerStars Hand #157365869906:  Hold'em Limit ($3/$6 USD) - 2016/08/16 17:53:04 ET
Table 'Houzeau II' 6-max Seat #5 is the button
Seat 4: Ag3r0n ($109.47 in chips)
Seat 5: CrongCrong ($124.34 in chips)
CrongCrong: posts small blind $1
Ag3r0n: posts big blind $3
*** HOLE CARDS ***
CrongCrong: raises $3 to $6
Ag3r0n: raises $3 to $9
CrongCrong: calls $3
*** FLOP *** [Ah 2h Qd]
Ag3r0n: bets $3
CrongCrong: raises $3 to $6
Ag3r0n: raises $3 to $9
CrongCrong: calls $3
*** TURN *** [Ah 2h Qd] [Kd]
Ag3r0n: bets $6
CrongCrong: calls $6
*** RIVER *** [Ah 2h Qd Kd] [9c]
Ag3r0n: bets $6
CrongCrong: calls $6
*** SHOW DOWN ***
Ag3r0n: shows [6h Ac] (a pair of Aces)
CrongCrong: shows [Qc Ks] (two pair, Kings and Queens)
CrongCrong collected $59.50 from pot
*** SUMMARY ***
Total pot $60 | Rake $0.50
Board [Ah 2h Qd Kd 9c]
Seat 4: Ag3r0n (big blind) showed [6h Ac] and lost with a pair of Aces
Seat 5: CrongCrong (button) (small blind) showed [Qc Ks] and won ($59.50) with two pair, Kings and Queens


PokerStars Hand #157365836729:  Hold'em Limit ($3/$6 USD) - 2016/08/16 17:52:20 ET
Table 'Houzeau II' 6-max Seat #4 is the button
Seat 4: Ag3r0n ($104.19 in chips)
Seat 5: CrongCrong ($130.82 in chips)
Ag3r0n: posts small blind $1
CrongCrong: posts big blind $3
*** HOLE CARDS ***
Ag3r0n: raises $3 to $6
CrongCrong: calls $3
*** FLOP *** [5h 7s 7d]
CrongCrong: checks
Ag3r0n: bets $3
CrongCrong: calls $3
*** TURN *** [5h 7s 7d] [As]
CrongCrong: checks
Ag3r0n: bets $6
CrongCrong: folds
Uncalled bet ($6) returned to Ag3r0n
Ag3r0n collected $17.64 from pot
*** SUMMARY ***
Total pot $18 | Rake $0.36
Board [5h 7s 7d As]
Seat 4: Ag3r0n (button) (small blind) collected ($17.64)
Seat 5: CrongCrong (big blind) folded on the Turn


PokerStars Hand #157365899483:  Hold'em Limit ($3/$6 USD) - 2016/08/16 17:53:43 ET
Table 'Houzeau II' 6-max Seat #4 is the button
Seat 4: Ag3r0n ($72 in chips)
Seat 5: CrongCrong ($178.34 in chips)
Ag3r0n: posts small blind $1
CrongCrong: posts big blind $3
*** HOLE CARDS ***
Ag3r0n: folds
Uncalled bet ($2) returned to CrongCrong
CrongCrong collected $2 from pot
CrongCrong: doesn't show hand
*** SUMMARY ***
Total pot $2 | Rake $0
Seat 4: Ag3r0n (button) (small blind) folded before Flop
Seat 5: CrongCrong (big blind) collected ($2)


PokerStars Hand #157365887231:  Hold'em Limit ($3/$6 USD) - 2016/08/16 17:53:27 ET
Table 'Houzeau II' 6-max Seat #5 is the button
Seat 4: Ag3r0n ($78.47 in chips)
Seat 5: CrongCrong ($154.84 in chips)
CrongCrong: posts small blind $1
Ag3r0n: posts big blind $3
*** HOLE CARDS ***
CrongCrong: raises $3 to $6
Ag3r0n: raises $3 to $9
CrongCrong: calls $3
*** FLOP *** [2s Td Kd]
Ag3r0n: bets $3
Zooshark joins the table at seat #3
CrongCrong: calls $3
*** TURN *** [2s Td Kd] [Ks]
Ag3r0n: checks
CrongCrong: bets $6
Ag3r0n: calls $6
*** RIVER *** [2s Td Kd Ks] [5s]
Ag3r0n: checks
CrongCrong: bets $6
Ag3r0n: calls $6
*** SHOW DOWN ***
CrongCrong: shows [8s Th] (two pair, Kings and Tens)
Ag3r0n: mucks hand
CrongCrong collected $47.50 from pot
*** SUMMARY ***
Total pot $48 | Rake $0.50
Board [2s Td Kd Ks 5s]
Seat 4: Ag3r0n (big blind) mucked
Seat 5: CrongCrong (button) (small blind) showed [8s Th] and won ($47.50) with two pair, Kings and Tens


