PokerStars Hand #168084063142:  Hold'em Limit ($3/$6 USD) - 2017/03/25 9:24:25 ET
Table 'Hudrus' 10-max Seat #1 is the button
Seat 1: majekk ($52.10 in chips)
Seat 2: Agrotait ($77.76 in chips)
majekk: posts small blind $1
Agrotait: posts big blind $3
*** HOLE CARDS ***
majekk: folds
Uncalled bet ($2) returned to Agrotait
Agrotait collected $2 from pot
Agrotait: doesn't show hand
*** SUMMARY ***
Total pot $2 | Rake $0
Seat 1: majekk (button) (small blind) folded before Flop
Seat 2: Agrotait (big blind) collected ($2)


PokerStars Hand #168084022635:  Hold'em Limit ($3/$6 USD) - 2017/03/25 9:23:17 ET
Table 'Hudrus' 10-max Seat #2 is the button
Seat 1: majekk ($58.10 in chips)
Seat 2: Agrotait ($72 in chips)
B_loJkl joins the table at seat #3
Agrotait: posts small blind $1
FHstyles has timed out
FHstyles: is sitting out
majekk: posts big blind $3
*** HOLE CARDS ***
Agrotait: raises $3 to $6
majekk: calls $3
*** FLOP *** [9s Jc 2h]
majekk: checks
Agrotait: bets $3
majekk: folds
Uncalled bet ($3) returned to Agrotait
Agrotait collected $11.76 from pot
Agrotait: doesn't show hand
*** SUMMARY ***
Total pot $12 | Rake $0.24
Board [9s Jc 2h]
Seat 1: majekk (big blind) folded on the Flop
Seat 2: Agrotait (button) (small blind) collected ($11.76)


PokerStars Hand #168084236545:  Hold'em Limit ($3/$6 USD) - 2017/03/25 9:29:15 ET
Table 'Hudrus' 10-max Seat #2 is the button
Seat 2: Agrotait ($72 in chips)
Seat 3: B_loJkl ($131 in chips)
Agrotait: posts small blind $1
B_loJkl: posts big blind $3
*** HOLE CARDS ***
Agrotait: folds
Uncalled bet ($2) returned to B_loJkl
B_loJkl collected $2 from pot
B_loJkl: doesn't show hand
*** SUMMARY ***
Total pot $2 | Rake $0
Seat 2: Agrotait (button) (small blind) folded before Flop
Seat 3: B_loJkl (big blind) collected ($2)


PokerStars Hand #168084251128:  Hold'em Limit ($3/$6 USD) - 2017/03/25 9:29:40 ET
Table 'Hudrus' 10-max Seat #1 is the button
Seat 1: majekk ($89.99 in chips)
Seat 3: B_loJkl ($131 in chips)
majekk: posts small blind $1
Agrotait: is sitting out
B_loJkl: posts big blind $3
*** HOLE CARDS ***
majekk: calls $2
B_loJkl: checks
*** FLOP *** [3c 7d 2c]
B_loJkl: checks
majekk: bets $3
B_loJkl: raises $3 to $6
majekk: calls $3
*** TURN *** [3c 7d 2c] [9s]
B_loJkl: bets $6
majekk: calls $6
*** RIVER *** [3c 7d 2c 9s] [Kc]
B_loJkl: bets $6
majekk: folds
Uncalled bet ($6) returned to B_loJkl
B_loJkl collected $29.50 from pot
B_loJkl: doesn't show hand
*** SUMMARY ***
Total pot $30 | Rake $0.50
Board [3c 7d 2c 9s Kc]
Seat 1: majekk (button) (small blind) folded on the River
Seat 3: B_loJkl (big blind) collected ($29.50)


PokerStars Hand #168084297550:  Hold'em Limit ($3/$6 USD) - 2017/03/25 9:30:57 ET
Table 'Hudrus' 10-max Seat #3 is the button
Seat 2: Agrotait ($71 in chips)
Seat 3: B_loJkl ($145.50 in chips)
B_loJkl: posts small blind $1
Agrotait: posts big blind $3
*** HOLE CARDS ***
B_loJkl: raises $3 to $6
FHstyles leaves the table
Agrotait: calls $3
*** FLOP *** [Jh 6d 5s]
Agrotait: checks
B_loJkl: bets $3
Agrotait: folds
Uncalled bet ($3) returned to B_loJkl
B_loJkl collected $11.76 from pot
B_loJkl: doesn't show hand
*** SUMMARY ***
Total pot $12 | Rake $0.24
Board [Jh 6d 5s]
Seat 2: Agrotait (big blind) folded on the Flop
Seat 3: B_loJkl (button) (small blind) collected ($11.76)


PokerStars Hand #168084313647:  Hold'em Limit ($3/$6 USD) - 2017/03/25 9:31:24 ET
Table 'Hudrus' 10-max Seat #2 is the button
Seat 2: Agrotait ($65 in chips)
Seat 3: B_loJkl ($151.26 in chips)
Agrotait: posts small blind $1
B_loJkl: posts big blind $3
*** HOLE CARDS ***
Agrotait: raises $3 to $6
B_loJkl: calls $3
*** FLOP *** [Jd 4c 6c]
B_loJkl: checks
Agrotait: checks
*** TURN *** [Jd 4c 6c] [Qh]
B_loJkl: checks
Agrotait: bets $6
B_loJkl: raises $6 to $12
Agrotait: folds
Uncalled bet ($6) returned to B_loJkl
B_loJkl collected $23.52 from pot
B_loJkl: doesn't show hand
*** SUMMARY ***
Total pot $24 | Rake $0.48
Board [Jd 4c 6c Qh]
Seat 2: Agrotait (button) (small blind) folded on the Turn
Seat 3: B_loJkl (big blind) collected ($23.52)


