PokerStars Hand #175234335659:  Hold'em Limit ($3/$6 USD) - 2017/09/05 7:45:24 ET
Table 'Hudrus II' 6-max Seat #6 is the button
Seat 4: Agrotait ($60 in chips)
Seat 6: Blikon ($120 in chips)
Blikon: posts small blind $1
Agrotait: posts big blind $3
*** HOLE CARDS ***
Blikon: raises $3 to $6
Agrotait: calls $3
*** FLOP *** [9d Kd 2s]
Agrotait: checks
Blikon: bets $3
Agrotait: calls $3
*** TURN *** [9d Kd 2s] [8s]
Agrotait: checks
Blikon: bets $6
Agrotait: calls $6
*** RIVER *** [9d Kd 2s 8s] [7s]
Agrotait: checks
Blikon: bets $6
Agrotait: calls $6
*** SHOW DOWN ***
Blikon: shows [Jd Js] (a pair of Jacks)
Agrotait: mucks hand
Blikon collected $41.50 from pot
*** SUMMARY ***
Total pot $42 | Rake $0.50
Board [9d Kd 2s 8s 7s]
Seat 4: Agrotait (big blind) mucked
Seat 6: Blikon (button) (small blind) showed [Jd Js] and won ($41.50) with a pair of Jacks


PokerStars Hand #175234377205:  Hold'em Limit ($3/$6 USD) - 2017/09/05 7:47:00 ET
Table 'Hudrus II' 6-max Seat #6 is the button
Seat 4: Agrotait ($27 in chips)
Seat 6: Blikon ($152.02 in chips)
Blikon: posts small blind $1
Agrotait: posts big blind $3
*** HOLE CARDS ***
Blikon: folds
Uncalled bet ($2) returned to Agrotait
Agrotait collected $2 from pot
Agrotait: doesn't show hand
*** SUMMARY ***
Total pot $2 | Rake $0
Seat 4: Agrotait (big blind) collected ($2)
Seat 6: Blikon (button) (small blind) folded before Flop


PokerStars Hand #175234373800:  Hold'em Limit ($3/$6 USD) - 2017/09/05 7:46:52 ET
Table 'Hudrus II' 6-max Seat #4 is the button
Seat 4: Agrotait ($28 in chips)
Seat 6: Blikon ($151.02 in chips)
Agrotait: posts small blind $1
Blikon: posts big blind $3
*** HOLE CARDS ***
Agrotait: folds
Uncalled bet ($2) returned to Blikon
Blikon collected $2 from pot
*** SUMMARY ***
Total pot $2 | Rake $0
Seat 4: Agrotait (button) (small blind) folded before Flop
Seat 6: Blikon (big blind) collected ($2)


PokerStars Hand #175234379169:  Hold'em Limit ($3/$6 USD) - 2017/09/05 7:47:04 ET
Table 'Hudrus II' 6-max Seat #4 is the button
Seat 4: Agrotait ($28 in chips)
Seat 6: Blikon ($151.02 in chips)
Agrotait: posts small blind $1
Blikon: posts big blind $3
*** HOLE CARDS ***
Agrotait: raises $3 to $6
Blikon: calls $3
*** FLOP *** [7h 9h 3s]
Blikon: checks
Agrotait: checks
*** TURN *** [7h 9h 3s] [Jh]
Blikon: bets $6
Agrotait: calls $6
*** RIVER *** [7h 9h 3s Jh] [4c]
Blikon: bets $6
Agrotait: folds
Uncalled bet ($6) returned to Blikon
Blikon collected $23.52 from pot
*** SUMMARY ***
Total pot $24 | Rake $0.48
Board [7h 9h 3s Jh 4c]
Seat 4: Agrotait (button) (small blind) folded on the River
Seat 6: Blikon (big blind) collected ($23.52)


PokerStars Hand #175234371887:  Hold'em Limit ($3/$6 USD) - 2017/09/05 7:46:47 ET
Table 'Hudrus II' 6-max Seat #6 is the button
Seat 4: Agrotait ($27 in chips)
Seat 6: Blikon ($152.02 in chips)
Blikon: posts small blind $1
Agrotait: posts big blind $3
*** HOLE CARDS ***
Blikon: folds
Uncalled bet ($2) returned to Agrotait
Agrotait collected $2 from pot
Agrotait: doesn't show hand
*** SUMMARY ***
Total pot $2 | Rake $0
Seat 4: Agrotait (big blind) collected ($2)
Seat 6: Blikon (button) (small blind) folded before Flop


PokerStars Hand #175234358476:  Hold'em Limit ($3/$6 USD) - 2017/09/05 7:46:16 ET
Table 'Hudrus II' 6-max Seat #4 is the button
Seat 4: Agrotait ($39 in chips)
Seat 6: Blikon ($140.50 in chips)
Agrotait: posts small blind $1
Blikon: posts big blind $3
*** HOLE CARDS ***
Agrotait: raises $3 to $6
Blikon: calls $3
*** FLOP *** [4s 6h 7c]
Blikon: checks
Agrotait: bets $3
Blikon: raises $3 to $6
Agrotait: calls $3
*** TURN *** [4s 6h 7c] [Kc]
Blikon: bets $6
Agrotait: folds
Uncalled bet ($6) returned to Blikon
Blikon collected $23.52 from pot
*** SUMMARY ***
Total pot $24 | Rake $0.48
Board [4s 6h 7c Kc]
Seat 4: Agrotait (button) (small blind) folded on the Turn
Seat 6: Blikon (big blind) collected ($23.52)


PokerStars Hand #175234404252:  Hold'em Limit ($3/$6 USD) - 2017/09/05 7:48:02 ET
Table 'Hudrus II' 6-max Seat #4 is the button
Seat 4: Agrotait ($65.76 in chips)
Seat 6: Blikon ($156.54 in chips)
Agrotait: posts small blind $1
Blikon: posts big blind $3
*** HOLE CARDS ***
Agrotait: raises $3 to $6
Blikon: raises $3 to $9
Agrotait: calls $3
*** FLOP *** [Ah 6c 4d]
Blikon: bets $3
Agrotait: folds
Uncalled bet ($3) returned to Blikon
Blikon collected $17.64 from pot
*** SUMMARY ***
Total pot $18 | Rake $0.36
Board [Ah 6c 4d]
Seat 4: Agrotait (button) (small blind) folded on the Flop
Seat 6: Blikon (big blind) collected ($17.64)


PokerStars Hand #175234392270:  Hold'em Limit ($3/$6 USD) - 2017/09/05 7:47:34 ET
Table 'Hudrus II' 6-max Seat #6 is the button
Seat 4: Agrotait ($60 in chips)
Seat 6: Blikon ($162.54 in chips)
Blikon: posts small blind $1
Agrotait: posts big blind $3
*** HOLE CARDS ***
Blikon: raises $3 to $6
Agrotait: calls $3
*** FLOP *** [7c 2c 6d]
Agrotait: checks
Blikon: checks
*** TURN *** [7c 2c 6d] [Qd]
Agrotait: bets $6
Blikon: folds
Uncalled bet ($6) returned to Agrotait
Agrotait collected $11.76 from pot
Agrotait: doesn't show hand
*** SUMMARY ***
Total pot $12 | Rake $0.24
Board [7c 2c 6d Qd]
Seat 4: Agrotait (big blind) collected ($11.76)
Seat 6: Blikon (button) (small blind) folded on the Turn


PokerStars Hand #175234410778:  Hold'em Limit ($3/$6 USD) - 2017/09/05 7:48:17 ET
Table 'Hudrus II' 6-max Seat #6 is the button
Seat 4: Agrotait ($56.76 in chips)
Seat 6: Blikon ($165.18 in chips)
Blikon: posts small blind $1
Agrotait: posts big blind $3
*** HOLE CARDS ***
Blikon: raises $3 to $6
Agrotait: calls $3
*** FLOP *** [6s 5d Ks]
Agrotait: checks
Blikon: bets $3
Agrotait: calls $3
*** TURN *** [6s 5d Ks] [6c]
Agrotait: checks
Blikon: checks
*** RIVER *** [6s 5d Ks 6c] [5c]
Agrotait: bets $6
Blikon: folds
Uncalled bet ($6) returned to Agrotait
Agrotait collected $17.64 from pot
Agrotait: doesn't show hand
*** SUMMARY ***
Total pot $18 | Rake $0.36
Board [6s 5d Ks 6c 5c]
Seat 4: Agrotait (big blind) collected ($17.64)
Seat 6: Blikon (button) (small blind) folded on the River


PokerStars Hand #175234439434:  Hold'em Limit ($3/$6 USD) - 2017/09/05 7:49:23 ET
Table 'Hudrus II' 6-max Seat #4 is the button
Seat 4: Agrotait ($53.16 in chips)
Seat 6: Blikon ($210.58 in chips)
Agrotait: posts small blind $1
Blikon: posts big blind $3
*** HOLE CARDS ***
Agrotait: raises $3 to $6
Blikon: calls $3
*** FLOP *** [Jc Qd 6c]
Blikon: checks
Agrotait: checks
*** TURN *** [Jc Qd 6c] [3s]
Blikon: bets $6
Agrotait: calls $6
*** RIVER *** [Jc Qd 6c 3s] [9s]
Blikon: bets $6
Agrotait: calls $6
*** SHOW DOWN ***
Blikon: shows [Qs Td] (a pair of Queens)
Agrotait: mucks hand
Blikon collected $35.50 from pot
*** SUMMARY ***
Total pot $36 | Rake $0.50
Board [Jc Qd 6c 3s 9s]
Seat 4: Agrotait (button) (small blind) mucked
Seat 6: Blikon (big blind) showed [Qs Td] and won ($35.50) with a pair of Queens


PokerStars Hand #175234421313:  Hold'em Limit ($3/$6 USD) - 2017/09/05 7:48:41 ET
Table 'Hudrus II' 6-max Seat #4 is the button
Seat 4: Agrotait ($65.40 in chips)
Seat 6: Blikon ($156.18 in chips)
Agrotait: posts small blind $1
Blikon: posts big blind $3
*** HOLE CARDS ***
Agrotait: raises $3 to $6
Blikon: calls $3
*** FLOP *** [Qd 3d 7s]
Blikon: checks
Agrotait: bets $3
Blikon: folds
Uncalled bet ($3) returned to Agrotait
Agrotait collected $11.76 from pot
Agrotait: doesn't show hand
*** SUMMARY ***
Total pot $12 | Rake $0.24
Board [Qd 3d 7s]
Seat 4: Agrotait (button) (small blind) collected ($11.76)
Seat 6: Blikon (big blind) folded on the Flop


PokerStars Hand #175234456727:  Hold'em Limit ($3/$6 USD) - 2017/09/05 7:50:03 ET
Table 'Hudrus II' 6-max Seat #4 is the button
Seat 4: Agrotait ($46.68 in chips)
Seat 6: Blikon ($216.08 in chips)
Agrotait: posts small blind $1
Blikon: posts big blind $3
*** HOLE CARDS ***
Agrotait: folds
Uncalled bet ($2) returned to Blikon
Blikon collected $2 from pot
*** SUMMARY ***
Total pot $2 | Rake $0
Seat 4: Agrotait (button) (small blind) folded before Flop
Seat 6: Blikon (big blind) collected ($2)


PokerStars Hand #175234445907:  Hold'em Limit ($3/$6 USD) - 2017/09/05 7:49:38 ET
Table 'Hudrus II' 6-max Seat #6 is the button
Seat 4: Agrotait ($35.16 in chips)
Seat 6: Blikon ($228.08 in chips)
Blikon: posts small blind $1
Agrotait: posts big blind $3
*** HOLE CARDS ***
Blikon: raises $3 to $6
Agrotait: calls $3
*** FLOP *** [Ts 8d Kc]
Agrotait: checks
Blikon: bets $3
Agrotait: raises $3 to $6
Blikon: calls $3
*** TURN *** [Ts 8d Kc] [9h]
Agrotait: bets $6
Blikon: folds
Uncalled bet ($6) returned to Agrotait
Agrotait collected $23.52 from pot
Agrotait: doesn't show hand
*** SUMMARY ***
Total pot $24 | Rake $0.48
Board [Ts 8d Kc 9h]
Seat 4: Agrotait (big blind) collected ($23.52)
Seat 6: Blikon (button) (small blind) folded on the Turn


PokerStars Hand #175234464378:  Hold'em Limit ($3/$6 USD) - 2017/09/05 7:50:20 ET
Table 'Hudrus II' 6-max Seat #4 is the button
Seat 4: Agrotait ($39.68 in chips)
Seat 6: Blikon ($222.84 in chips)
Agrotait: posts small blind $1
Blikon: posts big blind $3
*** HOLE CARDS ***
Agrotait: raises $3 to $6
Blikon: calls $3
*** FLOP *** [8s 8d Jd]
Blikon: checks
Agrotait: checks
*** TURN *** [8s 8d Jd] [Kd]
Blikon: bets $6
Agrotait: folds
Uncalled bet ($6) returned to Blikon
Blikon collected $11.76 from pot
*** SUMMARY ***
Total pot $12 | Rake $0.24
Board [8s 8d Jd Kd]
Seat 4: Agrotait (button) (small blind) folded on the Turn
Seat 6: Blikon (big blind) collected ($11.76)


PokerStars Hand #175234458966:  Hold'em Limit ($3/$6 USD) - 2017/09/05 7:50:08 ET
Table 'Hudrus II' 6-max Seat #6 is the button
Seat 4: Agrotait ($45.68 in chips)
Seat 6: Blikon ($217.08 in chips)
Blikon: posts small blind $1
Agrotait: posts big blind $3
*** HOLE CARDS ***
Blikon: raises $3 to $6
Agrotait: calls $3
*** FLOP *** [5d 8c Ts]
Agrotait: checks
Blikon: bets $3
Agrotait: folds
Uncalled bet ($3) returned to Blikon
Blikon collected $11.76 from pot
*** SUMMARY ***
Total pot $12 | Rake $0.24
Board [5d 8c Ts]
Seat 4: Agrotait (big blind) folded on the Flop
Seat 6: Blikon (button) (small blind) collected ($11.76)


