PokerStars Hand #166683265857:  Hold'em Limit ($3/$6 USD) - 2017/02/23 23:26:15 ET
Table 'Hudrus' 10-max Seat #1 is the button
Seat 1: LifeisagameX ($84 in chips)
Seat 3: mogoallin ($89.75 in chips)
LifeisagameX: posts small blind $1
mogoallin: posts big blind $3
*** HOLE CARDS ***
LifeisagameX: raises $3 to $6
mogoallin: folds
Uncalled bet ($3) returned to LifeisagameX
LifeisagameX collected $6 from pot
LifeisagameX: doesn't show hand
*** SUMMARY ***
Total pot $6 | Rake $0
Seat 1: LifeisagameX (button) (small blind) collected ($6)
Seat 3: mogoallin (big blind) folded before Flop


PokerStars Hand #166683272943:  Hold'em Limit ($3/$6 USD) - 2017/02/23 23:26:38 ET
Table 'Hudrus' 10-max Seat #3 is the button
Seat 1: LifeisagameX ($87 in chips)
Seat 3: mogoallin ($86.75 in chips)
mogoallin: posts small blind $1
LifeisagameX: posts big blind $3
*** HOLE CARDS ***
mogoallin: raises $3 to $6
LifeisagameX: raises $3 to $9
mogoallin: calls $3
*** FLOP *** [7s Ts Ks]
LifeisagameX: bets $3
mogoallin: calls $3
*** TURN *** [7s Ts Ks] [8d]
LifeisagameX: bets $6
mogoallin: raises $6 to $12
LifeisagameX: calls $6
*** RIVER *** [7s Ts Ks 8d] [Jc]
LifeisagameX: checks
mogoallin: bets $6
LifeisagameX: raises $6 to $12
mogoallin: calls $6
*** SHOW DOWN ***
LifeisagameX: shows [Qs Ah] (a straight, Ten to Ace)
mogoallin: mucks hand
LifeisagameX collected $71.50 from pot
*** SUMMARY ***
Total pot $72 | Rake $0.50
Board [7s Ts Ks 8d Jc]
Seat 1: LifeisagameX (big blind) showed [Qs Ah] and won ($71.50) with a straight, Ten to Ace
Seat 3: mogoallin (button) (small blind) mucked


PokerStars Hand #166683290265:  Hold'em Limit ($3/$6 USD) - 2017/02/23 23:27:35 ET
Table 'Hudrus' 10-max Seat #1 is the button
Seat 1: LifeisagameX ($122.50 in chips)
Seat 3: mogoallin ($50.75 in chips)
LifeisagameX: posts small blind $1
mogoallin: posts big blind $3
*** HOLE CARDS ***
LifeisagameX: raises $3 to $6
mogoallin: raises $3 to $9
LifeisagameX: calls $3
*** FLOP *** [Th Jd 4h]
mogoallin: bets $3
LifeisagameX: calls $3
*** TURN *** [Th Jd 4h] [Qs]
mogoallin: bets $6
LifeisagameX: calls $6
*** RIVER *** [Th Jd 4h Qs] [7h]
mogoallin: bets $6
LifeisagameX: calls $6
*** SHOW DOWN ***
mogoallin: shows [9c Qd] (a pair of Queens)
LifeisagameX: mucks hand
mogoallin collected $47.50 from pot
*** SUMMARY ***
Total pot $48 | Rake $0.50
Board [Th Jd 4h Qs 7h]
Seat 1: LifeisagameX (button) (small blind) mucked
Seat 3: mogoallin (big blind) showed [9c Qd] and won ($47.50) with a pair of Queens


PokerStars Hand #166683333543:  Hold'em Limit ($3/$6 USD) - 2017/02/23 23:29:34 ET
Table 'Hudrus' 10-max Seat #1 is the button
Seat 1: LifeisagameX ($116 in chips)
Seat 3: mogoallin ($56.25 in chips)
LifeisagameX: posts small blind $1
mogoallin: posts big blind $3
*** HOLE CARDS ***
LifeisagameX: raises $3 to $6
mogoallin: calls $3
*** FLOP *** [Qd 4h Th]
mogoallin: checks
LifeisagameX: bets $3
mogoallin: folds
Uncalled bet ($3) returned to LifeisagameX
LifeisagameX collected $11.76 from pot
LifeisagameX: doesn't show hand
*** SUMMARY ***
Total pot $12 | Rake $0.24
Board [Qd 4h Th]
Seat 1: LifeisagameX (button) (small blind) collected ($11.76)
Seat 3: mogoallin (big blind) folded on the Flop


PokerStars Hand #166683322334:  Hold'em Limit ($3/$6 USD) - 2017/02/23 23:28:57 ET
Table 'Hudrus' 10-max Seat #3 is the button
Seat 1: LifeisagameX ($98.50 in chips)
Seat 3: mogoallin ($74.25 in chips)
mogoallin: posts small blind $1
LifeisagameX: posts big blind $3
*** HOLE CARDS ***
mogoallin: raises $3 to $6
LifeisagameX: calls $3
*** FLOP *** [4d Qs 5s]
LifeisagameX: checks
mogoallin: checks
*** TURN *** [4d Qs 5s] [5d]
LifeisagameX: bets $6
mogoallin: calls $6
*** RIVER *** [4d Qs 5s 5d] [Qd]
LifeisagameX: bets $6
mogoallin: calls $6
*** SHOW DOWN ***
LifeisagameX: shows [8d Qc] (a full house, Queens full of Fives)
mogoallin: mucks hand
LifeisagameX collected $35.50 from pot
*** SUMMARY ***
Total pot $36 | Rake $0.50
Board [4d Qs 5s 5d Qd]
Seat 1: LifeisagameX (big blind) showed [8d Qc] and won ($35.50) with a full house, Queens full of Fives
Seat 3: mogoallin (button) (small blind) mucked


PokerStars Hand #166683341297:  Hold'em Limit ($3/$6 USD) - 2017/02/23 23:30:00 ET
Table 'Hudrus' 10-max Seat #3 is the button
Seat 1: LifeisagameX ($121.76 in chips)
Seat 3: mogoallin ($50.25 in chips)
mogoallin: posts small blind $1
LifeisagameX: posts big blind $3
*** HOLE CARDS ***
mogoallin: raises $3 to $6
LifeisagameX: calls $3
*** FLOP *** [7d Qc 8s]
LifeisagameX: checks
mogoallin: checks
*** TURN *** [7d Qc 8s] [5h]
LifeisagameX: checks
mogoallin: checks
*** RIVER *** [7d Qc 8s 5h] [Js]
LifeisagameX: bets $6
mogoallin: calls $6
*** SHOW DOWN ***
LifeisagameX: shows [Jc 6s] (a pair of Jacks)
mogoallin: mucks hand
LifeisagameX collected $23.52 from pot
*** SUMMARY ***
Total pot $24 | Rake $0.48
Board [7d Qc 8s 5h Js]
Seat 1: LifeisagameX (big blind) showed [Jc 6s] and won ($23.52) with a pair of Jacks
Seat 3: mogoallin (button) (small blind) mucked


PokerStars Hand #166683370291:  Hold'em Limit ($3/$6 USD) - 2017/02/23 23:31:36 ET
Table 'Hudrus' 10-max Seat #1 is the button
Seat 1: LifeisagameX ($154.53 in chips)
Seat 3: mogoallin ($16.17 in chips)
LifeisagameX: posts small blind $1
mogoallin: posts big blind $3
*** HOLE CARDS ***
LifeisagameX: raises $3 to $6
mogoallin: raises $3 to $9
LifeisagameX: raises $3 to $12
Betting is capped
mogoallin: calls $3
*** FLOP *** [Jd 5d 9h]
mogoallin: bets $3
LifeisagameX: calls $3
*** TURN *** [Jd 5d 9h] [2h]
mogoallin: bets $1.17 and is all-in
LifeisagameX: calls $1.17
*** RIVER *** [Jd 5d 9h 2h] [4d]
*** SHOW DOWN ***
mogoallin: shows [Ah Kh] (high card Ace)
LifeisagameX: shows [7s Qh] (high card Queen)
mogoallin collected $31.84 from pot
*** SUMMARY ***
Total pot $32.34 | Rake $0.50
Board [Jd 5d 9h 2h 4d]
Seat 1: LifeisagameX (button) (small blind) showed [7s Qh] and lost with high card Queen
Seat 3: mogoallin (big blind) showed [Ah Kh] and won ($31.84) with high card Ace


PokerStars Hand #166683364871:  Hold'em Limit ($3/$6 USD) - 2017/02/23 23:31:18 ET
Table 'Hudrus' 10-max Seat #3 is the button
Seat 1: LifeisagameX ($162.78 in chips)
Seat 3: mogoallin ($8.25 in chips)
mogoallin: posts small blind $1
LifeisagameX: posts big blind $3
*** HOLE CARDS ***
mogoallin: raises $3 to $6
LifeisagameX: raises $3 to $9
mogoallin: calls $2.25 and is all-in
Uncalled bet ($0.75) returned to LifeisagameX
*** FLOP *** [Ad 2h 8h]
*** TURN *** [Ad 2h 8h] [Kh]
*** RIVER *** [Ad 2h 8h Kh] [5d]
*** SHOW DOWN ***
LifeisagameX: shows [Js 6c] (high card Ace)
mogoallin: shows [Jh 9c] (high card Ace - King+Jack+Nine kicker)
mogoallin collected $16.17 from pot
*** SUMMARY ***
Total pot $16.50 | Rake $0.33
Board [Ad 2h 8h Kh 5d]
Seat 1: LifeisagameX (big blind) showed [Js 6c] and lost with high card Ace
Seat 3: mogoallin (button) (small blind) showed [Jh 9c] and won ($16.17) with high card Ace


PokerStars Hand #166683383187:  Hold'em Limit ($3/$6 USD) - 2017/02/23 23:32:20 ET
Table 'Hudrus' 10-max Seat #1 is the button
Seat 1: LifeisagameX ($132.36 in chips)
Seat 3: mogoallin ($37.60 in chips)
LifeisagameX: posts small blind $1
mogoallin: posts big blind $3
*** HOLE CARDS ***
LifeisagameX: raises $3 to $6
mogoallin: raises $3 to $9
LifeisagameX: calls $3
*** FLOP *** [Qd 5d 4d]
mogoallin: bets $3
LifeisagameX: calls $3
*** TURN *** [Qd 5d 4d] [5s]
mogoallin: bets $6
LifeisagameX: folds
Uncalled bet ($6) returned to mogoallin
mogoallin collected $23.52 from pot
mogoallin: doesn't show hand
*** SUMMARY ***
Total pot $24 | Rake $0.48
Board [Qd 5d 4d 5s]
Seat 1: LifeisagameX (button) (small blind) folded on the Turn
Seat 3: mogoallin (big blind) collected ($23.52)


PokerStars Hand #166683376744:  Hold'em Limit ($3/$6 USD) - 2017/02/23 23:31:58 ET
Table 'Hudrus' 10-max Seat #3 is the button
Seat 1: LifeisagameX ($138.36 in chips)
Seat 3: mogoallin ($31.84 in chips)
mogoallin: posts small blind $1
LifeisagameX: posts big blind $3
*** HOLE CARDS ***
mogoallin: raises $3 to $6
LifeisagameX: calls $3
*** FLOP *** [2d 2s Ks]
LifeisagameX: checks
mogoallin: bets $3
LifeisagameX: folds
Uncalled bet ($3) returned to mogoallin
mogoallin collected $11.76 from pot
mogoallin: doesn't show hand
*** SUMMARY ***
Total pot $12 | Rake $0.24
Board [2d 2s Ks]
Seat 1: LifeisagameX (big blind) folded on the Flop
Seat 3: mogoallin (button) (small blind) collected ($11.76)


PokerStars Hand #166683392859:  Hold'em Limit ($3/$6 USD) - 2017/02/23 23:32:53 ET
Table 'Hudrus' 10-max Seat #3 is the button
Seat 1: LifeisagameX ($120.36 in chips)
Seat 3: mogoallin ($49.12 in chips)
mogoallin: posts small blind $1
LifeisagameX: posts big blind $3
*** HOLE CARDS ***
mogoallin: raises $3 to $6
LifeisagameX: calls $3
*** FLOP *** [6c 2c Qh]
LifeisagameX: checks
mogoallin: checks
*** TURN *** [6c 2c Qh] [Th]
LifeisagameX: bets $6
mogoallin: raises $6 to $12
LifeisagameX: calls $6
*** RIVER *** [6c 2c Qh Th] [Kh]
LifeisagameX: checks
mogoallin: checks
*** SHOW DOWN ***
LifeisagameX: shows [5d Ts] (a pair of Tens)
mogoallin: shows [4d Qd] (a pair of Queens)
mogoallin collected $35.50 from pot
*** SUMMARY ***
Total pot $36 | Rake $0.50
Board [6c 2c Qh Th Kh]
Seat 1: LifeisagameX (big blind) showed [5d Ts] and lost with a pair of Tens
Seat 3: mogoallin (button) (small blind) showed [4d Qd] and won ($35.50) with a pair of Queens


PokerStars Hand #166683406089:  Hold'em Limit ($3/$6 USD) - 2017/02/23 23:33:37 ET
Table 'Hudrus' 10-max Seat #1 is the button
Seat 1: LifeisagameX ($102.36 in chips)
Seat 3: mogoallin ($66.62 in chips)
LifeisagameX: posts small blind $1
mogoallin: posts big blind $3
*** HOLE CARDS ***
LifeisagameX: folds
Uncalled bet ($2) returned to mogoallin
mogoallin collected $2 from pot
mogoallin: doesn't show hand
*** SUMMARY ***
Total pot $2 | Rake $0
Seat 1: LifeisagameX (button) (small blind) folded before Flop
Seat 3: mogoallin (big blind) collected ($2)


PokerStars Hand #166683409990:  Hold'em Limit ($3/$6 USD) - 2017/02/23 23:33:51 ET
Table 'Hudrus' 10-max Seat #3 is the button
Seat 1: LifeisagameX ($101.36 in chips)
Seat 3: mogoallin ($67.62 in chips)
mogoallin: posts small blind $1
LifeisagameX: posts big blind $3
*** HOLE CARDS ***
mogoallin: raises $3 to $6
LifeisagameX: raises $3 to $9
mogoallin: calls $3
*** FLOP *** [Ad 2d 7s]
LifeisagameX: bets $3
mogoallin: calls $3
*** TURN *** [Ad 2d 7s] [Jc]
LifeisagameX: checks
mogoallin: checks
*** RIVER *** [Ad 2d 7s Jc] [7d]
LifeisagameX: checks
mogoallin: checks
*** SHOW DOWN ***
LifeisagameX: shows [3s 3c] (two pair, Sevens and Threes)
mogoallin: mucks hand
LifeisagameX collected $23.52 from pot
*** SUMMARY ***
Total pot $24 | Rake $0.48
Board [Ad 2d 7s Jc 7d]
Seat 1: LifeisagameX (big blind) showed [3s 3c] and won ($23.52) with two pair, Sevens and Threes
Seat 3: mogoallin (button) (small blind) mucked


PokerStars Hand #166683421558:  Hold'em Limit ($3/$6 USD) - 2017/02/23 23:34:30 ET
Table 'Hudrus' 10-max Seat #1 is the button
Seat 1: LifeisagameX ($112.88 in chips)
Seat 3: mogoallin ($55.62 in chips)
LifeisagameX: posts small blind $1
mogoallin: posts big blind $3
*** HOLE CARDS ***
LifeisagameX: raises $3 to $6
mogoallin: calls $3
*** FLOP *** [6c Jc 5s]
mogoallin: checks
LifeisagameX: bets $3
mogoallin: raises $3 to $6
LifeisagameX: calls $3
*** TURN *** [6c Jc 5s] [5h]
mogoallin: bets $6
LifeisagameX: folds
Uncalled bet ($6) returned to mogoallin
mogoallin collected $23.52 from pot
mogoallin: doesn't show hand
*** SUMMARY ***
Total pot $24 | Rake $0.48
Board [6c Jc 5s 5h]
Seat 1: LifeisagameX (button) (small blind) folded on the Turn
Seat 3: mogoallin (big blind) collected ($23.52)


PokerStars Hand #166683436918:  Hold'em Limit ($3/$6 USD) - 2017/02/23 23:35:21 ET
Table 'Hudrus' 10-max Seat #3 is the button
Seat 1: LifeisagameX ($100.88 in chips)
Seat 3: mogoallin ($67.14 in chips)
mogoallin: posts small blind $1
LifeisagameX: posts big blind $3
*** HOLE CARDS ***
mogoallin: raises $3 to $6
LifeisagameX: raises $3 to $9
mogoallin: calls $3
*** FLOP *** [6d 7d 9c]
LifeisagameX: bets $3
mogoallin: raises $3 to $6
LifeisagameX: raises $3 to $9
mogoallin: calls $3
*** TURN *** [6d 7d 9c] [Qc]
LifeisagameX: checks
mogoallin: bets $6
LifeisagameX: calls $6
*** RIVER *** [6d 7d 9c Qc] [2d]
LifeisagameX: checks
mogoallin: bets $6
LifeisagameX: calls $6
*** SHOW DOWN ***
mogoallin: shows [7c 9d] (two pair, Nines and Sevens)
LifeisagameX: mucks hand
mogoallin collected $59.50 from pot
*** SUMMARY ***
Total pot $60 | Rake $0.50
Board [6d 7d 9c Qc 2d]
Seat 1: LifeisagameX (big blind) mucked
Seat 3: mogoallin (button) (small blind) showed [7c 9d] and won ($59.50) with two pair, Nines and Sevens


PokerStars Hand #166683461589:  Hold'em Limit ($3/$6 USD) - 2017/02/23 23:36:45 ET
Table 'Hudrus' 10-max Seat #1 is the button
Seat 1: LifeisagameX ($84 in chips)
Seat 3: mogoallin ($96.64 in chips)
LifeisagameX: posts small blind $1
mogoallin: posts big blind $3
*** HOLE CARDS ***
LifeisagameX: raises $3 to $6
mogoallin: raises $3 to $9
LifeisagameX: calls $3
*** FLOP *** [6d 9h 7c]
mogoallin: bets $3
LifeisagameX: calls $3
*** TURN *** [6d 9h 7c] [Qd]
mogoallin: bets $6
LifeisagameX: folds
Uncalled bet ($6) returned to mogoallin
mogoallin collected $23.52 from pot
mogoallin: doesn't show hand
*** SUMMARY ***
Total pot $24 | Rake $0.48
Board [6d 9h 7c Qd]
Seat 1: LifeisagameX (button) (small blind) folded on the Turn
Seat 3: mogoallin (big blind) collected ($23.52)


PokerStars Hand #166683477439:  Hold'em Limit ($3/$6 USD) - 2017/02/23 23:37:39 ET
Table 'Hudrus' 10-max Seat #3 is the button
Seat 1: LifeisagameX ($84 in chips)
Seat 3: mogoallin ($108.16 in chips)
mogoallin: posts small blind $1
LifeisagameX: posts big blind $3
*** HOLE CARDS ***
mogoallin: raises $3 to $6
LifeisagameX: calls $3
*** FLOP *** [4s Jc Ad]
LifeisagameX: checks
mogoallin: bets $3
LifeisagameX: calls $3
*** TURN *** [4s Jc Ad] [Ks]
LifeisagameX: checks
mogoallin: bets $6
LifeisagameX: raises $6 to $12
mogoallin: calls $6
*** RIVER *** [4s Jc Ad Ks] [2h]
LifeisagameX: bets $6
mogoallin: calls $6
*** SHOW DOWN ***
LifeisagameX: shows [4c Kd] (two pair, Kings and Fours)
mogoallin: mucks hand
LifeisagameX collected $53.50 from pot
*** SUMMARY ***
Total pot $54 | Rake $0.50
Board [4s Jc Ad Ks 2h]
Seat 1: LifeisagameX (big blind) showed [4c Kd] and won ($53.50) with two pair, Kings and Fours
Seat 3: mogoallin (button) (small blind) mucked


PokerStars Hand #166683499880:  Hold'em Limit ($3/$6 USD) - 2017/02/23 23:38:56 ET
Table 'Hudrus' 10-max Seat #1 is the button
Seat 1: LifeisagameX ($110.50 in chips)
Seat 3: mogoallin ($81.16 in chips)
LifeisagameX: posts small blind $1
mogoallin: posts big blind $3
*** HOLE CARDS ***
LifeisagameX: raises $3 to $6
mogoallin: calls $3
*** FLOP *** [8s Kd Tc]
mogoallin: checks
LifeisagameX: checks
*** TURN *** [8s Kd Tc] [Ts]
mogoallin: checks
LifeisagameX: bets $6
mogoallin: folds
Uncalled bet ($6) returned to LifeisagameX
LifeisagameX collected $11.76 from pot
LifeisagameX: doesn't show hand
*** SUMMARY ***
Total pot $12 | Rake $0.24
Board [8s Kd Tc Ts]
Seat 1: LifeisagameX (button) (small blind) collected ($11.76)
Seat 3: mogoallin (big blind) folded on the Turn


PokerStars Hand #166683510215:  Hold'em Limit ($3/$6 USD) - 2017/02/23 23:39:31 ET
Table 'Hudrus' 10-max Seat #3 is the button
Seat 1: LifeisagameX ($116.26 in chips)
Seat 3: mogoallin ($75.16 in chips)
mogoallin: posts small blind $1
LifeisagameX: posts big blind $3
*** HOLE CARDS ***
mogoallin: raises $3 to $6
LifeisagameX: calls $3
*** FLOP *** [Kd Qs Jh]
LifeisagameX: checks
mogoallin: bets $3
LifeisagameX: calls $3
*** TURN *** [Kd Qs Jh] [Jc]
LifeisagameX: bets $6
mogoallin: calls $6
*** RIVER *** [Kd Qs Jh Jc] [Qc]
LifeisagameX: bets $6
mogoallin: calls $6
*** SHOW DOWN ***
LifeisagameX: shows [Tc Qh] (a full house, Queens full of Jacks)
mogoallin: mucks hand
LifeisagameX collected $41.50 from pot
*** SUMMARY ***
Total pot $42 | Rake $0.50
Board [Kd Qs Jh Jc Qc]
Seat 1: LifeisagameX (big blind) showed [Tc Qh] and won ($41.50) with a full house, Queens full of Jacks
Seat 3: mogoallin (button) (small blind) mucked


PokerStars Hand #166683538902:  Hold'em Limit ($3/$6 USD) - 2017/02/23 23:41:09 ET
Table 'Hudrus' 10-max Seat #3 is the button
Seat 1: LifeisagameX ($127.76 in chips)
Seat 3: mogoallin ($62.80 in chips)
mogoallin: posts small blind $1
LifeisagameX: posts big blind $3
*** HOLE CARDS ***
mogoallin: folds
Uncalled bet ($2) returned to LifeisagameX
LifeisagameX collected $2 from pot
LifeisagameX: doesn't show hand
*** SUMMARY ***
Total pot $2 | Rake $0
Seat 1: LifeisagameX (big blind) collected ($2)
Seat 3: mogoallin (button) (small blind) folded before Flop


PokerStars Hand #166683540634:  Hold'em Limit ($3/$6 USD) - 2017/02/23 23:41:15 ET
Table 'Hudrus' 10-max Seat #1 is the button
Seat 1: LifeisagameX ($128.76 in chips)
Seat 3: mogoallin ($61.80 in chips)
LifeisagameX: posts small blind $1
mogoallin: posts big blind $3
*** HOLE CARDS ***
LifeisagameX: folds
Uncalled bet ($2) returned to mogoallin
mogoallin collected $2 from pot
mogoallin: doesn't show hand
*** SUMMARY ***
Total pot $2 | Rake $0
Seat 1: LifeisagameX (button) (small blind) folded before Flop
Seat 3: mogoallin (big blind) collected ($2)


PokerStars Hand #166683524811:  Hold'em Limit ($3/$6 USD) - 2017/02/23 23:40:21 ET
Table 'Hudrus' 10-max Seat #1 is the button
Seat 1: LifeisagameX ($136.76 in chips)
Seat 3: mogoallin ($54.16 in chips)
LifeisagameX: posts small blind $1
mogoallin: posts big blind $3
*** HOLE CARDS ***
LifeisagameX: raises $3 to $6
mogoallin: calls $3
*** FLOP *** [7s 9d 3h]
mogoallin: bets $3
LifeisagameX: calls $3
*** TURN *** [7s 9d 3h] [Jc]
mogoallin: bets $6
LifeisagameX: folds
Uncalled bet ($6) returned to mogoallin
mogoallin collected $17.64 from pot
mogoallin: doesn't show hand
*** SUMMARY ***
Total pot $18 | Rake $0.36
Board [7s 9d 3h Jc]
Seat 1: LifeisagameX (button) (small blind) folded on the Turn
Seat 3: mogoallin (big blind) collected ($17.64)


PokerStars Hand #166683551228:  Hold'em Limit ($3/$6 USD) - 2017/02/23 23:41:51 ET
Table 'Hudrus' 10-max Seat #3 is the button
Seat 1: LifeisagameX ($127.76 in chips)
Seat 3: mogoallin ($62.80 in chips)
mogoallin: posts small blind $1
LifeisagameX: posts big blind $3
*** HOLE CARDS ***
mogoallin: raises $3 to $6
LifeisagameX: calls $3
*** FLOP *** [9s 6h 3s]
LifeisagameX: checks
mogoallin: checks
*** TURN *** [9s 6h 3s] [2h]
LifeisagameX: bets $6
mogoallin: calls $6
*** RIVER *** [9s 6h 3s 2h] [Th]
LifeisagameX: bets $6
mogoallin: folds
Uncalled bet ($6) returned to LifeisagameX
LifeisagameX collected $23.52 from pot
LifeisagameX: doesn't show hand
*** SUMMARY ***
Total pot $24 | Rake $0.48
Board [9s 6h 3s 2h Th]
Seat 1: LifeisagameX (big blind) collected ($23.52)
Seat 3: mogoallin (button) (small blind) folded on the River


PokerStars Hand #166683573082:  Hold'em Limit ($3/$6 USD) - 2017/02/23 23:43:05 ET
Table 'Hudrus' 10-max Seat #3 is the button
Seat 1: LifeisagameX ($138.28 in chips)
Seat 3: mogoallin ($51.80 in chips)
mogoallin: posts small blind $1
LifeisagameX: posts big blind $3
*** HOLE CARDS ***
mogoallin: raises $3 to $6
LifeisagameX: raises $3 to $9
mogoallin: calls $3
*** FLOP *** [Ac Qh 3c]
LifeisagameX: bets $3
mogoallin: calls $3
*** TURN *** [Ac Qh 3c] [Qc]
LifeisagameX: checks
mogoallin: checks
*** RIVER *** [Ac Qh 3c Qc] [7h]
LifeisagameX: bets $6
mogoallin: calls $6
*** SHOW DOWN ***
LifeisagameX: shows [4s 3s] (two pair, Queens and Threes)
mogoallin: mucks hand
LifeisagameX collected $35.50 from pot
*** SUMMARY ***
Total pot $36 | Rake $0.50
Board [Ac Qh 3c Qc 7h]
Seat 1: LifeisagameX (big blind) showed [4s 3s] and won ($35.50) with two pair, Queens and Threes
Seat 3: mogoallin (button) (small blind) mucked


PokerStars Hand #166683568440:  Hold'em Limit ($3/$6 USD) - 2017/02/23 23:42:49 ET
Table 'Hudrus' 10-max Seat #1 is the button
Seat 1: LifeisagameX ($139.28 in chips)
Seat 3: mogoallin ($50.80 in chips)
LifeisagameX: posts small blind $1
mogoallin: posts big blind $3
*** HOLE CARDS ***
LifeisagameX: folds
Uncalled bet ($2) returned to mogoallin
mogoallin collected $2 from pot
mogoallin: doesn't show hand
*** SUMMARY ***
Total pot $2 | Rake $0
Seat 1: LifeisagameX (button) (small blind) folded before Flop
Seat 3: mogoallin (big blind) collected ($2)


PokerStars Hand #166683587690:  Hold'em Limit ($3/$6 USD) - 2017/02/23 23:43:55 ET
Table 'Hudrus' 10-max Seat #1 is the button
Seat 1: LifeisagameX ($155.78 in chips)
Seat 3: mogoallin ($33.80 in chips)
LifeisagameX: posts small blind $1
mogoallin: posts big blind $3
*** HOLE CARDS ***
LifeisagameX: raises $3 to $6
mogoallin: raises $3 to $9
LifeisagameX: calls $3
*** FLOP *** [5s Td Jc]
mogoallin: bets $3
LifeisagameX: raises $3 to $6
mogoallin: raises $3 to $9
LifeisagameX: calls $3
*** TURN *** [5s Td Jc] [6c]
mogoallin: bets $6
LifeisagameX: folds
Uncalled bet ($6) returned to mogoallin
mogoallin collected $35.50 from pot
mogoallin: doesn't show hand
*** SUMMARY ***
Total pot $36 | Rake $0.50
Board [5s Td Jc 6c]
Seat 1: LifeisagameX (button) (small blind) folded on the Turn
Seat 3: mogoallin (big blind) collected ($35.50)


PokerStars Hand #166683598143:  Hold'em Limit ($3/$6 USD) - 2017/02/23 23:44:31 ET
Table 'Hudrus' 10-max Seat #3 is the button
Seat 1: LifeisagameX ($137.78 in chips)
Seat 3: mogoallin ($51.30 in chips)
mogoallin: posts small blind $1
LifeisagameX: posts big blind $3
*** HOLE CARDS ***
mogoallin: raises $3 to $6
LifeisagameX: raises $3 to $9
mogoallin: calls $3
*** FLOP *** [2c 4c Kc]
LifeisagameX: bets $3
mogoallin: calls $3
*** TURN *** [2c 4c Kc] [Jh]
LifeisagameX: checks
mogoallin: bets $6
LifeisagameX: calls $6
*** RIVER *** [2c 4c Kc Jh] [5h]
LifeisagameX: bets $6
mogoallin: raises $6 to $12
LifeisagameX: calls $6
*** SHOW DOWN ***
mogoallin: shows [Ac 8c] (a flush, Ace high)
LifeisagameX: mucks hand
mogoallin collected $59.50 from pot
*** SUMMARY ***
Total pot $60 | Rake $0.50
Board [2c 4c Kc Jh 5h]
Seat 1: LifeisagameX (big blind) mucked
Seat 3: mogoallin (button) (small blind) showed [Ac 8c] and won ($59.50) with a flush, Ace high


PokerStars Hand #166683635444:  Hold'em Limit ($3/$6 USD) - 2017/02/23 23:46:39 ET
Table 'Hudrus' 10-max Seat #1 is the button
Seat 1: LifeisagameX ($132.28 in chips)
Seat 3: mogoallin ($55.80 in chips)
LifeisagameX: posts small blind $1
mogoallin: posts big blind $3
*** HOLE CARDS ***
LifeisagameX: raises $3 to $6
mogoallin: folds
Uncalled bet ($3) returned to LifeisagameX
LifeisagameX collected $6 from pot
LifeisagameX: doesn't show hand
*** SUMMARY ***
Total pot $6 | Rake $0
Seat 1: LifeisagameX (button) (small blind) collected ($6)
Seat 3: mogoallin (big blind) folded before Flop


PokerStars Hand #166683620553:  Hold'em Limit ($3/$6 USD) - 2017/02/23 23:45:48 ET
Table 'Hudrus' 10-max Seat #1 is the button
Seat 1: LifeisagameX ($107.78 in chips)
Seat 3: mogoallin ($80.80 in chips)
LifeisagameX: posts small blind $1
mogoallin: posts big blind $3
*** HOLE CARDS ***
LifeisagameX: raises $3 to $6
mogoallin: calls $3
*** FLOP *** [Tc Ad 7d]
mogoallin: checks
LifeisagameX: checks
*** TURN *** [Tc Ad 7d] [Ts]
mogoallin: bets $6
LifeisagameX: calls $6
*** RIVER *** [Tc Ad 7d Ts] [4c]
mogoallin: bets $6
LifeisagameX: raises $6 to $12
mogoallin: calls $6
*** SHOW DOWN ***
LifeisagameX: shows [6h Th] (three of a kind, Tens)
mogoallin: mucks hand
LifeisagameX collected $47.50 from pot
*** SUMMARY ***
Total pot $48 | Rake $0.50
Board [Tc Ad 7d Ts 4c]
Seat 1: LifeisagameX (button) (small blind) showed [6h Th] and won ($47.50) with three of a kind, Tens
Seat 3: mogoallin (big blind) mucked


PokerStars Hand #166683633273:  Hold'em Limit ($3/$6 USD) - 2017/02/23 23:46:31 ET
Table 'Hudrus' 10-max Seat #3 is the button
Seat 1: LifeisagameX ($131.28 in chips)
Seat 3: mogoallin ($56.80 in chips)
mogoallin: posts small blind $1
LifeisagameX: posts big blind $3
*** HOLE CARDS ***
mogoallin: folds
Uncalled bet ($2) returned to LifeisagameX
LifeisagameX collected $2 from pot
LifeisagameX: doesn't show hand
*** SUMMARY ***
Total pot $2 | Rake $0
Seat 1: LifeisagameX (big blind) collected ($2)
Seat 3: mogoallin (button) (small blind) folded before Flop


PokerStars Hand #166683642715:  Hold'em Limit ($3/$6 USD) - 2017/02/23 23:47:04 ET
Table 'Hudrus' 10-max Seat #3 is the button
Seat 1: LifeisagameX ($135.28 in chips)
Seat 3: mogoallin ($52.80 in chips)
mogoallin: posts small blind $1
LifeisagameX: posts big blind $3
*** HOLE CARDS ***
mogoallin: raises $3 to $6
LifeisagameX: calls $3
*** FLOP *** [7c Ad 3s]
LifeisagameX: checks
mogoallin: bets $3
LifeisagameX: raises $3 to $6
mogoallin: raises $3 to $9
LifeisagameX: calls $3
*** TURN *** [7c Ad 3s] [Jc]
LifeisagameX: checks
mogoallin: bets $6
LifeisagameX: folds
Uncalled bet ($6) returned to mogoallin
mogoallin collected $29.50 from pot
mogoallin: doesn't show hand
*** SUMMARY ***
Total pot $30 | Rake $0.50
Board [7c Ad 3s Jc]
Seat 1: LifeisagameX (big blind) folded on the Turn
Seat 3: mogoallin (button) (small blind) collected ($29.50)


PokerStars Hand #166683651472:  Hold'em Limit ($3/$6 USD) - 2017/02/23 23:47:35 ET
Table 'Hudrus' 10-max Seat #1 is the button
Seat 1: LifeisagameX ($120.28 in chips)
Seat 3: mogoallin ($67.30 in chips)
LifeisagameX: posts small blind $1
mogoallin: posts big blind $3
*** HOLE CARDS ***
LifeisagameX: raises $3 to $6
mogoallin: calls $3
*** FLOP *** [3c 3h 2s]
mogoallin: checks
LifeisagameX: bets $3
mogoallin: folds
Uncalled bet ($3) returned to LifeisagameX
LifeisagameX collected $11.76 from pot
LifeisagameX: doesn't show hand
*** SUMMARY ***
Total pot $12 | Rake $0.24
Board [3c 3h 2s]
Seat 1: LifeisagameX (button) (small blind) collected ($11.76)
Seat 3: mogoallin (big blind) folded on the Flop


PokerStars Hand #166683656188:  Hold'em Limit ($3/$6 USD) - 2017/02/23 23:47:52 ET
Table 'Hudrus' 10-max Seat #3 is the button
Seat 1: LifeisagameX ($126.04 in chips)
Seat 3: mogoallin ($61.30 in chips)
mogoallin: posts small blind $1
LifeisagameX: posts big blind $3
*** HOLE CARDS ***
mogoallin: raises $3 to $6
LifeisagameX: calls $3
*** FLOP *** [5c 3s 2s]
LifeisagameX: checks
mogoallin: bets $3
LifeisagameX: calls $3
*** TURN *** [5c 3s 2s] [Jc]
LifeisagameX: checks
mogoallin: checks
*** RIVER *** [5c 3s 2s Jc] [6s]
LifeisagameX: bets $6
mogoallin: calls $6
*** SHOW DOWN ***
LifeisagameX: shows [Jd 3c] (two pair, Jacks and Threes)
mogoallin: mucks hand
LifeisagameX collected $29.50 from pot
*** SUMMARY ***
Total pot $30 | Rake $0.50
Board [5c 3s 2s Jc 6s]
Seat 1: LifeisagameX (big blind) showed [Jd 3c] and won ($29.50) with two pair, Jacks and Threes
Seat 3: mogoallin (button) (small blind) mucked


PokerStars Hand #166683673004:  Hold'em Limit ($3/$6 USD) - 2017/02/23 23:48:51 ET
Table 'Hudrus' 10-max Seat #1 is the button
Seat 1: LifeisagameX ($140.54 in chips)
Seat 3: mogoallin ($46.30 in chips)
LifeisagameX: posts small blind $1
mogoallin: posts big blind $3
*** HOLE CARDS ***
LifeisagameX: raises $3 to $6
mogoallin: folds
Uncalled bet ($3) returned to LifeisagameX
LifeisagameX collected $6 from pot
LifeisagameX: doesn't show hand
*** SUMMARY ***
Total pot $6 | Rake $0
Seat 1: LifeisagameX (button) (small blind) collected ($6)
Seat 3: mogoallin (big blind) folded before Flop


PokerStars Hand #166683675787:  Hold'em Limit ($3/$6 USD) - 2017/02/23 23:49:00 ET
Table 'Hudrus' 10-max Seat #3 is the button
Seat 1: LifeisagameX ($143.54 in chips)
Seat 3: mogoallin ($43.30 in chips)
mogoallin: posts small blind $1
LifeisagameX: posts big blind $3
*** HOLE CARDS ***
mogoallin: raises $3 to $6
LifeisagameX: calls $3
*** FLOP *** [9s Qh 3s]
LifeisagameX: checks
mogoallin: checks
*** TURN *** [9s Qh 3s] [9c]
LifeisagameX: checks
mogoallin: bets $6
LifeisagameX: calls $6
*** RIVER *** [9s Qh 3s 9c] [2c]
LifeisagameX: checks
mogoallin: checks
*** SHOW DOWN ***
LifeisagameX: shows [3c 4s] (two pair, Nines and Threes)
mogoallin: mucks hand
LifeisagameX collected $23.52 from pot
*** SUMMARY ***
Total pot $24 | Rake $0.48
Board [9s Qh 3s 9c 2c]
Seat 1: LifeisagameX (big blind) showed [3c 4s] and won ($23.52) with two pair, Nines and Threes
Seat 3: mogoallin (button) (small blind) mucked


PokerStars Hand #166683691404:  Hold'em Limit ($3/$6 USD) - 2017/02/23 23:49:58 ET
Table 'Hudrus' 10-max Seat #1 is the button
Seat 1: LifeisagameX ($155.06 in chips)
Seat 3: mogoallin ($31.30 in chips)
LifeisagameX: posts small blind $1
mogoallin: posts big blind $3
*** HOLE CARDS ***
LifeisagameX: raises $3 to $6
mogoallin: calls $3
*** FLOP *** [5h Kh 3s]
mogoallin: checks
LifeisagameX: checks
*** TURN *** [5h Kh 3s] [Js]
mogoallin: bets $6
LifeisagameX: folds
Uncalled bet ($6) returned to mogoallin
mogoallin collected $11.76 from pot
mogoallin: doesn't show hand
*** SUMMARY ***
Total pot $12 | Rake $0.24
Board [5h Kh 3s Js]
Seat 1: LifeisagameX (button) (small blind) folded on the Turn
Seat 3: mogoallin (big blind) collected ($11.76)


PokerStars Hand #166683719050:  Hold'em Limit ($3/$6 USD) - 2017/02/23 23:51:35 ET
Table 'Hudrus' 10-max Seat #1 is the button
Seat 1: LifeisagameX ($166.56 in chips)
Seat 3: mogoallin ($19.06 in chips)
LifeisagameX: posts small blind $1
mogoallin: posts big blind $3
*** HOLE CARDS ***
LifeisagameX: raises $3 to $6
mogoallin: raises $3 to $9
LifeisagameX: calls $3
*** FLOP *** [6d 6h 7h]
mogoallin: bets $3
LifeisagameX: calls $3
*** TURN *** [6d 6h 7h] [3s]
mogoallin: bets $6
LifeisagameX: folds
Uncalled bet ($6) returned to mogoallin
mogoallin collected $23.52 from pot
mogoallin: doesn't show hand
*** SUMMARY ***
Total pot $24 | Rake $0.48
Board [6d 6h 7h 3s]
Seat 1: LifeisagameX (button) (small blind) folded on the Turn
Seat 3: mogoallin (big blind) collected ($23.52)


PokerStars Hand #166683717423:  Hold'em Limit ($3/$6 USD) - 2017/02/23 23:51:30 ET
Table 'Hudrus' 10-max Seat #3 is the button
Seat 1: LifeisagameX ($165.56 in chips)
Seat 3: mogoallin ($20.06 in chips)
mogoallin: posts small blind $1
LifeisagameX: posts big blind $3
*** HOLE CARDS ***
mogoallin: folds
Uncalled bet ($2) returned to LifeisagameX
LifeisagameX collected $2 from pot
LifeisagameX: doesn't show hand
*** SUMMARY ***
Total pot $2 | Rake $0
Seat 1: LifeisagameX (big blind) collected ($2)
Seat 3: mogoallin (button) (small blind) folded before Flop


PokerStars Hand #166683714192:  Hold'em Limit ($3/$6 USD) - 2017/02/23 23:51:18 ET
Table 'Hudrus' 10-max Seat #1 is the button
Seat 1: LifeisagameX ($166.56 in chips)
Seat 3: mogoallin ($19.06 in chips)
LifeisagameX: posts small blind $1
mogoallin: posts big blind $3
*** HOLE CARDS ***
LifeisagameX: folds
Uncalled bet ($2) returned to mogoallin
mogoallin collected $2 from pot
mogoallin: doesn't show hand
*** SUMMARY ***
Total pot $2 | Rake $0
Seat 1: LifeisagameX (button) (small blind) folded before Flop
Seat 3: mogoallin (big blind) collected ($2)


PokerStars Hand #166683700655:  Hold'em Limit ($3/$6 USD) - 2017/02/23 23:50:31 ET
Table 'Hudrus' 10-max Seat #3 is the button
Seat 1: LifeisagameX ($149.06 in chips)
Seat 3: mogoallin ($37.06 in chips)
mogoallin: posts small blind $1
LifeisagameX: posts big blind $3
*** HOLE CARDS ***
mogoallin: raises $3 to $6
LifeisagameX: raises $3 to $9
mogoallin: calls $3
*** FLOP *** [4d 3d 6c]
LifeisagameX: bets $3
mogoallin: calls $3
*** TURN *** [4d 3d 6c] [9c]
LifeisagameX: bets $6
mogoallin: calls $6
*** RIVER *** [4d 3d 6c 9c] [3h]
LifeisagameX: bets $6
mogoallin: folds
Uncalled bet ($6) returned to LifeisagameX
LifeisagameX collected $35.50 from pot
LifeisagameX: doesn't show hand
*** SUMMARY ***
Total pot $36 | Rake $0.50
Board [4d 3d 6c 9c 3h]
Seat 1: LifeisagameX (big blind) collected ($35.50)
Seat 3: mogoallin (button) (small blind) folded on the River


PokerStars Hand #166683748165:  Hold'em Limit ($3/$6 USD) - 2017/02/23 23:53:17 ET
Table 'Hudrus' 10-max Seat #1 is the button
Seat 1: LifeisagameX ($133.56 in chips)
Seat 3: mogoallin ($51.08 in chips)
LifeisagameX: posts small blind $1
mogoallin: posts big blind $3
*** HOLE CARDS ***
LifeisagameX: raises $3 to $6
mogoallin: calls $3
*** FLOP *** [Kd Th 3h]
mogoallin: checks
LifeisagameX: bets $3
mogoallin: folds
Uncalled bet ($3) returned to LifeisagameX
LifeisagameX collected $11.76 from pot
LifeisagameX: doesn't show hand
*** SUMMARY ***
Total pot $12 | Rake $0.24
Board [Kd Th 3h]
Seat 1: LifeisagameX (button) (small blind) collected ($11.76)
Seat 3: mogoallin (big blind) folded on the Flop


PokerStars Hand #166683726409:  Hold'em Limit ($3/$6 USD) - 2017/02/23 23:52:01 ET
Table 'Hudrus' 10-max Seat #3 is the button
Seat 1: LifeisagameX ($154.56 in chips)
Seat 3: mogoallin ($30.58 in chips)
mogoallin: posts small blind $1
LifeisagameX: posts big blind $3
*** HOLE CARDS ***
mogoallin: raises $3 to $6
LifeisagameX: calls $3
*** FLOP *** [4s 2d Ah]
LifeisagameX: checks
mogoallin: bets $3
LifeisagameX: raises $3 to $6
mogoallin: raises $3 to $9
LifeisagameX: calls $3
*** TURN *** [4s 2d Ah] [8c]
LifeisagameX: checks
mogoallin: bets $6
LifeisagameX: calls $6
*** RIVER *** [4s 2d Ah 8c] [6d]
LifeisagameX: checks
mogoallin: checks
*** SHOW DOWN ***
LifeisagameX: shows [5s Jd] (high card Ace)
mogoallin: shows [5d Ad] (a pair of Aces)
mogoallin collected $41.50 from pot
*** SUMMARY ***
Total pot $42 | Rake $0.50
Board [4s 2d Ah 8c 6d]
Seat 1: LifeisagameX (big blind) showed [5s Jd] and lost with high card Ace
Seat 3: mogoallin (button) (small blind) showed [5d Ad] and won ($41.50) with a pair of Aces


PokerStars Hand #166683755352:  Hold'em Limit ($3/$6 USD) - 2017/02/23 23:53:42 ET
Table 'Hudrus' 10-max Seat #3 is the button
Seat 1: LifeisagameX ($139.32 in chips)
Seat 3: mogoallin ($45.08 in chips)
mogoallin: posts small blind $1
LifeisagameX: posts big blind $3
*** HOLE CARDS ***
mogoallin: raises $3 to $6
LifeisagameX: calls $3
*** FLOP *** [8s Kc 4c]
LifeisagameX: checks
mogoallin: checks
*** TURN *** [8s Kc 4c] [2d]
LifeisagameX: bets $6
mogoallin: folds
Uncalled bet ($6) returned to LifeisagameX
LifeisagameX collected $11.76 from pot
LifeisagameX: doesn't show hand
*** SUMMARY ***
Total pot $12 | Rake $0.24
Board [8s Kc 4c 2d]
Seat 1: LifeisagameX (big blind) collected ($11.76)
Seat 3: mogoallin (button) (small blind) folded on the Turn


PokerStars Hand #166683768955:  Hold'em Limit ($3/$6 USD) - 2017/02/23 23:54:30 ET
Table 'Hudrus' 10-max Seat #3 is the button
Seat 1: LifeisagameX ($139.08 in chips)
Seat 3: mogoallin ($44.84 in chips)
mogoallin: posts small blind $1
LifeisagameX: posts big blind $3
*** HOLE CARDS ***
mogoallin: folds
Uncalled bet ($2) returned to LifeisagameX
LifeisagameX collected $2 from pot
LifeisagameX: doesn't show hand
*** SUMMARY ***
Total pot $2 | Rake $0
Seat 1: LifeisagameX (big blind) collected ($2)
Seat 3: mogoallin (button) (small blind) folded before Flop


PokerStars Hand #166683762244:  Hold'em Limit ($3/$6 USD) - 2017/02/23 23:54:06 ET
Table 'Hudrus' 10-max Seat #1 is the button
Seat 1: LifeisagameX ($145.08 in chips)
Seat 3: mogoallin ($39.08 in chips)
LifeisagameX: posts small blind $1
mogoallin: posts big blind $3
*** HOLE CARDS ***
LifeisagameX: raises $3 to $6
mogoallin: calls $3
*** FLOP *** [2s Kc 5c]
mogoallin: checks
LifeisagameX: checks
*** TURN *** [2s Kc 5c] [Kd]
mogoallin: bets $6
LifeisagameX: folds
Uncalled bet ($6) returned to mogoallin
mogoallin collected $11.76 from pot
mogoallin: doesn't show hand
*** SUMMARY ***
Total pot $12 | Rake $0.24
Board [2s Kc 5c Kd]
Seat 1: LifeisagameX (button) (small blind) folded on the Turn
Seat 3: mogoallin (big blind) collected ($11.76)


PokerStars Hand #166683770575:  Hold'em Limit ($3/$6 USD) - 2017/02/23 23:54:36 ET
Table 'Hudrus' 10-max Seat #1 is the button
Seat 1: LifeisagameX ($140.08 in chips)
Seat 3: mogoallin ($43.84 in chips)
LifeisagameX: posts small blind $1
mogoallin: posts big blind $3
*** HOLE CARDS ***
LifeisagameX: raises $3 to $6
mogoallin: folds
Uncalled bet ($3) returned to LifeisagameX
LifeisagameX collected $6 from pot
LifeisagameX: doesn't show hand
*** SUMMARY ***
Total pot $6 | Rake $0
Seat 1: LifeisagameX (button) (small blind) collected ($6)
Seat 3: mogoallin (big blind) folded before Flop


PokerStars Hand #166683783291:  Hold'em Limit ($3/$6 USD) - 2017/02/23 23:55:23 ET
Table 'Hudrus' 10-max Seat #1 is the button
Seat 1: LifeisagameX ($137.08 in chips)
Seat 3: mogoallin ($46.60 in chips)
LifeisagameX: posts small blind $1
mogoallin: posts big blind $3
*** HOLE CARDS ***
LifeisagameX: raises $3 to $6
mogoallin: calls $3
*** FLOP *** [Qc 9h 5h]
mogoallin: bets $3
LifeisagameX: calls $3
*** TURN *** [Qc 9h 5h] [Kc]
mogoallin: bets $6
LifeisagameX: calls $6
*** RIVER *** [Qc 9h 5h Kc] [8s]
mogoallin: bets $6
LifeisagameX: calls $6
*** SHOW DOWN ***
mogoallin: shows [Kd 9s] (two pair, Kings and Nines)
LifeisagameX: mucks hand
mogoallin collected $41.50 from pot
*** SUMMARY ***
Total pot $42 | Rake $0.50
Board [Qc 9h 5h Kc 8s]
Seat 1: LifeisagameX (button) (small blind) mucked
Seat 3: mogoallin (big blind) showed [Kd 9s] and won ($41.50) with two pair, Kings and Nines


PokerStars Hand #166683774520:  Hold'em Limit ($3/$6 USD) - 2017/02/23 23:54:50 ET
Table 'Hudrus' 10-max Seat #3 is the button
Seat 1: LifeisagameX ($143.08 in chips)
Seat 3: mogoallin ($40.84 in chips)
mogoallin: posts small blind $1
LifeisagameX: posts big blind $3
*** HOLE CARDS ***
mogoallin: raises $3 to $6
LifeisagameX: calls $3
*** FLOP *** [Ad Jh 2s]
LifeisagameX: checks
mogoallin: bets $3
LifeisagameX: folds
Uncalled bet ($3) returned to mogoallin
mogoallin collected $11.76 from pot
mogoallin: doesn't show hand
*** SUMMARY ***
Total pot $12 | Rake $0.24
Board [Ad Jh 2s]
Seat 1: LifeisagameX (big blind) folded on the Flop
Seat 3: mogoallin (button) (small blind) collected ($11.76)


PokerStars Hand #166683789402:  Hold'em Limit ($3/$6 USD) - 2017/02/23 23:55:47 ET
Table 'Hudrus' 10-max Seat #3 is the button
Seat 1: LifeisagameX ($116.08 in chips)
Seat 3: mogoallin ($67.10 in chips)
mogoallin: posts small blind $1
LifeisagameX: posts big blind $3
*** HOLE CARDS ***
mogoallin: raises $3 to $6
LifeisagameX: raises $3 to $9
mogoallin: calls $3
*** FLOP *** [6c 3s 8c]
LifeisagameX: bets $3
mogoallin: raises $3 to $6
LifeisagameX: calls $3
*** TURN *** [6c 3s 8c] [2h]
LifeisagameX: checks
mogoallin: bets $6
LifeisagameX: calls $6
*** RIVER *** [6c 3s 8c 2h] [Ks]
LifeisagameX: checks
mogoallin: checks
*** SHOW DOWN ***
LifeisagameX: shows [4h Ah] (high card Ace)
mogoallin: shows [7h 8s] (a pair of Eights)
mogoallin collected $41.50 from pot
*** SUMMARY ***
Total pot $42 | Rake $0.50
Board [6c 3s 8c 2h Ks]
Seat 1: LifeisagameX (big blind) showed [4h Ah] and lost with high card Ace
Seat 3: mogoallin (button) (small blind) showed [7h 8s] and won ($41.50) with a pair of Eights


PokerStars Hand #166683819431:  Hold'em Limit ($3/$6 USD) - 2017/02/23 23:57:24 ET
Table 'Hudrus' 10-max Seat #3 is the button
Seat 1: LifeisagameX ($112.58 in chips)
Seat 3: mogoallin ($69.60 in chips)
mogoallin: posts small blind $1
LifeisagameX: posts big blind $3
*** HOLE CARDS ***
mogoallin: raises $3 to $6
LifeisagameX: calls $3
*** FLOP *** [Kh 9s Js]
LifeisagameX: checks
mogoallin: bets $3
LifeisagameX: calls $3
*** TURN *** [Kh 9s Js] [2h]
LifeisagameX: checks
mogoallin: bets $6
LifeisagameX: calls $6
*** RIVER *** [Kh 9s Js 2h] [5d]
LifeisagameX: checks
mogoallin: bets $6
LifeisagameX: calls $6
*** SHOW DOWN ***
mogoallin: shows [Qh Ts] (a straight, Nine to King)
LifeisagameX: mucks hand
mogoallin collected $41.50 from pot
*** SUMMARY ***
Total pot $42 | Rake $0.50
Board [Kh 9s Js 2h 5d]
Seat 1: LifeisagameX (big blind) mucked
Seat 3: mogoallin (button) (small blind) showed [Qh Ts] and won ($41.50) with a straight, Nine to King


PokerStars Hand #166683805817:  Hold'em Limit ($3/$6 USD) - 2017/02/23 23:56:28 ET
Table 'Hudrus' 10-max Seat #1 is the button
Seat 1: LifeisagameX ($95.08 in chips)
Seat 3: mogoallin ($87.60 in chips)
LifeisagameX: posts small blind $1
mogoallin: posts big blind $3
*** HOLE CARDS ***
LifeisagameX: raises $3 to $6
mogoallin: calls $3
*** FLOP *** [9c Qs 5s]
mogoallin: checks
LifeisagameX: checks
*** TURN *** [9c Qs 5s] [5h]
mogoallin: bets $6
LifeisagameX: calls $6
*** RIVER *** [9c Qs 5s 5h] [8d]
mogoallin: bets $6
LifeisagameX: calls $6
*** SHOW DOWN ***
mogoallin: shows [4h Th] (a pair of Fives)
LifeisagameX: shows [9s Td] (two pair, Nines and Fives)
LifeisagameX collected $35.50 from pot
*** SUMMARY ***
Total pot $36 | Rake $0.50
Board [9c Qs 5s 5h 8d]
Seat 1: LifeisagameX (button) (small blind) showed [9s Td] and won ($35.50) with two pair, Nines and Fives
Seat 3: mogoallin (big blind) showed [4h Th] and lost with a pair of Fives


PokerStars Hand #166683835319:  Hold'em Limit ($3/$6 USD) - 2017/02/23 23:58:27 ET
Table 'Hudrus' 10-max Seat #1 is the button
Seat 1: LifeisagameX ($98.34 in chips)
Seat 3: mogoallin ($83.10 in chips)
LifeisagameX: posts small blind $1
mogoallin: posts big blind $3
*** HOLE CARDS ***
LifeisagameX: raises $3 to $6
mogoallin: folds
Uncalled bet ($3) returned to LifeisagameX
LifeisagameX collected $6 from pot
LifeisagameX: doesn't show hand
*** SUMMARY ***
Total pot $6 | Rake $0
Seat 1: LifeisagameX (button) (small blind) collected ($6)
Seat 3: mogoallin (big blind) folded before Flop


PokerStars Hand #166683837418:  Hold'em Limit ($3/$6 USD) - 2017/02/23 23:58:36 ET
Table 'Hudrus' 10-max Seat #3 is the button
Seat 1: LifeisagameX ($101.34 in chips)
Seat 3: mogoallin ($80.10 in chips)
mogoallin: posts small blind $1
LifeisagameX: posts big blind $3
*** HOLE CARDS ***
mogoallin: raises $3 to $6
LifeisagameX: calls $3
*** FLOP *** [6h Ks 9s]
LifeisagameX: checks
mogoallin: bets $3
LifeisagameX: calls $3
*** TURN *** [6h Ks 9s] [As]
LifeisagameX: checks
mogoallin: checks
*** RIVER *** [6h Ks 9s As] [8s]
LifeisagameX: bets $6
mogoallin: calls $6
*** SHOW DOWN ***
LifeisagameX: shows [Qh Jc] (high card Ace)
mogoallin: shows [Qc 9h] (a pair of Nines)
mogoallin collected $29.50 from pot
*** SUMMARY ***
Total pot $30 | Rake $0.50
Board [6h Ks 9s As 8s]
Seat 1: LifeisagameX (big blind) showed [Qh Jc] and lost with high card Ace
Seat 3: mogoallin (button) (small blind) showed [Qc 9h] and won ($29.50) with a pair of Nines


PokerStars Hand #166683833786:  Hold'em Limit ($3/$6 USD) - 2017/02/23 23:58:21 ET
Table 'Hudrus' 10-max Seat #3 is the button
Seat 1: LifeisagameX ($97.34 in chips)
Seat 3: mogoallin ($84.10 in chips)
mogoallin: posts small blind $1
LifeisagameX: posts big blind $3
*** HOLE CARDS ***
mogoallin: folds
Uncalled bet ($2) returned to LifeisagameX
LifeisagameX collected $2 from pot
LifeisagameX: doesn't show hand
*** SUMMARY ***
Total pot $2 | Rake $0
Seat 1: LifeisagameX (big blind) collected ($2)
Seat 3: mogoallin (button) (small blind) folded before Flop


PokerStars Hand #166683829597:  Hold'em Limit ($3/$6 USD) - 2017/02/23 23:58:05 ET
Table 'Hudrus' 10-max Seat #1 is the button
Seat 1: LifeisagameX ($91.58 in chips)
Seat 3: mogoallin ($90.10 in chips)
LifeisagameX: posts small blind $1
mogoallin: posts big blind $3
*** HOLE CARDS ***
LifeisagameX: raises $3 to $6
mogoallin: calls $3
*** FLOP *** [Jh 2c 5c]
mogoallin: checks
LifeisagameX: bets $3
mogoallin: folds
Uncalled bet ($3) returned to LifeisagameX
LifeisagameX collected $11.76 from pot
LifeisagameX: doesn't show hand
*** SUMMARY ***
Total pot $12 | Rake $0.24
Board [Jh 2c 5c]
Seat 1: LifeisagameX (button) (small blind) collected ($11.76)
Seat 3: mogoallin (big blind) folded on the Flop


PokerStars Hand #166683846092:  Hold'em Limit ($3/$6 USD) - 2017/02/23 23:59:11 ET
Table 'Hudrus' 10-max Seat #3 is the button
Seat 1: LifeisagameX ($85.34 in chips)
Seat 3: mogoallin ($95.60 in chips)
mogoallin: posts small blind $1
LifeisagameX: posts big blind $3
*** HOLE CARDS ***
mogoallin: folds
Uncalled bet ($2) returned to LifeisagameX
LifeisagameX collected $2 from pot
LifeisagameX: doesn't show hand
*** SUMMARY ***
Total pot $2 | Rake $0
Seat 1: LifeisagameX (big blind) collected ($2)
Seat 3: mogoallin (button) (small blind) folded before Flop


PokerStars Hand #166683844515:  Hold'em Limit ($3/$6 USD) - 2017/02/23 23:59:05 ET
Table 'Hudrus' 10-max Seat #1 is the button
Seat 1: LifeisagameX ($86.34 in chips)
Seat 3: mogoallin ($94.60 in chips)
LifeisagameX: posts small blind $1
mogoallin: posts big blind $3
*** HOLE CARDS ***
LifeisagameX: folds
Uncalled bet ($2) returned to mogoallin
mogoallin collected $2 from pot
mogoallin: doesn't show hand
*** SUMMARY ***
Total pot $2 | Rake $0
Seat 1: LifeisagameX (button) (small blind) folded before Flop
Seat 3: mogoallin (big blind) collected ($2)


PokerStars Hand #166683847582:  Hold'em Limit ($3/$6 USD) - 2017/02/23 23:59:17 ET
Table 'Hudrus' 10-max Seat #1 is the button
Seat 1: LifeisagameX ($86.34 in chips)
Seat 3: mogoallin ($94.60 in chips)
LifeisagameX: posts small blind $1
mogoallin: posts big blind $3
*** HOLE CARDS ***
LifeisagameX: folds
Uncalled bet ($2) returned to mogoallin
mogoallin collected $2 from pot
mogoallin: doesn't show hand
*** SUMMARY ***
Total pot $2 | Rake $0
Seat 1: LifeisagameX (button) (small blind) folded before Flop
Seat 3: mogoallin (big blind) collected ($2)


PokerStars Hand #166683849521:  Hold'em Limit ($3/$6 USD) - 2017/02/23 23:59:25 ET
Table 'Hudrus' 10-max Seat #3 is the button
Seat 1: LifeisagameX ($85.34 in chips)
Seat 3: mogoallin ($95.60 in chips)
mogoallin: posts small blind $1
LifeisagameX: posts big blind $3
*** HOLE CARDS ***
mogoallin: raises $3 to $6
LifeisagameX: calls $3
*** FLOP *** [6c 8s Ad]
LifeisagameX: checks
mogoallin: bets $3
LifeisagameX: raises $3 to $6
mogoallin: calls $3
*** TURN *** [6c 8s Ad] [6h]
LifeisagameX: bets $6
mogoallin: folds
Uncalled bet ($6) returned to LifeisagameX
LifeisagameX collected $23.52 from pot
LifeisagameX: doesn't show hand
*** SUMMARY ***
Total pot $24 | Rake $0.48
Board [6c 8s Ad 6h]
Seat 1: LifeisagameX (big blind) collected ($23.52)
Seat 3: mogoallin (button) (small blind) folded on the Turn


PokerStars Hand #166683863378:  Hold'em Limit ($3/$6 USD) - 2017/02/24 0:00:20 ET
Table 'Hudrus' 10-max Seat #1 is the button
Seat 1: LifeisagameX ($96.50 in chips)
Seat 3: mogoallin ($83.24 in chips)
LifeisagameX: posts small blind $1
mogoallin: posts big blind $3
*** HOLE CARDS ***
LifeisagameX: raises $3 to $6
mogoallin: calls $3
*** FLOP *** [3s 6c Ad]
mogoallin: checks
LifeisagameX: bets $3
mogoallin: folds
Uncalled bet ($3) returned to LifeisagameX
LifeisagameX collected $11.76 from pot
LifeisagameX: doesn't show hand
*** SUMMARY ***
Total pot $12 | Rake $0.24
Board [3s 6c Ad]
Seat 1: LifeisagameX (button) (small blind) collected ($11.76)
Seat 3: mogoallin (big blind) folded on the Flop


PokerStars Hand #166683859003:  Hold'em Limit ($3/$6 USD) - 2017/02/24 0:00:02 ET
Table 'Hudrus' 10-max Seat #3 is the button
Seat 1: LifeisagameX ($87.86 in chips)
Seat 3: mogoallin ($92.24 in chips)
mogoallin: posts small blind $1
LifeisagameX: posts big blind $3
*** HOLE CARDS ***
mogoallin: raises $3 to $6
LifeisagameX: raises $3 to $9
mogoallin: calls $3
*** FLOP *** [7c Ad 8d]
LifeisagameX: bets $3
mogoallin: folds
Uncalled bet ($3) returned to LifeisagameX
LifeisagameX collected $17.64 from pot
LifeisagameX: doesn't show hand
*** SUMMARY ***
Total pot $18 | Rake $0.36
Board [7c Ad 8d]
Seat 1: LifeisagameX (big blind) collected ($17.64)
Seat 3: mogoallin (button) (small blind) folded on the Flop


PokerStars Hand #166683855185:  Hold'em Limit ($3/$6 USD) - 2017/02/23 23:59:47 ET
Table 'Hudrus' 10-max Seat #1 is the button
Seat 1: LifeisagameX ($96.86 in chips)
Seat 3: mogoallin ($83.60 in chips)
LifeisagameX: posts small blind $1
mogoallin: posts big blind $3
*** HOLE CARDS ***
LifeisagameX: raises $3 to $6
mogoallin: raises $3 to $9
LifeisagameX: calls $3
*** FLOP *** [8s 7s 7c]
mogoallin: bets $3
LifeisagameX: folds
Uncalled bet ($3) returned to mogoallin
mogoallin collected $17.64 from pot
mogoallin: doesn't show hand
*** SUMMARY ***
Total pot $18 | Rake $0.36
Board [8s 7s 7c]
Seat 1: LifeisagameX (button) (small blind) folded on the Flop
Seat 3: mogoallin (big blind) collected ($17.64)


PokerStars Hand #166683882357:  Hold'em Limit ($3/$6 USD) - 2017/02/24 0:01:32 ET
Table 'Hudrus' 10-max Seat #1 is the button
Seat 1: LifeisagameX ($84 in chips)
Seat 3: mogoallin ($97.74 in chips)
LifeisagameX: posts small blind $1
mogoallin: posts big blind $3
*** HOLE CARDS ***
LifeisagameX: raises $3 to $6
mogoallin: folds
Uncalled bet ($3) returned to LifeisagameX
LifeisagameX collected $6 from pot
LifeisagameX: doesn't show hand
*** SUMMARY ***
Total pot $6 | Rake $0
Seat 1: LifeisagameX (button) (small blind) collected ($6)
Seat 3: mogoallin (big blind) folded before Flop


PokerStars Hand #166683871080:  Hold'em Limit ($3/$6 USD) - 2017/02/24 0:00:50 ET
Table 'Hudrus' 10-max Seat #3 is the button
Seat 1: LifeisagameX ($102.26 in chips)
Seat 3: mogoallin ($77.24 in chips)
mogoallin: posts small blind $1
LifeisagameX: posts big blind $3
*** HOLE CARDS ***
mogoallin: raises $3 to $6
LifeisagameX: calls $3
*** FLOP *** [3h 5h 2c]
LifeisagameX: checks
mogoallin: bets $3
LifeisagameX: calls $3
*** TURN *** [3h 5h 2c] [3c]
LifeisagameX: checks
mogoallin: bets $6
LifeisagameX: calls $6
*** RIVER *** [3h 5h 2c 3c] [Td]
LifeisagameX: checks
mogoallin: bets $6
LifeisagameX: calls $6
*** SHOW DOWN ***
mogoallin: shows [3d 7c] (three of a kind, Threes)
LifeisagameX: mucks hand
mogoallin collected $41.50 from pot
*** SUMMARY ***
Total pot $42 | Rake $0.50
Board [3h 5h 2c 3c Td]
Seat 1: LifeisagameX (big blind) mucked
Seat 3: mogoallin (button) (small blind) showed [3d 7c] and won ($41.50) with three of a kind, Threes


PokerStars Hand #166683886314:  Hold'em Limit ($3/$6 USD) - 2017/02/24 0:01:46 ET
Table 'Hudrus' 10-max Seat #3 is the button
Seat 1: LifeisagameX ($87 in chips)
Seat 3: mogoallin ($94.74 in chips)
mogoallin: posts small blind $1
LifeisagameX: posts big blind $3
*** HOLE CARDS ***
mogoallin: raises $3 to $6
LifeisagameX: raises $3 to $9
mogoallin: calls $3
*** FLOP *** [8d 2h 8s]
LifeisagameX: bets $3
mogoallin: raises $3 to $6
LifeisagameX: calls $3
*** TURN *** [8d 2h 8s] [4s]
LifeisagameX: checks
mogoallin: bets $6
LifeisagameX: raises $6 to $12
mogoallin: calls $6
*** RIVER *** [8d 2h 8s 4s] [Qd]
LifeisagameX: bets $6
mogoallin: calls $6
*** SHOW DOWN ***
LifeisagameX: shows [6s Ts] (a pair of Eights)
mogoallin: shows [5s 5h] (two pair, Eights and Fives)
mogoallin collected $65.50 from pot
*** SUMMARY ***
Total pot $66 | Rake $0.50
Board [8d 2h 8s 4s Qd]
Seat 1: LifeisagameX (big blind) showed [6s Ts] and lost with a pair of Eights
Seat 3: mogoallin (button) (small blind) showed [5s 5h] and won ($65.50) with two pair, Eights and Fives


PokerStars Hand #166683914989:  Hold'em Limit ($3/$6 USD) - 2017/02/24 0:03:31 ET
Table 'Hudrus' 10-max Seat #3 is the button
Seat 1: LifeisagameX ($88.76 in chips)
Seat 3: mogoallin ($133.76 in chips)
mogoallin: posts small blind $1
LifeisagameX: posts big blind $3
*** HOLE CARDS ***
mogoallin: folds
Uncalled bet ($2) returned to LifeisagameX
LifeisagameX collected $2 from pot
LifeisagameX: doesn't show hand
*** SUMMARY ***
Total pot $2 | Rake $0
Seat 1: LifeisagameX (big blind) collected ($2)
Seat 3: mogoallin (button) (small blind) folded before Flop


PokerStars Hand #166683912672:  Hold'em Limit ($3/$6 USD) - 2017/02/24 0:03:22 ET
Table 'Hudrus' 10-max Seat #1 is the button
Seat 1: LifeisagameX ($89.76 in chips)
Seat 3: mogoallin ($132.76 in chips)
LifeisagameX: posts small blind $1
mogoallin: posts big blind $3
*** HOLE CARDS ***
LifeisagameX: folds
Uncalled bet ($2) returned to mogoallin
mogoallin collected $2 from pot
mogoallin: doesn't show hand
*** SUMMARY ***
Total pot $2 | Rake $0
Seat 1: LifeisagameX (button) (small blind) folded before Flop
Seat 3: mogoallin (big blind) collected ($2)


PokerStars Hand #166683906423:  Hold'em Limit ($3/$6 USD) - 2017/02/24 0:03:00 ET
Table 'Hudrus' 10-max Seat #3 is the button
Seat 1: LifeisagameX ($84 in chips)
Seat 3: mogoallin ($138.76 in chips)
mogoallin: posts small blind $1
LifeisagameX: posts big blind $3
*** HOLE CARDS ***
mogoallin: raises $3 to $6
LifeisagameX: calls $3
*** FLOP *** [9s 8h Ah]
LifeisagameX: checks
mogoallin: checks
*** TURN *** [9s 8h Ah] [3s]
LifeisagameX: bets $6
mogoallin: folds
Uncalled bet ($6) returned to LifeisagameX
LifeisagameX collected $11.76 from pot
LifeisagameX: doesn't show hand
*** SUMMARY ***
Total pot $12 | Rake $0.24
Board [9s 8h Ah 3s]
Seat 1: LifeisagameX (big blind) collected ($11.76)
Seat 3: mogoallin (button) (small blind) folded on the Turn


PokerStars Hand #166683899730:  Hold'em Limit ($3/$6 USD) - 2017/02/24 0:02:35 ET
Table 'Hudrus' 10-max Seat #1 is the button
Seat 1: LifeisagameX ($84 in chips)
Seat 3: mogoallin ($127.24 in chips)
LifeisagameX: posts small blind $1
mogoallin: posts big blind $3
*** HOLE CARDS ***
LifeisagameX: raises $3 to $6
mogoallin: raises $3 to $9
LifeisagameX: calls $3
*** FLOP *** [7d 3h As]
mogoallin: bets $3
LifeisagameX: calls $3
*** TURN *** [7d 3h As] [Jc]
mogoallin: bets $6
LifeisagameX: folds
Uncalled bet ($6) returned to mogoallin
mogoallin collected $23.52 from pot
mogoallin: doesn't show hand
*** SUMMARY ***
Total pot $24 | Rake $0.48
Board [7d 3h As Jc]
Seat 1: LifeisagameX (button) (small blind) folded on the Turn
Seat 3: mogoallin (big blind) collected ($23.52)


PokerStars Hand #166683916541:  Hold'em Limit ($3/$6 USD) - 2017/02/24 0:03:36 ET
Table 'Hudrus' 10-max Seat #1 is the button
Seat 1: LifeisagameX ($89.76 in chips)
Seat 3: mogoallin ($132.76 in chips)
LifeisagameX: posts small blind $1
mogoallin: posts big blind $3
*** HOLE CARDS ***
LifeisagameX: raises $3 to $6
mogoallin: calls $3
*** FLOP *** [Jh Th 7h]
mogoallin: bets $3
LifeisagameX: raises $3 to $6
mogoallin: calls $3
*** TURN *** [Jh Th 7h] [Ts]
mogoallin: checks
LifeisagameX: checks
*** RIVER *** [Jh Th 7h Ts] [Qh]
mogoallin: bets $6
LifeisagameX: calls $6
*** SHOW DOWN ***
mogoallin: shows [Qc 7s] (two pair, Queens and Tens)
LifeisagameX: mucks hand
mogoallin collected $35.50 from pot
*** SUMMARY ***
Total pot $36 | Rake $0.50
Board [Jh Th 7h Ts Qh]
Seat 1: LifeisagameX (button) (small blind) mucked
Seat 3: mogoallin (big blind) showed [Qc 7s] and won ($35.50) with two pair, Queens and Tens


PokerStars Hand #166683925173:  Hold'em Limit ($3/$6 USD) - 2017/02/24 0:04:08 ET
Table 'Hudrus' 10-max Seat #3 is the button
Seat 1: LifeisagameX ($84 in chips)
Seat 3: mogoallin ($150.26 in chips)
mogoallin: posts small blind $1
LifeisagameX: posts big blind $3
*** HOLE CARDS ***
mogoallin: raises $3 to $6
LifeisagameX: raises $3 to $9
mogoallin: raises $3 to $12
Betting is capped
LifeisagameX: calls $3
*** FLOP *** [Qc 3s 7h]
LifeisagameX: checks
mogoallin: bets $3
LifeisagameX: calls $3
*** TURN *** [Qc 3s 7h] [Jh]
LifeisagameX: checks
mogoallin: bets $6
LifeisagameX: folds
Uncalled bet ($6) returned to mogoallin
mogoallin collected $29.50 from pot
mogoallin: doesn't show hand
*** SUMMARY ***
Total pot $30 | Rake $0.50
Board [Qc 3s 7h Jh]
Seat 1: LifeisagameX (big blind) folded on the Turn
Seat 3: mogoallin (button) (small blind) collected ($29.50)


PokerStars Hand #166683941928:  Hold'em Limit ($3/$6 USD) - 2017/02/24 0:05:08 ET
Table 'Hudrus' 10-max Seat #1 is the button
Seat 1: LifeisagameX ($88 in chips)
Seat 3: mogoallin ($160.76 in chips)
LifeisagameX: posts small blind $1
mogoallin: posts big blind $3
*** HOLE CARDS ***
LifeisagameX: raises $3 to $6
mogoallin: calls $3
*** FLOP *** [5d 8c Js]
mogoallin: bets $3
LifeisagameX: calls $3
*** TURN *** [5d 8c Js] [Kc]
mogoallin: bets $6
LifeisagameX: folds
Uncalled bet ($6) returned to mogoallin
mogoallin collected $17.64 from pot
mogoallin: doesn't show hand
*** SUMMARY ***
Total pot $18 | Rake $0.36
Board [5d 8c Js Kc]
Seat 1: LifeisagameX (button) (small blind) folded on the Turn
Seat 3: mogoallin (big blind) collected ($17.64)


PokerStars Hand #166683954589:  Hold'em Limit ($3/$6 USD) - 2017/02/24 0:05:53 ET
Table 'Hudrus' 10-max Seat #1 is the button
Seat 1: LifeisagameX ($89.76 in chips)
Seat 3: mogoallin ($163.40 in chips)
LifeisagameX: posts small blind $1
mogoallin: posts big blind $3
*** HOLE CARDS ***
LifeisagameX: raises $3 to $6
mogoallin: folds
Uncalled bet ($3) returned to LifeisagameX
LifeisagameX collected $6 from pot
LifeisagameX: doesn't show hand
*** SUMMARY ***
Total pot $6 | Rake $0
Seat 1: LifeisagameX (button) (small blind) collected ($6)
Seat 3: mogoallin (big blind) folded before Flop


PokerStars Hand #166683948642:  Hold'em Limit ($3/$6 USD) - 2017/02/24 0:05:31 ET
Table 'Hudrus' 10-max Seat #3 is the button
Seat 1: LifeisagameX ($84 in chips)
Seat 3: mogoallin ($169.40 in chips)
mogoallin: posts small blind $1
LifeisagameX: posts big blind $3
*** HOLE CARDS ***
mogoallin: raises $3 to $6
LifeisagameX: calls $3
*** FLOP *** [8s Jh 2d]
LifeisagameX: checks
mogoallin: checks
*** TURN *** [8s Jh 2d] [Ah]
LifeisagameX: bets $6
mogoallin: folds
Uncalled bet ($6) returned to LifeisagameX
LifeisagameX collected $11.76 from pot
LifeisagameX: doesn't show hand
*** SUMMARY ***
Total pot $12 | Rake $0.24
Board [8s Jh 2d Ah]
Seat 1: LifeisagameX (big blind) collected ($11.76)
Seat 3: mogoallin (button) (small blind) folded on the Turn


PokerStars Hand #166683940252:  Hold'em Limit ($3/$6 USD) - 2017/02/24 0:05:02 ET
Table 'Hudrus' 10-max Seat #3 is the button
Seat 1: LifeisagameX ($87 in chips)
Seat 3: mogoallin ($161.76 in chips)
mogoallin: posts small blind $1
LifeisagameX: posts big blind $3
*** HOLE CARDS ***
mogoallin: folds
Uncalled bet ($2) returned to LifeisagameX
LifeisagameX collected $2 from pot
LifeisagameX: doesn't show hand
*** SUMMARY ***
Total pot $2 | Rake $0
Seat 1: LifeisagameX (big blind) collected ($2)
Seat 3: mogoallin (button) (small blind) folded before Flop


PokerStars Hand #166683938073:  Hold'em Limit ($3/$6 USD) - 2017/02/24 0:04:54 ET
Table 'Hudrus' 10-max Seat #1 is the button
Seat 1: LifeisagameX ($84 in chips)
Seat 3: mogoallin ($164.76 in chips)
LifeisagameX: posts small blind $1
mogoallin: posts big blind $3
*** HOLE CARDS ***
LifeisagameX: raises $3 to $6
mogoallin: folds
Uncalled bet ($3) returned to LifeisagameX
LifeisagameX collected $6 from pot
LifeisagameX: doesn't show hand
*** SUMMARY ***
Total pot $6 | Rake $0
Seat 1: LifeisagameX (button) (small blind) collected ($6)
Seat 3: mogoallin (big blind) folded before Flop


PokerStars Hand #166683965125:  Hold'em Limit ($3/$6 USD) - 2017/02/24 0:06:30 ET
Table 'Hudrus' 10-max Seat #1 is the button
Seat 1: LifeisagameX ($84 in chips)
Seat 3: mogoallin ($171.92 in chips)
LifeisagameX: posts small blind $1
mogoallin: posts big blind $3
*** HOLE CARDS ***
LifeisagameX: raises $3 to $6
mogoallin: folds
Uncalled bet ($3) returned to LifeisagameX
LifeisagameX collected $6 from pot
LifeisagameX: doesn't show hand
*** SUMMARY ***
Total pot $6 | Rake $0
Seat 1: LifeisagameX (button) (small blind) collected ($6)
Seat 3: mogoallin (big blind) folded before Flop


PokerStars Hand #166683956274:  Hold'em Limit ($3/$6 USD) - 2017/02/24 0:05:59 ET
Table 'Hudrus' 10-max Seat #3 is the button
Seat 1: LifeisagameX ($92.76 in chips)
Seat 3: mogoallin ($160.40 in chips)
mogoallin: posts small blind $1
LifeisagameX: posts big blind $3
*** HOLE CARDS ***
mogoallin: raises $3 to $6
LifeisagameX: calls $3
*** FLOP *** [8h 2c 6d]
LifeisagameX: checks
mogoallin: checks
*** TURN *** [8h 2c 6d] [6c]
LifeisagameX: checks
mogoallin: bets $6
LifeisagameX: calls $6
*** RIVER *** [8h 2c 6d 6c] [8c]
LifeisagameX: checks
mogoallin: checks
*** SHOW DOWN ***
LifeisagameX: shows [Td Qc] (two pair, Eights and Sixes)
mogoallin: shows [Kc 4d] (two pair, Eights and Sixes - King kicker)
mogoallin collected $23.52 from pot
*** SUMMARY ***
Total pot $24 | Rake $0.48
Board [8h 2c 6d 6c 8c]
Seat 1: LifeisagameX (big blind) showed [Td Qc] and lost with two pair, Eights and Sixes
Seat 3: mogoallin (button) (small blind) showed [Kc 4d] and won ($23.52) with two pair, Eights and Sixes


PokerStars Hand #166683972311:  Hold'em Limit ($3/$6 USD) - 2017/02/24 0:06:56 ET
Table 'Hudrus' 10-max Seat #1 is the button
Seat 1: LifeisagameX ($84 in chips)
Seat 3: mogoallin ($174.68 in chips)
LifeisagameX: posts small blind $1
mogoallin: posts big blind $3
*** HOLE CARDS ***
LifeisagameX: raises $3 to $6
mogoallin: raises $3 to $9
LifeisagameX: calls $3
*** FLOP *** [Ah 9s 6c]
mogoallin: bets $3
LifeisagameX: folds
Uncalled bet ($3) returned to mogoallin
mogoallin collected $17.64 from pot
mogoallin: doesn't show hand
*** SUMMARY ***
Total pot $18 | Rake $0.36
Board [Ah 9s 6c]
Seat 1: LifeisagameX (button) (small blind) folded on the Flop
Seat 3: mogoallin (big blind) collected ($17.64)


PokerStars Hand #166683978915:  Hold'em Limit ($3/$6 USD) - 2017/02/24 0:07:20 ET
Table 'Hudrus' 10-max Seat #3 is the button
Seat 1: LifeisagameX ($84 in chips)
Seat 3: mogoallin ($183.32 in chips)
mogoallin: posts small blind $1
LifeisagameX: posts big blind $3
*** HOLE CARDS ***
mogoallin: raises $3 to $6
LifeisagameX: calls $3
*** FLOP *** [7d 9s 9h]
LifeisagameX: checks
mogoallin: checks
*** TURN *** [7d 9s 9h] [5s]
LifeisagameX: checks
mogoallin: checks
*** RIVER *** [7d 9s 9h 5s] [Qc]
LifeisagameX: checks
mogoallin: checks
*** SHOW DOWN ***
LifeisagameX: shows [Kc 3s] (a pair of Nines)
mogoallin: mucks hand
LifeisagameX collected $11.76 from pot
*** SUMMARY ***
Total pot $12 | Rake $0.24
Board [7d 9s 9h 5s Qc]
Seat 1: LifeisagameX (big blind) showed [Kc 3s] and won ($11.76) with a pair of Nines
Seat 3: mogoallin (button) (small blind) mucked


PokerStars Hand #166683992746:  Hold'em Limit ($3/$6 USD) - 2017/02/24 0:08:09 ET
Table 'Hudrus' 10-max Seat #3 is the button
Seat 1: LifeisagameX ($113.26 in chips)
Seat 3: mogoallin ($153.32 in chips)
mogoallin: posts small blind $1
LifeisagameX: posts big blind $3
*** HOLE CARDS ***
mogoallin: raises $3 to $6
LifeisagameX: calls $3
*** FLOP *** [Qs 7h 5c]
LifeisagameX: checks
mogoallin: bets $3
LifeisagameX: raises $3 to $6
mogoallin: calls $3
*** TURN *** [Qs 7h 5c] [4s]
LifeisagameX: bets $6
mogoallin: calls $6
*** RIVER *** [Qs 7h 5c 4s] [Ac]
LifeisagameX: bets $6
mogoallin: calls $6
*** SHOW DOWN ***
LifeisagameX: shows [Qc 2c] (a pair of Queens)
mogoallin: mucks hand
LifeisagameX collected $47.50 from pot
*** SUMMARY ***
Total pot $48 | Rake $0.50
Board [Qs 7h 5c 4s Ac]
Seat 1: LifeisagameX (big blind) showed [Qc 2c] and won ($47.50) with a pair of Queens
Seat 3: mogoallin (button) (small blind) mucked


PokerStars Hand #166683985654:  Hold'em Limit ($3/$6 USD) - 2017/02/24 0:07:44 ET
Table 'Hudrus' 10-max Seat #1 is the button
Seat 1: LifeisagameX ($89.76 in chips)
Seat 3: mogoallin ($177.32 in chips)
LifeisagameX: posts small blind $1
mogoallin: posts big blind $3
*** HOLE CARDS ***
LifeisagameX: raises $3 to $6
mogoallin: calls $3
*** FLOP *** [9c Ac 6c]
mogoallin: bets $3
LifeisagameX: raises $3 to $6
mogoallin: calls $3
*** TURN *** [9c Ac 6c] [2s]
mogoallin: checks
LifeisagameX: bets $6
mogoallin: calls $6
*** RIVER *** [9c Ac 6c 2s] [Qc]
mogoallin: checks
LifeisagameX: bets $6
mogoallin: calls $6
*** SHOW DOWN ***
LifeisagameX: shows [Kc Tc] (a flush, Ace high)
mogoallin: mucks hand
LifeisagameX collected $47.50 from pot
*** SUMMARY ***
Total pot $48 | Rake $0.50
Board [9c Ac 6c 2s Qc]
Seat 1: LifeisagameX (button) (small blind) showed [Kc Tc] and won ($47.50) with a flush, Ace high
Seat 3: mogoallin (big blind) mucked


PokerStars Hand #166684011065:  Hold'em Limit ($3/$6 USD) - 2017/02/24 0:09:15 ET
Table 'Hudrus' 10-max Seat #3 is the button
Seat 1: LifeisagameX ($154.26 in chips)
Seat 3: mogoallin ($111.32 in chips)
mogoallin: posts small blind $1
LifeisagameX: posts big blind $3
*** HOLE CARDS ***
mogoallin: raises $3 to $6
LifeisagameX: raises $3 to $9
mogoallin: calls $3
*** FLOP *** [Js Jh 2c]
LifeisagameX: bets $3
mogoallin: calls $3
*** TURN *** [Js Jh 2c] [7d]
LifeisagameX: bets $6
mogoallin: calls $6
*** RIVER *** [Js Jh 2c 7d] [Ad]
LifeisagameX: bets $6
mogoallin: folds
Uncalled bet ($6) returned to LifeisagameX
LifeisagameX collected $35.50 from pot
LifeisagameX: doesn't show hand
*** SUMMARY ***
Total pot $36 | Rake $0.50
Board [Js Jh 2c 7d Ad]
Seat 1: LifeisagameX (big blind) collected ($35.50)
Seat 3: mogoallin (button) (small blind) folded on the River


PokerStars Hand #166684001346:  Hold'em Limit ($3/$6 USD) - 2017/02/24 0:08:40 ET
Table 'Hudrus' 10-max Seat #1 is the button
Seat 1: LifeisagameX ($136.76 in chips)
Seat 3: mogoallin ($129.32 in chips)
LifeisagameX: posts small blind $1
mogoallin: posts big blind $3
*** HOLE CARDS ***
LifeisagameX: raises $3 to $6
mogoallin: raises $3 to $9
LifeisagameX: calls $3
*** FLOP *** [3s 7c Ts]
mogoallin: checks
LifeisagameX: bets $3
mogoallin: calls $3
*** TURN *** [3s 7c Ts] [Jh]
mogoallin: checks
LifeisagameX: bets $6
mogoallin: calls $6
*** RIVER *** [3s 7c Ts Jh] [Kd]
mogoallin: checks
LifeisagameX: checks
*** SHOW DOWN ***
mogoallin: shows [9h Ah] (high card Ace)
LifeisagameX: shows [Td 8d] (a pair of Tens)
LifeisagameX collected $35.50 from pot
*** SUMMARY ***
Total pot $36 | Rake $0.50
Board [3s 7c Ts Jh Kd]
Seat 1: LifeisagameX (button) (small blind) showed [Td 8d] and won ($35.50) with a pair of Tens
Seat 3: mogoallin (big blind) showed [9h Ah] and lost with high card Ace


PokerStars Hand #166684021390:  Hold'em Limit ($3/$6 USD) - 2017/02/24 0:09:52 ET
Table 'Hudrus' 10-max Seat #1 is the button
Seat 1: LifeisagameX ($171.76 in chips)
Seat 3: mogoallin ($93.32 in chips)
LifeisagameX: posts small blind $1
mogoallin: posts big blind $3
*** HOLE CARDS ***
LifeisagameX: raises $3 to $6
mogoallin: calls $3
*** FLOP *** [5h Td 7c]
mogoallin: checks
LifeisagameX: checks
*** TURN *** [5h Td 7c] [Qs]
mogoallin: bets $6
LifeisagameX: calls $6
*** RIVER *** [5h Td 7c Qs] [9h]
mogoallin: checks
LifeisagameX: checks
*** SHOW DOWN ***
mogoallin: shows [6s Kc] (high card King)
LifeisagameX: shows [4s 5s] (a pair of Fives)
LifeisagameX collected $23.52 from pot
*** SUMMARY ***
Total pot $24 | Rake $0.48
Board [5h Td 7c Qs 9h]
Seat 1: LifeisagameX (button) (small blind) showed [4s 5s] and won ($23.52) with a pair of Fives
Seat 3: mogoallin (big blind) showed [6s Kc] and lost with high card King


PokerStars Hand #166684029496:  Hold'em Limit ($3/$6 USD) - 2017/02/24 0:10:21 ET
Table 'Hudrus' 10-max Seat #3 is the button
Seat 1: LifeisagameX ($183.28 in chips)
Seat 3: mogoallin ($81.32 in chips)
mogoallin: posts small blind $1
LifeisagameX: posts big blind $3
*** HOLE CARDS ***
mogoallin: raises $3 to $6
LifeisagameX: calls $3
*** FLOP *** [5d Qs 3h]
LifeisagameX: checks
mogoallin: checks
*** TURN *** [5d Qs 3h] [Jc]
LifeisagameX: checks
mogoallin: checks
*** RIVER *** [5d Qs 3h Jc] [9d]
LifeisagameX: bets $6
mogoallin: folds
Uncalled bet ($6) returned to LifeisagameX
LifeisagameX collected $11.76 from pot
LifeisagameX: doesn't show hand
*** SUMMARY ***
Total pot $12 | Rake $0.24
Board [5d Qs 3h Jc 9d]
Seat 1: LifeisagameX (big blind) collected ($11.76)
Seat 3: mogoallin (button) (small blind) folded on the River


PokerStars Hand #166684038751:  Hold'em Limit ($3/$6 USD) - 2017/02/24 0:10:54 ET
Table 'Hudrus' 10-max Seat #1 is the button
Seat 1: LifeisagameX ($189.04 in chips)
Seat 3: mogoallin ($75.32 in chips)
LifeisagameX: posts small blind $1
mogoallin: posts big blind $3
*** HOLE CARDS ***
LifeisagameX: raises $3 to $6
mogoallin: calls $3
*** FLOP *** [Kc 4h Tc]
mogoallin: checks
LifeisagameX: bets $3
mogoallin: calls $3
*** TURN *** [Kc 4h Tc] [Ts]
mogoallin: bets $6
LifeisagameX: raises $6 to $12
mogoallin: calls $6
*** RIVER *** [Kc 4h Tc Ts] [Qd]
mogoallin: checks
LifeisagameX: bets $6
mogoallin: calls $6
*** SHOW DOWN ***
LifeisagameX: shows [Td Ad] (three of a kind, Tens)
mogoallin: mucks hand
LifeisagameX collected $53.50 from pot
*** SUMMARY ***
Total pot $54 | Rake $0.50
Board [Kc 4h Tc Ts Qd]
Seat 1: LifeisagameX (button) (small blind) showed [Td Ad] and won ($53.50) with three of a kind, Tens
Seat 3: mogoallin (big blind) mucked


PokerStars Hand #166684064492:  Hold'em Limit ($3/$6 USD) - 2017/02/24 0:12:27 ET
Table 'Hudrus' 10-max Seat #1 is the button
Seat 1: LifeisagameX ($227.06 in chips)
Seat 3: mogoallin ($36.32 in chips)
LifeisagameX: posts small blind $1
mogoallin: posts big blind $3
*** HOLE CARDS ***
LifeisagameX: raises $3 to $6
mogoallin: calls $3
*** FLOP *** [7c As 7d]
mogoallin: checks
LifeisagameX: bets $3
mogoallin: folds
Uncalled bet ($3) returned to LifeisagameX
LifeisagameX collected $11.76 from pot
LifeisagameX: doesn't show hand
*** SUMMARY ***
Total pot $12 | Rake $0.24
Board [7c As 7d]
Seat 1: LifeisagameX (button) (small blind) collected ($11.76)
Seat 3: mogoallin (big blind) folded on the Flop


PokerStars Hand #166684051392:  Hold'em Limit ($3/$6 USD) - 2017/02/24 0:11:40 ET
Table 'Hudrus' 10-max Seat #3 is the button
Seat 1: LifeisagameX ($215.54 in chips)
Seat 3: mogoallin ($48.32 in chips)
mogoallin: posts small blind $1
LifeisagameX: posts big blind $3
*** HOLE CARDS ***
mogoallin: raises $3 to $6
LifeisagameX: calls $3
*** FLOP *** [9s 6h 7s]
LifeisagameX: checks
mogoallin: bets $3
LifeisagameX: raises $3 to $6
mogoallin: calls $3
*** TURN *** [9s 6h 7s] [Tc]
LifeisagameX: bets $6
mogoallin: folds
Uncalled bet ($6) returned to LifeisagameX
LifeisagameX collected $23.52 from pot
LifeisagameX: doesn't show hand
*** SUMMARY ***
Total pot $24 | Rake $0.48
Board [9s 6h 7s Tc]
Seat 1: LifeisagameX (big blind) collected ($23.52)
Seat 3: mogoallin (button) (small blind) folded on the Turn


PokerStars Hand #166684077691:  Hold'em Limit ($3/$6 USD) - 2017/02/24 0:13:14 ET
Table 'Hudrus' 10-max Seat #1 is the button
Seat 1: LifeisagameX ($202.50 in chips)
Seat 3: mogoallin ($60.14 in chips)
LifeisagameX: posts small blind $1
mogoallin: posts big blind $3
*** HOLE CARDS ***
LifeisagameX: raises $3 to $6
mogoallin: folds
Uncalled bet ($3) returned to LifeisagameX
LifeisagameX collected $6 from pot
LifeisagameX: doesn't show hand
*** SUMMARY ***
Total pot $6 | Rake $0
Seat 1: LifeisagameX (button) (small blind) collected ($6)
Seat 3: mogoallin (big blind) folded before Flop


PokerStars Hand #166684067996:  Hold'em Limit ($3/$6 USD) - 2017/02/24 0:12:39 ET
Table 'Hudrus' 10-max Seat #3 is the button
Seat 1: LifeisagameX ($232.82 in chips)
Seat 3: mogoallin ($30.32 in chips)
mogoallin: posts small blind $1
LifeisagameX: posts big blind $3
*** HOLE CARDS ***
mogoallin: raises $3 to $6
LifeisagameX: calls $3
*** FLOP *** [7c 2s 8d]
LifeisagameX: checks
mogoallin: checks
*** TURN *** [7c 2s 8d] [Td]
LifeisagameX: bets $6
mogoallin: raises $6 to $12
LifeisagameX: raises $6 to $18
mogoallin: raises $6 to $24
Betting is capped
LifeisagameX: calls $6
*** RIVER *** [7c 2s 8d Td] [Qh]
LifeisagameX: bets $6
mogoallin: calls $0.32 and is all-in
Uncalled bet ($5.68) returned to LifeisagameX
*** SHOW DOWN ***
LifeisagameX: shows [5s 9s] (high card Queen)
mogoallin: shows [Tc 6d] (a pair of Tens)
mogoallin collected $60.14 from pot
*** SUMMARY ***
Total pot $60.64 | Rake $0.50
Board [7c 2s 8d Td Qh]
Seat 1: LifeisagameX (big blind) showed [5s 9s] and lost with high card Queen
Seat 3: mogoallin (button) (small blind) showed [Tc 6d] and won ($60.14) with a pair of Tens


PokerStars Hand #166684079777:  Hold'em Limit ($3/$6 USD) - 2017/02/24 0:13:21 ET
Table 'Hudrus' 10-max Seat #3 is the button
Seat 1: LifeisagameX ($205.50 in chips)
Seat 3: mogoallin ($57.14 in chips)
mogoallin: posts small blind $1
LifeisagameX: posts big blind $3
*** HOLE CARDS ***
mogoallin: folds
Uncalled bet ($2) returned to LifeisagameX
LifeisagameX collected $2 from pot
LifeisagameX: doesn't show hand
*** SUMMARY ***
Total pot $2 | Rake $0
Seat 1: LifeisagameX (big blind) collected ($2)
Seat 3: mogoallin (button) (small blind) folded before Flop


PokerStars Hand #166684081270:  Hold'em Limit ($3/$6 USD) - 2017/02/24 0:13:27 ET
Table 'Hudrus' 10-max Seat #1 is the button
Seat 1: LifeisagameX ($206.50 in chips)
Seat 3: mogoallin ($56.14 in chips)
LifeisagameX: posts small blind $1
mogoallin: posts big blind $3
*** HOLE CARDS ***
LifeisagameX: raises $3 to $6
mogoallin: calls $3
*** FLOP *** [6h 7c 8d]
mogoallin: bets $3
LifeisagameX: calls $3
*** TURN *** [6h 7c 8d] [Td]
mogoallin: bets $6
LifeisagameX: raises $6 to $12
mogoallin: calls $6
*** RIVER *** [6h 7c 8d Td] [2h]
mogoallin: checks
LifeisagameX: checks
*** SHOW DOWN ***
mogoallin: shows [8h Ts] (two pair, Tens and Eights)
LifeisagameX: mucks hand
mogoallin collected $41.50 from pot
*** SUMMARY ***
Total pot $42 | Rake $0.50
Board [6h 7c 8d Td 2h]
Seat 1: LifeisagameX (button) (small blind) mucked
Seat 3: mogoallin (big blind) showed [8h Ts] and won ($41.50) with two pair, Tens and Eights


PokerStars Hand #166684087706:  Hold'em Limit ($3/$6 USD) - 2017/02/24 0:13:50 ET
Table 'Hudrus' 10-max Seat #3 is the button
Seat 1: LifeisagameX ($185.50 in chips)
Seat 3: mogoallin ($76.64 in chips)
mogoallin: posts small blind $1
LifeisagameX: posts big blind $3
*** HOLE CARDS ***
mogoallin: raises $3 to $6
LifeisagameX: calls $3
*** FLOP *** [9s Kc 9h]
LifeisagameX: checks
mogoallin: checks
*** TURN *** [9s Kc 9h] [8h]
LifeisagameX: checks
mogoallin: checks
*** RIVER *** [9s Kc 9h 8h] [Th]
LifeisagameX: checks
mogoallin: bets $6
LifeisagameX: folds
Uncalled bet ($6) returned to mogoallin
mogoallin collected $11.76 from pot
mogoallin: doesn't show hand
*** SUMMARY ***
Total pot $12 | Rake $0.24
Board [9s Kc 9h 8h Th]
Seat 1: LifeisagameX (big blind) folded on the River
Seat 3: mogoallin (button) (small blind) collected ($11.76)


PokerStars Hand #166684110474:  Hold'em Limit ($3/$6 USD) - 2017/02/24 0:15:11 ET
Table 'Hudrus' 10-max Seat #3 is the button
Seat 1: LifeisagameX ($161.50 in chips)
Seat 3: mogoallin ($99.90 in chips)
mogoallin: posts small blind $1
LifeisagameX: posts big blind $3
*** HOLE CARDS ***
mogoallin: raises $3 to $6
LifeisagameX: raises $3 to $9
mogoallin: calls $3
*** FLOP *** [9s 9d Td]
LifeisagameX: bets $3
mogoallin: calls $3
*** TURN *** [9s 9d Td] [Th]
LifeisagameX: bets $6
mogoallin: calls $6
*** RIVER *** [9s 9d Td Th] [Kh]
LifeisagameX: bets $6
mogoallin: calls $6
*** SHOW DOWN ***
LifeisagameX: shows [9h Ad] (a full house, Nines full of Tens)
mogoallin: mucks hand
LifeisagameX collected $47.50 from pot
*** SUMMARY ***
Total pot $48 | Rake $0.50
Board [9s 9d Td Th Kh]
Seat 1: LifeisagameX (big blind) showed [9h Ad] and won ($47.50) with a full house, Nines full of Tens
Seat 3: mogoallin (button) (small blind) mucked


PokerStars Hand #166684123389:  Hold'em Limit ($3/$6 USD) - 2017/02/24 0:15:56 ET
Table 'Hudrus' 10-max Seat #1 is the button
Seat 1: LifeisagameX ($185 in chips)
Seat 3: mogoallin ($75.90 in chips)
LifeisagameX: posts small blind $1
mogoallin: posts big blind $3
*** HOLE CARDS ***
LifeisagameX: raises $3 to $6
mogoallin: raises $3 to $9
LifeisagameX: calls $3
*** FLOP *** [2s 4d 7s]
mogoallin: bets $3
LifeisagameX: calls $3
*** TURN *** [2s 4d 7s] [8s]
mogoallin: bets $6
LifeisagameX: folds
Uncalled bet ($6) returned to mogoallin
mogoallin collected $23.52 from pot
mogoallin: doesn't show hand
*** SUMMARY ***
Total pot $24 | Rake $0.48
Board [2s 4d 7s 8s]
Seat 1: LifeisagameX (button) (small blind) folded on the Turn
Seat 3: mogoallin (big blind) collected ($23.52)


PokerStars Hand #166684134274:  Hold'em Limit ($3/$6 USD) - 2017/02/24 0:16:35 ET
Table 'Hudrus' 10-max Seat #1 is the button
Seat 1: LifeisagameX ($174 in chips)
Seat 3: mogoallin ($86.42 in chips)
LifeisagameX: posts small blind $1
mogoallin: posts big blind $3
*** HOLE CARDS ***
LifeisagameX: raises $3 to $6
mogoallin: folds
Uncalled bet ($3) returned to LifeisagameX
LifeisagameX collected $6 from pot
LifeisagameX: doesn't show hand
*** SUMMARY ***
Total pot $6 | Rake $0
Seat 1: LifeisagameX (button) (small blind) collected ($6)
Seat 3: mogoallin (big blind) folded before Flop


PokerStars Hand #166684132584:  Hold'em Limit ($3/$6 USD) - 2017/02/24 0:16:29 ET
Table 'Hudrus' 10-max Seat #3 is the button
Seat 1: LifeisagameX ($173 in chips)
Seat 3: mogoallin ($87.42 in chips)
mogoallin: posts small blind $1
LifeisagameX: posts big blind $3
*** HOLE CARDS ***
mogoallin: folds
Uncalled bet ($2) returned to LifeisagameX
LifeisagameX collected $2 from pot
LifeisagameX: doesn't show hand
*** SUMMARY ***
Total pot $2 | Rake $0
Seat 1: LifeisagameX (big blind) collected ($2)
Seat 3: mogoallin (button) (small blind) folded before Flop


PokerStars Hand #166684145359:  Hold'em Limit ($3/$6 USD) - 2017/02/24 0:17:14 ET
Table 'Hudrus' 10-max Seat #1 is the button
Seat 1: LifeisagameX ($182.76 in chips)
Seat 3: mogoallin ($77.42 in chips)
LifeisagameX: posts small blind $1
mogoallin: posts big blind $3
*** HOLE CARDS ***
LifeisagameX: raises $3 to $6
mogoallin: raises $3 to $9
LifeisagameX: calls $3
*** FLOP *** [Kd Qc 8d]
mogoallin: bets $3
LifeisagameX: folds
Uncalled bet ($3) returned to mogoallin
mogoallin collected $17.64 from pot
mogoallin: doesn't show hand
*** SUMMARY ***
Total pot $18 | Rake $0.36
Board [Kd Qc 8d]
Seat 1: LifeisagameX (button) (small blind) folded on the Flop
Seat 3: mogoallin (big blind) collected ($17.64)


PokerStars Hand #166684136171:  Hold'em Limit ($3/$6 USD) - 2017/02/24 0:16:41 ET
Table 'Hudrus' 10-max Seat #3 is the button
Seat 1: LifeisagameX ($177 in chips)
Seat 3: mogoallin ($83.42 in chips)
mogoallin: posts small blind $1
LifeisagameX: posts big blind $3
*** HOLE CARDS ***
mogoallin: raises $3 to $6
LifeisagameX: calls $3
*** FLOP *** [9d Ts 9c]
LifeisagameX: checks
mogoallin: checks
*** TURN *** [9d Ts 9c] [Ah]
LifeisagameX: checks
mogoallin: checks
*** RIVER *** [9d Ts 9c Ah] [4d]
LifeisagameX: checks
mogoallin: checks
*** SHOW DOWN ***
LifeisagameX: shows [4h Kd] (two pair, Nines and Fours)
mogoallin: mucks hand
LifeisagameX collected $11.76 from pot
*** SUMMARY ***
Total pot $12 | Rake $0.24
Board [9d Ts 9c Ah 4d]
Seat 1: LifeisagameX (big blind) showed [4h Kd] and won ($11.76) with two pair, Nines and Fours
Seat 3: mogoallin (button) (small blind) mucked


PokerStars Hand #166684150282:  Hold'em Limit ($3/$6 USD) - 2017/02/24 0:17:31 ET
Table 'Hudrus' 10-max Seat #3 is the button
Seat 1: LifeisagameX ($173.76 in chips)
Seat 3: mogoallin ($86.06 in chips)
mogoallin: posts small blind $1
LifeisagameX: posts big blind $3
*** HOLE CARDS ***
mogoallin: raises $3 to $6
LifeisagameX: calls $3
*** FLOP *** [5c Kc 8s]
LifeisagameX: checks
mogoallin: checks
*** TURN *** [5c Kc 8s] [4s]
LifeisagameX: bets $6
mogoallin: calls $6
*** RIVER *** [5c Kc 8s 4s] [2s]
LifeisagameX: bets $6
mogoallin: calls $6
*** SHOW DOWN ***
LifeisagameX: shows [4c Kh] (two pair, Kings and Fours)
mogoallin: mucks hand
LifeisagameX collected $35.50 from pot
*** SUMMARY ***
Total pot $36 | Rake $0.50
Board [5c Kc 8s 4s 2s]
Seat 1: LifeisagameX (big blind) showed [4c Kh] and won ($35.50) with two pair, Kings and Fours
Seat 3: mogoallin (button) (small blind) mucked


PokerStars Hand #166684163097:  Hold'em Limit ($3/$6 USD) - 2017/02/24 0:18:18 ET
Table 'Hudrus' 10-max Seat #3 is the button
Seat 1: LifeisagameX ($182.26 in chips)
Seat 3: mogoallin ($76.70 in chips)
mogoallin: posts small blind $1
LifeisagameX: posts big blind $3
*** HOLE CARDS ***
mogoallin: raises $3 to $6
LifeisagameX: calls $3
*** FLOP *** [3d 3s Qd]
LifeisagameX: checks
mogoallin: bets $3
LifeisagameX: raises $3 to $6
mogoallin: raises $3 to $9
LifeisagameX: raises $3 to $12
Betting is capped
mogoallin: calls $3
*** TURN *** [3d 3s Qd] [6s]
LifeisagameX: bets $6
mogoallin: calls $6
*** RIVER *** [3d 3s Qd 6s] [9s]
LifeisagameX: bets $6
mogoallin: raises $6 to $12
LifeisagameX: calls $6
*** SHOW DOWN ***
mogoallin: shows [9h 9d] (a full house, Nines full of Threes)
LifeisagameX: mucks hand
mogoallin collected $71.50 from pot
*** SUMMARY ***
Total pot $72 | Rake $0.50
Board [3d 3s Qd 6s 9s]
Seat 1: LifeisagameX (big blind) mucked
Seat 3: mogoallin (button) (small blind) showed [9h 9d] and won ($71.50) with a full house, Nines full of Threes


PokerStars Hand #166684155727:  Hold'em Limit ($3/$6 USD) - 2017/02/24 0:17:51 ET
Table 'Hudrus' 10-max Seat #1 is the button
Seat 1: LifeisagameX ($191.26 in chips)
Seat 3: mogoallin ($68.06 in chips)
LifeisagameX: posts small blind $1
mogoallin: posts big blind $3
*** HOLE CARDS ***
LifeisagameX: raises $3 to $6
mogoallin: calls $3
*** FLOP *** [2h 7c Qd]
mogoallin: checks
LifeisagameX: bets $3
mogoallin: raises $3 to $6
LifeisagameX: folds
Uncalled bet ($3) returned to mogoallin
mogoallin collected $17.64 from pot
mogoallin: doesn't show hand
*** SUMMARY ***
Total pot $18 | Rake $0.36
Board [2h 7c Qd]
Seat 1: LifeisagameX (button) (small blind) folded on the Flop
Seat 3: mogoallin (big blind) collected ($17.64)


PokerStars Hand #166684174245:  Hold'em Limit ($3/$6 USD) - 2017/02/24 0:18:57 ET
Table 'Hudrus' 10-max Seat #1 is the button
Seat 1: LifeisagameX ($146.26 in chips)
Seat 3: mogoallin ($112.20 in chips)
LifeisagameX: posts small blind $1
mogoallin: posts big blind $3
*** HOLE CARDS ***
LifeisagameX: raises $3 to $6
mogoallin: calls $3
*** FLOP *** [Ad 7d 7s]
mogoallin: checks
LifeisagameX: bets $3
mogoallin: folds
Uncalled bet ($3) returned to LifeisagameX
LifeisagameX collected $11.76 from pot
LifeisagameX: doesn't show hand
*** SUMMARY ***
Total pot $12 | Rake $0.24
Board [Ad 7d 7s]
Seat 1: LifeisagameX (button) (small blind) collected ($11.76)
Seat 3: mogoallin (big blind) folded on the Flop


PokerStars Hand #166684178467:  Hold'em Limit ($3/$6 USD) - 2017/02/24 0:19:12 ET
Table 'Hudrus' 10-max Seat #3 is the button
Seat 1: LifeisagameX ($152.02 in chips)
Seat 3: mogoallin ($106.20 in chips)
mogoallin: posts small blind $1
LifeisagameX: posts big blind $3
*** HOLE CARDS ***
mogoallin: raises $3 to $6
LifeisagameX: calls $3
*** FLOP *** [2h Qc Ks]
LifeisagameX: checks
mogoallin: checks
*** TURN *** [2h Qc Ks] [Ac]
LifeisagameX: checks
mogoallin: checks
*** RIVER *** [2h Qc Ks Ac] [Jc]
LifeisagameX: bets $6
mogoallin: raises $6 to $12
LifeisagameX: calls $6
*** SHOW DOWN ***
mogoallin: shows [9d Th] (a straight, Ten to Ace)
LifeisagameX: mucks hand
mogoallin collected $35.50 from pot
*** SUMMARY ***
Total pot $36 | Rake $0.50
Board [2h Qc Ks Ac Jc]
Seat 1: LifeisagameX (big blind) mucked
Seat 3: mogoallin (button) (small blind) showed [9d Th] and won ($35.50) with a straight, Ten to Ace


PokerStars Hand #166684193672:  Hold'em Limit ($3/$6 USD) - 2017/02/24 0:20:06 ET
Table 'Hudrus' 10-max Seat #3 is the button
Seat 1: LifeisagameX ($128.02 in chips)
Seat 3: mogoallin ($129.46 in chips)
mogoallin: posts small blind $1
LifeisagameX: posts big blind $3
*** HOLE CARDS ***
mogoallin: folds
Uncalled bet ($2) returned to LifeisagameX
LifeisagameX collected $2 from pot
LifeisagameX: doesn't show hand
*** SUMMARY ***
Total pot $2 | Rake $0
Seat 1: LifeisagameX (big blind) collected ($2)
Seat 3: mogoallin (button) (small blind) folded before Flop


PokerStars Hand #166684188563:  Hold'em Limit ($3/$6 USD) - 2017/02/24 0:19:48 ET
Table 'Hudrus' 10-max Seat #1 is the button
Seat 1: LifeisagameX ($134.02 in chips)
Seat 3: mogoallin ($123.70 in chips)
LifeisagameX: posts small blind $1
mogoallin: posts big blind $3
*** HOLE CARDS ***
LifeisagameX: raises $3 to $6
mogoallin: calls $3
*** FLOP *** [3s Ah Kd]
mogoallin: bets $3
LifeisagameX: folds
Uncalled bet ($3) returned to mogoallin
mogoallin collected $11.76 from pot
mogoallin: doesn't show hand
*** SUMMARY ***
Total pot $12 | Rake $0.24
Board [3s Ah Kd]
Seat 1: LifeisagameX (button) (small blind) folded on the Flop
Seat 3: mogoallin (big blind) collected ($11.76)


PokerStars Hand #166684210337:  Hold'em Limit ($3/$6 USD) - 2017/02/24 0:21:05 ET
Table 'Hudrus' 10-max Seat #3 is the button
Seat 1: LifeisagameX ($137.66 in chips)
Seat 3: mogoallin ($119.46 in chips)
mogoallin: posts small blind $1
LifeisagameX: posts big blind $3
*** HOLE CARDS ***
mogoallin: raises $3 to $6
LifeisagameX: raises $3 to $9
mogoallin: raises $3 to $12
Betting is capped
LifeisagameX: calls $3
*** FLOP *** [Ad 3c Kh]
LifeisagameX: checks
mogoallin: bets $3
LifeisagameX: folds
Uncalled bet ($3) returned to mogoallin
mogoallin collected $23.52 from pot
mogoallin: doesn't show hand
*** SUMMARY ***
Total pot $24 | Rake $0.48
Board [Ad 3c Kh]
Seat 1: LifeisagameX (big blind) folded on the Flop
Seat 3: mogoallin (button) (small blind) collected ($23.52)


PokerStars Hand #166684195307:  Hold'em Limit ($3/$6 USD) - 2017/02/24 0:20:12 ET
Table 'Hudrus' 10-max Seat #1 is the button
Seat 1: LifeisagameX ($129.02 in chips)
Seat 3: mogoallin ($128.46 in chips)
LifeisagameX: posts small blind $1
mogoallin: posts big blind $3
*** HOLE CARDS ***
LifeisagameX: raises $3 to $6
mogoallin: calls $3
*** FLOP *** [Th 3d 9c]
mogoallin: checks
LifeisagameX: bets $3
mogoallin: calls $3
*** TURN *** [Th 3d 9c] [6h]
mogoallin: checks
LifeisagameX: bets $6
mogoallin: folds
Uncalled bet ($6) returned to LifeisagameX
LifeisagameX collected $17.64 from pot
LifeisagameX: doesn't show hand
*** SUMMARY ***
Total pot $18 | Rake $0.36
Board [Th 3d 9c 6h]
Seat 1: LifeisagameX (button) (small blind) collected ($17.64)
Seat 3: mogoallin (big blind) folded on the Turn


PokerStars Hand #166684218935:  Hold'em Limit ($3/$6 USD) - 2017/02/24 0:21:36 ET
Table 'Hudrus' 10-max Seat #1 is the button
Seat 1: LifeisagameX ($125.66 in chips)
Seat 3: mogoallin ($130.98 in chips)
LifeisagameX: posts small blind $1
mogoallin: posts big blind $3
*** HOLE CARDS ***
DuderDeluxe joins the table at seat #10
LifeisagameX: raises $3 to $6
mogoallin: calls $3
*** FLOP *** [4c Jh 8d]
mogoallin: checks
DuderDeluxe leaves the table
LifeisagameX: bets $3
mogoallin: calls $3
*** TURN *** [4c Jh 8d] [3d]
mogoallin: checks
LifeisagameX: bets $6
mogoallin: calls $6
*** RIVER *** [4c Jh 8d 3d] [2h]
mogoallin: bets $6
LifeisagameX: raises $6 to $12
mogoallin: raises $6 to $18
LifeisagameX: calls $6
*** SHOW DOWN ***
mogoallin: shows [Ac 5d] (a straight, Ace to Five)
LifeisagameX: mucks hand
mogoallin collected $65.50 from pot
*** SUMMARY ***
Total pot $66 | Rake $0.50
Board [4c Jh 8d 3d 2h]
Seat 1: LifeisagameX (button) (small blind) mucked
Seat 3: mogoallin (big blind) showed [Ac 5d] and won ($65.50) with a straight, Ace to Five


PokerStars Hand #166684231944:  Hold'em Limit ($3/$6 USD) - 2017/02/24 0:22:21 ET
Table 'Hudrus' 10-max Seat #3 is the button
Seat 1: LifeisagameX ($92.66 in chips)
Seat 3: mogoallin ($163.48 in chips)
mogoallin: posts small blind $1
LifeisagameX: posts big blind $3
*** HOLE CARDS ***
mogoallin: raises $3 to $6
LifeisagameX: calls $3
*** FLOP *** [Th 5s 7d]
LifeisagameX: checks
mogoallin: checks
*** TURN *** [Th 5s 7d] [9d]
LifeisagameX: bets $6
mogoallin: calls $6
*** RIVER *** [Th 5s 7d 9d] [9h]
LifeisagameX: bets $6
mogoallin: folds
Uncalled bet ($6) returned to LifeisagameX
LifeisagameX collected $23.52 from pot
LifeisagameX: doesn't show hand
*** SUMMARY ***
Total pot $24 | Rake $0.48
Board [Th 5s 7d 9d 9h]
Seat 1: LifeisagameX (big blind) collected ($23.52)
Seat 3: mogoallin (button) (small blind) folded on the River


PokerStars Hand #166684246132:  Hold'em Limit ($3/$6 USD) - 2017/02/24 0:23:12 ET
Table 'Hudrus' 10-max Seat #3 is the button
Seat 1: LifeisagameX ($95.18 in chips)
Seat 3: mogoallin ($160.12 in chips)
mogoallin: posts small blind $1
LifeisagameX: posts big blind $3
*** HOLE CARDS ***
mogoallin: raises $3 to $6
LifeisagameX: folds
Uncalled bet ($3) returned to mogoallin
mogoallin collected $6 from pot
mogoallin: doesn't show hand
*** SUMMARY ***
Total pot $6 | Rake $0
Seat 1: LifeisagameX (big blind) folded before Flop
Seat 3: mogoallin (button) (small blind) collected ($6)


PokerStars Hand #166684241344:  Hold'em Limit ($3/$6 USD) - 2017/02/24 0:22:55 ET
Table 'Hudrus' 10-max Seat #1 is the button
Seat 1: LifeisagameX ($104.18 in chips)
Seat 3: mogoallin ($151.48 in chips)
LifeisagameX: posts small blind $1
mogoallin: posts big blind $3
*** HOLE CARDS ***
LifeisagameX: raises $3 to $6
mogoallin: raises $3 to $9
LifeisagameX: calls $3
*** FLOP *** [Jh 3h Kh]
mogoallin: bets $3
LifeisagameX: folds
Uncalled bet ($3) returned to mogoallin
mogoallin collected $17.64 from pot
mogoallin: doesn't show hand
*** SUMMARY ***
Total pot $18 | Rake $0.36
Board [Jh 3h Kh]
Seat 1: LifeisagameX (button) (small blind) folded on the Flop
Seat 3: mogoallin (big blind) collected ($17.64)


PokerStars Hand #166684336267:  Hold'em Limit ($3/$6 USD) - 2017/02/24 0:28:03 ET
Table 'Hudrus' 10-max Seat #5 is the button
Seat 3: mogoallin ($473.76 in chips)
Seat 5: jazh0le ($138.35 in chips)
jazh0le: posts small blind $1
mogoallin: posts big blind $3
*** HOLE CARDS ***
jazh0le: folds
Uncalled bet ($2) returned to mogoallin
mogoallin collected $2 from pot
mogoallin: doesn't show hand
*** SUMMARY ***
Total pot $2 | Rake $0
Seat 3: mogoallin (big blind) collected ($2)
Seat 5: jazh0le (button) (small blind) folded before Flop


