PokerStars Hand #149735439594:  Hold'em Limit ($3/$6 USD) - 2016/03/02 15:28:09 ET
Table 'Huenna II' 6-max Seat #5 is the button
Seat 4: AzureCaper ($303.27 in chips)
Seat 5: MYKURA20 ($133.11 in chips)
MYKURA20: posts small blind $1
AzureCaper: posts big blind $3
*** HOLE CARDS ***
MYKURA20: folds
Uncalled bet ($2) returned to AzureCaper
AzureCaper collected $2 from pot
AzureCaper leaves the table
*** SUMMARY ***
Total pot $2 | Rake $0
Seat 4: AzureCaper (big blind) collected ($2)
Seat 5: MYKURA20 (button) (small blind) folded before Flop


PokerStars Hand #149735420623:  Hold'em Limit ($3/$6 USD) - 2016/03/02 15:27:49 ET
Table 'Huenna II' 6-max Seat #4 is the button
Seat 4: AzureCaper ($312.27 in chips)
Seat 5: MYKURA20 ($124.47 in chips)
AzureCaper: posts small blind $1
MYKURA20: posts big blind $3
*** HOLE CARDS ***
AzureCaper: raises $3 to $6
bugsbubble leaves the table
MYKURA20: calls $3
*** FLOP *** [As Jd 5h]
MYKURA20: checks
AzureCaper: bets $3
MYKURA20: calls $3
*** TURN *** [As Jd 5h] [4c]
MYKURA20: checks
AzureCaper: checks
*** RIVER *** [As Jd 5h 4c] [Ac]
MYKURA20: bets $6
AzureCaper: folds
Uncalled bet ($6) returned to MYKURA20
MYKURA20 collected $17.64 from pot
MYKURA20: doesn't show hand
*** SUMMARY ***
Total pot $18 | Rake $0.36
Board [As Jd 5h 4c Ac]
Seat 4: AzureCaper (button) (small blind) folded on the River
Seat 5: MYKURA20 (big blind) collected ($17.64)


PokerStars Hand #149735394769:  Hold'em Limit ($3/$6 USD) - 2016/03/02 15:27:23 ET
Table 'Huenna II' 6-max Seat #5 is the button
Seat 4: AzureCaper ($348.27 in chips)
Seat 5: MYKURA20 ($88.97 in chips)
MYKURA20: posts small blind $1
Chessnok: is sitting out
bugsbubble: is sitting out
ValeryRon: is sitting out
AzureCaper: posts big blind $3
*** HOLE CARDS ***
MYKURA20: raises $3 to $6
AzureCaper: raises $3 to $9
ValeryRon leaves the table
MYKURA20: calls $3
*** FLOP *** [6s 5c 9s]
Chessnok leaves the table
AzureCaper: bets $3
MYKURA20: calls $3
*** TURN *** [6s 5c 9s] [4c]
AzureCaper: bets $6
MYKURA20: raises $6 to $12
AzureCaper: raises $6 to $18
MYKURA20: calls $6
*** RIVER *** [6s 5c 9s 4c] [2c]
AzureCaper: bets $6
MYKURA20: raises $6 to $12
AzureCaper: folds
Uncalled bet ($6) returned to MYKURA20
MYKURA20 collected $71.50 from pot
MYKURA20: doesn't show hand
*** SUMMARY ***
Total pot $72 | Rake $0.50
Board [6s 5c 9s 4c 2c]
Seat 4: AzureCaper (big blind) folded on the River
Seat 5: MYKURA20 (button) (small blind) collected ($71.50)


