PokerStars Hand #147587140073:  Hold'em Limit ($3/$6 USD) - 2016/01/24 7:28:03 ET
Table 'Huenna II' 2-max Seat #2 is the button
Seat 1: jl45259071 ($123 in chips)
Seat 2: Pandakey ($146.02 in chips)
Pandakey: posts small blind $1
jl45259071: posts big blind $3
*** HOLE CARDS ***
Pandakey: folds
Uncalled bet ($2) returned to jl45259071
jl45259071 collected $2 from pot
jl45259071: doesn't show hand
*** SUMMARY ***
Total pot $2 | Rake $0
Seat 1: jl45259071 (big blind) collected ($2)
Seat 2: Pandakey (button) (small blind) folded before Flop


PokerStars Hand #147587126979:  Hold'em Limit ($3/$6 USD) - 2016/01/24 7:27:43 ET
Table 'Huenna II' 2-max Seat #1 is the button
Seat 1: jl45259071 ($135 in chips)
Seat 2: Pandakey ($134.50 in chips)
jl45259071: posts small blind $1
Pandakey: posts big blind $3
*** HOLE CARDS ***
jl45259071: calls $2
Pandakey: checks
*** FLOP *** [7d 2c Jd]
Pandakey: bets $3
jl45259071: calls $3
*** TURN *** [7d 2c Jd] [9h]
Pandakey: bets $6
jl45259071: calls $6
*** RIVER *** [7d 2c Jd 9h] [Qc]
Pandakey: bets $6
jl45259071: folds
Uncalled bet ($6) returned to Pandakey
Pandakey collected $23.52 from pot
Pandakey: doesn't show hand
*** SUMMARY ***
Total pot $24 | Rake $0.48
Board [7d 2c Jd 9h Qc]
Seat 1: jl45259071 (button) (small blind) folded on the River
Seat 2: Pandakey (big blind) collected ($23.52)


PokerStars Hand #147587099592:  Hold'em Limit ($3/$6 USD) - 2016/01/24 7:27:02 ET
Table 'Huenna II' 2-max Seat #2 is the button
Seat 1: jl45259071 ($150 in chips)
Seat 2: Pandakey ($120 in chips)
Pandakey: posts small blind $1
jl45259071: posts big blind $3
*** HOLE CARDS ***
Pandakey: raises $3 to $6
jl45259071: calls $3
*** FLOP *** [2d 4c Th]
jl45259071: checks
Pandakey: bets $3
jl45259071: calls $3
*** TURN *** [2d 4c Th] [5c]
jl45259071: checks
Pandakey: checks
*** RIVER *** [2d 4c Th 5c] [Kh]
jl45259071: bets $6
Pandakey: raises $6 to $12
jl45259071: folds
Uncalled bet ($6) returned to Pandakey
Pandakey collected $29.50 from pot
Pandakey: doesn't show hand
*** SUMMARY ***
Total pot $30 | Rake $0.50
Board [2d 4c Th 5c Kh]
Seat 1: jl45259071 (big blind) folded on the River
Seat 2: Pandakey (button) (small blind) collected ($29.50)


PokerStars Hand #147587182206:  Hold'em Limit ($3/$6 USD) - 2016/01/24 7:29:06 ET
Table 'Huenna II' 2-max Seat #1 is the button
Seat 1: jl45259071 ($141.50 in chips)
Seat 2: Pandakey ($126.78 in chips)
jl45259071: posts small blind $1
Pandakey: posts big blind $3
*** HOLE CARDS ***
jl45259071: calls $2
Pandakey: raises $3 to $6
jl45259071: calls $3
*** FLOP *** [8s Tc 7s]
Pandakey: bets $3
jl45259071: calls $3
*** TURN *** [8s Tc 7s] [Kd]
Pandakey: bets $6
jl45259071: folds
Uncalled bet ($6) returned to Pandakey
Pandakey collected $17.64 from pot
Pandakey: doesn't show hand
*** SUMMARY ***
Total pot $18 | Rake $0.36
Board [8s Tc 7s Kd]
Seat 1: jl45259071 (button) (small blind) folded on the Turn
Seat 2: Pandakey (big blind) collected ($17.64)


PokerStars Hand #147587171594:  Hold'em Limit ($3/$6 USD) - 2016/01/24 7:28:50 ET
Table 'Huenna II' 2-max Seat #2 is the button
Seat 1: jl45259071 ($147.50 in chips)
Seat 2: Pandakey ($121.02 in chips)
Pandakey: posts small blind $1
jl45259071: posts big blind $3
*** HOLE CARDS ***
Pandakey: raises $3 to $6
jl45259071: calls $3
*** FLOP *** [5s Ad Qc]
jl45259071: checks
Pandakey: bets $3
jl45259071: folds
Uncalled bet ($3) returned to Pandakey
Pandakey collected $11.76 from pot
Pandakey: doesn't show hand
*** SUMMARY ***
Total pot $12 | Rake $0.24
Board [5s Ad Qc]
Seat 1: jl45259071 (big blind) folded on the Flop
Seat 2: Pandakey (button) (small blind) collected ($11.76)


PokerStars Hand #147587168104:  Hold'em Limit ($3/$6 USD) - 2016/01/24 7:28:45 ET
Table 'Huenna II' 2-max Seat #1 is the button
Seat 1: jl45259071 ($148.50 in chips)
Seat 2: Pandakey ($120.02 in chips)
jl45259071: posts small blind $1
Pandakey: posts big blind $3
*** HOLE CARDS ***
jl45259071: folds
Uncalled bet ($2) returned to Pandakey
Pandakey collected $2 from pot
Pandakey: doesn't show hand
*** SUMMARY ***
Total pot $2 | Rake $0
Seat 1: jl45259071 (button) (small blind) folded before Flop
Seat 2: Pandakey (big blind) collected ($2)


PokerStars Hand #147587164846:  Hold'em Limit ($3/$6 USD) - 2016/01/24 7:28:40 ET
Table 'Huenna II' 2-max Seat #2 is the button
Seat 1: jl45259071 ($147.50 in chips)
Seat 2: Pandakey ($121.02 in chips)
Pandakey: posts small blind $1
jl45259071: posts big blind $3
*** HOLE CARDS ***
Pandakey: folds
Uncalled bet ($2) returned to jl45259071
jl45259071 collected $2 from pot
jl45259071: doesn't show hand
*** SUMMARY ***
Total pot $2 | Rake $0
Seat 1: jl45259071 (big blind) collected ($2)
Seat 2: Pandakey (button) (small blind) folded before Flop


PokerStars Hand #147587150858:  Hold'em Limit ($3/$6 USD) - 2016/01/24 7:28:19 ET
Table 'Huenna II' 2-max Seat #1 is the button
Seat 1: jl45259071 ($124 in chips)
Seat 2: Pandakey ($145.02 in chips)
jl45259071: posts small blind $1
Pandakey: posts big blind $3
*** HOLE CARDS ***
jl45259071: calls $2
Pandakey: raises $3 to $6
jl45259071: calls $3
*** FLOP *** [As 7d Kc]
Pandakey: bets $3
jl45259071: raises $3 to $6
Pandakey: calls $3
*** TURN *** [As 7d Kc] [Ah]
Pandakey: checks
jl45259071: bets $6
Pandakey: calls $6
*** RIVER *** [As 7d Kc Ah] [6h]
Pandakey: checks
jl45259071: bets $6
Pandakey: calls $6
*** SHOW DOWN ***
jl45259071: shows [5s Ad] (three of a kind, Aces)
Pandakey: mucks hand
jl45259071 collected $47.50 from pot
*** SUMMARY ***
Total pot $48 | Rake $0.50
Board [As 7d Kc Ah 6h]
Seat 1: jl45259071 (button) (small blind) showed [5s Ad] and won ($47.50) with three of a kind, Aces
Seat 2: Pandakey (big blind) mucked


PokerStars Hand #147587224470:  Hold'em Limit ($3/$6 USD) - 2016/01/24 7:30:09 ET
Table 'Huenna II' 2-max Seat #2 is the button
Seat 1: jl45259071 ($111.38 in chips)
Seat 2: Pandakey ($155.92 in chips)
Pandakey: posts small blind $1
jl45259071: posts big blind $3
*** HOLE CARDS ***
Pandakey: folds
Uncalled bet ($2) returned to jl45259071
jl45259071 collected $2 from pot
jl45259071: doesn't show hand
*** SUMMARY ***
Total pot $2 | Rake $0
Seat 1: jl45259071 (big blind) collected ($2)
Seat 2: Pandakey (button) (small blind) folded before Flop


PokerStars Hand #147587217820:  Hold'em Limit ($3/$6 USD) - 2016/01/24 7:29:59 ET
Table 'Huenna II' 2-max Seat #1 is the button
Seat 1: jl45259071 ($108.50 in chips)
Seat 2: Pandakey ($158.92 in chips)
jl45259071: posts small blind $1
Pandakey: posts big blind $3
*** HOLE CARDS ***
jl45259071: calls $2
Pandakey: checks
*** FLOP *** [Qh Kc Js]
Pandakey: checks
jl45259071: bets $3
Pandakey: folds
Uncalled bet ($3) returned to jl45259071
jl45259071 collected $5.88 from pot
jl45259071: doesn't show hand
*** SUMMARY ***
Total pot $6 | Rake $0.12
Board [Qh Kc Js]
Seat 1: jl45259071 (button) (small blind) collected ($5.88)
Seat 2: Pandakey (big blind) folded on the Flop


PokerStars Hand #147587190919:  Hold'em Limit ($3/$6 USD) - 2016/01/24 7:29:19 ET
Table 'Huenna II' 2-max Seat #2 is the button
Seat 1: jl45259071 ($132.50 in chips)
Seat 2: Pandakey ($135.42 in chips)
Pandakey: posts small blind $1
jl45259071: posts big blind $3
*** HOLE CARDS ***
Pandakey: raises $3 to $6
jl45259071: raises $3 to $9
Pandakey: calls $3
*** FLOP *** [6d 9d 2h]
jl45259071: bets $3
Pandakey: calls $3
*** TURN *** [6d 9d 2h] [3h]
jl45259071: bets $6
Pandakey: raises $6 to $12
jl45259071: calls $6
*** RIVER *** [6d 9d 2h 3h] [8d]
jl45259071: checks
Pandakey: bets $6
jl45259071: folds
Uncalled bet ($6) returned to Pandakey
Pandakey collected $47.50 from pot
Pandakey: doesn't show hand
*** SUMMARY ***
Total pot $48 | Rake $0.50
Board [6d 9d 2h 3h 8d]
Seat 1: jl45259071 (big blind) folded on the River
Seat 2: Pandakey (button) (small blind) collected ($47.50)


PokerStars Hand #147587270827:  Hold'em Limit ($3/$6 USD) - 2016/01/24 7:31:17 ET
Table 'Huenna II' 2-max Seat #2 is the button
Seat 1: jl45259071 ($123.78 in chips)
Seat 2: Pandakey ($142.80 in chips)
Pandakey: posts small blind $1
jl45259071: posts big blind $3
*** HOLE CARDS ***
Pandakey: raises $3 to $6
jl45259071: calls $3
*** FLOP *** [3s 5c Ac]
jl45259071: checks
Pandakey: bets $3
jl45259071: calls $3
*** TURN *** [3s 5c Ac] [7s]
jl45259071: checks
Pandakey: bets $6
jl45259071: calls $6
*** RIVER *** [3s 5c Ac 7s] [Kc]
jl45259071: checks
Pandakey: bets $6
jl45259071: raises $6 to $12
Pandakey: calls $6
*** SHOW DOWN ***
jl45259071: shows [Qc 8c] (a flush, Ace high)
Pandakey: mucks hand
jl45259071 collected $53.50 from pot
*** SUMMARY ***
Total pot $54 | Rake $0.50
Board [3s 5c Ac 7s Kc]
Seat 1: jl45259071 (big blind) showed [Qc 8c] and won ($53.50) with a flush, Ace high
Seat 2: Pandakey (button) (small blind) mucked


PokerStars Hand #147587295059:  Hold'em Limit ($3/$6 USD) - 2016/01/24 7:31:53 ET
Table 'Huenna II' 2-max Seat #1 is the button
Seat 1: jl45259071 ($150.28 in chips)
Seat 2: Pandakey ($115.80 in chips)
jl45259071: posts small blind $1
Pandakey: posts big blind $3
*** HOLE CARDS ***
jl45259071: calls $2
Pandakey: checks
*** FLOP *** [7s Kh 6h]
Pandakey: checks
jl45259071: checks
*** TURN *** [7s Kh 6h] [5s]
Pandakey: bets $6
jl45259071: calls $6
*** RIVER *** [7s Kh 6h 5s] [3c]
Pandakey: checks
jl45259071: checks
*** SHOW DOWN ***
Pandakey: shows [2d 7h] (a pair of Sevens)
jl45259071: mucks hand
Pandakey collected $17.64 from pot
*** SUMMARY ***
Total pot $18 | Rake $0.36
Board [7s Kh 6h 5s 3c]
Seat 1: jl45259071 (button) (small blind) mucked
Seat 2: Pandakey (big blind) showed [2d 7h] and won ($17.64) with a pair of Sevens


PokerStars Hand #147587316989:  Hold'em Limit ($3/$6 USD) - 2016/01/24 7:32:25 ET
Table 'Huenna II' 2-max Seat #2 is the button
Seat 1: jl45259071 ($141.28 in chips)
Seat 2: Pandakey ($124.44 in chips)
Pandakey: posts small blind $1
jl45259071: posts big blind $3
*** HOLE CARDS ***
Pandakey: raises $3 to $6
jl45259071: calls $3
*** FLOP *** [4c 3c 2c]
jl45259071: checks
Pandakey: bets $3
jl45259071: calls $3
*** TURN *** [4c 3c 2c] [4d]
jl45259071: checks
Pandakey: bets $6
jl45259071: calls $6
*** RIVER *** [4c 3c 2c 4d] [Qd]
jl45259071: checks
Pandakey: bets $6
jl45259071: calls $6
*** SHOW DOWN ***
Pandakey: shows [6c 5s] (a straight, Deuce to Six)
jl45259071: mucks hand
Pandakey collected $41.50 from pot
*** SUMMARY ***
Total pot $42 | Rake $0.50
Board [4c 3c 2c 4d Qd]
Seat 1: jl45259071 (big blind) mucked
Seat 2: Pandakey (button) (small blind) showed [6c 5s] and won ($41.50) with a straight, Deuce to Six


PokerStars Hand #147587329630:  Hold'em Limit ($3/$6 USD) - 2016/01/24 7:32:43 ET
Table 'Huenna II' 2-max Seat #1 is the button
Seat 1: jl45259071 ($120.28 in chips)
Seat 2: Pandakey ($144.94 in chips)
jl45259071: posts small blind $1
Pandakey: posts big blind $3
*** HOLE CARDS ***
jl45259071: calls $2
Pandakey: checks
*** FLOP *** [9d Ah Qd]
Pandakey: bets $3
jl45259071: raises $3 to $6
Pandakey: folds
Uncalled bet ($3) returned to jl45259071
jl45259071 collected $11.76 from pot
jl45259071: doesn't show hand
*** SUMMARY ***
Total pot $12 | Rake $0.24
Board [9d Ah Qd]
Seat 1: jl45259071 (button) (small blind) collected ($11.76)
Seat 2: Pandakey (big blind) folded on the Flop


PokerStars Hand #147587338845:  Hold'em Limit ($3/$6 USD) - 2016/01/24 7:32:57 ET
Table 'Huenna II' 2-max Seat #2 is the button
Seat 1: jl45259071 ($126.04 in chips)
Seat 2: Pandakey ($138.94 in chips)
Pandakey: posts small blind $1
jl45259071: posts big blind $3
*** HOLE CARDS ***
Pandakey: raises $3 to $6
jl45259071: calls $3
*** FLOP *** [2s 4d 3d]
jl45259071: checks
Pandakey: bets $3
jl45259071: calls $3
*** TURN *** [2s 4d 3d] [9d]
jl45259071: checks
Pandakey: bets $6
jl45259071: calls $6
*** RIVER *** [2s 4d 3d 9d] [8c]
jl45259071: checks
Pandakey: bets $6
jl45259071: calls $6
*** SHOW DOWN ***
Pandakey: shows [4s 5s] (a pair of Fours)
jl45259071: mucks hand
Pandakey collected $41.50 from pot
*** SUMMARY ***
Total pot $42 | Rake $0.50
Board [2s 4d 3d 9d 8c]
Seat 1: jl45259071 (big blind) mucked
Seat 2: Pandakey (button) (small blind) showed [4s 5s] and won ($41.50) with a pair of Fours


PokerStars Hand #147587369661:  Hold'em Limit ($3/$6 USD) - 2016/01/24 7:33:42 ET
Table 'Huenna II' 2-max Seat #1 is the button
Seat 1: jl45259071 ($105.04 in chips)
Seat 2: Pandakey ($159.44 in chips)
jl45259071: posts small blind $1
Pandakey: posts big blind $3
*** HOLE CARDS ***
jl45259071: calls $2
Pandakey: checks
*** FLOP *** [3d 2c 2s]
Pandakey: checks
jl45259071: bets $3
Pandakey: folds
Uncalled bet ($3) returned to jl45259071
jl45259071 collected $5.88 from pot
jl45259071: doesn't show hand
*** SUMMARY ***
Total pot $6 | Rake $0.12
Board [3d 2c 2s]
Seat 1: jl45259071 (button) (small blind) collected ($5.88)
Seat 2: Pandakey (big blind) folded on the Flop


PokerStars Hand #147587377696:  Hold'em Limit ($3/$6 USD) - 2016/01/24 7:33:53 ET
Table 'Huenna II' 2-max Seat #2 is the button
Seat 1: jl45259071 ($107.92 in chips)
Seat 2: Pandakey ($156.44 in chips)
Pandakey: posts small blind $1
jl45259071: posts big blind $3
*** HOLE CARDS ***
Pandakey: raises $3 to $6
jl45259071: calls $3
*** FLOP *** [4c Ad 6s]
jl45259071: checks
Pandakey: bets $3
jl45259071: calls $3
*** TURN *** [4c Ad 6s] [6h]
jl45259071: checks
Pandakey: bets $6
jl45259071: folds
Uncalled bet ($6) returned to Pandakey
Pandakey collected $17.64 from pot
Pandakey: doesn't show hand
*** SUMMARY ***
Total pot $18 | Rake $0.36
Board [4c Ad 6s 6h]
Seat 1: jl45259071 (big blind) folded on the Turn
Seat 2: Pandakey (button) (small blind) collected ($17.64)


PokerStars Hand #147587387702:  Hold'em Limit ($3/$6 USD) - 2016/01/24 7:34:08 ET
Table 'Huenna II' 2-max Seat #1 is the button
Seat 1: jl45259071 ($98.92 in chips)
Seat 2: Pandakey ($165.08 in chips)
jl45259071: posts small blind $1
Pandakey: posts big blind $3
*** HOLE CARDS ***
jl45259071: calls $2
Pandakey: checks
*** FLOP *** [9d 7c 8h]
Pandakey: bets $3
jl45259071: raises $3 to $6
Pandakey: calls $3
*** TURN *** [9d 7c 8h] [Ah]
Pandakey: checks
jl45259071: bets $6
Pandakey: calls $6
*** RIVER *** [9d 7c 8h Ah] [2s]
Pandakey: checks
jl45259071: bets $6
Pandakey: calls $6
*** SHOW DOWN ***
jl45259071: shows [6d 5h] (a straight, Five to Nine)
Pandakey: mucks hand
jl45259071 collected $41.50 from pot
*** SUMMARY ***
Total pot $42 | Rake $0.50
Board [9d 7c 8h Ah 2s]
Seat 1: jl45259071 (button) (small blind) showed [6d 5h] and won ($41.50) with a straight, Five to Nine
Seat 2: Pandakey (big blind) mucked


PokerStars Hand #147587399577:  Hold'em Limit ($3/$6 USD) - 2016/01/24 7:34:26 ET
Table 'Huenna II' 2-max Seat #2 is the button
Seat 1: jl45259071 ($119.42 in chips)
Seat 2: Pandakey ($144.08 in chips)
Pandakey: posts small blind $1
jl45259071: posts big blind $3
*** HOLE CARDS ***
Pandakey: raises $3 to $6
jl45259071: calls $3
*** FLOP *** [Ks 3c Tc]
jl45259071: checks
Pandakey: checks
*** TURN *** [Ks 3c Tc] [8c]
jl45259071: bets $6
Pandakey: raises $6 to $12
jl45259071: calls $6
*** RIVER *** [Ks 3c Tc 8c] [Qc]
jl45259071: checks
Pandakey: bets $6
jl45259071: folds
Uncalled bet ($6) returned to Pandakey
Pandakey collected $35.50 from pot
Pandakey: doesn't show hand
*** SUMMARY ***
Total pot $36 | Rake $0.50
Board [Ks 3c Tc 8c Qc]
Seat 1: jl45259071 (big blind) folded on the River
Seat 2: Pandakey (button) (small blind) collected ($35.50)


PokerStars Hand #147587421151:  Hold'em Limit ($3/$6 USD) - 2016/01/24 7:34:57 ET
Table 'Huenna II' 2-max Seat #1 is the button
Seat 1: jl45259071 ($101.42 in chips)
Seat 2: Pandakey ($161.58 in chips)
jl45259071: posts small blind $1
Pandakey: posts big blind $3
*** HOLE CARDS ***
jl45259071: calls $2
Pandakey: raises $3 to $6
jl45259071: raises $3 to $9
Pandakey: calls $3
*** FLOP *** [Kc 9d 2c]
Pandakey: checks
jl45259071: bets $3
Pandakey: calls $3
*** TURN *** [Kc 9d 2c] [Ts]
Pandakey: checks
jl45259071: bets $6
Pandakey: folds
Uncalled bet ($6) returned to jl45259071
jl45259071 collected $23.52 from pot
jl45259071: doesn't show hand
*** SUMMARY ***
Total pot $24 | Rake $0.48
Board [Kc 9d 2c Ts]
Seat 1: jl45259071 (button) (small blind) collected ($23.52)
Seat 2: Pandakey (big blind) folded on the Turn


PokerStars Hand #147587432637:  Hold'em Limit ($3/$6 USD) - 2016/01/24 7:35:14 ET
Table 'Huenna II' 2-max Seat #2 is the button
Seat 1: jl45259071 ($112.94 in chips)
Seat 2: Pandakey ($149.58 in chips)
Pandakey: posts small blind $1
jl45259071: posts big blind $3
*** HOLE CARDS ***
Pandakey: folds
Uncalled bet ($2) returned to jl45259071
jl45259071 collected $2 from pot
jl45259071: doesn't show hand
*** SUMMARY ***
Total pot $2 | Rake $0
Seat 1: jl45259071 (big blind) collected ($2)
Seat 2: Pandakey (button) (small blind) folded before Flop


PokerStars Hand #147587449381:  Hold'em Limit ($3/$6 USD) - 2016/01/24 7:35:39 ET
Table 'Huenna II' 2-max Seat #1 is the button
Seat 1: jl45259071 ($113.94 in chips)
Seat 2: Pandakey ($148.58 in chips)
jl45259071: posts small blind $1
Pandakey: posts big blind $3
*** HOLE CARDS ***
jl45259071: calls $2
Pandakey: checks
*** FLOP *** [7c Qc 6d]
Pandakey: checks
jl45259071: bets $3
Pandakey: calls $3
*** TURN *** [7c Qc 6d] [2h]
Pandakey: checks
jl45259071: checks
*** RIVER *** [7c Qc 6d 2h] [8d]
Pandakey: bets $6
jl45259071: raises $6 to $12
Pandakey: folds
Uncalled bet ($6) returned to jl45259071
jl45259071 collected $23.52 from pot
jl45259071: doesn't show hand
*** SUMMARY ***
Total pot $24 | Rake $0.48
Board [7c Qc 6d 2h 8d]
Seat 1: jl45259071 (button) (small blind) collected ($23.52)
Seat 2: Pandakey (big blind) folded on the River


PokerStars Hand #147587472308:  Hold'em Limit ($3/$6 USD) - 2016/01/24 7:36:12 ET
Table 'Huenna II' 2-max Seat #2 is the button
Seat 1: jl45259071 ($125.46 in chips)
Seat 2: Pandakey ($136.58 in chips)
Pandakey: posts small blind $1
jl45259071: posts big blind $3
*** HOLE CARDS ***
Pandakey: raises $3 to $6
jl45259071: calls $3
*** FLOP *** [2c Jc 4d]
jl45259071: checks
Pandakey: checks
*** TURN *** [2c Jc 4d] [Qh]
jl45259071: checks
Pandakey: bets $6
jl45259071: folds
Uncalled bet ($6) returned to Pandakey
Pandakey collected $11.76 from pot
Pandakey: doesn't show hand
*** SUMMARY ***
Total pot $12 | Rake $0.24
Board [2c Jc 4d Qh]
Seat 1: jl45259071 (big blind) folded on the Turn
Seat 2: Pandakey (button) (small blind) collected ($11.76)


PokerStars Hand #147587481144:  Hold'em Limit ($3/$6 USD) - 2016/01/24 7:36:25 ET
Table 'Huenna II' 2-max Seat #1 is the button
Seat 1: jl45259071 ($119.46 in chips)
Seat 2: Pandakey ($142.34 in chips)
jl45259071: posts small blind $1
Pandakey: posts big blind $3
*** HOLE CARDS ***
jl45259071: calls $2
Pandakey: checks
*** FLOP *** [3d Qh Qd]
Pandakey: bets $3
jl45259071: calls $3
*** TURN *** [3d Qh Qd] [Kd]
Pandakey: checks
jl45259071: bets $6
Pandakey: folds
Uncalled bet ($6) returned to jl45259071
jl45259071 collected $11.76 from pot
jl45259071: doesn't show hand
*** SUMMARY ***
Total pot $12 | Rake $0.24
Board [3d Qh Qd Kd]
Seat 1: jl45259071 (button) (small blind) collected ($11.76)
Seat 2: Pandakey (big blind) folded on the Turn


PokerStars Hand #147587492103:  Hold'em Limit ($3/$6 USD) - 2016/01/24 7:36:41 ET
Table 'Huenna II' 2-max Seat #2 is the button
Seat 1: jl45259071 ($125.22 in chips)
Seat 2: Pandakey ($136.34 in chips)
Pandakey: posts small blind $1
jl45259071: posts big blind $3
*** HOLE CARDS ***
Pandakey: folds
Uncalled bet ($2) returned to jl45259071
jl45259071 collected $2 from pot
jl45259071: doesn't show hand
*** SUMMARY ***
Total pot $2 | Rake $0
Seat 1: jl45259071 (big blind) collected ($2)
Seat 2: Pandakey (button) (small blind) folded before Flop


PokerStars Hand #147587495778:  Hold'em Limit ($3/$6 USD) - 2016/01/24 7:36:46 ET
Table 'Huenna II' 2-max Seat #1 is the button
Seat 1: jl45259071 ($126.22 in chips)
Seat 2: Pandakey ($135.34 in chips)
jl45259071: posts small blind $1
Pandakey: posts big blind $3
*** HOLE CARDS ***
jl45259071: calls $2
Pandakey: raises $3 to $6
jl45259071: raises $3 to $9
Pandakey: calls $3
*** FLOP *** [4s 3s 3d]
Pandakey: checks
jl45259071: bets $3
Pandakey: calls $3
*** TURN *** [4s 3s 3d] [4d]
Pandakey: checks
jl45259071: bets $6
Pandakey: calls $6
*** RIVER *** [4s 3s 3d 4d] [Qc]
Pandakey: checks
jl45259071: checks
*** SHOW DOWN ***
Pandakey: shows [9h Ah] (two pair, Fours and Threes)
jl45259071: shows [Ts Td] (two pair, Tens and Fours)
jl45259071 collected $35.50 from pot
*** SUMMARY ***
Total pot $36 | Rake $0.50
Board [4s 3s 3d 4d Qc]
Seat 1: jl45259071 (button) (small blind) showed [Ts Td] and won ($35.50) with two pair, Tens and Fours
Seat 2: Pandakey (big blind) showed [9h Ah] and lost with two pair, Fours and Threes


PokerStars Hand #147587525779:  Hold'em Limit ($3/$6 USD) - 2016/01/24 7:37:30 ET
Table 'Huenna II' 2-max Seat #2 is the button
Seat 1: jl45259071 ($143.72 in chips)
Seat 2: Pandakey ($117.34 in chips)
Pandakey: posts small blind $1
jl45259071: posts big blind $3
*** HOLE CARDS ***
Pandakey: raises $3 to $6
jl45259071: calls $3
*** FLOP *** [8d 5c 4d]
jl45259071: checks
Pandakey: bets $3
jl45259071: calls $3
*** TURN *** [8d 5c 4d] [Ah]
jl45259071: checks
Pandakey: bets $6
jl45259071: calls $6
*** RIVER *** [8d 5c 4d Ah] [4c]
jl45259071: checks
Pandakey: bets $6
jl45259071: folds
Uncalled bet ($6) returned to Pandakey
Pandakey collected $29.50 from pot
Pandakey: doesn't show hand
*** SUMMARY ***
Total pot $30 | Rake $0.50
Board [8d 5c 4d Ah 4c]
Seat 1: jl45259071 (big blind) folded on the River
Seat 2: Pandakey (button) (small blind) collected ($29.50)


PokerStars Hand #147587551024:  Hold'em Limit ($3/$6 USD) - 2016/01/24 7:38:08 ET
Table 'Huenna II' 2-max Seat #1 is the button
Seat 1: jl45259071 ($128.72 in chips)
Seat 2: Pandakey ($131.84 in chips)
jl45259071: posts small blind $1
Pandakey: posts big blind $3
*** HOLE CARDS ***
jl45259071: raises $3 to $6
Pandakey: folds
Uncalled bet ($3) returned to jl45259071
jl45259071 collected $6 from pot
jl45259071: doesn't show hand
*** SUMMARY ***
Total pot $6 | Rake $0
Seat 1: jl45259071 (button) (small blind) collected ($6)
Seat 2: Pandakey (big blind) folded before Flop


PokerStars Hand #147587555071:  Hold'em Limit ($3/$6 USD) - 2016/01/24 7:38:14 ET
Table 'Huenna II' 2-max Seat #2 is the button
Seat 1: jl45259071 ($131.72 in chips)
Seat 2: Pandakey ($128.84 in chips)
Pandakey: posts small blind $1
jl45259071: posts big blind $3
*** HOLE CARDS ***
Pandakey: raises $3 to $6
jl45259071: calls $3
*** FLOP *** [3h 4c 6h]
jl45259071: checks
Pandakey: checks
*** TURN *** [3h 4c 6h] [2d]
jl45259071: bets $6
Pandakey: raises $6 to $12
jl45259071: calls $6
*** RIVER *** [3h 4c 6h 2d] [9d]
jl45259071: checks
Pandakey: bets $6
jl45259071: folds
Uncalled bet ($6) returned to Pandakey
Pandakey collected $35.50 from pot
Pandakey: doesn't show hand
*** SUMMARY ***
Total pot $36 | Rake $0.50
Board [3h 4c 6h 2d 9d]
Seat 1: jl45259071 (big blind) folded on the River
Seat 2: Pandakey (button) (small blind) collected ($35.50)


PokerStars Hand #147587570098:  Hold'em Limit ($3/$6 USD) - 2016/01/24 7:38:36 ET
Table 'Huenna II' 2-max Seat #1 is the button
Seat 1: jl45259071 ($113.72 in chips)
Seat 2: Pandakey ($146.34 in chips)
jl45259071: posts small blind $1
Pandakey: posts big blind $3
*** HOLE CARDS ***
jl45259071: calls $2
Pandakey: checks
*** FLOP *** [2c 6d Qs]
Pandakey: checks
jl45259071: checks
*** TURN *** [2c 6d Qs] [5c]
Pandakey: bets $6
jl45259071: raises $6 to $12
Pandakey: folds
Uncalled bet ($6) returned to jl45259071
jl45259071 collected $17.64 from pot
jl45259071: doesn't show hand
*** SUMMARY ***
Total pot $18 | Rake $0.36
Board [2c 6d Qs 5c]
Seat 1: jl45259071 (button) (small blind) collected ($17.64)
Seat 2: Pandakey (big blind) folded on the Turn


PokerStars Hand #147587582406:  Hold'em Limit ($3/$6 USD) - 2016/01/24 7:38:54 ET
Table 'Huenna II' 2-max Seat #2 is the button
Seat 1: jl45259071 ($122.36 in chips)
Seat 2: Pandakey ($137.34 in chips)
Pandakey: posts small blind $1
jl45259071: posts big blind $3
*** HOLE CARDS ***
Pandakey: raises $3 to $6
jl45259071: raises $3 to $9
Pandakey: calls $3
*** FLOP *** [3d 5h Qs]
jl45259071: bets $3
Pandakey: calls $3
*** TURN *** [3d 5h Qs] [7d]
jl45259071: bets $6
Pandakey: calls $6
*** RIVER *** [3d 5h Qs 7d] [8s]
jl45259071: bets $6
Pandakey: calls $6
*** SHOW DOWN ***
jl45259071: shows [Kc Kd] (a pair of Kings)
Pandakey: mucks hand
jl45259071 collected $47.50 from pot
*** SUMMARY ***
Total pot $48 | Rake $0.50
Board [3d 5h Qs 7d 8s]
Seat 1: jl45259071 (big blind) showed [Kc Kd] and won ($47.50) with a pair of Kings
Seat 2: Pandakey (button) (small blind) mucked


PokerStars Hand #147587627087:  Hold'em Limit ($3/$6 USD) - 2016/01/24 7:40:00 ET
Table 'Huenna II' 2-max Seat #1 is the button
Seat 1: jl45259071 ($145.86 in chips)
Seat 2: Pandakey ($113.34 in chips)
jl45259071: posts small blind $1
Pandakey: posts big blind $3
*** HOLE CARDS ***
jl45259071: calls $2
Pandakey: checks
*** FLOP *** [8d 8c 3s]
Pandakey: checks
jl45259071: checks
*** TURN *** [8d 8c 3s] [4s]
Pandakey: checks
jl45259071: checks
*** RIVER *** [8d 8c 3s 4s] [3h]
Pandakey: checks
jl45259071: checks
*** SHOW DOWN ***
Pandakey: shows [7c Qh] (two pair, Eights and Threes)
jl45259071: mucks hand
Pandakey collected $5.88 from pot
*** SUMMARY ***
Total pot $6 | Rake $0.12
Board [8d 8c 3s 4s 3h]
Seat 1: jl45259071 (button) (small blind) mucked
Seat 2: Pandakey (big blind) showed [7c Qh] and won ($5.88) with two pair, Eights and Threes


PokerStars Hand #147587637076:  Hold'em Limit ($3/$6 USD) - 2016/01/24 7:40:15 ET
Table 'Huenna II' 2-max Seat #2 is the button
Seat 1: jl45259071 ($142.86 in chips)
Seat 2: Pandakey ($116.22 in chips)
Pandakey: posts small blind $1
jl45259071: posts big blind $3
*** HOLE CARDS ***
Pandakey: raises $3 to $6
jl45259071: calls $3
*** FLOP *** [Ts Jh Qc]
jl45259071: checks
Pandakey: checks
*** TURN *** [Ts Jh Qc] [Qd]
jl45259071: checks
Pandakey: checks
*** RIVER *** [Ts Jh Qc Qd] [Qh]
jl45259071: checks
Pandakey: checks
*** SHOW DOWN ***
jl45259071: shows [3h 7c] (three of a kind, Queens)
Pandakey: shows [2d Kd] (three of a kind, Queens - King kicker)
Pandakey collected $11.76 from pot
*** SUMMARY ***
Total pot $12 | Rake $0.24
Board [Ts Jh Qc Qd Qh]
Seat 1: jl45259071 (big blind) showed [3h 7c] and lost with three of a kind, Queens
Seat 2: Pandakey (button) (small blind) showed [2d Kd] and won ($11.76) with three of a kind, Queens


PokerStars Hand #147587648299:  Hold'em Limit ($3/$6 USD) - 2016/01/24 7:40:31 ET
Table 'Huenna II' 2-max Seat #1 is the button
Seat 1: jl45259071 ($136.86 in chips)
Seat 2: Pandakey ($121.98 in chips)
jl45259071: posts small blind $1
Pandakey: posts big blind $3
*** HOLE CARDS ***
jl45259071: calls $2
Pandakey: raises $3 to $6
jl45259071: calls $3
*** FLOP *** [7h 5d 5h]
Pandakey: bets $3
jl45259071: calls $3
*** TURN *** [7h 5d 5h] [Kh]
Pandakey: bets $6
jl45259071: calls $6
*** RIVER *** [7h 5d 5h Kh] [As]
Pandakey: bets $6
jl45259071: folds
Uncalled bet ($6) returned to Pandakey
Pandakey collected $29.50 from pot
Pandakey: doesn't show hand
*** SUMMARY ***
Total pot $30 | Rake $0.50
Board [7h 5d 5h Kh As]
Seat 1: jl45259071 (button) (small blind) folded on the River
Seat 2: Pandakey (big blind) collected ($29.50)


PokerStars Hand #147587671878:  Hold'em Limit ($3/$6 USD) - 2016/01/24 7:41:05 ET
Table 'Huenna II' 2-max Seat #2 is the button
Seat 1: jl45259071 ($121.86 in chips)
Seat 2: Pandakey ($136.48 in chips)
Pandakey: posts small blind $1
jl45259071: posts big blind $3
*** HOLE CARDS ***
Pandakey: folds
Uncalled bet ($2) returned to jl45259071
jl45259071 collected $2 from pot
jl45259071: doesn't show hand
*** SUMMARY ***
Total pot $2 | Rake $0
Seat 1: jl45259071 (big blind) collected ($2)
Seat 2: Pandakey (button) (small blind) folded before Flop


PokerStars Hand #147587691760:  Hold'em Limit ($3/$6 USD) - 2016/01/24 7:41:34 ET
Table 'Huenna II' 2-max Seat #2 is the button
Seat 1: jl45259071 ($125.74 in chips)
Seat 2: Pandakey ($132.48 in chips)
Pandakey: posts small blind $1
jl45259071: posts big blind $3
*** HOLE CARDS ***
Pandakey: folds
Uncalled bet ($2) returned to jl45259071
jl45259071 collected $2 from pot
jl45259071: doesn't show hand
*** SUMMARY ***
Total pot $2 | Rake $0
Seat 1: jl45259071 (big blind) collected ($2)
Seat 2: Pandakey (button) (small blind) folded before Flop


PokerStars Hand #147587684914:  Hold'em Limit ($3/$6 USD) - 2016/01/24 7:41:24 ET
Table 'Huenna II' 2-max Seat #1 is the button
Seat 1: jl45259071 ($122.86 in chips)
Seat 2: Pandakey ($135.48 in chips)
jl45259071: posts small blind $1
Pandakey: posts big blind $3
*** HOLE CARDS ***
jl45259071: calls $2
Pandakey: checks
*** FLOP *** [Kd As 8c]
Pandakey: checks
jl45259071: bets $3
Pandakey: folds
Uncalled bet ($3) returned to jl45259071
jl45259071 collected $5.88 from pot
jl45259071: doesn't show hand
*** SUMMARY ***
Total pot $6 | Rake $0.12
Board [Kd As 8c]
Seat 1: jl45259071 (button) (small blind) collected ($5.88)
Seat 2: Pandakey (big blind) folded on the Flop


PokerStars Hand #147587694796:  Hold'em Limit ($3/$6 USD) - 2016/01/24 7:41:38 ET
Table 'Huenna II' 2-max Seat #1 is the button
Seat 1: jl45259071 ($126.74 in chips)
Seat 2: Pandakey ($131.48 in chips)
jl45259071: posts small blind $1
Pandakey: posts big blind $3
*** HOLE CARDS ***
jl45259071: calls $2
Pandakey: checks
*** FLOP *** [Js As 5s]
Pandakey: checks
jl45259071: checks
*** TURN *** [Js As 5s] [4c]
Pandakey: checks
jl45259071: checks
*** RIVER *** [Js As 5s 4c] [2c]
Pandakey: checks
jl45259071: bets $6
Pandakey: folds
Uncalled bet ($6) returned to jl45259071
jl45259071 collected $5.88 from pot
jl45259071: doesn't show hand
*** SUMMARY ***
Total pot $6 | Rake $0.12
Board [Js As 5s 4c 2c]
Seat 1: jl45259071 (button) (small blind) collected ($5.88)
Seat 2: Pandakey (big blind) folded on the River


PokerStars Hand #147587708530:  Hold'em Limit ($3/$6 USD) - 2016/01/24 7:41:58 ET
Table 'Huenna II' 2-max Seat #2 is the button
Seat 1: jl45259071 ($129.62 in chips)
Seat 2: Pandakey ($128.48 in chips)
Pandakey: posts small blind $1
jl45259071: posts big blind $3
*** HOLE CARDS ***
Pandakey: raises $3 to $6
jl45259071: calls $3
*** FLOP *** [7c Jh Th]
jl45259071: checks
Pandakey: checks
*** TURN *** [7c Jh Th] [5s]
jl45259071: checks
Pandakey: checks
*** RIVER *** [7c Jh Th 5s] [9d]
jl45259071: checks
Pandakey: bets $6
jl45259071: calls $6
*** SHOW DOWN ***
Pandakey: shows [Qc 5d] (a pair of Fives)
jl45259071: mucks hand
Pandakey collected $23.52 from pot
*** SUMMARY ***
Total pot $24 | Rake $0.48
Board [7c Jh Th 5s 9d]
Seat 1: jl45259071 (big blind) mucked
Seat 2: Pandakey (button) (small blind) showed [Qc 5d] and won ($23.52) with a pair of Fives


PokerStars Hand #147587731168:  Hold'em Limit ($3/$6 USD) - 2016/01/24 7:42:32 ET
Table 'Huenna II' 2-max Seat #1 is the button
Seat 1: jl45259071 ($117.62 in chips)
Seat 2: Pandakey ($140 in chips)
jl45259071: posts small blind $1
Pandakey: posts big blind $3
*** HOLE CARDS ***
jl45259071: calls $2
Pandakey: checks
*** FLOP *** [9h 8c 7c]
Pandakey: bets $3
jl45259071: folds
Uncalled bet ($3) returned to Pandakey
Pandakey collected $5.88 from pot
Pandakey: doesn't show hand
*** SUMMARY ***
Total pot $6 | Rake $0.12
Board [9h 8c 7c]
Seat 1: jl45259071 (button) (small blind) folded on the Flop
Seat 2: Pandakey (big blind) collected ($5.88)


PokerStars Hand #147587744834:  Hold'em Limit ($3/$6 USD) - 2016/01/24 7:42:52 ET
Table 'Huenna II' 2-max Seat #2 is the button
Seat 1: jl45259071 ($114.62 in chips)
Seat 2: Pandakey ($142.88 in chips)
Pandakey: posts small blind $1
jl45259071: posts big blind $3
*** HOLE CARDS ***
Pandakey: raises $3 to $6
jl45259071: calls $3
*** FLOP *** [Th Ac Qh]
jl45259071: checks
Pandakey: checks
*** TURN *** [Th Ac Qh] [As]
jl45259071: checks
Pandakey: checks
*** RIVER *** [Th Ac Qh As] [Ks]
jl45259071: checks
Pandakey: checks
*** SHOW DOWN ***
jl45259071: shows [5h 2c] (a pair of Aces)
Pandakey: shows [Td 5c] (two pair, Aces and Tens)
Pandakey collected $11.76 from pot
*** SUMMARY ***
Total pot $12 | Rake $0.24
Board [Th Ac Qh As Ks]
Seat 1: jl45259071 (big blind) showed [5h 2c] and lost with a pair of Aces
Seat 2: Pandakey (button) (small blind) showed [Td 5c] and won ($11.76) with two pair, Aces and Tens


PokerStars Hand #147587755509:  Hold'em Limit ($3/$6 USD) - 2016/01/24 7:43:07 ET
Table 'Huenna II' 2-max Seat #1 is the button
Seat 1: jl45259071 ($108.62 in chips)
Seat 2: Pandakey ($148.64 in chips)
jl45259071: posts small blind $1
Pandakey: posts big blind $3
*** HOLE CARDS ***
jl45259071: folds
Uncalled bet ($2) returned to Pandakey
Pandakey collected $2 from pot
Pandakey: doesn't show hand
*** SUMMARY ***
Total pot $2 | Rake $0
Seat 1: jl45259071 (button) (small blind) folded before Flop
Seat 2: Pandakey (big blind) collected ($2)


PokerStars Hand #147587759317:  Hold'em Limit ($3/$6 USD) - 2016/01/24 7:43:13 ET
Table 'Huenna II' 2-max Seat #2 is the button
Seat 1: jl45259071 ($107.62 in chips)
Seat 2: Pandakey ($149.64 in chips)
Pandakey: posts small blind $1
jl45259071: posts big blind $3
*** HOLE CARDS ***
Pandakey: raises $3 to $6
jl45259071: raises $3 to $9
Pandakey: calls $3
*** FLOP *** [4d Jd 5d]
jl45259071: bets $3
Pandakey: calls $3
*** TURN *** [4d Jd 5d] [4c]
jl45259071: bets $6
Pandakey: calls $6
*** RIVER *** [4d Jd 5d 4c] [As]
jl45259071: bets $6
Pandakey: folds
Uncalled bet ($6) returned to jl45259071
jl45259071 collected $35.50 from pot
jl45259071: doesn't show hand
*** SUMMARY ***
Total pot $36 | Rake $0.50
Board [4d Jd 5d 4c As]
Seat 1: jl45259071 (big blind) collected ($35.50)
Seat 2: Pandakey (button) (small blind) folded on the River


PokerStars Hand #147587769432:  Hold'em Limit ($3/$6 USD) - 2016/01/24 7:43:28 ET
Table 'Huenna II' 2-max Seat #1 is the button
Seat 1: jl45259071 ($125.12 in chips)
Seat 2: Pandakey ($131.64 in chips)
jl45259071: posts small blind $1
Pandakey: posts big blind $3
*** HOLE CARDS ***
jl45259071: calls $2
Pandakey: raises $3 to $6
jl45259071: calls $3
*** FLOP *** [Qc 8c 2d]
Pandakey: bets $3
jl45259071: calls $3
*** TURN *** [Qc 8c 2d] [5h]
Pandakey: checks
jl45259071: checks
*** RIVER *** [Qc 8c 2d 5h] [4s]
Pandakey: checks
jl45259071: checks
*** SHOW DOWN ***
Pandakey: shows [7h Kh] (high card King)
jl45259071: mucks hand
Pandakey collected $17.64 from pot
*** SUMMARY ***
Total pot $18 | Rake $0.36
Board [Qc 8c 2d 5h 4s]
Seat 1: jl45259071 (button) (small blind) mucked
Seat 2: Pandakey (big blind) showed [7h Kh] and won ($17.64) with high card King


PokerStars Hand #147587787259:  Hold'em Limit ($3/$6 USD) - 2016/01/24 7:43:53 ET
Table 'Huenna II' 2-max Seat #2 is the button
Seat 1: jl45259071 ($116.12 in chips)
Seat 2: Pandakey ($140.28 in chips)
Pandakey: posts small blind $1
jl45259071: posts big blind $3
*** HOLE CARDS ***
Pandakey: raises $3 to $6
jl45259071: calls $3
*** FLOP *** [7c Ah Ks]
jl45259071: checks
Pandakey: checks
*** TURN *** [7c Ah Ks] [Kh]
jl45259071: checks
Pandakey: bets $6
jl45259071: calls $6
*** RIVER *** [7c Ah Ks Kh] [Jc]
jl45259071: checks
Pandakey: bets $6
jl45259071: calls $6
*** SHOW DOWN ***
Pandakey: shows [5s Ac] (two pair, Aces and Kings)
jl45259071: mucks hand
Pandakey collected $35.50 from pot
*** SUMMARY ***
Total pot $36 | Rake $0.50
Board [7c Ah Ks Kh Jc]
Seat 1: jl45259071 (big blind) mucked
Seat 2: Pandakey (button) (small blind) showed [5s Ac] and won ($35.50) with two pair, Aces and Kings


PokerStars Hand #147587805023:  Hold'em Limit ($3/$6 USD) - 2016/01/24 7:44:19 ET
Table 'Huenna II' 2-max Seat #1 is the button
Seat 1: jl45259071 ($98.12 in chips)
Seat 2: Pandakey ($157.78 in chips)
jl45259071: posts small blind $1
Pandakey: posts big blind $3
*** HOLE CARDS ***
jl45259071: raises $3 to $6
Pandakey: calls $3
*** FLOP *** [Qc 4s Ts]
Pandakey: checks
jl45259071: bets $3
Pandakey: calls $3
*** TURN *** [Qc 4s Ts] [Js]
Pandakey: checks
jl45259071: bets $6
Pandakey: raises $6 to $12
jl45259071: raises $6 to $18
Pandakey: calls $6
*** RIVER *** [Qc 4s Ts Js] [4h]
Pandakey: checks
jl45259071: bets $6
Pandakey: calls $6
*** SHOW DOWN ***
jl45259071: shows [As 2s] (a flush, Ace high)
Pandakey: mucks hand
jl45259071 collected $65.50 from pot
*** SUMMARY ***
Total pot $66 | Rake $0.50
Board [Qc 4s Ts Js 4h]
Seat 1: jl45259071 (button) (small blind) showed [As 2s] and won ($65.50) with a flush, Ace high
Seat 2: Pandakey (big blind) mucked


PokerStars Hand #147587853079:  Hold'em Limit ($3/$6 USD) - 2016/01/24 7:45:29 ET
Table 'Huenna II' 2-max Seat #1 is the button
Seat 1: jl45259071 ($154.12 in chips)
Seat 2: Pandakey ($100.78 in chips)
jl45259071: posts small blind $1
Pandakey: posts big blind $3
*** HOLE CARDS ***
jl45259071: calls $2
Pandakey: raises $3 to $6
jl45259071: calls $3
*** FLOP *** [4s 9d 7c]
Pandakey: bets $3
jl45259071: calls $3
*** TURN *** [4s 9d 7c] [Kd]
Pandakey: checks
jl45259071: checks
*** RIVER *** [4s 9d 7c Kd] [4h]
Pandakey: checks
jl45259071: checks
*** SHOW DOWN ***
Pandakey: shows [3d Ah] (a pair of Fours)
jl45259071: shows [Tc 7h] (two pair, Sevens and Fours)
jl45259071 collected $17.64 from pot
*** SUMMARY ***
Total pot $18 | Rake $0.36
Board [4s 9d 7c Kd 4h]
Seat 1: jl45259071 (button) (small blind) showed [Tc 7h] and won ($17.64) with two pair, Sevens and Fours
Seat 2: Pandakey (big blind) showed [3d Ah] and lost with a pair of Fours


PokerStars Hand #147587832539:  Hold'em Limit ($3/$6 USD) - 2016/01/24 7:44:59 ET
Table 'Huenna II' 2-max Seat #2 is the button
Seat 1: jl45259071 ($130.62 in chips)
Seat 2: Pandakey ($124.78 in chips)
Pandakey: posts small blind $1
jl45259071: posts big blind $3
*** HOLE CARDS ***
Pandakey: raises $3 to $6
jl45259071: calls $3
*** FLOP *** [5h 4h 9s]
jl45259071: checks
Pandakey: bets $3
jl45259071: raises $3 to $6
Pandakey: calls $3
*** TURN *** [5h 4h 9s] [8s]
jl45259071: bets $6
Pandakey: calls $6
*** RIVER *** [5h 4h 9s 8s] [Kd]
jl45259071: checks
Pandakey: bets $6
jl45259071: calls $6
*** SHOW DOWN ***
Pandakey: shows [8c Th] (a pair of Eights)
jl45259071: shows [9c Qh] (a pair of Nines)
jl45259071 collected $47.50 from pot
*** SUMMARY ***
Total pot $48 | Rake $0.50
Board [5h 4h 9s 8s Kd]
Seat 1: jl45259071 (big blind) showed [9c Qh] and won ($47.50) with a pair of Nines
Seat 2: Pandakey (button) (small blind) showed [8c Th] and lost with a pair of Eights


PokerStars Hand #147587906403:  Hold'em Limit ($3/$6 USD) - 2016/01/24 7:46:46 ET
Table 'Huenna II' 2-max Seat #2 is the button
Seat 1: jl45259071 ($138.76 in chips)
Seat 2: Pandakey ($114.92 in chips)
Pandakey: posts small blind $1
jl45259071: posts big blind $3
*** HOLE CARDS ***
Pandakey: raises $3 to $6
jl45259071: raises $3 to $9
Pandakey: calls $3
*** FLOP *** [6d Ks Kc]
jl45259071: bets $3
Pandakey: folds
Uncalled bet ($3) returned to jl45259071
jl45259071 collected $17.64 from pot
jl45259071: doesn't show hand
*** SUMMARY ***
Total pot $18 | Rake $0.36
Board [6d Ks Kc]
Seat 1: jl45259071 (big blind) collected ($17.64)
Seat 2: Pandakey (button) (small blind) folded on the Flop


PokerStars Hand #147587890087:  Hold'em Limit ($3/$6 USD) - 2016/01/24 7:46:23 ET
Table 'Huenna II' 2-max Seat #1 is the button
Seat 1: jl45259071 ($153.76 in chips)
Seat 2: Pandakey ($100.42 in chips)
jl45259071: posts small blind $1
Pandakey: posts big blind $3
*** HOLE CARDS ***
jl45259071: calls $2
Pandakey: raises $3 to $6
jl45259071: calls $3
*** FLOP *** [2d 5h 5c]
Pandakey: bets $3
jl45259071: calls $3
*** TURN *** [2d 5h 5c] [2c]
Pandakey: checks
jl45259071: checks
*** RIVER *** [2d 5h 5c 2c] [6c]
Pandakey: bets $6
jl45259071: calls $6
*** SHOW DOWN ***
Pandakey: shows [Ad 7h] (two pair, Fives and Deuces)
jl45259071: mucks hand
Pandakey collected $29.50 from pot
*** SUMMARY ***
Total pot $30 | Rake $0.50
Board [2d 5h 5c 2c 6c]
Seat 1: jl45259071 (button) (small blind) mucked
Seat 2: Pandakey (big blind) showed [Ad 7h] and won ($29.50) with two pair, Fives and Deuces


PokerStars Hand #147587865829:  Hold'em Limit ($3/$6 USD) - 2016/01/24 7:45:48 ET
Table 'Huenna II' 2-max Seat #2 is the button
Seat 1: jl45259071 ($162.76 in chips)
Seat 2: Pandakey ($91.78 in chips)
Pandakey: posts small blind $1
jl45259071: posts big blind $3
*** HOLE CARDS ***
Pandakey: raises $3 to $6
jl45259071: calls $3
*** FLOP *** [8c Kc 3h]
jl45259071: checks
Pandakey: bets $3
jl45259071: calls $3
*** TURN *** [8c Kc 3h] [Qd]
jl45259071: checks
Pandakey: bets $6
jl45259071: folds
Uncalled bet ($6) returned to Pandakey
Pandakey collected $17.64 from pot
Pandakey: doesn't show hand
*** SUMMARY ***
Total pot $18 | Rake $0.36
Board [8c Kc 3h Qd]
Seat 1: jl45259071 (big blind) folded on the Turn
Seat 2: Pandakey (button) (small blind) collected ($17.64)


PokerStars Hand #147587949141:  Hold'em Limit ($3/$6 USD) - 2016/01/24 7:47:47 ET
Table 'Huenna II' 2-max Seat #1 is the button
Seat 1: jl45259071 ($135.40 in chips)
Seat 2: Pandakey ($117.56 in chips)
jl45259071: posts small blind $1
Pandakey: posts big blind $3
*** HOLE CARDS ***
jl45259071: calls $2
Pandakey: checks
*** FLOP *** [Ac Jc Qd]
Pandakey: bets $3
jl45259071: calls $3
*** TURN *** [Ac Jc Qd] [9c]
Pandakey: bets $6
jl45259071: calls $6
*** RIVER *** [Ac Jc Qd 9c] [Qc]
Pandakey: bets $6
jl45259071: folds
Uncalled bet ($6) returned to Pandakey
Pandakey collected $23.52 from pot
Pandakey: doesn't show hand
*** SUMMARY ***
Total pot $24 | Rake $0.48
Board [Ac Jc Qd 9c Qc]
Seat 1: jl45259071 (button) (small blind) folded on the River
Seat 2: Pandakey (big blind) collected ($23.52)


PokerStars Hand #147587944920:  Hold'em Limit ($3/$6 USD) - 2016/01/24 7:47:41 ET
Table 'Huenna II' 2-max Seat #2 is the button
Seat 1: jl45259071 ($138.40 in chips)
Seat 2: Pandakey ($114.56 in chips)
Pandakey: posts small blind $1
jl45259071: posts big blind $3
*** HOLE CARDS ***
Pandakey: raises $3 to $6
jl45259071: folds
Uncalled bet ($3) returned to Pandakey
Pandakey collected $6 from pot
Pandakey: doesn't show hand
*** SUMMARY ***
Total pot $6 | Rake $0
Seat 1: jl45259071 (big blind) folded before Flop
Seat 2: Pandakey (button) (small blind) collected ($6)


PokerStars Hand #147587922748:  Hold'em Limit ($3/$6 USD) - 2016/01/24 7:47:09 ET
Table 'Huenna II' 2-max Seat #1 is the button
Seat 1: jl45259071 ($147.40 in chips)
Seat 2: Pandakey ($105.92 in chips)
jl45259071: posts small blind $1
Pandakey: posts big blind $3
*** HOLE CARDS ***
jl45259071: calls $2
Pandakey: raises $3 to $6
jl45259071: calls $3
*** FLOP *** [7c 5s Kh]
Pandakey: bets $3
jl45259071: calls $3
*** TURN *** [7c 5s Kh] [6c]
Pandakey: checks
jl45259071: checks
*** RIVER *** [7c 5s Kh 6c] [4h]
Pandakey: bets $6
jl45259071: folds
Uncalled bet ($6) returned to Pandakey
Pandakey collected $17.64 from pot
Pandakey: doesn't show hand
*** SUMMARY ***
Total pot $18 | Rake $0.36
Board [7c 5s Kh 6c 4h]
Seat 1: jl45259071 (button) (small blind) folded on the River
Seat 2: Pandakey (big blind) collected ($17.64)


PokerStars Hand #147587977190:  Hold'em Limit ($3/$6 USD) - 2016/01/24 7:48:28 ET
Table 'Huenna II' 2-max Seat #1 is the button
Seat 1: jl45259071 ($124.40 in chips)
Seat 2: Pandakey ($128.08 in chips)
jl45259071: posts small blind $1
Pandakey: posts big blind $3
*** HOLE CARDS ***
jl45259071: calls $2
Pandakey: raises $3 to $6
jl45259071: calls $3
*** FLOP *** [Ts 6c Qc]
Pandakey: bets $3
jl45259071: folds
Uncalled bet ($3) returned to Pandakey
Pandakey collected $11.76 from pot
Pandakey: doesn't show hand
*** SUMMARY ***
Total pot $12 | Rake $0.24
Board [Ts 6c Qc]
Seat 1: jl45259071 (button) (small blind) folded on the Flop
Seat 2: Pandakey (big blind) collected ($11.76)


PokerStars Hand #147587963851:  Hold'em Limit ($3/$6 USD) - 2016/01/24 7:48:09 ET
Table 'Huenna II' 2-max Seat #2 is the button
Seat 1: jl45259071 ($123.40 in chips)
Seat 2: Pandakey ($129.08 in chips)
Pandakey: posts small blind $1
jl45259071: posts big blind $3
*** HOLE CARDS ***
Pandakey: folds
Uncalled bet ($2) returned to jl45259071
jl45259071 collected $2 from pot
jl45259071: doesn't show hand
*** SUMMARY ***
Total pot $2 | Rake $0
Seat 1: jl45259071 (big blind) collected ($2)
Seat 2: Pandakey (button) (small blind) folded before Flop


PokerStars Hand #147588026667:  Hold'em Limit ($3/$6 USD) - 2016/01/24 7:49:40 ET
Table 'Huenna II' 2-max Seat #1 is the button
Seat 1: jl45259071 ($103.40 in chips)
Seat 2: Pandakey ($148.34 in chips)
jl45259071: posts small blind $1
Pandakey: posts big blind $3
*** HOLE CARDS ***
jl45259071: calls $2
Pandakey: checks
*** FLOP *** [5s 6d Kh]
Pandakey: checks
jl45259071: checks
*** TURN *** [5s 6d Kh] [8s]
Pandakey: checks
jl45259071: bets $6
Pandakey: calls $6
*** RIVER *** [5s 6d Kh 8s] [3s]
Pandakey: checks
jl45259071: checks
*** SHOW DOWN ***
Pandakey: shows [Qd 9c] (high card King)
jl45259071: shows [4d 5d] (a pair of Fives)
jl45259071 collected $17.64 from pot
*** SUMMARY ***
Total pot $18 | Rake $0.36
Board [5s 6d Kh 8s 3s]
Seat 1: jl45259071 (button) (small blind) showed [4d 5d] and won ($17.64) with a pair of Fives
Seat 2: Pandakey (big blind) showed [Qd 9c] and lost with high card King


PokerStars Hand #147587991610:  Hold'em Limit ($3/$6 USD) - 2016/01/24 7:48:49 ET
Table 'Huenna II' 2-max Seat #2 is the button
Seat 1: jl45259071 ($118.40 in chips)
Seat 2: Pandakey ($133.84 in chips)
Pandakey: posts small blind $1
jl45259071: posts big blind $3
*** HOLE CARDS ***
Pandakey: raises $3 to $6
jl45259071: calls $3
*** FLOP *** [Jc 6d 3d]
jl45259071: checks
Pandakey: bets $3
jl45259071: calls $3
*** TURN *** [Jc 6d 3d] [Ts]
jl45259071: checks
Pandakey: checks
*** RIVER *** [Jc 6d 3d Ts] [3h]
jl45259071: bets $6
Pandakey: calls $6
*** SHOW DOWN ***
jl45259071: shows [Kc 4h] (a pair of Threes)
Pandakey: shows [9s 6h] (two pair, Sixes and Threes)
Pandakey collected $29.50 from pot
*** SUMMARY ***
Total pot $30 | Rake $0.50
Board [Jc 6d 3d Ts 3h]
Seat 1: jl45259071 (big blind) showed [Kc 4h] and lost with a pair of Threes
Seat 2: Pandakey (button) (small blind) showed [9s 6h] and won ($29.50) with two pair, Sixes and Threes


PokerStars Hand #147588055370:  Hold'em Limit ($3/$6 USD) - 2016/01/24 7:50:21 ET
Table 'Huenna II' 2-max Seat #1 is the button
Seat 1: jl45259071 ($117.80 in chips)
Seat 2: Pandakey ($133.34 in chips)
jl45259071: posts small blind $1
Pandakey: posts big blind $3
*** HOLE CARDS ***
jl45259071: calls $2
Pandakey: raises $3 to $6
jl45259071: calls $3
*** FLOP *** [6c Ac 5c]
Pandakey: bets $3
jl45259071: calls $3
*** TURN *** [6c Ac 5c] [5s]
Pandakey: checks
jl45259071: checks
*** RIVER *** [6c Ac 5c 5s] [7c]
Pandakey: bets $6
jl45259071: folds
Uncalled bet ($6) returned to Pandakey
Pandakey collected $17.64 from pot
Pandakey: doesn't show hand
*** SUMMARY ***
Total pot $18 | Rake $0.36
Board [6c Ac 5c 5s 7c]
Seat 1: jl45259071 (button) (small blind) folded on the River
Seat 2: Pandakey (big blind) collected ($17.64)


PokerStars Hand #147588047125:  Hold'em Limit ($3/$6 USD) - 2016/01/24 7:50:09 ET
Table 'Huenna II' 2-max Seat #2 is the button
Seat 1: jl45259071 ($112.04 in chips)
Seat 2: Pandakey ($139.34 in chips)
Pandakey: posts small blind $1
jl45259071: posts big blind $3
*** HOLE CARDS ***
Pandakey: raises $3 to $6
jl45259071: calls $3
*** FLOP *** [3d 3c Qh]
jl45259071: checks
Pandakey: checks
*** TURN *** [3d 3c Qh] [7s]
jl45259071: bets $6
Pandakey: folds
Uncalled bet ($6) returned to jl45259071
jl45259071 collected $11.76 from pot
jl45259071: doesn't show hand
*** SUMMARY ***
Total pot $12 | Rake $0.24
Board [3d 3c Qh 7s]
Seat 1: jl45259071 (big blind) collected ($11.76)
Seat 2: Pandakey (button) (small blind) folded on the Turn


PokerStars Hand #147588120467:  Hold'em Limit ($3/$6 USD) - 2016/01/24 7:51:55 ET
Table 'Huenna II' 2-max Seat #2 is the button
Seat 1: jl45259071 ($117.82 in chips)
Seat 2: Pandakey ($131.48 in chips)
Pandakey: posts small blind $1
jl45259071: posts big blind $3
*** HOLE CARDS ***
Pandakey: raises $3 to $6
jl45259071: calls $3
*** FLOP *** [2h 4c Kd]
jl45259071: checks
Pandakey: bets $3
jl45259071: calls $3
*** TURN *** [2h 4c Kd] [Qs]
jl45259071: checks
Pandakey: checks
*** RIVER *** [2h 4c Kd Qs] [Qc]
jl45259071: bets $6
Pandakey: calls $6
*** SHOW DOWN ***
jl45259071: shows [3d 2d] (two pair, Queens and Deuces)
Pandakey: shows [2s 9s] (two pair, Queens and Deuces)
jl45259071 collected $14.75 from pot
Pandakey collected $14.75 from pot
*** SUMMARY ***
Total pot $30 | Rake $0.50
Board [2h 4c Kd Qs Qc]
Seat 1: jl45259071 (big blind) showed [3d 2d] and won ($14.75) with two pair, Queens and Deuces
Seat 2: Pandakey (button) (small blind) showed [2s 9s] and won ($14.75) with two pair, Queens and Deuces


PokerStars Hand #147588107909:  Hold'em Limit ($3/$6 USD) - 2016/01/24 7:51:37 ET
Table 'Huenna II' 2-max Seat #1 is the button
Seat 1: jl45259071 ($106.30 in chips)
Seat 2: Pandakey ($143.48 in chips)
jl45259071: posts small blind $1
Pandakey: posts big blind $3
*** HOLE CARDS ***
jl45259071: calls $2
Pandakey: raises $3 to $6
jl45259071: calls $3
*** FLOP *** [5h 9s 8s]
Pandakey: bets $3
jl45259071: raises $3 to $6
Pandakey: calls $3
*** TURN *** [5h 9s 8s] [4d]
Pandakey: checks
jl45259071: bets $6
Pandakey: folds
Uncalled bet ($6) returned to jl45259071
jl45259071 collected $23.52 from pot
jl45259071: doesn't show hand
*** SUMMARY ***
Total pot $24 | Rake $0.48
Board [5h 9s 8s 4d]
Seat 1: jl45259071 (button) (small blind) collected ($23.52)
Seat 2: Pandakey (big blind) folded on the Turn


PokerStars Hand #147588104321:  Hold'em Limit ($3/$6 USD) - 2016/01/24 7:51:32 ET
Table 'Huenna II' 2-max Seat #2 is the button
Seat 1: jl45259071 ($105.30 in chips)
Seat 2: Pandakey ($144.48 in chips)
Pandakey: posts small blind $1
jl45259071: posts big blind $3
*** HOLE CARDS ***
Pandakey: folds
Uncalled bet ($2) returned to jl45259071
jl45259071 collected $2 from pot
jl45259071: doesn't show hand
*** SUMMARY ***
Total pot $2 | Rake $0
Seat 1: jl45259071 (big blind) collected ($2)
Seat 2: Pandakey (button) (small blind) folded before Flop


PokerStars Hand #147588093550:  Hold'em Limit ($3/$6 USD) - 2016/01/24 7:51:17 ET
Table 'Huenna II' 2-max Seat #1 is the button
Seat 1: jl45259071 ($90.80 in chips)
Seat 2: Pandakey ($159.48 in chips)
jl45259071: posts small blind $1
Pandakey: posts big blind $3
*** HOLE CARDS ***
jl45259071: calls $2
Pandakey: checks
*** FLOP *** [3c Th Qc]
Pandakey: checks
jl45259071: checks
*** TURN *** [3c Th Qc] [6c]
Pandakey: bets $6
jl45259071: calls $6
*** RIVER *** [3c Th Qc 6c] [4c]
Pandakey: checks
jl45259071: bets $6
Pandakey: calls $6
*** SHOW DOWN ***
jl45259071: shows [9h 5c] (a flush, Queen high)
Pandakey: mucks hand
jl45259071 collected $29.50 from pot
*** SUMMARY ***
Total pot $30 | Rake $0.50
Board [3c Th Qc 6c 4c]
Seat 1: jl45259071 (button) (small blind) showed [9h 5c] and won ($29.50) with a flush, Queen high
Seat 2: Pandakey (big blind) mucked


PokerStars Hand #147588067777:  Hold'em Limit ($3/$6 USD) - 2016/01/24 7:50:39 ET
Table 'Huenna II' 2-max Seat #2 is the button
Seat 1: jl45259071 ($108.80 in chips)
Seat 2: Pandakey ($141.98 in chips)
Pandakey: posts small blind $1
jl45259071: posts big blind $3
*** HOLE CARDS ***
Pandakey: raises $3 to $6
jl45259071: calls $3
*** FLOP *** [8h Jh 6c]
jl45259071: checks
Pandakey: checks
*** TURN *** [8h Jh 6c] [4d]
jl45259071: bets $6
Pandakey: calls $6
*** RIVER *** [8h Jh 6c 4d] [Th]
jl45259071: bets $6
Pandakey: calls $6
*** SHOW DOWN ***
jl45259071: shows [Ac 5h] (high card Ace)
Pandakey: shows [3s 4s] (a pair of Fours)
Pandakey collected $35.50 from pot
*** SUMMARY ***
Total pot $36 | Rake $0.50
Board [8h Jh 6c 4d Th]
Seat 1: jl45259071 (big blind) showed [Ac 5h] and lost with high card Ace
Seat 2: Pandakey (button) (small blind) showed [3s 4s] and won ($35.50) with a pair of Fours


PokerStars Hand #147588162367:  Hold'em Limit ($3/$6 USD) - 2016/01/24 7:52:56 ET
Table 'Huenna II' 2-max Seat #2 is the button
Seat 1: jl45259071 ($114.21 in chips)
Seat 2: Pandakey ($133.73 in chips)
Pandakey: posts small blind $1
jl45259071: posts big blind $3
*** HOLE CARDS ***
Pandakey: raises $3 to $6
jl45259071: calls $3
*** FLOP *** [4d Qs 5s]
jl45259071: checks
Pandakey: bets $3
jl45259071: calls $3
*** TURN *** [4d Qs 5s] [Jh]
jl45259071: checks
Pandakey: checks
*** RIVER *** [4d Qs 5s Jh] [Tc]
jl45259071: checks
Pandakey: bets $6
jl45259071: folds
Uncalled bet ($6) returned to Pandakey
Pandakey collected $17.64 from pot
Pandakey: doesn't show hand
*** SUMMARY ***
Total pot $18 | Rake $0.36
Board [4d Qs 5s Jh Tc]
Seat 1: jl45259071 (big blind) folded on the River
Seat 2: Pandakey (button) (small blind) collected ($17.64)


PokerStars Hand #147588155158:  Hold'em Limit ($3/$6 USD) - 2016/01/24 7:52:45 ET
Table 'Huenna II' 2-max Seat #1 is the button
Seat 1: jl45259071 ($111.21 in chips)
Seat 2: Pandakey ($136.73 in chips)
jl45259071: posts small blind $1
Pandakey: posts big blind $3
*** HOLE CARDS ***
jl45259071: raises $3 to $6
Pandakey: folds
Uncalled bet ($3) returned to jl45259071
jl45259071 collected $6 from pot
jl45259071: doesn't show hand
*** SUMMARY ***
Total pot $6 | Rake $0
Seat 1: jl45259071 (button) (small blind) collected ($6)
Seat 2: Pandakey (big blind) folded before Flop


PokerStars Hand #147588141814:  Hold'em Limit ($3/$6 USD) - 2016/01/24 7:52:26 ET
Table 'Huenna II' 2-max Seat #2 is the button
Seat 1: jl45259071 ($126.21 in chips)
Seat 2: Pandakey ($122.23 in chips)
Pandakey: posts small blind $1
jl45259071: posts big blind $3
*** HOLE CARDS ***
Pandakey: raises $3 to $6
jl45259071: calls $3
*** FLOP *** [2c 3c 9d]
jl45259071: checks
Pandakey: bets $3
jl45259071: calls $3
*** TURN *** [2c 3c 9d] [8c]
jl45259071: checks
Pandakey: bets $6
jl45259071: calls $6
*** RIVER *** [2c 3c 9d 8c] [Ah]
jl45259071: checks
Pandakey: bets $6
jl45259071: folds
Uncalled bet ($6) returned to Pandakey
Pandakey collected $29.50 from pot
Pandakey: doesn't show hand
*** SUMMARY ***
Total pot $30 | Rake $0.50
Board [2c 3c 9d 8c Ah]
Seat 1: jl45259071 (big blind) folded on the River
Seat 2: Pandakey (button) (small blind) collected ($29.50)


PokerStars Hand #147588129760:  Hold'em Limit ($3/$6 USD) - 2016/01/24 7:52:09 ET
Table 'Huenna II' 2-max Seat #1 is the button
Seat 1: jl45259071 ($117.57 in chips)
Seat 2: Pandakey ($131.23 in chips)
jl45259071: posts small blind $1
Pandakey: posts big blind $3
*** HOLE CARDS ***
jl45259071: calls $2
Pandakey: raises $3 to $6
jl45259071: calls $3
*** FLOP *** [7h Jd 8h]
Pandakey: bets $3
jl45259071: calls $3
*** TURN *** [7h Jd 8h] [9d]
Pandakey: checks
jl45259071: checks
*** RIVER *** [7h Jd 8h 9d] [Kh]
Pandakey: checks
jl45259071: bets $6
Pandakey: folds
Uncalled bet ($6) returned to jl45259071
jl45259071 collected $17.64 from pot
jl45259071: doesn't show hand
*** SUMMARY ***
Total pot $18 | Rake $0.36
Board [7h Jd 8h 9d Kh]
Seat 1: jl45259071 (button) (small blind) collected ($17.64)
Seat 2: Pandakey (big blind) folded on the River


PokerStars Hand #147588173765:  Hold'em Limit ($3/$6 USD) - 2016/01/24 7:53:13 ET
Table 'Huenna II' 2-max Seat #1 is the button
Seat 1: jl45259071 ($105.21 in chips)
Seat 2: Pandakey ($142.37 in chips)
jl45259071: posts small blind $1
Pandakey: posts big blind $3
*** HOLE CARDS ***
jl45259071: calls $2
Pandakey: raises $3 to $6
jl45259071: calls $3
*** FLOP *** [Kd 3d 9s]
Pandakey: bets $3
jl45259071: calls $3
*** TURN *** [Kd 3d 9s] [5d]
Pandakey: bets $6
jl45259071: calls $6
*** RIVER *** [Kd 3d 9s 5d] [Jd]
Pandakey: bets $6
jl45259071: folds
Uncalled bet ($6) returned to Pandakey
Pandakey collected $29.50 from pot
Pandakey: doesn't show hand
*** SUMMARY ***
Total pot $30 | Rake $0.50
Board [Kd 3d 9s 5d Jd]
Seat 1: jl45259071 (button) (small blind) folded on the River
Seat 2: Pandakey (big blind) collected ($29.50)


PokerStars Hand #147588236868:  Hold'em Limit ($3/$6 USD) - 2016/01/24 7:54:44 ET
Table 'Huenna II' 2-max Seat #2 is the button
Seat 1: jl45259071 ($60.21 in chips)
Seat 2: Pandakey ($186.13 in chips)
Pandakey: posts small blind $1
jl45259071: posts big blind $3
*** HOLE CARDS ***
Pandakey: raises $3 to $6
jl45259071: calls $3
*** FLOP *** [Qh 9c 4d]
jl45259071: checks
Pandakey: checks
*** TURN *** [Qh 9c 4d] [Ts]
jl45259071: checks
Pandakey: checks
*** RIVER *** [Qh 9c 4d Ts] [3d]
jl45259071: bets $6
Pandakey: calls $6
*** SHOW DOWN ***
jl45259071: shows [7d 4h] (a pair of Fours)
Pandakey: mucks hand
jl45259071 collected $23.52 from pot
*** SUMMARY ***
Total pot $24 | Rake $0.48
Board [Qh 9c 4d Ts 3d]
Seat 1: jl45259071 (big blind) showed [7d 4h] and won ($23.52) with a pair of Fours
Seat 2: Pandakey (button) (small blind) mucked


PokerStars Hand #147588224371:  Hold'em Limit ($3/$6 USD) - 2016/01/24 7:54:26 ET
Table 'Huenna II' 2-max Seat #1 is the button
Seat 1: jl45259071 ($66.21 in chips)
Seat 2: Pandakey ($180.37 in chips)
jl45259071: posts small blind $1
Pandakey: posts big blind $3
*** HOLE CARDS ***
jl45259071: calls $2
Pandakey: checks
*** FLOP *** [2s Kc Td]
Pandakey: bets $3
jl45259071: calls $3
*** TURN *** [2s Kc Td] [Ts]
Pandakey: checks
jl45259071: checks
*** RIVER *** [2s Kc Td Ts] [2d]
Pandakey: bets $6
jl45259071: folds
Uncalled bet ($6) returned to Pandakey
Pandakey collected $11.76 from pot
Pandakey: doesn't show hand
*** SUMMARY ***
Total pot $12 | Rake $0.24
Board [2s Kc Td Ts 2d]
Seat 1: jl45259071 (button) (small blind) folded on the River
Seat 2: Pandakey (big blind) collected ($11.76)


PokerStars Hand #147588196218:  Hold'em Limit ($3/$6 USD) - 2016/01/24 7:53:45 ET
Table 'Huenna II' 2-max Seat #2 is the button
Seat 1: jl45259071 ($90.21 in chips)
Seat 2: Pandakey ($156.87 in chips)
Pandakey: posts small blind $1
jl45259071: posts big blind $3
*** HOLE CARDS ***
Pandakey: raises $3 to $6
jl45259071: raises $3 to $9
Pandakey: calls $3
*** FLOP *** [Tc 5s 6d]
jl45259071: bets $3
Pandakey: calls $3
*** TURN *** [Tc 5s 6d] [8s]
jl45259071: bets $6
Pandakey: raises $6 to $12
jl45259071: calls $6
*** RIVER *** [Tc 5s 6d 8s] [7h]
jl45259071: checks
Pandakey: bets $6
jl45259071: folds
Uncalled bet ($6) returned to Pandakey
Pandakey collected $47.50 from pot
Pandakey: doesn't show hand
*** SUMMARY ***
Total pot $48 | Rake $0.50
Board [Tc 5s 6d 8s 7h]
Seat 1: jl45259071 (big blind) folded on the River
Seat 2: Pandakey (button) (small blind) collected ($47.50)


PokerStars Hand #147588283270:  Hold'em Limit ($3/$6 USD) - 2016/01/24 7:56:00 ET
Table 'Huenna II' 2-max Seat #2 is the button
Seat 1: jl45259071 ($72.61 in chips)
Seat 2: Pandakey ($173.01 in chips)
Pandakey: posts small blind $1
jl45259071: posts big blind $3
*** HOLE CARDS ***
Pandakey: folds
Uncalled bet ($2) returned to jl45259071
jl45259071 collected $2 from pot
jl45259071: doesn't show hand
*** SUMMARY ***
Total pot $2 | Rake $0
Seat 1: jl45259071 (big blind) collected ($2)
Seat 2: Pandakey (button) (small blind) folded before Flop


PokerStars Hand #147588272529:  Hold'em Limit ($3/$6 USD) - 2016/01/24 7:55:42 ET
Table 'Huenna II' 2-max Seat #1 is the button
Seat 1: jl45259071 ($69.73 in chips)
Seat 2: Pandakey ($176.01 in chips)
jl45259071: posts small blind $1
Pandakey: posts big blind $3
*** HOLE CARDS ***
jl45259071: calls $2
Pandakey: checks
*** FLOP *** [5c Ac 4c]
Pandakey: checks
jl45259071: checks
*** TURN *** [5c Ac 4c] [Kc]
Pandakey: checks
jl45259071: checks
*** RIVER *** [5c Ac 4c Kc] [6d]
Pandakey: checks
jl45259071: checks
*** SHOW DOWN ***
Pandakey: shows [9s 8h] (high card Ace)
jl45259071: shows [2d Qd] (high card Ace - King+Queen kicker)
jl45259071 collected $5.88 from pot
*** SUMMARY ***
Total pot $6 | Rake $0.12
Board [5c Ac 4c Kc 6d]
Seat 1: jl45259071 (button) (small blind) showed [2d Qd] and won ($5.88) with high card Ace
Seat 2: Pandakey (big blind) showed [9s 8h] and lost with high card Ace


PokerStars Hand #147588265277:  Hold'em Limit ($3/$6 USD) - 2016/01/24 7:55:29 ET
Table 'Huenna II' 2-max Seat #2 is the button
Seat 1: jl45259071 ($68.73 in chips)
Seat 2: Pandakey ($177.01 in chips)
Pandakey: posts small blind $1
jl45259071: posts big blind $3
*** HOLE CARDS ***
Pandakey: folds
Uncalled bet ($2) returned to jl45259071
jl45259071 collected $2 from pot
jl45259071: doesn't show hand
*** SUMMARY ***
Total pot $2 | Rake $0
Seat 1: jl45259071 (big blind) collected ($2)
Seat 2: Pandakey (button) (small blind) folded before Flop


PokerStars Hand #147588255077:  Hold'em Limit ($3/$6 USD) - 2016/01/24 7:55:11 ET
Table 'Huenna II' 2-max Seat #1 is the button
Seat 1: jl45259071 ($71.73 in chips)
Seat 2: Pandakey ($174.13 in chips)
jl45259071: posts small blind $1
Pandakey: posts big blind $3
*** HOLE CARDS ***
jl45259071: calls $2
Pandakey: checks
*** FLOP *** [5s 3c 3d]
Pandakey: checks
jl45259071: checks
*** TURN *** [5s 3c 3d] [Jh]
Pandakey: checks
jl45259071: checks
*** RIVER *** [5s 3c 3d Jh] [Ah]
Pandakey: bets $6
jl45259071: folds
Uncalled bet ($6) returned to Pandakey
Pandakey collected $5.88 from pot
Pandakey: doesn't show hand
*** SUMMARY ***
Total pot $6 | Rake $0.12
Board [5s 3c 3d Jh Ah]
Seat 1: jl45259071 (button) (small blind) folded on the River
Seat 2: Pandakey (big blind) collected ($5.88)


PokerStars Hand #147588303224:  Hold'em Limit ($3/$6 USD) - 2016/01/24 7:56:34 ET
Table 'Huenna II' 2-max Seat #2 is the button
Seat 1: jl45259071 ($70.61 in chips)
Seat 2: Pandakey ($174.89 in chips)
Pandakey: posts small blind $1
jl45259071: posts big blind $3
*** HOLE CARDS ***
Pandakey: raises $3 to $6
jl45259071: calls $3
*** FLOP *** [3s Ac Jc]
jl45259071: checks
Pandakey: bets $3
jl45259071: calls $3
*** TURN *** [3s Ac Jc] [9c]
jl45259071: checks
Pandakey: bets $6
jl45259071: calls $6
*** RIVER *** [3s Ac Jc 9c] [Ah]
jl45259071: checks
Pandakey: bets $6
jl45259071: folds
Uncalled bet ($6) returned to Pandakey
Pandakey collected $29.50 from pot
Pandakey: doesn't show hand
*** SUMMARY ***
Total pot $30 | Rake $0.50
Board [3s Ac Jc 9c Ah]
Seat 1: jl45259071 (big blind) folded on the River
Seat 2: Pandakey (button) (small blind) collected ($29.50)


PokerStars Hand #147588287590:  Hold'em Limit ($3/$6 USD) - 2016/01/24 7:56:08 ET
Table 'Huenna II' 2-max Seat #1 is the button
Seat 1: jl45259071 ($73.61 in chips)
Seat 2: Pandakey ($172.01 in chips)
jl45259071: posts small blind $1
Pandakey: posts big blind $3
*** HOLE CARDS ***
jl45259071: calls $2
Pandakey: checks
*** FLOP *** [Qh 3s 9s]
Pandakey: checks
jl45259071: checks
*** TURN *** [Qh 3s 9s] [7h]
Pandakey: bets $6
jl45259071: folds
Uncalled bet ($6) returned to Pandakey
Pandakey collected $5.88 from pot
Pandakey: doesn't show hand
*** SUMMARY ***
Total pot $6 | Rake $0.12
Board [Qh 3s 9s 7h]
Seat 1: jl45259071 (button) (small blind) folded on the Turn
Seat 2: Pandakey (big blind) collected ($5.88)


PokerStars Hand #147588336694:  Hold'em Limit ($3/$6 USD) - 2016/01/24 7:57:32 ET
Table 'Huenna II' 2-max Seat #1 is the button
Seat 1: jl45259071 ($47.61 in chips)
Seat 2: Pandakey ($197.03 in chips)
jl45259071: posts small blind $1
Pandakey: posts big blind $3
*** HOLE CARDS ***
jl45259071: calls $2
Pandakey: checks
*** FLOP *** [9c 9d Tc]
Pandakey: checks
jl45259071: bets $3
Pandakey: calls $3
*** TURN *** [9c 9d Tc] [Td]
Pandakey: checks
jl45259071: checks
*** RIVER *** [9c 9d Tc Td] [Ks]
Pandakey: checks
jl45259071: checks
*** SHOW DOWN ***
Pandakey: shows [7s Kc] (two pair, Kings and Tens)
jl45259071: mucks hand
Pandakey collected $11.76 from pot
*** SUMMARY ***
Total pot $12 | Rake $0.24
Board [9c 9d Tc Td Ks]
Seat 1: jl45259071 (button) (small blind) mucked
Seat 2: Pandakey (big blind) showed [7s Kc] and won ($11.76) with two pair, Kings and Tens


PokerStars Hand #147588330622:  Hold'em Limit ($3/$6 USD) - 2016/01/24 7:57:21 ET
Table 'Huenna II' 2-max Seat #2 is the button
Seat 1: jl45259071 ($46.61 in chips)
Seat 2: Pandakey ($198.03 in chips)
Pandakey: posts small blind $1
jl45259071: posts big blind $3
*** HOLE CARDS ***
Pandakey: folds
Uncalled bet ($2) returned to jl45259071
jl45259071 collected $2 from pot
jl45259071: doesn't show hand
*** SUMMARY ***
Total pot $2 | Rake $0
Seat 1: jl45259071 (big blind) collected ($2)
Seat 2: Pandakey (button) (small blind) folded before Flop


PokerStars Hand #147588317982:  Hold'em Limit ($3/$6 USD) - 2016/01/24 7:57:00 ET
Table 'Huenna II' 2-max Seat #1 is the button
Seat 1: jl45259071 ($55.61 in chips)
Seat 2: Pandakey ($189.39 in chips)
jl45259071: posts small blind $1
Pandakey: posts big blind $3
*** HOLE CARDS ***
jl45259071: calls $2
Pandakey: raises $3 to $6
jl45259071: calls $3
*** FLOP *** [2c 9s Qd]
Pandakey: bets $3
jl45259071: calls $3
*** TURN *** [2c 9s Qd] [5s]
Pandakey: bets $6
jl45259071: folds
Uncalled bet ($6) returned to Pandakey
Pandakey collected $17.64 from pot
Pandakey: doesn't show hand
*** SUMMARY ***
Total pot $18 | Rake $0.36
Board [2c 9s Qd 5s]
Seat 1: jl45259071 (button) (small blind) folded on the Turn
Seat 2: Pandakey (big blind) collected ($17.64)


PokerStars Hand #147588388675:  Hold'em Limit ($3/$6 USD) - 2016/01/24 7:58:37 ET
Table 'Huenna II' 2-max Seat #2 is the button
Seat 1: jl45259071 ($47.25 in chips)
Seat 2: Pandakey ($196.67 in chips)
Pandakey: posts small blind $1
jl45259071: posts big blind $3
*** HOLE CARDS ***
Pandakey: raises $3 to $6
jl45259071: raises $3 to $9
Pandakey: calls $3
*** FLOP *** [9s 8d 3c]
jl45259071: bets $3
Pandakey: calls $3
*** TURN *** [9s 8d 3c] [Kd]
jl45259071: bets $6
Pandakey: calls $6
*** RIVER *** [9s 8d 3c Kd] [7d]
jl45259071: checks
Pandakey: bets $6
jl45259071: folds
Uncalled bet ($6) returned to Pandakey
Pandakey collected $35.50 from pot
Pandakey: doesn't show hand
*** SUMMARY ***
Total pot $36 | Rake $0.50
Board [9s 8d 3c Kd 7d]
Seat 1: jl45259071 (big blind) folded on the River
Seat 2: Pandakey (button) (small blind) collected ($35.50)


PokerStars Hand #147588377083:  Hold'em Limit ($3/$6 USD) - 2016/01/24 7:58:25 ET
Table 'Huenna II' 2-max Seat #1 is the button
Seat 1: jl45259071 ($50.25 in chips)
Seat 2: Pandakey ($193.79 in chips)
jl45259071: posts small blind $1
Pandakey: posts big blind $3
*** HOLE CARDS ***
jl45259071: calls $2
Pandakey: checks
*** FLOP *** [7d Qd 5h]
Pandakey: checks
jl45259071: checks
*** TURN *** [7d Qd 5h] [9h]
Pandakey: bets $6
jl45259071: folds
Uncalled bet ($6) returned to Pandakey
Pandakey collected $5.88 from pot
Pandakey: doesn't show hand
*** SUMMARY ***
Total pot $6 | Rake $0.12
Board [7d Qd 5h 9h]
Seat 1: jl45259071 (button) (small blind) folded on the Turn
Seat 2: Pandakey (big blind) collected ($5.88)


PokerStars Hand #147588361629:  Hold'em Limit ($3/$6 USD) - 2016/01/24 7:58:08 ET
Table 'Huenna II' 2-max Seat #2 is the button
Seat 1: jl45259071 ($41.61 in chips)
Seat 2: Pandakey ($202.79 in chips)
Pandakey: posts small blind $1
jl45259071: posts big blind $3
*** HOLE CARDS ***
Pandakey: raises $3 to $6
jl45259071: raises $3 to $9
Pandakey: calls $3
*** FLOP *** [9d 4s Tc]
jl45259071: checks
Pandakey: checks
*** TURN *** [9d 4s Tc] [9h]
jl45259071: bets $6
Pandakey: folds
Uncalled bet ($6) returned to jl45259071
jl45259071 collected $17.64 from pot
jl45259071: doesn't show hand
*** SUMMARY ***
Total pot $18 | Rake $0.36
Board [9d 4s Tc 9h]
Seat 1: jl45259071 (big blind) collected ($17.64)
Seat 2: Pandakey (button) (small blind) folded on the Turn


PokerStars Hand #147588420273:  Hold'em Limit ($3/$6 USD) - 2016/01/24 7:59:28 ET
Table 'Huenna II' 2-max Seat #2 is the button
Seat 1: jl45259071 ($20.25 in chips)
Seat 2: Pandakey ($222.81 in chips)
Pandakey: posts small blind $1
jl45259071: posts big blind $3
*** HOLE CARDS ***
Pandakey: raises $3 to $6
jl45259071: calls $3
*** FLOP *** [4s 2c 7h]
jl45259071: checks
Pandakey: bets $3
jl45259071: calls $3
*** TURN *** [4s 2c 7h] [2s]
jl45259071: checks
Pandakey: bets $6
jl45259071: folds
Uncalled bet ($6) returned to Pandakey
Pandakey collected $17.64 from pot
Pandakey: doesn't show hand
*** SUMMARY ***
Total pot $18 | Rake $0.36
Board [4s 2c 7h 2s]
Seat 1: jl45259071 (big blind) folded on the Turn
Seat 2: Pandakey (button) (small blind) collected ($17.64)


PokerStars Hand #147588406038:  Hold'em Limit ($3/$6 USD) - 2016/01/24 7:59:04 ET
Table 'Huenna II' 2-max Seat #1 is the button
Seat 1: jl45259071 ($29.25 in chips)
Seat 2: Pandakey ($214.17 in chips)
jl45259071: posts small blind $1
Pandakey: posts big blind $3
*** HOLE CARDS ***
jl45259071: calls $2
Pandakey: checks
*** FLOP *** [3d 3c Qh]
Pandakey: checks
jl45259071: checks
*** TURN *** [3d 3c Qh] [Js]
Pandakey: bets $6
jl45259071: calls $6
*** RIVER *** [3d 3c Qh Js] [5d]
Pandakey: checks
jl45259071: checks
*** SHOW DOWN ***
Pandakey: shows [5s Kd] (two pair, Fives and Threes)
jl45259071: mucks hand
Pandakey collected $17.64 from pot
*** SUMMARY ***
Total pot $18 | Rake $0.36
Board [3d 3c Qh Js 5d]
Seat 1: jl45259071 (button) (small blind) mucked
Seat 2: Pandakey (big blind) showed [5s Kd] and won ($17.64) with two pair, Fives and Threes


PokerStars Hand #147588437169:  Hold'em Limit ($3/$6 USD) - 2016/01/24 7:59:57 ET
Table 'Huenna II' 2-max Seat #1 is the button
Seat 1: jl45259071 ($52.05 in chips)
Seat 2: Pandakey ($231.45 in chips)
jl45259071: posts small blind $1
Pandakey: posts big blind $3
*** HOLE CARDS ***
jl45259071: calls $2
Pandakey: checks
*** FLOP *** [3s 3d 2h]
Pandakey: checks
jl45259071: checks
*** TURN *** [3s 3d 2h] [Td]
Pandakey: bets $6
jl45259071: raises $6 to $12
Pandakey: folds
Uncalled bet ($6) returned to jl45259071
jl45259071 collected $17.64 from pot
jl45259071: doesn't show hand
*** SUMMARY ***
Total pot $18 | Rake $0.36
Board [3s 3d 2h Td]
Seat 1: jl45259071 (button) (small blind) collected ($17.64)
Seat 2: Pandakey (big blind) folded on the Turn


PokerStars Hand #147588454621:  Hold'em Limit ($3/$6 USD) - 2016/01/24 8:00:25 ET
Table 'Huenna II' 2-max Seat #2 is the button
Seat 1: jl45259071 ($60.69 in chips)
Seat 2: Pandakey ($222.45 in chips)
Pandakey: posts small blind $1
jl45259071: posts big blind $3
*** HOLE CARDS ***
Pandakey: folds
Uncalled bet ($2) returned to jl45259071
jl45259071 collected $2 from pot
jl45259071: doesn't show hand
*** SUMMARY ***
Total pot $2 | Rake $0
Seat 1: jl45259071 (big blind) collected ($2)
Seat 2: Pandakey (button) (small blind) folded before Flop


PokerStars Hand #147588457739:  Hold'em Limit ($3/$6 USD) - 2016/01/24 8:00:30 ET
Table 'Huenna II' 2-max Seat #1 is the button
Seat 1: jl45259071 ($61.69 in chips)
Seat 2: Pandakey ($221.45 in chips)
jl45259071: posts small blind $1
Pandakey: posts big blind $3
*** HOLE CARDS ***
jl45259071: calls $2
Pandakey: checks
*** FLOP *** [8s 3s 9c]
Pandakey: checks
jl45259071: bets $3
Pandakey: folds
Uncalled bet ($3) returned to jl45259071
jl45259071 collected $5.88 from pot
jl45259071: doesn't show hand
*** SUMMARY ***
Total pot $6 | Rake $0.12
Board [8s 3s 9c]
Seat 1: jl45259071 (button) (small blind) collected ($5.88)
Seat 2: Pandakey (big blind) folded on the Flop


PokerStars Hand #147588463941:  Hold'em Limit ($3/$6 USD) - 2016/01/24 8:00:40 ET
Table 'Huenna II' 2-max Seat #2 is the button
Seat 1: jl45259071 ($64.57 in chips)
Seat 2: Pandakey ($218.45 in chips)
Pandakey: posts small blind $1
jl45259071: posts big blind $3
*** HOLE CARDS ***
Pandakey: raises $3 to $6
jl45259071: calls $3
*** FLOP *** [6h 2d As]
jl45259071: checks
Pandakey: bets $3
jl45259071: calls $3
*** TURN *** [6h 2d As] [5c]
jl45259071: checks
Pandakey: checks
*** RIVER *** [6h 2d As 5c] [2s]
jl45259071: bets $6
Pandakey: folds
Uncalled bet ($6) returned to jl45259071
jl45259071 collected $17.64 from pot
jl45259071: doesn't show hand
*** SUMMARY ***
Total pot $18 | Rake $0.36
Board [6h 2d As 5c 2s]
Seat 1: jl45259071 (big blind) collected ($17.64)
Seat 2: Pandakey (button) (small blind) folded on the River


PokerStars Hand #147588473274:  Hold'em Limit ($3/$6 USD) - 2016/01/24 8:00:55 ET
Table 'Huenna II' 2-max Seat #1 is the button
Seat 1: jl45259071 ($73.21 in chips)
Seat 2: Pandakey ($209.45 in chips)
jl45259071: posts small blind $1
Pandakey: posts big blind $3
*** HOLE CARDS ***
jl45259071: calls $2
Pandakey: checks
*** FLOP *** [5h 8s Jc]
Pandakey: checks
jl45259071: bets $3
Pandakey: calls $3
*** TURN *** [5h 8s Jc] [Ad]
Pandakey: checks
jl45259071: checks
*** RIVER *** [5h 8s Jc Ad] [3s]
Pandakey: bets $6
jl45259071: folds
Uncalled bet ($6) returned to Pandakey
Pandakey collected $11.76 from pot
Pandakey: doesn't show hand
*** SUMMARY ***
Total pot $12 | Rake $0.24
Board [5h 8s Jc Ad 3s]
Seat 1: jl45259071 (button) (small blind) folded on the River
Seat 2: Pandakey (big blind) collected ($11.76)


PokerStars Hand #147588496582:  Hold'em Limit ($3/$6 USD) - 2016/01/24 8:01:30 ET
Table 'Huenna II' 2-max Seat #2 is the button
Seat 1: jl45259071 ($67.21 in chips)
Seat 2: Pandakey ($215.21 in chips)
Pandakey: posts small blind $1
jl45259071: posts big blind $3
*** HOLE CARDS ***
Pandakey: raises $3 to $6
jl45259071: raises $3 to $9
Pandakey: calls $3
*** FLOP *** [2s 9s 4h]
jl45259071: bets $3
Pandakey: calls $3
*** TURN *** [2s 9s 4h] [Qc]
jl45259071: checks
Pandakey: bets $6
jl45259071: calls $6
*** RIVER *** [2s 9s 4h Qc] [5c]
jl45259071: checks
Pandakey: checks
*** SHOW DOWN ***
jl45259071: shows [8c Ac] (high card Ace)
Pandakey: mucks hand
jl45259071 collected $35.50 from pot
*** SUMMARY ***
Total pot $36 | Rake $0.50
Board [2s 9s 4h Qc 5c]
Seat 1: jl45259071 (big blind) showed [8c Ac] and won ($35.50) with high card Ace
Seat 2: Pandakey (button) (small blind) mucked


PokerStars Hand #147588511883:  Hold'em Limit ($3/$6 USD) - 2016/01/24 8:01:52 ET
Table 'Huenna II' 2-max Seat #1 is the button
Seat 1: jl45259071 ($84.71 in chips)
Seat 2: Pandakey ($197.21 in chips)
jl45259071: posts small blind $1
Pandakey: posts big blind $3
*** HOLE CARDS ***
jl45259071: calls $2
Pandakey: checks
*** FLOP *** [7s Ad Kd]
Pandakey: checks
jl45259071: bets $3
Pandakey: calls $3
*** TURN *** [7s Ad Kd] [Th]
Pandakey: checks
jl45259071: bets $6
Pandakey: calls $6
*** RIVER *** [7s Ad Kd Th] [5c]
Pandakey: checks
jl45259071: checks
*** SHOW DOWN ***
Pandakey: shows [Ks 2h] (a pair of Kings)
jl45259071: shows [As 3h] (a pair of Aces)
jl45259071 collected $23.52 from pot
*** SUMMARY ***
Total pot $24 | Rake $0.48
Board [7s Ad Kd Th 5c]
Seat 1: jl45259071 (button) (small blind) showed [As 3h] and won ($23.52) with a pair of Aces
Seat 2: Pandakey (big blind) showed [Ks 2h] and lost with a pair of Kings


PokerStars Hand #147588531938:  Hold'em Limit ($3/$6 USD) - 2016/01/24 8:02:21 ET
Table 'Huenna II' 2-max Seat #2 is the button
Seat 1: jl45259071 ($96.23 in chips)
Seat 2: Pandakey ($185.21 in chips)
Pandakey: posts small blind $1
jl45259071: posts big blind $3
*** HOLE CARDS ***
Pandakey: raises $3 to $6
jl45259071: calls $3
*** FLOP *** [Qd Qs 2c]
jl45259071: checks
Pandakey: bets $3
jl45259071: calls $3
*** TURN *** [Qd Qs 2c] [6c]
jl45259071: checks
Pandakey: checks
*** RIVER *** [Qd Qs 2c 6c] [6d]
jl45259071: checks
Pandakey: checks
*** SHOW DOWN ***
jl45259071: shows [5c 8h] (two pair, Queens and Sixes)
Pandakey: shows [Kh 7c] (two pair, Queens and Sixes - King kicker)
Pandakey collected $17.64 from pot
*** SUMMARY ***
Total pot $18 | Rake $0.36
Board [Qd Qs 2c 6c 6d]
Seat 1: jl45259071 (big blind) showed [5c 8h] and lost with two pair, Queens and Sixes
Seat 2: Pandakey (button) (small blind) showed [Kh 7c] and won ($17.64) with two pair, Queens and Sixes


PokerStars Hand #147588557214:  Hold'em Limit ($3/$6 USD) - 2016/01/24 8:02:57 ET
Table 'Huenna II' 2-max Seat #1 is the button
Seat 1: jl45259071 ($87.23 in chips)
Seat 2: Pandakey ($193.85 in chips)
jl45259071: posts small blind $1
Pandakey: posts big blind $3
*** HOLE CARDS ***
jl45259071: calls $2
Pandakey: checks
*** FLOP *** [7h 4s Js]
Pandakey: checks
jl45259071: bets $3
Pandakey: calls $3
*** TURN *** [7h 4s Js] [2h]
Pandakey: checks
jl45259071: checks
*** RIVER *** [7h 4s Js 2h] [Kh]
Pandakey: bets $6
jl45259071: calls $6
*** SHOW DOWN ***
Pandakey: shows [3h 7c] (a pair of Sevens)
jl45259071: mucks hand
Pandakey collected $23.52 from pot
*** SUMMARY ***
Total pot $24 | Rake $0.48
Board [7h 4s Js 2h Kh]
Seat 1: jl45259071 (button) (small blind) mucked
Seat 2: Pandakey (big blind) showed [3h 7c] and won ($23.52) with a pair of Sevens


PokerStars Hand #147588577372:  Hold'em Limit ($3/$6 USD) - 2016/01/24 8:03:25 ET
Table 'Huenna II' 2-max Seat #2 is the button
Seat 1: jl45259071 ($75.23 in chips)
Seat 2: Pandakey ($205.37 in chips)
Pandakey: posts small blind $1
jl45259071: posts big blind $3
*** HOLE CARDS ***
Pandakey: raises $3 to $6
jl45259071: raises $3 to $9
Pandakey: calls $3
*** FLOP *** [6h Jd 6s]
jl45259071: bets $3
Pandakey: calls $3
*** TURN *** [6h Jd 6s] [Th]
jl45259071: checks
Pandakey: checks
*** RIVER *** [6h Jd 6s Th] [8c]
jl45259071: bets $6
Pandakey: raises $6 to $12
jl45259071: folds
Uncalled bet ($6) returned to Pandakey
Pandakey collected $35.50 from pot
Pandakey: doesn't show hand
*** SUMMARY ***
Total pot $36 | Rake $0.50
Board [6h Jd 6s Th 8c]
Seat 1: jl45259071 (big blind) folded on the River
Seat 2: Pandakey (button) (small blind) collected ($35.50)


PokerStars Hand #147588591257:  Hold'em Limit ($3/$6 USD) - 2016/01/24 8:03:45 ET
Table 'Huenna II' 2-max Seat #1 is the button
Seat 1: jl45259071 ($57.23 in chips)
Seat 2: Pandakey ($222.87 in chips)
jl45259071: posts small blind $1
Pandakey: posts big blind $3
*** HOLE CARDS ***
jl45259071: raises $3 to $6
Pandakey: calls $3
*** FLOP *** [3s 2d Th]
Pandakey: checks
jl45259071: bets $3
Pandakey: calls $3
*** TURN *** [3s 2d Th] [7c]
Pandakey: checks
jl45259071: checks
*** RIVER *** [3s 2d Th 7c] [Js]
Pandakey: checks
jl45259071: bets $6
Pandakey: calls $6
*** SHOW DOWN ***
jl45259071: shows [Jc 9d] (a pair of Jacks)
Pandakey: mucks hand
jl45259071 collected $29.50 from pot
*** SUMMARY ***
Total pot $30 | Rake $0.50
Board [3s 2d Th 7c Js]
Seat 1: jl45259071 (button) (small blind) showed [Jc 9d] and won ($29.50) with a pair of Jacks
Seat 2: Pandakey (big blind) mucked


PokerStars Hand #147588618002:  Hold'em Limit ($3/$6 USD) - 2016/01/24 8:04:22 ET
Table 'Huenna II' 2-max Seat #2 is the button
Seat 1: jl45259071 ($71.73 in chips)
Seat 2: Pandakey ($207.87 in chips)
Pandakey: posts small blind $1
jl45259071: posts big blind $3
*** HOLE CARDS ***
Pandakey: raises $3 to $6
jl45259071: calls $3
*** FLOP *** [2s 4s Js]
jl45259071: checks
Pandakey: checks
*** TURN *** [2s 4s Js] [8d]
jl45259071: checks
Pandakey: bets $6
jl45259071: calls $6
*** RIVER *** [2s 4s Js 8d] [Ac]
jl45259071: checks
Pandakey: bets $6
jl45259071: calls $6
*** SHOW DOWN ***
Pandakey: shows [Td Kc] (high card Ace)
jl45259071: shows [4h 7d] (a pair of Fours)
jl45259071 collected $35.50 from pot
*** SUMMARY ***
Total pot $36 | Rake $0.50
Board [2s 4s Js 8d Ac]
Seat 1: jl45259071 (big blind) showed [4h 7d] and won ($35.50) with a pair of Fours
Seat 2: Pandakey (button) (small blind) showed [Td Kc] and lost with high card Ace


PokerStars Hand #147588630765:  Hold'em Limit ($3/$6 USD) - 2016/01/24 8:04:40 ET
Table 'Huenna II' 2-max Seat #1 is the button
Seat 1: jl45259071 ($89.23 in chips)
Seat 2: Pandakey ($189.87 in chips)
jl45259071: posts small blind $1
Pandakey: posts big blind $3
*** HOLE CARDS ***
jl45259071: calls $2
Pandakey: checks
*** FLOP *** [7s Qs Ad]
Pandakey: checks
jl45259071: checks
*** TURN *** [7s Qs Ad] [Qd]
Pandakey: bets $6
jl45259071: folds
Uncalled bet ($6) returned to Pandakey
Pandakey collected $5.88 from pot
Pandakey: doesn't show hand
*** SUMMARY ***
Total pot $6 | Rake $0.12
Board [7s Qs Ad Qd]
Seat 1: jl45259071 (button) (small blind) folded on the Turn
Seat 2: Pandakey (big blind) collected ($5.88)


PokerStars Hand #147588645022:  Hold'em Limit ($3/$6 USD) - 2016/01/24 8:05:00 ET
Table 'Huenna II' 2-max Seat #2 is the button
Seat 1: jl45259071 ($86.23 in chips)
Seat 2: Pandakey ($192.75 in chips)
Pandakey: posts small blind $1
jl45259071: posts big blind $3
*** HOLE CARDS ***
Pandakey: raises $3 to $6
jl45259071: raises $3 to $9
Pandakey: calls $3
*** FLOP *** [Qs 7s 6c]
jl45259071: bets $3
Pandakey: calls $3
*** TURN *** [Qs 7s 6c] [4d]
jl45259071: checks
Pandakey: bets $6
jl45259071: calls $6
*** RIVER *** [Qs 7s 6c 4d] [9d]
jl45259071: checks
Pandakey: bets $6
jl45259071: calls $6
*** SHOW DOWN ***
Pandakey: shows [4c Qd] (two pair, Queens and Fours)
jl45259071: mucks hand
Pandakey collected $47.50 from pot
*** SUMMARY ***
Total pot $48 | Rake $0.50
Board [Qs 7s 6c 4d 9d]
Seat 1: jl45259071 (big blind) mucked
Seat 2: Pandakey (button) (small blind) showed [4c Qd] and won ($47.50) with two pair, Queens and Fours


PokerStars Hand #147588687501:  Hold'em Limit ($3/$6 USD) - 2016/01/24 8:05:59 ET
Table 'Huenna II' 2-max Seat #2 is the button
Seat 1: jl45259071 ($61.23 in chips)
Seat 2: Pandakey ($217.25 in chips)
Pandakey: posts small blind $1
jl45259071: posts big blind $3
*** HOLE CARDS ***
Pandakey: folds
Uncalled bet ($2) returned to jl45259071
jl45259071 collected $2 from pot
jl45259071: doesn't show hand
*** SUMMARY ***
Total pot $2 | Rake $0
Seat 1: jl45259071 (big blind) collected ($2)
Seat 2: Pandakey (button) (small blind) folded before Flop


PokerStars Hand #147588683718:  Hold'em Limit ($3/$6 USD) - 2016/01/24 8:05:54 ET
Table 'Huenna II' 2-max Seat #1 is the button
Seat 1: jl45259071 ($62.23 in chips)
Seat 2: Pandakey ($216.25 in chips)
jl45259071: posts small blind $1
Pandakey: posts big blind $3
*** HOLE CARDS ***
jl45259071: folds
Uncalled bet ($2) returned to Pandakey
Pandakey collected $2 from pot
Pandakey: doesn't show hand
*** SUMMARY ***
Total pot $2 | Rake $0
Seat 1: jl45259071 (button) (small blind) folded before Flop
Seat 2: Pandakey (big blind) collected ($2)


PokerStars Hand #147588691295:  Hold'em Limit ($3/$6 USD) - 2016/01/24 8:06:05 ET
Table 'Huenna II' 2-max Seat #1 is the button
Seat 1: jl45259071 ($62.23 in chips)
Seat 2: Pandakey ($216.25 in chips)
jl45259071: posts small blind $1
Pandakey: posts big blind $3
*** HOLE CARDS ***
jl45259071: calls $2
Pandakey: raises $3 to $6
jl45259071: calls $3
*** FLOP *** [4s 8h 7c]
Pandakey: bets $3
jl45259071: calls $3
*** TURN *** [4s 8h 7c] [5s]
Pandakey: bets $6
jl45259071: calls $6
*** RIVER *** [4s 8h 7c 5s] [7s]
Pandakey: bets $6
jl45259071: folds
Uncalled bet ($6) returned to Pandakey
Pandakey collected $29.50 from pot
Pandakey: doesn't show hand
*** SUMMARY ***
Total pot $30 | Rake $0.50
Board [4s 8h 7c 5s 7s]
Seat 1: jl45259071 (button) (small blind) folded on the River
Seat 2: Pandakey (big blind) collected ($29.50)


PokerStars Hand #147588703976:  Hold'em Limit ($3/$6 USD) - 2016/01/24 8:06:22 ET
Table 'Huenna II' 2-max Seat #2 is the button
Seat 1: jl45259071 ($47.23 in chips)
Seat 2: Pandakey ($230.75 in chips)
Pandakey: posts small blind $1
jl45259071: posts big blind $3
*** HOLE CARDS ***
Pandakey: raises $3 to $6
jl45259071: calls $3
*** FLOP *** [7d Jc 6h]
jl45259071: checks
Pandakey: bets $3
jl45259071: calls $3
*** TURN *** [7d Jc 6h] [Td]
jl45259071: checks
Pandakey: checks
*** RIVER *** [7d Jc 6h Td] [9s]
jl45259071: bets $6
Pandakey: raises $6 to $12
jl45259071: raises $6 to $18
Pandakey: calls $6
*** SHOW DOWN ***
jl45259071: shows [8d 4h] (a straight, Seven to Jack)
Pandakey: shows [8h 5c] (a straight, Seven to Jack)
jl45259071 collected $26.75 from pot
Pandakey collected $26.75 from pot
*** SUMMARY ***
Total pot $54 | Rake $0.50
Board [7d Jc 6h Td 9s]
Seat 1: jl45259071 (big blind) showed [8d 4h] and won ($26.75) with a straight, Seven to Jack
Seat 2: Pandakey (button) (small blind) showed [8h 5c] and won ($26.75) with a straight, Seven to Jack


PokerStars Hand #147588730561:  Hold'em Limit ($3/$6 USD) - 2016/01/24 8:06:59 ET
Table 'Huenna II' 2-max Seat #1 is the button
Seat 1: jl45259071 ($46.98 in chips)
Seat 2: Pandakey ($230.50 in chips)
jl45259071: posts small blind $1
Pandakey: posts big blind $3
*** HOLE CARDS ***
jl45259071: raises $3 to $6
Pandakey: raises $3 to $9
jl45259071: raises $3 to $12
Betting is capped
Pandakey: calls $3
*** FLOP *** [9c 4s Js]
Pandakey: checks
jl45259071: bets $3
Pandakey: calls $3
*** TURN *** [9c 4s Js] [5s]
Pandakey: checks
jl45259071: checks
*** RIVER *** [9c 4s Js 5s] [Qc]
Pandakey: bets $6
jl45259071: calls $6
*** SHOW DOWN ***
Pandakey: shows [5h Ah] (a pair of Fives)
jl45259071: shows [Tc Jc] (a pair of Jacks)
jl45259071 collected $41.50 from pot
*** SUMMARY ***
Total pot $42 | Rake $0.50
Board [9c 4s Js 5s Qc]
Seat 1: jl45259071 (button) (small blind) showed [Tc Jc] and won ($41.50) with a pair of Jacks
Seat 2: Pandakey (big blind) showed [5h Ah] and lost with a pair of Fives


PokerStars Hand #147588763439:  Hold'em Limit ($3/$6 USD) - 2016/01/24 8:07:45 ET
Table 'Huenna II' 2-max Seat #2 is the button
Seat 1: jl45259071 ($67.48 in chips)
Seat 2: Pandakey ($209.50 in chips)
Pandakey: posts small blind $1
jl45259071: posts big blind $3
*** HOLE CARDS ***
Pandakey: raises $3 to $6
jl45259071: calls $3
*** FLOP *** [4h 9c 5s]
jl45259071: checks
Pandakey: checks
*** TURN *** [4h 9c 5s] [5c]
jl45259071: checks
Pandakey: bets $6
jl45259071: raises $6 to $12
Pandakey: folds
Uncalled bet ($6) returned to jl45259071
jl45259071 collected $23.52 from pot
jl45259071: doesn't show hand
*** SUMMARY ***
Total pot $24 | Rake $0.48
Board [4h 9c 5s 5c]
Seat 1: jl45259071 (big blind) collected ($23.52)
Seat 2: Pandakey (button) (small blind) folded on the Turn


PokerStars Hand #147588779102:  Hold'em Limit ($3/$6 USD) - 2016/01/24 8:08:06 ET
Table 'Huenna II' 2-max Seat #1 is the button
Seat 1: jl45259071 ($79 in chips)
Seat 2: Pandakey ($197.50 in chips)
jl45259071: posts small blind $1
Pandakey: posts big blind $3
*** HOLE CARDS ***
jl45259071: calls $2
Pandakey: raises $3 to $6
jl45259071: calls $3
*** FLOP *** [7s 3s Td]
Pandakey: bets $3
jl45259071: calls $3
*** TURN *** [7s 3s Td] [Ac]
Pandakey: bets $6
jl45259071: calls $6
*** RIVER *** [7s 3s Td Ac] [7c]
Pandakey: bets $6
jl45259071: raises $6 to $12
Pandakey: calls $6
*** SHOW DOWN ***
jl45259071: shows [9d 7h] (three of a kind, Sevens)
Pandakey: mucks hand
jl45259071 collected $53.50 from pot
*** SUMMARY ***
Total pot $54 | Rake $0.50
Board [7s 3s Td Ac 7c]
Seat 1: jl45259071 (button) (small blind) showed [9d 7h] and won ($53.50) with three of a kind, Sevens
Seat 2: Pandakey (big blind) mucked


PokerStars Hand #147588796359:  Hold'em Limit ($3/$6 USD) - 2016/01/24 8:08:30 ET
Table 'Huenna II' 2-max Seat #2 is the button
Seat 1: jl45259071 ($105.50 in chips)
Seat 2: Pandakey ($170.50 in chips)
Pandakey: posts small blind $1
jl45259071: posts big blind $3
*** HOLE CARDS ***
Pandakey: raises $3 to $6
jl45259071: calls $3
*** FLOP *** [3d 8s Jh]
jl45259071: checks
Pandakey: checks
*** TURN *** [3d 8s Jh] [Qc]
jl45259071: bets $6
Pandakey: calls $6
*** RIVER *** [3d 8s Jh Qc] [6s]
jl45259071: checks
Pandakey: checks
*** SHOW DOWN ***
jl45259071: shows [Ts Kd] (high card King)
Pandakey: shows [4c 4h] (a pair of Fours)
Pandakey collected $23.52 from pot
*** SUMMARY ***
Total pot $24 | Rake $0.48
Board [3d 8s Jh Qc 6s]
Seat 1: jl45259071 (big blind) showed [Ts Kd] and lost with high card King
Seat 2: Pandakey (button) (small blind) showed [4c 4h] and won ($23.52) with a pair of Fours


PokerStars Hand #147588819554:  Hold'em Limit ($3/$6 USD) - 2016/01/24 8:09:02 ET
Table 'Huenna II' 2-max Seat #1 is the button
Seat 1: jl45259071 ($93.50 in chips)
Seat 2: Pandakey ($182.02 in chips)
jl45259071: posts small blind $1
Pandakey: posts big blind $3
*** HOLE CARDS ***
jl45259071: calls $2
Pandakey: checks
*** FLOP *** [Qd Ks 5s]
Pandakey: checks
jl45259071: bets $3
Pandakey: folds
Uncalled bet ($3) returned to jl45259071
jl45259071 collected $5.88 from pot
jl45259071: doesn't show hand
*** SUMMARY ***
Total pot $6 | Rake $0.12
Board [Qd Ks 5s]
Seat 1: jl45259071 (button) (small blind) collected ($5.88)
Seat 2: Pandakey (big blind) folded on the Flop


PokerStars Hand #147588860740:  Hold'em Limit ($3/$6 USD) - 2016/01/24 8:10:00 ET
Table 'Huenna II' 2-max Seat #1 is the button
Seat 1: jl45259071 ($78.38 in chips)
Seat 2: Pandakey ($196.52 in chips)
jl45259071: posts small blind $1
Pandakey: posts big blind $3
*** HOLE CARDS ***
jl45259071: raises $3 to $6
Pandakey: folds
Uncalled bet ($3) returned to jl45259071
jl45259071 collected $6 from pot
jl45259071: doesn't show hand
*** SUMMARY ***
Total pot $6 | Rake $0
Seat 1: jl45259071 (button) (small blind) collected ($6)
Seat 2: Pandakey (big blind) folded before Flop


PokerStars Hand #147588847334:  Hold'em Limit ($3/$6 USD) - 2016/01/24 8:09:41 ET
Table 'Huenna II' 2-max Seat #2 is the button
Seat 1: jl45259071 ($96.38 in chips)
Seat 2: Pandakey ($179.02 in chips)
Pandakey: posts small blind $1
jl45259071: posts big blind $3
*** HOLE CARDS ***
Pandakey: raises $3 to $6
jl45259071: calls $3
*** FLOP *** [9s 3c 7h]
jl45259071: checks
Pandakey: checks
*** TURN *** [9s 3c 7h] [Td]
jl45259071: bets $6
Pandakey: calls $6
*** RIVER *** [9s 3c 7h Td] [Kc]
jl45259071: bets $6
Pandakey: calls $6
*** SHOW DOWN ***
jl45259071: shows [8s 4s] (high card King)
Pandakey: shows [2s Ts] (a pair of Tens)
Pandakey collected $35.50 from pot
*** SUMMARY ***
Total pot $36 | Rake $0.50
Board [9s 3c 7h Td Kc]
Seat 1: jl45259071 (big blind) showed [8s 4s] and lost with high card King
Seat 2: Pandakey (button) (small blind) showed [2s Ts] and won ($35.50) with a pair of Tens


PokerStars Hand #147588864923:  Hold'em Limit ($3/$6 USD) - 2016/01/24 8:10:06 ET
Table 'Huenna II' 2-max Seat #2 is the button
Seat 1: jl45259071 ($81.38 in chips)
Seat 2: Pandakey ($193.52 in chips)
Pandakey: posts small blind $1
jl45259071: posts big blind $3
*** HOLE CARDS ***
Pandakey: raises $3 to $6
jl45259071: calls $3
*** FLOP *** [5h 8c Jh]
jl45259071: checks
Pandakey: bets $3
jl45259071: calls $3
*** TURN *** [5h 8c Jh] [9c]
jl45259071: checks
Pandakey: checks
*** RIVER *** [5h 8c Jh 9c] [6c]
jl45259071: bets $6
Pandakey: folds
Uncalled bet ($6) returned to jl45259071
jl45259071 collected $17.64 from pot
jl45259071: doesn't show hand
*** SUMMARY ***
Total pot $18 | Rake $0.36
Board [5h 8c Jh 9c 6c]
Seat 1: jl45259071 (big blind) collected ($17.64)
Seat 2: Pandakey (button) (small blind) folded on the River


PokerStars Hand #147588877055:  Hold'em Limit ($3/$6 USD) - 2016/01/24 8:10:23 ET
Table 'Huenna II' 2-max Seat #1 is the button
Seat 1: jl45259071 ($90.02 in chips)
Seat 2: Pandakey ($184.52 in chips)
jl45259071: posts small blind $1
Pandakey: posts big blind $3
*** HOLE CARDS ***
jl45259071: calls $2
Pandakey: checks
*** FLOP *** [3s 8d 7c]
Pandakey: checks
jl45259071: checks
*** TURN *** [3s 8d 7c] [7h]
Pandakey: checks
jl45259071: checks
*** RIVER *** [3s 8d 7c 7h] [Th]
Pandakey: bets $6
jl45259071: folds
Uncalled bet ($6) returned to Pandakey
Pandakey collected $5.88 from pot
Pandakey: doesn't show hand
*** SUMMARY ***
Total pot $6 | Rake $0.12
Board [3s 8d 7c 7h Th]
Seat 1: jl45259071 (button) (small blind) folded on the River
Seat 2: Pandakey (big blind) collected ($5.88)


PokerStars Hand #147588921324:  Hold'em Limit ($3/$6 USD) - 2016/01/24 8:11:25 ET
Table 'Huenna II' 2-max Seat #2 is the button
Seat 1: jl45259071 ($87.02 in chips)
Seat 2: Pandakey ($187.40 in chips)
Pandakey: posts small blind $1
jl45259071: posts big blind $3
*** HOLE CARDS ***
Pandakey: raises $3 to $6
jl45259071: raises $3 to $9
Pandakey: calls $3
*** FLOP *** [Jh 4h 2c]
jl45259071: bets $3
Pandakey: calls $3
*** TURN *** [Jh 4h 2c] [7h]
jl45259071: bets $6
Pandakey: calls $6
*** RIVER *** [Jh 4h 2c 7h] [8s]
jl45259071: bets $6
Pandakey: folds
Uncalled bet ($6) returned to jl45259071
jl45259071 collected $35.50 from pot
jl45259071: doesn't show hand
*** SUMMARY ***
Total pot $36 | Rake $0.50
Board [Jh 4h 2c 7h 8s]
Seat 1: jl45259071 (big blind) collected ($35.50)
Seat 2: Pandakey (button) (small blind) folded on the River


PokerStars Hand #147588938352:  Hold'em Limit ($3/$6 USD) - 2016/01/24 8:11:48 ET
Table 'Huenna II' 2-max Seat #1 is the button
Seat 1: jl45259071 ($104.52 in chips)
Seat 2: Pandakey ($169.40 in chips)
jl45259071: posts small blind $1
Pandakey: posts big blind $3
*** HOLE CARDS ***
jl45259071: calls $2
Pandakey: checks
*** FLOP *** [Tc Qs Qc]
Pandakey: checks
jl45259071: checks
*** TURN *** [Tc Qs Qc] [4h]
Pandakey: checks
jl45259071: checks
*** RIVER *** [Tc Qs Qc 4h] [9h]
Pandakey: checks
jl45259071: checks
*** SHOW DOWN ***
Pandakey: shows [Jc 6d] (a pair of Queens)
jl45259071: shows [Ah 6s] (a pair of Queens - Ace kicker)
jl45259071 collected $5.88 from pot
*** SUMMARY ***
Total pot $6 | Rake $0.12
Board [Tc Qs Qc 4h 9h]
Seat 1: jl45259071 (button) (small blind) showed [Ah 6s] and won ($5.88) with a pair of Queens
Seat 2: Pandakey (big blind) showed [Jc 6d] and lost with a pair of Queens


PokerStars Hand #147588961237:  Hold'em Limit ($3/$6 USD) - 2016/01/24 8:12:20 ET
Table 'Huenna II' 2-max Seat #1 is the button
Seat 1: jl45259071 ($121.90 in chips)
Seat 2: Pandakey ($151.40 in chips)
jl45259071: posts small blind $1
Pandakey: posts big blind $3
*** HOLE CARDS ***
jl45259071: folds
Uncalled bet ($2) returned to Pandakey
Pandakey collected $2 from pot
Pandakey: doesn't show hand
*** SUMMARY ***
Total pot $2 | Rake $0
Seat 1: jl45259071 (button) (small blind) folded before Flop
Seat 2: Pandakey (big blind) collected ($2)


PokerStars Hand #147588950429:  Hold'em Limit ($3/$6 USD) - 2016/01/24 8:12:05 ET
Table 'Huenna II' 2-max Seat #2 is the button
Seat 1: jl45259071 ($107.40 in chips)
Seat 2: Pandakey ($166.40 in chips)
Pandakey: posts small blind $1
jl45259071: posts big blind $3
*** HOLE CARDS ***
Pandakey: raises $3 to $6
jl45259071: calls $3
*** FLOP *** [6h Jc 3s]
jl45259071: checks
Pandakey: bets $3
jl45259071: calls $3
*** TURN *** [6h Jc 3s] [Tc]
jl45259071: checks
Pandakey: checks
*** RIVER *** [6h Jc 3s Tc] [Qh]
jl45259071: bets $6
Pandakey: calls $6
*** SHOW DOWN ***
jl45259071: shows [Qd 7d] (a pair of Queens)
Pandakey: mucks hand
jl45259071 collected $29.50 from pot
*** SUMMARY ***
Total pot $30 | Rake $0.50
Board [6h Jc 3s Tc Qh]
Seat 1: jl45259071 (big blind) showed [Qd 7d] and won ($29.50) with a pair of Queens
Seat 2: Pandakey (button) (small blind) mucked


PokerStars Hand #147588964858:  Hold'em Limit ($3/$6 USD) - 2016/01/24 8:12:25 ET
Table 'Huenna II' 2-max Seat #2 is the button
Seat 1: jl45259071 ($120.90 in chips)
Seat 2: Pandakey ($152.40 in chips)
Pandakey: posts small blind $1
jl45259071: posts big blind $3
*** HOLE CARDS ***
Pandakey: raises $3 to $6
jl45259071: calls $3
*** FLOP *** [2d 8d Ah]
jl45259071: checks
Pandakey: bets $3
jl45259071: calls $3
*** TURN *** [2d 8d Ah] [3s]
jl45259071: checks
Pandakey: bets $6
jl45259071: folds
Uncalled bet ($6) returned to Pandakey
Pandakey collected $17.64 from pot
Pandakey: doesn't show hand
*** SUMMARY ***
Total pot $18 | Rake $0.36
Board [2d 8d Ah 3s]
Seat 1: jl45259071 (big blind) folded on the Turn
Seat 2: Pandakey (button) (small blind) collected ($17.64)


PokerStars Hand #147588976761:  Hold'em Limit ($3/$6 USD) - 2016/01/24 8:12:42 ET
Table 'Huenna II' 2-max Seat #1 is the button
Seat 1: jl45259071 ($111.90 in chips)
Seat 2: Pandakey ($161.04 in chips)
jl45259071: posts small blind $1
Pandakey: posts big blind $3
*** HOLE CARDS ***
jl45259071: raises $3 to $6
Pandakey: calls $3
*** FLOP *** [As 7s Js]
Pandakey: checks
jl45259071: bets $3
Pandakey: raises $3 to $6
jl45259071: raises $3 to $9
Pandakey: calls $3
*** TURN *** [As 7s Js] [5h]
Pandakey: checks
jl45259071: bets $6
Pandakey: calls $6
*** RIVER *** [As 7s Js 5h] [6d]
Pandakey: bets $6
jl45259071: raises $6 to $12
Pandakey: calls $6
*** SHOW DOWN ***
jl45259071: shows [Qs 4s] (a flush, Ace high)
Pandakey: mucks hand
jl45259071 collected $65.50 from pot
*** SUMMARY ***
Total pot $66 | Rake $0.50
Board [As 7s Js 5h 6d]
Seat 1: jl45259071 (button) (small blind) showed [Qs 4s] and won ($65.50) with a flush, Ace high
Seat 2: Pandakey (big blind) mucked


PokerStars Hand #147588992640:  Hold'em Limit ($3/$6 USD) - 2016/01/24 8:13:03 ET
Table 'Huenna II' 2-max Seat #2 is the button
Seat 1: jl45259071 ($144.40 in chips)
Seat 2: Pandakey ($128.04 in chips)
Pandakey: posts small blind $1
jl45259071: posts big blind $3
*** HOLE CARDS ***
Pandakey: raises $3 to $6
jl45259071: calls $3
*** FLOP *** [2d 9s Tc]
jl45259071: checks
Pandakey: bets $3
jl45259071: raises $3 to $6
Pandakey: calls $3
*** TURN *** [2d 9s Tc] [8d]
jl45259071: bets $6
Pandakey: calls $6
*** RIVER *** [2d 9s Tc 8d] [3s]
jl45259071: bets $6
Pandakey: calls $6
*** SHOW DOWN ***
jl45259071: shows [5s Td] (a pair of Tens)
Pandakey: mucks hand
jl45259071 collected $47.50 from pot
*** SUMMARY ***
Total pot $48 | Rake $0.50
Board [2d 9s Tc 8d 3s]
Seat 1: jl45259071 (big blind) showed [5s Td] and won ($47.50) with a pair of Tens
Seat 2: Pandakey (button) (small blind) mucked


PokerStars Hand #147589003431:  Hold'em Limit ($3/$6 USD) - 2016/01/24 8:13:18 ET
Table 'Huenna II' 2-max Seat #1 is the button
Seat 1: jl45259071 ($167.90 in chips)
Seat 2: Pandakey ($104.04 in chips)
jl45259071: posts small blind $1
Pandakey: posts big blind $3
*** HOLE CARDS ***
jl45259071: calls $2
Pandakey: checks
*** FLOP *** [7d 9h Kh]
Pandakey: checks
jl45259071: bets $3
Pandakey: folds
Uncalled bet ($3) returned to jl45259071
jl45259071 collected $5.88 from pot
jl45259071: doesn't show hand
*** SUMMARY ***
Total pot $6 | Rake $0.12
Board [7d 9h Kh]
Seat 1: jl45259071 (button) (small blind) collected ($5.88)
Seat 2: Pandakey (big blind) folded on the Flop


PokerStars Hand #147589013617:  Hold'em Limit ($3/$6 USD) - 2016/01/24 8:13:32 ET
Table 'Huenna II' 2-max Seat #2 is the button
Seat 1: jl45259071 ($170.78 in chips)
Seat 2: Pandakey ($101.04 in chips)
Pandakey: posts small blind $1
jl45259071: posts big blind $3
*** HOLE CARDS ***
Pandakey: raises $3 to $6
jl45259071: calls $3
*** FLOP *** [4c 2d Kh]
jl45259071: checks
Pandakey: bets $3
jl45259071: calls $3
*** TURN *** [4c 2d Kh] [8s]
jl45259071: checks
Pandakey: checks
*** RIVER *** [4c 2d Kh 8s] [Qh]
jl45259071: bets $6
Pandakey: calls $6
*** SHOW DOWN ***
jl45259071: shows [7d As] (high card Ace)
Pandakey: shows [4h 5d] (a pair of Fours)
Pandakey collected $29.50 from pot
*** SUMMARY ***
Total pot $30 | Rake $0.50
Board [4c 2d Kh 8s Qh]
Seat 1: jl45259071 (big blind) showed [7d As] and lost with high card Ace
Seat 2: Pandakey (button) (small blind) showed [4h 5d] and won ($29.50) with a pair of Fours


PokerStars Hand #147589023291:  Hold'em Limit ($3/$6 USD) - 2016/01/24 8:13:46 ET
Table 'Huenna II' 2-max Seat #1 is the button
Seat 1: jl45259071 ($155.78 in chips)
Seat 2: Pandakey ($115.54 in chips)
jl45259071: posts small blind $1
Pandakey: posts big blind $3
*** HOLE CARDS ***
jl45259071: calls $2
Pandakey: checks
*** FLOP *** [Td Tc 9d]
Pandakey: checks
jl45259071: checks
*** TURN *** [Td Tc 9d] [8d]
Pandakey: bets $6
jl45259071: folds
Uncalled bet ($6) returned to Pandakey
Pandakey collected $5.88 from pot
Pandakey: doesn't show hand
*** SUMMARY ***
Total pot $6 | Rake $0.12
Board [Td Tc 9d 8d]
Seat 1: jl45259071 (button) (small blind) folded on the Turn
Seat 2: Pandakey (big blind) collected ($5.88)


PokerStars Hand #147589045690:  Hold'em Limit ($3/$6 USD) - 2016/01/24 8:14:17 ET
Table 'Huenna II' 2-max Seat #2 is the button
Seat 1: jl45259071 ($152.78 in chips)
Seat 2: Pandakey ($118.42 in chips)
Pandakey: posts small blind $1
jl45259071: posts big blind $3
*** HOLE CARDS ***
Pandakey: raises $3 to $6
jl45259071: calls $3
*** FLOP *** [2c 4h 6c]
jl45259071: checks
Pandakey: bets $3
jl45259071: calls $3
*** TURN *** [2c 4h 6c] [7s]
jl45259071: checks
Pandakey: bets $6
jl45259071: calls $6
*** RIVER *** [2c 4h 6c 7s] [8d]
jl45259071: checks
Pandakey: checks
*** SHOW DOWN ***
jl45259071: shows [9h 2s] (a pair of Deuces)
Pandakey: shows [6h Kh] (a pair of Sixes)
Pandakey collected $29.50 from pot
*** SUMMARY ***
Total pot $30 | Rake $0.50
Board [2c 4h 6c 7s 8d]
Seat 1: jl45259071 (big blind) showed [9h 2s] and lost with a pair of Deuces
Seat 2: Pandakey (button) (small blind) showed [6h Kh] and won ($29.50) with a pair of Sixes


PokerStars Hand #147589083645:  Hold'em Limit ($3/$6 USD) - 2016/01/24 8:15:09 ET
Table 'Huenna II' 2-max Seat #2 is the button
Seat 1: jl45259071 ($134.78 in chips)
Seat 2: Pandakey ($135.80 in chips)
Pandakey: posts small blind $1
jl45259071: posts big blind $3
*** HOLE CARDS ***
Pandakey: raises $3 to $6
jl45259071: raises $3 to $9
Pandakey: calls $3
*** FLOP *** [Jd 9c Kd]
jl45259071: bets $3
Pandakey: folds
Uncalled bet ($3) returned to jl45259071
jl45259071 collected $17.64 from pot
jl45259071: doesn't show hand
*** SUMMARY ***
Total pot $18 | Rake $0.36
Board [Jd 9c Kd]
Seat 1: jl45259071 (big blind) collected ($17.64)
Seat 2: Pandakey (button) (small blind) folded on the Flop


PokerStars Hand #147589056538:  Hold'em Limit ($3/$6 USD) - 2016/01/24 8:14:32 ET
Table 'Huenna II' 2-max Seat #1 is the button
Seat 1: jl45259071 ($137.78 in chips)
Seat 2: Pandakey ($132.92 in chips)
jl45259071: posts small blind $1
Pandakey: posts big blind $3
*** HOLE CARDS ***
jl45259071: calls $2
Pandakey: checks
*** FLOP *** [2h 4d Kd]
Pandakey: bets $3
jl45259071: folds
Uncalled bet ($3) returned to Pandakey
Pandakey collected $5.88 from pot
Pandakey: doesn't show hand
*** SUMMARY ***
Total pot $6 | Rake $0.12
Board [2h 4d Kd]
Seat 1: jl45259071 (button) (small blind) folded on the Flop
Seat 2: Pandakey (big blind) collected ($5.88)


PokerStars Hand #147589094610:  Hold'em Limit ($3/$6 USD) - 2016/01/24 8:15:24 ET
Table 'Huenna II' 2-max Seat #2 is the button
Seat 1: jl45259071 ($142.42 in chips)
Seat 2: Pandakey ($127.80 in chips)
Pandakey: posts small blind $1
jl45259071: posts big blind $3
*** HOLE CARDS ***
Pandakey: raises $3 to $6
jl45259071: calls $3
*** FLOP *** [5s Td Kc]
jl45259071: checks
Pandakey: bets $3
jl45259071: folds
Uncalled bet ($3) returned to Pandakey
Pandakey collected $11.76 from pot
Pandakey: doesn't show hand
*** SUMMARY ***
Total pot $12 | Rake $0.24
Board [5s Td Kc]
Seat 1: jl45259071 (big blind) folded on the Flop
Seat 2: Pandakey (button) (small blind) collected ($11.76)


PokerStars Hand #147589090267:  Hold'em Limit ($3/$6 USD) - 2016/01/24 8:15:18 ET
Table 'Huenna II' 2-max Seat #1 is the button
Seat 1: jl45259071 ($143.42 in chips)
Seat 2: Pandakey ($126.80 in chips)
jl45259071: posts small blind $1
Pandakey: posts big blind $3
*** HOLE CARDS ***
jl45259071: folds
Uncalled bet ($2) returned to Pandakey
Pandakey collected $2 from pot
Pandakey: doesn't show hand
*** SUMMARY ***
Total pot $2 | Rake $0
Seat 1: jl45259071 (button) (small blind) folded before Flop
Seat 2: Pandakey (big blind) collected ($2)


PokerStars Hand #147589150571:  Hold'em Limit ($3/$6 USD) - 2016/01/24 8:16:41 ET
Table 'Huenna II' 2-max Seat #1 is the button
Seat 1: jl45259071 ($141.94 in chips)
Seat 2: Pandakey ($127.32 in chips)
jl45259071: posts small blind $1
Pandakey: posts big blind $3
*** HOLE CARDS ***
jl45259071: raises $3 to $6
Pandakey: calls $3
*** FLOP *** [8d 2d 6c]
Pandakey: checks
jl45259071: bets $3
Pandakey: calls $3
*** TURN *** [8d 2d 6c] [Qc]
Pandakey: checks
jl45259071: bets $6
Pandakey: calls $6
*** RIVER *** [8d 2d 6c Qc] [Kd]
Pandakey: checks
jl45259071: bets $6
Pandakey: folds
Uncalled bet ($6) returned to jl45259071
jl45259071 collected $29.50 from pot
jl45259071: doesn't show hand
*** SUMMARY ***
Total pot $30 | Rake $0.50
Board [8d 2d 6c Qc Kd]
Seat 1: jl45259071 (button) (small blind) collected ($29.50)
Seat 2: Pandakey (big blind) folded on the River


PokerStars Hand #147589140819:  Hold'em Limit ($3/$6 USD) - 2016/01/24 8:16:27 ET
Table 'Huenna II' 2-max Seat #2 is the button
Seat 1: jl45259071 ($130.42 in chips)
Seat 2: Pandakey ($139.32 in chips)
Pandakey: posts small blind $1
jl45259071: posts big blind $3
*** HOLE CARDS ***
Pandakey: raises $3 to $6
jl45259071: raises $3 to $9
Pandakey: calls $3
*** FLOP *** [9c Kh Js]
jl45259071: bets $3
Pandakey: calls $3
*** TURN *** [9c Kh Js] [Jh]
jl45259071: bets $6
Pandakey: folds
Uncalled bet ($6) returned to jl45259071
jl45259071 collected $23.52 from pot
jl45259071: doesn't show hand
*** SUMMARY ***
Total pot $24 | Rake $0.48
Board [9c Kh Js Jh]
Seat 1: jl45259071 (big blind) collected ($23.52)
Seat 2: Pandakey (button) (small blind) folded on the Turn


PokerStars Hand #147589111830:  Hold'em Limit ($3/$6 USD) - 2016/01/24 8:15:48 ET
Table 'Huenna II' 2-max Seat #1 is the button
Seat 1: jl45259071 ($136.42 in chips)
Seat 2: Pandakey ($133.56 in chips)
jl45259071: posts small blind $1
Pandakey: posts big blind $3
*** HOLE CARDS ***
jl45259071: calls $2
Pandakey: checks
*** FLOP *** [Qc 5h 2h]
Pandakey: checks
jl45259071: bets $3
Pandakey: calls $3
*** TURN *** [Qc 5h 2h] [Qd]
Pandakey: checks
jl45259071: checks
*** RIVER *** [Qc 5h 2h Qd] [Ac]
Pandakey: checks
jl45259071: checks
*** SHOW DOWN ***
Pandakey: shows [7s 2c] (two pair, Queens and Deuces)
jl45259071: mucks hand
Pandakey collected $11.76 from pot
*** SUMMARY ***
Total pot $12 | Rake $0.24
Board [Qc 5h 2h Qd Ac]
Seat 1: jl45259071 (button) (small blind) mucked
Seat 2: Pandakey (big blind) showed [7s 2c] and won ($11.76) with two pair, Queens and Deuces


PokerStars Hand #147589182973:  Hold'em Limit ($3/$6 USD) - 2016/01/24 8:17:25 ET
Table 'Huenna II' 2-max Seat #1 is the button
Seat 1: jl45259071 ($167.96 in chips)
Seat 2: Pandakey ($100.32 in chips)
jl45259071: posts small blind $1
Pandakey: posts big blind $3
*** HOLE CARDS ***
jl45259071: raises $3 to $6
Pandakey: calls $3
*** FLOP *** [4s 5c Ah]
Pandakey: checks
jl45259071: bets $3
Pandakey: calls $3
*** TURN *** [4s 5c Ah] [Ad]
Pandakey: checks
jl45259071: bets $6
Pandakey: calls $6
*** RIVER *** [4s 5c Ah Ad] [Jc]
Pandakey: checks
jl45259071: checks
*** SHOW DOWN ***
Pandakey: shows [Ks 5s] (two pair, Aces and Fives)
jl45259071: mucks hand
Pandakey collected $29.50 from pot
*** SUMMARY ***
Total pot $30 | Rake $0.50
Board [4s 5c Ah Ad Jc]
Seat 1: jl45259071 (button) (small blind) mucked
Seat 2: Pandakey (big blind) showed [Ks 5s] and won ($29.50) with two pair, Aces and Fives


PokerStars Hand #147589165128:  Hold'em Limit ($3/$6 USD) - 2016/01/24 8:17:01 ET
Table 'Huenna II' 2-max Seat #2 is the button
Seat 1: jl45259071 ($156.44 in chips)
Seat 2: Pandakey ($112.32 in chips)
Pandakey: posts small blind $1
jl45259071: posts big blind $3
*** HOLE CARDS ***
Pandakey: raises $3 to $6
jl45259071: raises $3 to $9
Pandakey: calls $3
*** FLOP *** [Js 3c 5h]
jl45259071: bets $3
Pandakey: calls $3
*** TURN *** [Js 3c 5h] [5d]
jl45259071: bets $6
Pandakey: folds
Uncalled bet ($6) returned to jl45259071
jl45259071 collected $23.52 from pot
jl45259071: doesn't show hand
*** SUMMARY ***
Total pot $24 | Rake $0.48
Board [Js 3c 5h 5d]
Seat 1: jl45259071 (big blind) collected ($23.52)
Seat 2: Pandakey (button) (small blind) folded on the Turn


PokerStars Hand #147589226860:  Hold'em Limit ($3/$6 USD) - 2016/01/24 8:18:25 ET
Table 'Huenna II' 2-max Seat #1 is the button
Seat 1: jl45259071 ($146.96 in chips)
Seat 2: Pandakey ($120.58 in chips)
jl45259071: posts small blind $1
Pandakey: posts big blind $3
*** HOLE CARDS ***
jl45259071: calls $2
Pandakey has timed out
Pandakey: checks
*** FLOP *** [2c 3h Td]
Pandakey: checks
jl45259071: bets $3
Pandakey: raises $3 to $6
jl45259071: calls $3
*** TURN *** [2c 3h Td] [4s]
Pandakey: bets $6
jl45259071: calls $6
*** RIVER *** [2c 3h Td 4s] [Kd]
Pandakey: bets $6
jl45259071: calls $6
*** SHOW DOWN ***
Pandakey: shows [As Ts] (a pair of Tens)
jl45259071: shows [Ac Kc] (a pair of Kings)
jl45259071 collected $41.50 from pot
*** SUMMARY ***
Total pot $42 | Rake $0.50
Board [2c 3h Td 4s Kd]
Seat 1: jl45259071 (button) (small blind) showed [Ac Kc] and won ($41.50) with a pair of Kings
Seat 2: Pandakey (big blind) showed [As Ts] and lost with a pair of Tens


PokerStars Hand #147589196482:  Hold'em Limit ($3/$6 USD) - 2016/01/24 8:17:43 ET
Table 'Huenna II' 2-max Seat #2 is the button
Seat 1: jl45259071 ($152.96 in chips)
Seat 2: Pandakey ($114.82 in chips)
Pandakey: posts small blind $1
jl45259071: posts big blind $3
*** HOLE CARDS ***
Pandakey: raises $3 to $6
jl45259071: calls $3
*** FLOP *** [7c Ac Jh]
jl45259071: checks
Pandakey: bets $3
jl45259071: folds
Uncalled bet ($3) returned to Pandakey
Pandakey collected $11.76 from pot
Pandakey: doesn't show hand
*** SUMMARY ***
Total pot $12 | Rake $0.24
Board [7c Ac Jh]
Seat 1: jl45259071 (big blind) folded on the Flop
Seat 2: Pandakey (button) (small blind) collected ($11.76)


PokerStars Hand #147589275479:  Hold'em Limit ($3/$6 USD) - 2016/01/24 8:19:31 ET
Table 'Huenna II' 2-max Seat #2 is the button
Seat 1: jl45259071 ($178.98 in chips)
Seat 2: Pandakey ($87.58 in chips)
Pandakey: posts small blind $1
jl45259071: posts big blind $3
*** HOLE CARDS ***
Pandakey: raises $3 to $6
jl45259071: calls $3
*** FLOP *** [8d 2h 9c]
jl45259071: checks
Pandakey: bets $3
jl45259071: calls $3
*** TURN *** [8d 2h 9c] [As]
jl45259071: checks
Pandakey: checks
*** RIVER *** [8d 2h 9c As] [5s]
jl45259071: checks
Pandakey: bets $6
jl45259071: calls $6
*** SHOW DOWN ***
Pandakey: shows [Tc Ac] (a pair of Aces)
jl45259071: mucks hand
Pandakey collected $29.50 from pot
*** SUMMARY ***
Total pot $30 | Rake $0.50
Board [8d 2h 9c As 5s]
Seat 1: jl45259071 (big blind) mucked
Seat 2: Pandakey (button) (small blind) showed [Tc Ac] and won ($29.50) with a pair of Aces


PokerStars Hand #147589268961:  Hold'em Limit ($3/$6 USD) - 2016/01/24 8:19:22 ET
Table 'Huenna II' 2-max Seat #1 is the button
Seat 1: jl45259071 ($176.10 in chips)
Seat 2: Pandakey ($90.58 in chips)
jl45259071: posts small blind $1
Pandakey: posts big blind $3
*** HOLE CARDS ***
jl45259071: calls $2
Pandakey: checks
*** FLOP *** [2d 7s 7h]
Pandakey: checks
jl45259071: bets $3
Pandakey: folds
Uncalled bet ($3) returned to jl45259071
jl45259071 collected $5.88 from pot
jl45259071: doesn't show hand
*** SUMMARY ***
Total pot $6 | Rake $0.12
Board [2d 7s 7h]
Seat 1: jl45259071 (button) (small blind) collected ($5.88)
Seat 2: Pandakey (big blind) folded on the Flop


PokerStars Hand #147589256269:  Hold'em Limit ($3/$6 USD) - 2016/01/24 8:19:05 ET
Table 'Huenna II' 2-max Seat #2 is the button
Seat 1: jl45259071 ($167.46 in chips)
Seat 2: Pandakey ($99.58 in chips)
Pandakey: posts small blind $1
jl45259071: posts big blind $3
*** HOLE CARDS ***
Pandakey: raises $3 to $6
jl45259071: calls $3
*** FLOP *** [Ad 4s Ks]
jl45259071: checks
Pandakey: bets $3
jl45259071: calls $3
*** TURN *** [Ad 4s Ks] [Jd]
jl45259071: checks
Pandakey: checks
*** RIVER *** [Ad 4s Ks Jd] [Qd]
jl45259071: bets $6
Pandakey: folds
Uncalled bet ($6) returned to jl45259071
jl45259071 collected $17.64 from pot
jl45259071: doesn't show hand
*** SUMMARY ***
Total pot $18 | Rake $0.36
Board [Ad 4s Ks Jd Qd]
Seat 1: jl45259071 (big blind) collected ($17.64)
Seat 2: Pandakey (button) (small blind) folded on the River


PokerStars Hand #147589328531:  Hold'em Limit ($3/$6 USD) - 2016/01/24 8:20:44 ET
Table 'Huenna II' 2-max Seat #1 is the button
Seat 1: jl45259071 ($162.74 in chips)
Seat 2: Pandakey ($102.72 in chips)
jl45259071: posts small blind $1
Pandakey: posts big blind $3
*** HOLE CARDS ***
jl45259071: calls $2
Pandakey has timed out
Pandakey: checks
*** FLOP *** [Kh 2h 3h]
Pandakey: bets $3
jl45259071: folds
Uncalled bet ($3) returned to Pandakey
Pandakey collected $5.88 from pot
Pandakey: doesn't show hand
*** SUMMARY ***
Total pot $6 | Rake $0.12
Board [Kh 2h 3h]
Seat 1: jl45259071 (button) (small blind) folded on the Flop
Seat 2: Pandakey (big blind) collected ($5.88)


PokerStars Hand #147589324251:  Hold'em Limit ($3/$6 USD) - 2016/01/24 8:20:38 ET
Table 'Huenna II' 2-max Seat #2 is the button
Seat 1: jl45259071 ($161.74 in chips)
Seat 2: Pandakey ($103.72 in chips)
Pandakey: posts small blind $1
jl45259071: posts big blind $3
*** HOLE CARDS ***
Pandakey: folds
Uncalled bet ($2) returned to jl45259071
jl45259071 collected $2 from pot
jl45259071: doesn't show hand
*** SUMMARY ***
Total pot $2 | Rake $0
Seat 1: jl45259071 (big blind) collected ($2)
Seat 2: Pandakey (button) (small blind) folded before Flop


PokerStars Hand #147589315877:  Hold'em Limit ($3/$6 USD) - 2016/01/24 8:20:26 ET
Table 'Huenna II' 2-max Seat #1 is the button
Seat 1: jl45259071 ($155.98 in chips)
Seat 2: Pandakey ($109.72 in chips)
jl45259071: posts small blind $1
Pandakey: posts big blind $3
*** HOLE CARDS ***
jl45259071: raises $3 to $6
Pandakey: calls $3
*** FLOP *** [2d 6c 3c]
Pandakey: checks
jl45259071: bets $3
Pandakey: folds
Uncalled bet ($3) returned to jl45259071
jl45259071 collected $11.76 from pot
jl45259071: doesn't show hand
*** SUMMARY ***
Total pot $12 | Rake $0.24
Board [2d 6c 3c]
Seat 1: jl45259071 (button) (small blind) collected ($11.76)
Seat 2: Pandakey (big blind) folded on the Flop


PokerStars Hand #147589312467:  Hold'em Limit ($3/$6 USD) - 2016/01/24 8:20:22 ET
Table 'Huenna II' 2-max Seat #2 is the button
Seat 1: jl45259071 ($154.98 in chips)
Seat 2: Pandakey ($110.72 in chips)
Pandakey: posts small blind $1
jl45259071: posts big blind $3
*** HOLE CARDS ***
Pandakey: folds
Uncalled bet ($2) returned to jl45259071
jl45259071 collected $2 from pot
jl45259071: doesn't show hand
*** SUMMARY ***
Total pot $2 | Rake $0
Seat 1: jl45259071 (big blind) collected ($2)
Seat 2: Pandakey (button) (small blind) folded before Flop


PokerStars Hand #147589292918:  Hold'em Limit ($3/$6 USD) - 2016/01/24 8:19:55 ET
Table 'Huenna II' 2-max Seat #1 is the button
Seat 1: jl45259071 ($163.98 in chips)
Seat 2: Pandakey ($102.08 in chips)
jl45259071: posts small blind $1
Pandakey: posts big blind $3
*** HOLE CARDS ***
jl45259071: calls $2
Pandakey: raises $3 to $6
jl45259071: calls $3
*** FLOP *** [6d As Kd]
Pandakey: bets $3
jl45259071: calls $3
*** TURN *** [6d As Kd] [Ac]
Pandakey: checks
jl45259071: checks
*** RIVER *** [6d As Kd Ac] [Jh]
Pandakey: checks
jl45259071: checks
*** SHOW DOWN ***
Pandakey: shows [7d 6c] (two pair, Aces and Sixes)
jl45259071: mucks hand
Pandakey collected $17.64 from pot
*** SUMMARY ***
Total pot $18 | Rake $0.36
Board [6d As Kd Ac Jh]
Seat 1: jl45259071 (button) (small blind) mucked
Seat 2: Pandakey (big blind) showed [7d 6c] and won ($17.64) with two pair, Aces and Sixes


PokerStars Hand #147589370373:  Hold'em Limit ($3/$6 USD) - 2016/01/24 8:21:40 ET
Table 'Huenna II' 2-max Seat #2 is the button
Seat 1: jl45259071 ($163.62 in chips)
Seat 2: Pandakey ($101.60 in chips)
Pandakey: posts small blind $1
jl45259071: posts big blind $3
*** HOLE CARDS ***
Pandakey: raises $3 to $6
jl45259071: calls $3
*** FLOP *** [Kh 9c Ah]
jl45259071: checks
Pandakey: checks
*** TURN *** [Kh 9c Ah] [7s]
jl45259071: checks
Pandakey: bets $6
jl45259071: folds
Uncalled bet ($6) returned to Pandakey
Pandakey collected $11.76 from pot
Pandakey: doesn't show hand
jl45259071 leaves the table
*** SUMMARY ***
Total pot $12 | Rake $0.24
Board [Kh 9c Ah 7s]
Seat 1: jl45259071 (big blind) folded on the Turn
Seat 2: Pandakey (button) (small blind) collected ($11.76)


PokerStars Hand #147589360596:  Hold'em Limit ($3/$6 USD) - 2016/01/24 8:21:27 ET
Table 'Huenna II' 2-max Seat #1 is the button
Seat 1: jl45259071 ($160.74 in chips)
Seat 2: Pandakey ($104.60 in chips)
jl45259071: posts small blind $1
Pandakey: posts big blind $3
*** HOLE CARDS ***
jl45259071: calls $2
Pandakey: checks
*** FLOP *** [2d 8d 9c]
Pandakey: checks
jl45259071: bets $3
Pandakey: folds
Uncalled bet ($3) returned to jl45259071
jl45259071 collected $5.88 from pot
jl45259071: doesn't show hand
*** SUMMARY ***
Total pot $6 | Rake $0.12
Board [2d 8d 9c]
Seat 1: jl45259071 (button) (small blind) collected ($5.88)
Seat 2: Pandakey (big blind) folded on the Flop


PokerStars Hand #147589347833:  Hold'em Limit ($3/$6 USD) - 2016/01/24 8:21:10 ET
Table 'Huenna II' 2-max Seat #2 is the button
Seat 1: jl45259071 ($159.74 in chips)
Seat 2: Pandakey ($105.60 in chips)
Pandakey: posts small blind $1
jl45259071: posts big blind $3
*** HOLE CARDS ***
Pandakey: folds
Uncalled bet ($2) returned to jl45259071
jl45259071 collected $2 from pot
jl45259071: doesn't show hand
*** SUMMARY ***
Total pot $2 | Rake $0
Seat 1: jl45259071 (big blind) collected ($2)
Seat 2: Pandakey (button) (small blind) folded before Flop


PokerStars Hand #147592911907:  Hold'em Limit ($3/$6 USD) - 2016/01/24 9:37:27 ET
Table 'Huenna II' 2-max Seat #1 is the button
Seat 1: Profitables ($40 in chips)
Seat 2: Pandakey ($107.36 in chips)
Profitables: posts small blind $1
Pandakey: posts big blind $3
*** HOLE CARDS ***
Profitables: raises $3 to $6
Pandakey has timed out
Pandakey: folds
Uncalled bet ($3) returned to Profitables
Profitables collected $6 from pot
Profitables: doesn't show hand
*** SUMMARY ***
Total pot $6 | Rake $0
Seat 1: Profitables (button) (small blind) collected ($6)
Seat 2: Pandakey (big blind) folded before Flop


