PokerStars Hand #160231394154:  Hold'em Limit ($3/$6 USD) - 2016/10/21 9:15:44 ET
Table 'Hugo' 6-max Seat #3 is the button
Seat 3: Artachok ($90 in chips)
Seat 4: VolkovDmitri ($120 in chips)
Artachok: posts small blind $1
VolkovDmitri: posts big blind $3
*** HOLE CARDS ***
Artachok: raises $3 to $6
VolkovDmitri: calls $3
*** FLOP *** [8s 4h Ts]
VolkovDmitri: checks
Artachok: checks
*** TURN *** [8s 4h Ts] [Jd]
VolkovDmitri: bets $6
Artachok: folds
Uncalled bet ($6) returned to VolkovDmitri
VolkovDmitri collected $11.76 from pot
VolkovDmitri: doesn't show hand
*** SUMMARY ***
Total pot $12 | Rake $0.24
Board [8s 4h Ts Jd]
Seat 3: Artachok (button) (small blind) folded on the Turn
Seat 4: VolkovDmitri (big blind) collected ($11.76)


PokerStars Hand #160231406100:  Hold'em Limit ($3/$6 USD) - 2016/10/21 9:16:05 ET
Table 'Hugo' 6-max Seat #4 is the button
Seat 3: Artachok ($84 in chips)
Seat 4: VolkovDmitri ($125.76 in chips)
VolkovDmitri: posts small blind $1
Artachok: posts big blind $3
*** HOLE CARDS ***
VolkovDmitri: raises $3 to $6
Artachok: raises $3 to $9
VolkovDmitri: calls $3
*** FLOP *** [3d 5s 7s]
Artachok: bets $3
VolkovDmitri: calls $3
*** TURN *** [3d 5s 7s] [As]
Artachok: bets $6
VolkovDmitri: folds
Uncalled bet ($6) returned to Artachok
Artachok collected $23.52 from pot
Artachok: doesn't show hand
*** SUMMARY ***
Total pot $24 | Rake $0.48
Board [3d 5s 7s As]
Seat 3: Artachok (big blind) collected ($23.52)
Seat 4: VolkovDmitri (button) (small blind) folded on the Turn


PokerStars Hand #160231428623:  Hold'em Limit ($3/$6 USD) - 2016/10/21 9:16:46 ET
Table 'Hugo' 6-max Seat #3 is the button
Seat 3: Artachok ($95.52 in chips)
Seat 4: VolkovDmitri ($120 in chips)
Artachok: posts small blind $1
VolkovDmitri: posts big blind $3
*** HOLE CARDS ***
Artachok: raises $3 to $6
VolkovDmitri: calls $3
*** FLOP *** [Qd Jh 5c]
VolkovDmitri: checks
Artachok: bets $3
VolkovDmitri: folds
Uncalled bet ($3) returned to Artachok
Artachok collected $11.76 from pot
Artachok: doesn't show hand
*** SUMMARY ***
Total pot $12 | Rake $0.24
Board [Qd Jh 5c]
Seat 3: Artachok (button) (small blind) collected ($11.76)
Seat 4: VolkovDmitri (big blind) folded on the Flop


PokerStars Hand #160231444010:  Hold'em Limit ($3/$6 USD) - 2016/10/21 9:17:15 ET
Table 'Hugo' 6-max Seat #4 is the button
Seat 3: Artachok ($101.28 in chips)
Seat 4: VolkovDmitri ($120 in chips)
VolkovDmitri: posts small blind $1
Artachok: posts big blind $3
*** HOLE CARDS ***
VolkovDmitri: raises $3 to $6
Artachok: calls $3
*** FLOP *** [9d Ah 5h]
Artachok: checks
VolkovDmitri: checks
*** TURN *** [9d Ah 5h] [4c]
Artachok: checks
VolkovDmitri: checks
*** RIVER *** [9d Ah 5h 4c] [Kd]
Artachok: checks
VolkovDmitri: bets $6
Artachok: folds
Uncalled bet ($6) returned to VolkovDmitri
VolkovDmitri collected $11.76 from pot
VolkovDmitri: doesn't show hand
*** SUMMARY ***
Total pot $12 | Rake $0.24
Board [9d Ah 5h 4c Kd]
Seat 3: Artachok (big blind) folded on the River
Seat 4: VolkovDmitri (button) (small blind) collected ($11.76)


PokerStars Hand #160231466692:  Hold'em Limit ($3/$6 USD) - 2016/10/21 9:17:56 ET
Table 'Hugo' 6-max Seat #3 is the button
Seat 3: Artachok ($95.28 in chips)
Seat 4: VolkovDmitri ($125.76 in chips)
Artachok: posts small blind $1
VolkovDmitri: posts big blind $3
*** HOLE CARDS ***
Artachok: raises $3 to $6
VolkovDmitri: calls $3
*** FLOP *** [Tc Ad As]
VolkovDmitri: checks
Artachok: bets $3
VolkovDmitri: folds
Uncalled bet ($3) returned to Artachok
Artachok collected $11.76 from pot
Artachok: doesn't show hand
*** SUMMARY ***
Total pot $12 | Rake $0.24
Board [Tc Ad As]
Seat 3: Artachok (button) (small blind) collected ($11.76)
Seat 4: VolkovDmitri (big blind) folded on the Flop


PokerStars Hand #160231482129:  Hold'em Limit ($3/$6 USD) - 2016/10/21 9:18:24 ET
Table 'Hugo' 6-max Seat #3 is the button
Seat 3: Artachok ($98.04 in chips)
Seat 4: VolkovDmitri ($123 in chips)
Artachok: posts small blind $1
VolkovDmitri: posts big blind $3
*** HOLE CARDS ***
Artachok: folds
Uncalled bet ($2) returned to VolkovDmitri
VolkovDmitri collected $2 from pot
VolkovDmitri: doesn't show hand
*** SUMMARY ***
Total pot $2 | Rake $0
Seat 3: Artachok (button) (small blind) folded before Flop
Seat 4: VolkovDmitri (big blind) collected ($2)


PokerStars Hand #160231476849:  Hold'em Limit ($3/$6 USD) - 2016/10/21 9:18:15 ET
Table 'Hugo' 6-max Seat #4 is the button
Seat 3: Artachok ($101.04 in chips)
Seat 4: VolkovDmitri ($120 in chips)
VolkovDmitri: posts small blind $1
Artachok: posts big blind $3
*** HOLE CARDS ***
VolkovDmitri: raises $3 to $6
Artachok: folds
Uncalled bet ($3) returned to VolkovDmitri
VolkovDmitri collected $6 from pot
VolkovDmitri: doesn't show hand
*** SUMMARY ***
Total pot $6 | Rake $0
Seat 3: Artachok (big blind) folded before Flop
Seat 4: VolkovDmitri (button) (small blind) collected ($6)


PokerStars Hand #160231502617:  Hold'em Limit ($3/$6 USD) - 2016/10/21 9:19:01 ET
Table 'Hugo' 6-max Seat #3 is the button
Seat 3: Artachok ($102.80 in chips)
Seat 4: VolkovDmitri ($120 in chips)
Artachok: posts small blind $1
VolkovDmitri: posts big blind $3
*** HOLE CARDS ***
Artachok: folds
Uncalled bet ($2) returned to VolkovDmitri
VolkovDmitri collected $2 from pot
VolkovDmitri: doesn't show hand
*** SUMMARY ***
Total pot $2 | Rake $0
Seat 3: Artachok (button) (small blind) folded before Flop
Seat 4: VolkovDmitri (big blind) collected ($2)


PokerStars Hand #160231509302:  Hold'em Limit ($3/$6 USD) - 2016/10/21 9:19:13 ET
Table 'Hugo' 6-max Seat #3 is the button
Seat 3: Artachok ($98.80 in chips)
Seat 4: VolkovDmitri ($124 in chips)
Artachok: posts small blind $1
VolkovDmitri: posts big blind $3
*** HOLE CARDS ***
Artachok: folds
Uncalled bet ($2) returned to VolkovDmitri
VolkovDmitri collected $2 from pot
VolkovDmitri: doesn't show hand
*** SUMMARY ***
Total pot $2 | Rake $0
Seat 3: Artachok (button) (small blind) folded before Flop
Seat 4: VolkovDmitri (big blind) collected ($2)


PokerStars Hand #160231505407:  Hold'em Limit ($3/$6 USD) - 2016/10/21 9:19:06 ET
Table 'Hugo' 6-max Seat #4 is the button
Seat 3: Artachok ($101.80 in chips)
Seat 4: VolkovDmitri ($121 in chips)
VolkovDmitri: posts small blind $1
Artachok: posts big blind $3
*** HOLE CARDS ***
VolkovDmitri: raises $3 to $6
Artachok: folds
Uncalled bet ($3) returned to VolkovDmitri
VolkovDmitri collected $6 from pot
VolkovDmitri: doesn't show hand
*** SUMMARY ***
Total pot $6 | Rake $0
Seat 3: Artachok (big blind) folded before Flop
Seat 4: VolkovDmitri (button) (small blind) collected ($6)


PokerStars Hand #160231485400:  Hold'em Limit ($3/$6 USD) - 2016/10/21 9:18:30 ET
Table 'Hugo' 6-max Seat #4 is the button
Seat 3: Artachok ($97.04 in chips)
Seat 4: VolkovDmitri ($124 in chips)
VolkovDmitri: posts small blind $1
Artachok: posts big blind $3
*** HOLE CARDS ***
VolkovDmitri: raises $3 to $6
Artachok: calls $3
*** FLOP *** [Td Kd 9s]
Artachok: checks
VolkovDmitri: checks
*** TURN *** [Td Kd 9s] [Jd]
Artachok: checks
VolkovDmitri: checks
*** RIVER *** [Td Kd 9s Jd] [7c]
Artachok: bets $6
VolkovDmitri: folds
Uncalled bet ($6) returned to Artachok
Artachok collected $11.76 from pot
Artachok: doesn't show hand
*** SUMMARY ***
Total pot $12 | Rake $0.24
Board [Td Kd 9s Jd 7c]
Seat 3: Artachok (big blind) collected ($11.76)
Seat 4: VolkovDmitri (button) (small blind) folded on the River


PokerStars Hand #160231531430:  Hold'em Limit ($3/$6 USD) - 2016/10/21 9:19:53 ET
Table 'Hugo' 6-max Seat #3 is the button
Seat 3: Artachok ($76.80 in chips)
Seat 4: VolkovDmitri ($145.50 in chips)
Artachok: posts small blind $1
VolkovDmitri: posts big blind $3
*** HOLE CARDS ***
Artachok: folds
Uncalled bet ($2) returned to VolkovDmitri
VolkovDmitri collected $2 from pot
VolkovDmitri: doesn't show hand
*** SUMMARY ***
Total pot $2 | Rake $0
Seat 3: Artachok (button) (small blind) folded before Flop
Seat 4: VolkovDmitri (big blind) collected ($2)


PokerStars Hand #160231512032:  Hold'em Limit ($3/$6 USD) - 2016/10/21 9:19:18 ET
Table 'Hugo' 6-max Seat #4 is the button
Seat 3: Artachok ($97.80 in chips)
Seat 4: VolkovDmitri ($125 in chips)
VolkovDmitri: posts small blind $1
Artachok: posts big blind $3
*** HOLE CARDS ***
VolkovDmitri: raises $3 to $6
Artachok: calls $3
*** FLOP *** [6d Ts Ks]
Artachok: checks
VolkovDmitri: bets $3
Artachok: calls $3
*** TURN *** [6d Ts Ks] [Jd]
Artachok: checks
VolkovDmitri: bets $6
Artachok: calls $6
*** RIVER *** [6d Ts Ks Jd] [Kc]
Artachok: checks
VolkovDmitri: bets $6
Artachok: calls $6
*** SHOW DOWN ***
VolkovDmitri: shows [Js Kh] (a full house, Kings full of Jacks)
Artachok: mucks hand
VolkovDmitri collected $41.50 from pot
*** SUMMARY ***
Total pot $42 | Rake $0.50
Board [6d Ts Ks Jd Kc]
Seat 3: Artachok (big blind) mucked
Seat 4: VolkovDmitri (button) (small blind) showed [Js Kh] and won ($41.50) with a full house, Kings full of Jacks


PokerStars Hand #160231534129:  Hold'em Limit ($3/$6 USD) - 2016/10/21 9:19:58 ET
Table 'Hugo' 6-max Seat #4 is the button
Seat 3: Artachok ($75.80 in chips)
Seat 4: VolkovDmitri ($146.50 in chips)
VolkovDmitri: posts small blind $1
Artachok: posts big blind $3
*** HOLE CARDS ***
VolkovDmitri: raises $3 to $6
Artachok: calls $3
*** FLOP *** [2h Ac Ah]
Artachok: checks
VolkovDmitri: bets $3
Artachok: calls $3
*** TURN *** [2h Ac Ah] [Qh]
Artachok: checks
VolkovDmitri: bets $6
Artachok: calls $6
*** RIVER *** [2h Ac Ah Qh] [6s]
Artachok: checks
VolkovDmitri: bets $6
Artachok: calls $6
*** SHOW DOWN ***
VolkovDmitri: shows [7h 9h] (a flush, Ace high)
Artachok: mucks hand
VolkovDmitri collected $41.50 from pot
*** SUMMARY ***
Total pot $42 | Rake $0.50
Board [2h Ac Ah Qh 6s]
Seat 3: Artachok (big blind) mucked
Seat 4: VolkovDmitri (button) (small blind) showed [7h 9h] and won ($41.50) with a flush, Ace high


PokerStars Hand #160231551556:  Hold'em Limit ($3/$6 USD) - 2016/10/21 9:20:30 ET
Table 'Hugo' 6-max Seat #3 is the button
Seat 3: Artachok ($54.80 in chips)
Seat 4: VolkovDmitri ($167 in chips)
Artachok: posts small blind $1
VolkovDmitri: posts big blind $3
*** HOLE CARDS ***
Artachok: raises $3 to $6
VolkovDmitri: folds
Uncalled bet ($3) returned to Artachok
Artachok collected $6 from pot
Artachok: doesn't show hand
*** SUMMARY ***
Total pot $6 | Rake $0
Seat 3: Artachok (button) (small blind) collected ($6)
Seat 4: VolkovDmitri (big blind) folded before Flop


PokerStars Hand #160231555693:  Hold'em Limit ($3/$6 USD) - 2016/10/21 9:20:37 ET
Table 'Hugo' 6-max Seat #4 is the button
Seat 3: Artachok ($57.80 in chips)
Seat 4: VolkovDmitri ($164 in chips)
VolkovDmitri: posts small blind $1
Artachok: posts big blind $3
*** HOLE CARDS ***
VolkovDmitri: raises $3 to $6
Artachok: raises $3 to $9
VolkovDmitri: calls $3
*** FLOP *** [2c 2s 6c]
Artachok: bets $3
VolkovDmitri: calls $3
*** TURN *** [2c 2s 6c] [Kh]
Artachok: bets $6
VolkovDmitri: folds
Uncalled bet ($6) returned to Artachok
Artachok collected $23.52 from pot
Artachok: doesn't show hand
*** SUMMARY ***
Total pot $24 | Rake $0.48
Board [2c 2s 6c Kh]
Seat 3: Artachok (big blind) collected ($23.52)
Seat 4: VolkovDmitri (button) (small blind) folded on the Turn


PokerStars Hand #160231622655:  Hold'em Limit ($3/$6 USD) - 2016/10/21 9:22:37 ET
Table 'Hugo' 6-max Seat #3 is the button
Seat 3: Artachok ($101.46 in chips)
Seat 4: VolkovDmitri ($120 in chips)
Artachok: posts small blind $1
VolkovDmitri: posts big blind $3
*** HOLE CARDS ***
Artachok: folds
Uncalled bet ($2) returned to VolkovDmitri
VolkovDmitri collected $2 from pot
VolkovDmitri: doesn't show hand
*** SUMMARY ***
Total pot $2 | Rake $0
Seat 3: Artachok (button) (small blind) folded before Flop
Seat 4: VolkovDmitri (big blind) collected ($2)


PokerStars Hand #160231608982:  Hold'em Limit ($3/$6 USD) - 2016/10/21 9:22:13 ET
Table 'Hugo' 6-max Seat #4 is the button
Seat 3: Artachok ($92.82 in chips)
Seat 4: VolkovDmitri ($128 in chips)
VolkovDmitri: posts small blind $1
Artachok: posts big blind $3
*** HOLE CARDS ***
VolkovDmitri: raises $3 to $6
Artachok: raises $3 to $9
VolkovDmitri: calls $3
*** FLOP *** [2d Kc As]
Artachok: bets $3
VolkovDmitri: folds
Uncalled bet ($3) returned to Artachok
Artachok collected $17.64 from pot
Artachok: doesn't show hand
*** SUMMARY ***
Total pot $18 | Rake $0.36
Board [2d Kc As]
Seat 3: Artachok (big blind) collected ($17.64)
Seat 4: VolkovDmitri (button) (small blind) folded on the Flop


PokerStars Hand #160231591866:  Hold'em Limit ($3/$6 USD) - 2016/10/21 9:21:42 ET
Table 'Hugo' 6-max Seat #3 is the button
Seat 3: Artachok ($69.32 in chips)
Seat 4: VolkovDmitri ($152 in chips)
Artachok: posts small blind $1
VolkovDmitri: posts big blind $3
*** HOLE CARDS ***
Artachok: raises $3 to $6
VolkovDmitri: raises $3 to $9
Artachok: calls $3
*** FLOP *** [3c Ks Qh]
VolkovDmitri: bets $3
Artachok: calls $3
*** TURN *** [3c Ks Qh] [Qs]
VolkovDmitri: checks
Artachok: bets $6
VolkovDmitri: calls $6
*** RIVER *** [3c Ks Qh Qs] [2s]
VolkovDmitri: checks
Artachok: bets $6
VolkovDmitri: calls $6
*** SHOW DOWN ***
Artachok: shows [Jd Js] (two pair, Queens and Jacks)
VolkovDmitri: mucks hand
Artachok collected $47.50 from pot
*** SUMMARY ***
Total pot $48 | Rake $0.50
Board [3c Ks Qh Qs 2s]
Seat 3: Artachok (button) (small blind) showed [Jd Js] and won ($47.50) with two pair, Queens and Jacks
Seat 4: VolkovDmitri (big blind) mucked


PokerStars Hand #160231643501:  Hold'em Limit ($3/$6 USD) - 2016/10/21 9:23:15 ET
Table 'Hugo' 6-max Seat #4 is the button
Seat 3: Artachok ($100.22 in chips)
Seat 4: VolkovDmitri ($120.76 in chips)
VolkovDmitri: posts small blind $1
Artachok: posts big blind $3
*** HOLE CARDS ***
VolkovDmitri: raises $3 to $6
Artachok: calls $3
*** FLOP *** [Ts Jd Ad]
Artachok: checks
VolkovDmitri: bets $3
Artachok: calls $3
*** TURN *** [Ts Jd Ad] [7c]
Artachok: checks
VolkovDmitri: bets $6
Artachok: raises $6 to $12
VolkovDmitri: folds
Uncalled bet ($6) returned to Artachok
Artachok collected $29.50 from pot
Artachok: doesn't show hand
*** SUMMARY ***
Total pot $30 | Rake $0.50
Board [Ts Jd Ad 7c]
Seat 3: Artachok (big blind) collected ($29.50)
Seat 4: VolkovDmitri (button) (small blind) folded on the Turn


PokerStars Hand #160231634463:  Hold'em Limit ($3/$6 USD) - 2016/10/21 9:22:58 ET
Table 'Hugo' 6-max Seat #3 is the button
Seat 3: Artachok ($94.46 in chips)
Seat 4: VolkovDmitri ($126.76 in chips)
Artachok: posts small blind $1
VolkovDmitri: posts big blind $3
*** HOLE CARDS ***
Artachok: raises $3 to $6
VolkovDmitri: calls $3
*** FLOP *** [Ks Ad 6h]
VolkovDmitri: checks
Artachok: bets $3
VolkovDmitri: folds
Uncalled bet ($3) returned to Artachok
Artachok collected $11.76 from pot
Artachok: doesn't show hand
*** SUMMARY ***
Total pot $12 | Rake $0.24
Board [Ks Ad 6h]
Seat 3: Artachok (button) (small blind) collected ($11.76)
Seat 4: VolkovDmitri (big blind) folded on the Flop


PokerStars Hand #160231625464:  Hold'em Limit ($3/$6 USD) - 2016/10/21 9:22:42 ET
Table 'Hugo' 6-max Seat #4 is the button
Seat 3: Artachok ($100.46 in chips)
Seat 4: VolkovDmitri ($121 in chips)
VolkovDmitri: posts small blind $1
Artachok: posts big blind $3
*** HOLE CARDS ***
VolkovDmitri: raises $3 to $6
Artachok: calls $3
*** FLOP *** [Ah 3h 3s]
Artachok: checks
VolkovDmitri: bets $3
Artachok: folds
Uncalled bet ($3) returned to VolkovDmitri
VolkovDmitri collected $11.76 from pot
VolkovDmitri: doesn't show hand
*** SUMMARY ***
Total pot $12 | Rake $0.24
Board [Ah 3h 3s]
Seat 3: Artachok (big blind) folded on the Flop
Seat 4: VolkovDmitri (button) (small blind) collected ($11.76)


PokerStars Hand #160231663461:  Hold'em Limit ($3/$6 USD) - 2016/10/21 9:23:51 ET
Table 'Hugo' 6-max Seat #3 is the button
Seat 3: Artachok ($114.72 in chips)
Seat 4: VolkovDmitri ($120 in chips)
Artachok: posts small blind $1
VolkovDmitri: posts big blind $3
*** HOLE CARDS ***
Artachok: raises $3 to $6
VolkovDmitri: raises $3 to $9
Artachok: calls $3
*** FLOP *** [3c 3d 8d]
VolkovDmitri: bets $3
Artachok: calls $3
*** TURN *** [3c 3d 8d] [Qd]
VolkovDmitri: checks
Artachok: checks
*** RIVER *** [3c 3d 8d Qd] [8c]
VolkovDmitri: bets $6
Artachok: folds
Uncalled bet ($6) returned to VolkovDmitri
VolkovDmitri collected $23.52 from pot
VolkovDmitri: doesn't show hand
*** SUMMARY ***
Total pot $24 | Rake $0.48
Board [3c 3d 8d Qd 8c]
Seat 3: Artachok (button) (small blind) folded on the River
Seat 4: VolkovDmitri (big blind) collected ($23.52)


PokerStars Hand #160231692527:  Hold'em Limit ($3/$6 USD) - 2016/10/21 9:24:42 ET
Table 'Hugo' 6-max Seat #4 is the button
Seat 3: Artachok ($102.72 in chips)
Seat 4: VolkovDmitri ($131.52 in chips)
VolkovDmitri: posts small blind $1
Artachok: posts big blind $3
*** HOLE CARDS ***
VolkovDmitri: raises $3 to $6
Artachok: raises $3 to $9
VolkovDmitri: calls $3
*** FLOP *** [3d Tc Kd]
Artachok: bets $3
VolkovDmitri: calls $3
*** TURN *** [3d Tc Kd] [9c]
Artachok: checks
VolkovDmitri: checks
*** RIVER *** [3d Tc Kd 9c] [Qh]
Artachok: checks
VolkovDmitri: bets $6
Artachok: folds
Uncalled bet ($6) returned to VolkovDmitri
VolkovDmitri collected $23.52 from pot
*** SUMMARY ***
Total pot $24 | Rake $0.48
Board [3d Tc Kd 9c Qh]
Seat 3: Artachok (big blind) folded on the River
Seat 4: VolkovDmitri (button) (small blind) collected ($23.52)


PokerStars Hand #160231749008:  Hold'em Limit ($3/$6 USD) - 2016/10/21 9:26:24 ET
Table 'Hugo' 6-max Seat #3 is the button
Seat 3: Artachok ($87.36 in chips)
Seat 4: VolkovDmitri ($145.56 in chips)
Artachok: posts small blind $1
VolkovDmitri: posts big blind $3
*** HOLE CARDS ***
Artachok: folds
Uncalled bet ($2) returned to VolkovDmitri
VolkovDmitri collected $2 from pot
VolkovDmitri: doesn't show hand
*** SUMMARY ***
Total pot $2 | Rake $0
Seat 3: Artachok (button) (small blind) folded before Flop
Seat 4: VolkovDmitri (big blind) collected ($2)


PokerStars Hand #160231735109:  Hold'em Limit ($3/$6 USD) - 2016/10/21 9:25:59 ET
Table 'Hugo' 6-max Seat #4 is the button
Seat 3: Artachok ($78.72 in chips)
Seat 4: VolkovDmitri ($154.56 in chips)
VolkovDmitri: posts small blind $1
Artachok: posts big blind $3
*** HOLE CARDS ***
VolkovDmitri: raises $3 to $6
Artachok: calls $3
*** FLOP *** [5d 6s Ks]
Artachok: checks
VolkovDmitri: bets $3
Artachok: calls $3
*** TURN *** [5d 6s Ks] [5s]
Artachok: checks
VolkovDmitri: checks
*** RIVER *** [5d 6s Ks 5s] [9s]
Artachok: checks
VolkovDmitri: checks
*** SHOW DOWN ***
Artachok: shows [2c Ah] (a pair of Fives)
VolkovDmitri: mucks hand
Artachok collected $17.64 from pot
*** SUMMARY ***
Total pot $18 | Rake $0.36
Board [5d 6s Ks 5s 9s]
Seat 3: Artachok (big blind) showed [2c Ah] and won ($17.64) with a pair of Fives
Seat 4: VolkovDmitri (button) (small blind) mucked


PokerStars Hand #160231723938:  Hold'em Limit ($3/$6 USD) - 2016/10/21 9:25:39 ET
Table 'Hugo' 6-max Seat #3 is the button
Seat 3: Artachok ($90.72 in chips)
Seat 4: VolkovDmitri ($143.04 in chips)
Artachok: posts small blind $1
VolkovDmitri: posts big blind $3
*** HOLE CARDS ***
Artachok: raises $3 to $6
VolkovDmitri: raises $3 to $9
Artachok: calls $3
*** FLOP *** [3s 4h 3c]
VolkovDmitri: bets $3
Artachok: calls $3
*** TURN *** [3s 4h 3c] [5s]
VolkovDmitri: checks
Artachok: checks
*** RIVER *** [3s 4h 3c 5s] [8c]
VolkovDmitri: bets $6
Artachok: folds
Uncalled bet ($6) returned to VolkovDmitri
VolkovDmitri collected $23.52 from pot
VolkovDmitri: doesn't show hand
*** SUMMARY ***
Total pot $24 | Rake $0.48
Board [3s 4h 3c 5s 8c]
Seat 3: Artachok (button) (small blind) folded on the River
Seat 4: VolkovDmitri (big blind) collected ($23.52)


PokerStars Hand #160231751859:  Hold'em Limit ($3/$6 USD) - 2016/10/21 9:26:30 ET
Table 'Hugo' 6-max Seat #4 is the button
Seat 3: Artachok ($86.36 in chips)
Seat 4: VolkovDmitri ($146.56 in chips)
VolkovDmitri: posts small blind $1
Artachok: posts big blind $3
*** HOLE CARDS ***
VolkovDmitri: raises $3 to $6
Artachok: calls $3
*** FLOP *** [Kd 4h Th]
Artachok: checks
VolkovDmitri: bets $3
Artachok: folds
Uncalled bet ($3) returned to VolkovDmitri
VolkovDmitri collected $11.76 from pot
VolkovDmitri: doesn't show hand
*** SUMMARY ***
Total pot $12 | Rake $0.24
Board [Kd 4h Th]
Seat 3: Artachok (big blind) folded on the Flop
Seat 4: VolkovDmitri (button) (small blind) collected ($11.76)


PokerStars Hand #160231759184:  Hold'em Limit ($3/$6 USD) - 2016/10/21 9:26:43 ET
Table 'Hugo' 6-max Seat #3 is the button
Seat 3: Artachok ($80.36 in chips)
Seat 4: VolkovDmitri ($152.32 in chips)
Artachok: posts small blind $1
VolkovDmitri: posts big blind $3
*** HOLE CARDS ***
Artachok: folds
Uncalled bet ($2) returned to VolkovDmitri
VolkovDmitri collected $2 from pot
VolkovDmitri: doesn't show hand
*** SUMMARY ***
Total pot $2 | Rake $0
Seat 3: Artachok (button) (small blind) folded before Flop
Seat 4: VolkovDmitri (big blind) collected ($2)


PokerStars Hand #160231794313:  Hold'em Limit ($3/$6 USD) - 2016/10/21 9:27:46 ET
Table 'Hugo' 6-max Seat #3 is the button
Seat 3: Artachok ($79.11 in chips)
Seat 4: VolkovDmitri ($153.07 in chips)
Artachok: posts small blind $1
VolkovDmitri: posts big blind $3
*** HOLE CARDS ***
Artachok: raises $3 to $6
VolkovDmitri: folds
Uncalled bet ($3) returned to Artachok
Artachok collected $6 from pot
Artachok: doesn't show hand
*** SUMMARY ***
Total pot $6 | Rake $0
Seat 3: Artachok (button) (small blind) collected ($6)
Seat 4: VolkovDmitri (big blind) folded before Flop


PokerStars Hand #160231762457:  Hold'em Limit ($3/$6 USD) - 2016/10/21 9:26:49 ET
Table 'Hugo' 6-max Seat #4 is the button
Seat 3: Artachok ($79.36 in chips)
Seat 4: VolkovDmitri ($153.32 in chips)
VolkovDmitri: posts small blind $1
Artachok: posts big blind $3
*** HOLE CARDS ***
VolkovDmitri: raises $3 to $6
Artachok: raises $3 to $9
VolkovDmitri: calls $3
*** FLOP *** [9d 2c 6d]
Artachok: checks
VolkovDmitri: checks
*** TURN *** [9d 2c 6d] [Ts]
Artachok: checks
ChawkDee joins the table at seat #5
VolkovDmitri: checks
*** RIVER *** [9d 2c 6d Ts] [7c]
Artachok: bets $6
VolkovDmitri: raises $6 to $12
Artachok: raises $6 to $18
VolkovDmitri: raises $6 to $24
Betting is capped
Artachok: calls $6
*** SHOW DOWN ***
VolkovDmitri: shows [8d Js] (a straight, Seven to Jack)
Artachok: shows [Jh 8h] (a straight, Seven to Jack)
Artachok collected $32.75 from pot
VolkovDmitri collected $32.75 from pot
*** SUMMARY ***
Total pot $66 | Rake $0.50
Board [9d 2c 6d Ts 7c]
Seat 3: Artachok (big blind) showed [Jh 8h] and won ($32.75) with a straight, Seven to Jack
Seat 4: VolkovDmitri (button) (small blind) showed [8d Js] and won ($32.75) with a straight, Seven to Jack


PokerStars Hand #160231874185:  Hold'em Limit ($3/$6 USD) - 2016/10/21 9:30:09 ET
Table 'Hugo' 6-max Seat #3 is the button
Seat 3: Artachok ($63 in chips)
Seat 5: ChawkDee ($97 in chips)
Artachok: posts small blind $1
ChawkDee: posts big blind $3
*** HOLE CARDS ***
UNABELIEVE joins the table at seat #6
Artachok: raises $3 to $6
VolkovDmitri leaves the table
ChawkDee: calls $3
*** FLOP *** [2c Jc Kd]
ChawkDee: checks
Artachok: bets $3
ChawkDee: calls $3
*** TURN *** [2c Jc Kd] [9c]
ChawkDee: checks
Artachok: bets $6
ChawkDee: calls $6
*** RIVER *** [2c Jc Kd 9c] [5d]
ChawkDee: checks
Artachok: bets $6
ChawkDee: calls $6
*** SHOW DOWN ***
Artachok: shows [Ks 6h] (a pair of Kings)
ChawkDee: mucks hand
Artachok collected $41.50 from pot
*** SUMMARY ***
Total pot $42 | Rake $0.50
Board [2c Jc Kd 9c 5d]
Seat 3: Artachok (button) (small blind) showed [Ks 6h] and won ($41.50) with a pair of Kings
Seat 5: ChawkDee (big blind) mucked


PokerStars Hand #160231984723:  Hold'em Limit ($3/$6 USD) - 2016/10/21 9:33:26 ET
Table 'Hugo' 6-max Seat #5 is the button
Seat 3: Artachok ($32.11 in chips)
Seat 5: ChawkDee ($104.76 in chips)
ChawkDee: posts small blind $1
Artachok: posts big blind $3
*** HOLE CARDS ***
ChawkDee: raises $3 to $6
Artachok: calls $3
*** FLOP *** [Qs 6d 4s]
Artachok: checks
ChawkDee: bets $3
Artachok: folds
Uncalled bet ($3) returned to ChawkDee
ChawkDee collected $11.76 from pot
ChawkDee: doesn't show hand
*** SUMMARY ***
Total pot $12 | Rake $0.24
Board [Qs 6d 4s]
Seat 3: Artachok (big blind) folded on the Flop
Seat 5: ChawkDee (button) (small blind) collected ($11.76)


PokerStars Hand #160231970468:  Hold'em Limit ($3/$6 USD) - 2016/10/21 9:33:01 ET
Table 'Hugo' 6-max Seat #3 is the button
Seat 3: Artachok ($56.11 in chips)
Seat 5: ChawkDee ($81.26 in chips)
Artachok: posts small blind $1
ChawkDee: posts big blind $3
*** HOLE CARDS ***
Artachok: raises $3 to $6
ChawkDee: calls $3
*** FLOP *** [4h 4d 7s]
ChawkDee: checks
Artachok: checks
*** TURN *** [4h 4d 7s] [9d]
ChawkDee: bets $6
Artachok: calls $6
*** RIVER *** [4h 4d 7s 9d] [3s]
ChawkDee: bets $6
Artachok: raises $6 to $12
ChawkDee: calls $6
*** SHOW DOWN ***
Artachok: shows [5s 9h] (two pair, Nines and Fours)
ChawkDee: shows [7c 9c] (two pair, Nines and Sevens)
ChawkDee collected $47.50 from pot
*** SUMMARY ***
Total pot $48 | Rake $0.50
Board [4h 4d 7s 9d 3s]
Seat 3: Artachok (button) (small blind) showed [5s 9h] and lost with two pair, Nines and Fours
Seat 5: ChawkDee (big blind) showed [7c 9c] and won ($47.50) with two pair, Nines and Sevens


PokerStars Hand #160231966423:  Hold'em Limit ($3/$6 USD) - 2016/10/21 9:32:54 ET
Table 'Hugo' 6-max Seat #5 is the button
Seat 3: Artachok ($55.11 in chips)
Seat 5: ChawkDee ($82.26 in chips)
ChawkDee: posts small blind $1
UNABELIEVE: is sitting out
Artachok: posts big blind $3
*** HOLE CARDS ***
ChawkDee: folds
Uncalled bet ($2) returned to Artachok
UNABELIEVE leaves the table
Artachok collected $2 from pot
Artachok: doesn't show hand
*** SUMMARY ***
Total pot $2 | Rake $0
Seat 3: Artachok (big blind) collected ($2)
Seat 5: ChawkDee (button) (small blind) folded before Flop


PokerStars Hand #160231997598:  Hold'em Limit ($3/$6 USD) - 2016/10/21 9:33:49 ET
Table 'Hugo' 6-max Seat #3 is the button
Seat 3: Artachok ($26.11 in chips)
Seat 5: ChawkDee ($110.52 in chips)
Artachok: posts small blind $1
ChawkDee: posts big blind $3
*** HOLE CARDS ***
Artachok: raises $3 to $6
ChawkDee said, "59?"
ChawkDee: folds
Uncalled bet ($3) returned to Artachok
Artachok collected $6 from pot
Artachok: doesn't show hand
*** SUMMARY ***
Total pot $6 | Rake $0
Seat 3: Artachok (button) (small blind) collected ($6)
Seat 5: ChawkDee (big blind) folded before Flop


PokerStars Hand #160232005379:  Hold'em Limit ($3/$6 USD) - 2016/10/21 9:34:03 ET
Table 'Hugo' 6-max Seat #5 is the button
Seat 3: Artachok ($29.11 in chips)
Seat 5: ChawkDee ($107.52 in chips)
ChawkDee: posts small blind $1
Artachok: posts big blind $3
*** HOLE CARDS ***
ABATAPP joins the table at seat #4
ChawkDee: folds
Uncalled bet ($2) returned to Artachok
Artachok collected $2 from pot
Artachok: doesn't show hand
*** SUMMARY ***
Total pot $2 | Rake $0
Seat 3: Artachok (big blind) collected ($2)
Seat 5: ChawkDee (button) (small blind) folded before Flop


PokerStars Hand #160236915960:  Hold'em Limit ($3/$6 USD) - 2016/10/21 11:48:31 ET
Table 'Hugo' 6-max Seat #1 is the button
Seat 1: Steffi1001 ($80.97 in chips)
Seat 3: kolaz03 ($72 in chips)
Steffi1001: posts small blind $1
DePokeraap: is sitting out
kolaz03: posts big blind $3
*** HOLE CARDS ***
Steffi1001: calls $2
DePokeraap leaves the table
kolaz03: raises $3 to $6
Steffi1001: raises $3 to $9
kolaz03: calls $3
*** FLOP *** [5h 5c Ac]
kolaz03: checks
Steffi1001: checks
*** TURN *** [5h 5c Ac] [Jh]
kolaz03: bets $6
Steffi1001: calls $6
*** RIVER *** [5h 5c Ac Jh] [8d]
kolaz03: bets $6
Steffi1001: calls $6
*** SHOW DOWN ***
kolaz03: shows [6h As] (two pair, Aces and Fives)
Steffi1001: mucks hand
kolaz03 collected $41.50 from pot
*** SUMMARY ***
Total pot $42 | Rake $0.50
Board [5h 5c Ac Jh 8d]
Seat 1: Steffi1001 (button) (small blind) mucked
Seat 3: kolaz03 (big blind) showed [6h As] and won ($41.50) with two pair, Aces and Fives


PokerStars Hand #160236929486:  Hold'em Limit ($3/$6 USD) - 2016/10/21 11:48:52 ET
Table 'Hugo' 6-max Seat #3 is the button
Seat 1: Steffi1001 ($59.97 in chips)
Seat 3: kolaz03 ($92.50 in chips)
kolaz03: posts small blind $1
Steffi1001: posts big blind $3
*** HOLE CARDS ***
kolaz03: raises $3 to $6
Steffi1001: raises $3 to $9
kolaz03: calls $3
*** FLOP *** [8d Kh 3c]
Steffi1001: checks
kolaz03: checks
*** TURN *** [8d Kh 3c] [4s]
Steffi1001: checks
kolaz03: bets $6
Steffi1001: raises $6 to $12
kolaz03: folds
Uncalled bet ($6) returned to Steffi1001
Steffi1001 collected $29.50 from pot
Steffi1001: doesn't show hand
*** SUMMARY ***
Total pot $30 | Rake $0.50
Board [8d Kh 3c 4s]
Seat 1: Steffi1001 (big blind) collected ($29.50)
Seat 3: kolaz03 (button) (small blind) folded on the Turn


PokerStars Hand #160236975012:  Hold'em Limit ($3/$6 USD) - 2016/10/21 11:50:00 ET
Table 'Hugo' 6-max Seat #1 is the button
Seat 1: Steffi1001 ($71.99 in chips)
Seat 3: kolaz03 ($85.40 in chips)
Steffi1001: posts small blind $1
kolaz03: posts big blind $3
*** HOLE CARDS ***
Steffi1001: raises $3 to $6
kolaz03: raises $3 to $9
Steffi1001: calls $3
*** FLOP *** [6s As 9h]
kolaz03: bets $3
Steffi1001: folds
Uncalled bet ($3) returned to kolaz03
kolaz03 collected $17.64 from pot
kolaz03: doesn't show hand
*** SUMMARY ***
Total pot $18 | Rake $0.36
Board [6s As 9h]
Seat 1: Steffi1001 (button) (small blind) folded on the Flop
Seat 3: kolaz03 (big blind) collected ($17.64)


PokerStars Hand #160236972046:  Hold'em Limit ($3/$6 USD) - 2016/10/21 11:49:55 ET
Table 'Hugo' 6-max Seat #3 is the button
Seat 1: Steffi1001 ($70.99 in chips)
Seat 3: kolaz03 ($86.40 in chips)
kolaz03: posts small blind $1
Steffi1001: posts big blind $3
*** HOLE CARDS ***
kolaz03: folds
Uncalled bet ($2) returned to Steffi1001
Steffi1001 collected $2 from pot
Steffi1001: doesn't show hand
*** SUMMARY ***
Total pot $2 | Rake $0
Seat 1: Steffi1001 (big blind) collected ($2)
Seat 3: kolaz03 (button) (small blind) folded before Flop


PokerStars Hand #160236962444:  Hold'em Limit ($3/$6 USD) - 2016/10/21 11:49:41 ET
Table 'Hugo' 6-max Seat #1 is the button
Seat 1: Steffi1001 ($76.99 in chips)
Seat 3: kolaz03 ($80.64 in chips)
Steffi1001: posts small blind $1
kolaz03: posts big blind $3
*** HOLE CARDS ***
Steffi1001: calls $2
kolaz03: raises $3 to $6
Steffi1001: calls $3
*** FLOP *** [2h 2d 7d]
kolaz03: bets $3
Steffi1001: folds
Uncalled bet ($3) returned to kolaz03
kolaz03 collected $11.76 from pot
kolaz03: doesn't show hand
*** SUMMARY ***
Total pot $12 | Rake $0.24
Board [2h 2d 7d]
Seat 1: Steffi1001 (button) (small blind) folded on the Flop
Seat 3: kolaz03 (big blind) collected ($11.76)


PokerStars Hand #160236942332:  Hold'em Limit ($3/$6 USD) - 2016/10/21 11:49:11 ET
Table 'Hugo' 6-max Seat #1 is the button
Seat 1: Steffi1001 ($74.47 in chips)
Seat 3: kolaz03 ($77.50 in chips)
Steffi1001: posts small blind $1
kolaz03: posts big blind $3
*** HOLE CARDS ***
Steffi1001: raises $3 to $6
kolaz03: raises $3 to $9
Steffi1001: calls $3
*** FLOP *** [7s 6c Kh]
kolaz03: bets $3
Steffi1001: raises $3 to $6
kolaz03: folds
Uncalled bet ($3) returned to Steffi1001
sim5sim5 leaves the table
Steffi1001 collected $23.52 from pot
Steffi1001: doesn't show hand
*** SUMMARY ***
Total pot $24 | Rake $0.48
Board [7s 6c Kh]
Seat 1: Steffi1001 (button) (small blind) collected ($23.52)
Seat 3: kolaz03 (big blind) folded on the Flop


PokerStars Hand #160236951253:  Hold'em Limit ($3/$6 USD) - 2016/10/21 11:49:24 ET
Table 'Hugo' 6-max Seat #3 is the button
Seat 1: Steffi1001 ($85.99 in chips)
Seat 3: kolaz03 ($72 in chips)
kolaz03: posts small blind $1
Steffi1001: posts big blind $3
*** HOLE CARDS ***
kolaz03: raises $3 to $6
Steffi1001: raises $3 to $9
kolaz03: calls $3
*** FLOP *** [8d 9h 7s]
Steffi1001: checks
kolaz03: checks
*** TURN *** [8d 9h 7s] [8h]
Steffi1001: checks
kolaz03: checks
*** RIVER *** [8d 9h 7s 8h] [5s]
Steffi1001: checks
kolaz03: checks
*** SHOW DOWN ***
Steffi1001: shows [Kc Qh] (a pair of Eights)
kolaz03: shows [3h Ad] (a pair of Eights - Ace kicker)
kolaz03 collected $17.64 from pot
*** SUMMARY ***
Total pot $18 | Rake $0.36
Board [8d 9h 7s 8h 5s]
Seat 1: Steffi1001 (big blind) showed [Kc Qh] and lost with a pair of Eights
Seat 3: kolaz03 (button) (small blind) showed [3h Ad] and won ($17.64) with a pair of Eights


PokerStars Hand #160236981634:  Hold'em Limit ($3/$6 USD) - 2016/10/21 11:50:10 ET
Table 'Hugo' 6-max Seat #3 is the button
Seat 1: Steffi1001 ($62.99 in chips)
Seat 3: kolaz03 ($94.04 in chips)
kolaz03: posts small blind $1
Steffi1001: posts big blind $3
*** HOLE CARDS ***
kolaz03: raises $3 to $6
Steffi1001: calls $3
*** FLOP *** [Jh 5d 9s]
Steffi1001: bets $3
kolaz03: calls $3
*** TURN *** [Jh 5d 9s] [4h]
Steffi1001: bets $6
kolaz03: raises $6 to $12
Steffi1001: calls $6
*** RIVER *** [Jh 5d 9s 4h] [3c]
Steffi1001: checks
kolaz03: bets $6
Steffi1001: folds
Uncalled bet ($6) returned to kolaz03
kolaz03 collected $41.50 from pot
kolaz03: doesn't show hand
*** SUMMARY ***
Total pot $42 | Rake $0.50
Board [Jh 5d 9s 4h 3c]
Seat 1: Steffi1001 (big blind) folded on the River
Seat 3: kolaz03 (button) (small blind) collected ($41.50)


PokerStars Hand #160236994600:  Hold'em Limit ($3/$6 USD) - 2016/10/21 11:50:30 ET
Table 'Hugo' 6-max Seat #1 is the button
Seat 1: Steffi1001 ($41.99 in chips)
Seat 3: kolaz03 ($114.54 in chips)
Steffi1001: posts small blind $1
kolaz03: posts big blind $3
*** HOLE CARDS ***
Steffi1001: calls $2
kolaz03: checks
*** FLOP *** [Ks Qc 2h]
kolaz03: checks
Steffi1001: checks
*** TURN *** [Ks Qc 2h] [9s]
kolaz03: checks
Steffi1001: checks
*** RIVER *** [Ks Qc 2h 9s] [5h]
kolaz03: checks
Steffi1001: checks
*** SHOW DOWN ***
kolaz03: shows [3c Js] (high card King)
Steffi1001: mucks hand
kolaz03 collected $5.88 from pot
*** SUMMARY ***
Total pot $6 | Rake $0.12
Board [Ks Qc 2h 9s 5h]
Seat 1: Steffi1001 (button) (small blind) mucked
Seat 3: kolaz03 (big blind) showed [3c Js] and won ($5.88) with high card King


PokerStars Hand #160237002278:  Hold'em Limit ($3/$6 USD) - 2016/10/21 11:50:41 ET
Table 'Hugo' 6-max Seat #3 is the button
Seat 1: Steffi1001 ($38.99 in chips)
Seat 3: kolaz03 ($117.42 in chips)
kolaz03: posts small blind $1
Steffi1001: posts big blind $3
*** HOLE CARDS ***
kolaz03: raises $3 to $6
Steffi1001: calls $3
*** FLOP *** [4s Ad 6c]
Steffi1001: checks
kolaz03: bets $3
Steffi1001: calls $3
*** TURN *** [4s Ad 6c] [Ah]
Steffi1001: checks
kolaz03: bets $6
Steffi1001: calls $6
*** RIVER *** [4s Ad 6c Ah] [Ks]
Steffi1001: checks
kolaz03: bets $6
Steffi1001: folds
Uncalled bet ($6) returned to kolaz03
kolaz03 collected $29.50 from pot
kolaz03: doesn't show hand
*** SUMMARY ***
Total pot $30 | Rake $0.50
Board [4s Ad 6c Ah Ks]
Seat 1: Steffi1001 (big blind) folded on the River
Seat 3: kolaz03 (button) (small blind) collected ($29.50)


PokerStars Hand #160237052156:  Hold'em Limit ($3/$6 USD) - 2016/10/21 11:51:57 ET
Table 'Hugo' 6-max Seat #3 is the button
Seat 1: Steffi1001 ($15.99 in chips)
Seat 3: kolaz03 ($139.56 in chips)
kolaz03: posts small blind $1
Steffi1001: posts big blind $3
*** HOLE CARDS ***
kolaz03: raises $3 to $6
Steffi1001: raises $3 to $9
kolaz03: raises $3 to $12
Betting is capped
Steffi1001: calls $3
*** FLOP *** [4c 4h Jd]
Steffi1001: bets $3
kolaz03: raises $3 to $6
Steffi1001: calls $0.99 and is all-in
Uncalled bet ($2.01) returned to kolaz03
*** TURN *** [4c 4h Jd] [7d]
*** RIVER *** [4c 4h Jd 7d] [6d]
*** SHOW DOWN ***
Steffi1001: shows [Td 9h] (a pair of Fours)
kolaz03: shows [6s 5s] (two pair, Sixes and Fours)
kolaz03 collected $31.48 from pot
*** SUMMARY ***
Total pot $31.98 | Rake $0.50
Board [4c 4h Jd 7d 6d]
Seat 1: Steffi1001 (big blind) showed [Td 9h] and lost with a pair of Fours
Seat 3: kolaz03 (button) (small blind) showed [6s 5s] and won ($31.48) with two pair, Sixes and Fours


PokerStars Hand #160237047487:  Hold'em Limit ($3/$6 USD) - 2016/10/21 11:51:50 ET
Table 'Hugo' 6-max Seat #1 is the button
Seat 1: Steffi1001 ($12.99 in chips)
Seat 3: kolaz03 ($142.56 in chips)
Steffi1001: posts small blind $1
kolaz03: posts big blind $3
*** HOLE CARDS ***
Steffi1001: raises $3 to $6
kolaz03: folds
Uncalled bet ($3) returned to Steffi1001
Steffi1001 collected $6 from pot
Steffi1001: doesn't show hand
*** SUMMARY ***
Total pot $6 | Rake $0
Seat 1: Steffi1001 (button) (small blind) collected ($6)
Seat 3: kolaz03 (big blind) folded before Flop


PokerStars Hand #160237044149:  Hold'em Limit ($3/$6 USD) - 2016/10/21 11:51:45 ET
Table 'Hugo' 6-max Seat #3 is the button
Seat 1: Steffi1001 ($15.99 in chips)
Seat 3: kolaz03 ($139.56 in chips)
kolaz03: posts small blind $1
Steffi1001: posts big blind $3
*** HOLE CARDS ***
kolaz03: raises $3 to $6
Steffi1001: folds
Uncalled bet ($3) returned to kolaz03
kolaz03 collected $6 from pot
kolaz03: doesn't show hand
*** SUMMARY ***
Total pot $6 | Rake $0
Seat 1: Steffi1001 (big blind) folded before Flop
Seat 3: kolaz03 (button) (small blind) collected ($6)


PokerStars Hand #160237037646:  Hold'em Limit ($3/$6 USD) - 2016/10/21 11:51:35 ET
Table 'Hugo' 6-max Seat #1 is the button
Seat 1: Steffi1001 ($18.99 in chips)
Seat 3: kolaz03 ($136.68 in chips)
Steffi1001: posts small blind $1
kolaz03: posts big blind $3
*** HOLE CARDS ***
Steffi1001: calls $2
kolaz03: checks
*** FLOP *** [Kd 8h 8c]
kolaz03: checks
Steffi1001: checks
*** TURN *** [Kd 8h 8c] [Ts]
kolaz03: bets $6
Steffi1001: folds
Uncalled bet ($6) returned to kolaz03
kolaz03 collected $5.88 from pot
kolaz03: doesn't show hand
*** SUMMARY ***
Total pot $6 | Rake $0.12
Board [Kd 8h 8c Ts]
Seat 1: Steffi1001 (button) (small blind) folded on the Turn
Seat 3: kolaz03 (big blind) collected ($5.88)


PokerStars Hand #160237033760:  Hold'em Limit ($3/$6 USD) - 2016/10/21 11:51:29 ET
Table 'Hugo' 6-max Seat #3 is the button
Seat 1: Steffi1001 ($17.99 in chips)
Seat 3: kolaz03 ($137.68 in chips)
kolaz03: posts small blind $1
Steffi1001: posts big blind $3
*** HOLE CARDS ***
kolaz03: folds
Uncalled bet ($2) returned to Steffi1001
Steffi1001 collected $2 from pot
Steffi1001: doesn't show hand
*** SUMMARY ***
Total pot $2 | Rake $0
Seat 1: Steffi1001 (big blind) collected ($2)
Seat 3: kolaz03 (button) (small blind) folded before Flop


PokerStars Hand #160237025540:  Hold'em Limit ($3/$6 USD) - 2016/10/21 11:51:17 ET
Table 'Hugo' 6-max Seat #3 is the button
Seat 1: Steffi1001 ($17.99 in chips)
Seat 3: kolaz03 ($137.68 in chips)
kolaz03: posts small blind $1
Steffi1001: posts big blind $3
*** HOLE CARDS ***
kolaz03: folds
Uncalled bet ($2) returned to Steffi1001
Steffi1001 collected $2 from pot
Steffi1001: doesn't show hand
*** SUMMARY ***
Total pot $2 | Rake $0
Seat 1: Steffi1001 (big blind) collected ($2)
Seat 3: kolaz03 (button) (small blind) folded before Flop


PokerStars Hand #160237016792:  Hold'em Limit ($3/$6 USD) - 2016/10/21 11:51:03 ET
Table 'Hugo' 6-max Seat #1 is the button
Seat 1: Steffi1001 ($23.99 in chips)
Seat 3: kolaz03 ($131.92 in chips)
Steffi1001: posts small blind $1
kolaz03: posts big blind $3
*** HOLE CARDS ***
Steffi1001: raises $3 to $6
kolaz03: calls $3
*** FLOP *** [2d 5c 6h]
kolaz03: checks
Steffi1001: checks
*** TURN *** [2d 5c 6h] [Qd]
kolaz03: bets $6
Steffi1001: folds
Uncalled bet ($6) returned to kolaz03
kolaz03 collected $11.76 from pot
kolaz03: doesn't show hand
*** SUMMARY ***
Total pot $12 | Rake $0.24
Board [2d 5c 6h Qd]
Seat 1: Steffi1001 (button) (small blind) folded on the Turn
Seat 3: kolaz03 (big blind) collected ($11.76)


PokerStars Hand #160237030423:  Hold'em Limit ($3/$6 USD) - 2016/10/21 11:51:24 ET
Table 'Hugo' 6-max Seat #1 is the button
Seat 1: Steffi1001 ($18.99 in chips)
Seat 3: kolaz03 ($136.68 in chips)
Steffi1001: posts small blind $1
kolaz03: posts big blind $3
*** HOLE CARDS ***
Steffi1001: folds
Uncalled bet ($2) returned to kolaz03
kolaz03 collected $2 from pot
kolaz03: doesn't show hand
*** SUMMARY ***
Total pot $2 | Rake $0
Seat 1: Steffi1001 (button) (small blind) folded before Flop
Seat 3: kolaz03 (big blind) collected ($2)


PokerStars Hand #160237366001:  Hold'em Limit ($3/$6 USD) - 2016/10/21 12:00:39 ET
Table 'Hugo' 6-max Seat #4 is the button
Seat 4: loretta849 ($174.78 in chips)
Seat 5: kolaz03 ($72 in chips)
loretta849: posts small blind $1
kolaz03: posts big blind $3
*** HOLE CARDS ***
loretta849: raises $3 to $6
kolaz03: calls $3
*** FLOP *** [7c 3c 9s]
kolaz03: checks
loretta849: bets $3
kolaz03: folds
Uncalled bet ($3) returned to loretta849
loretta849 collected $11.76 from pot
loretta849: doesn't show hand
*** SUMMARY ***
Total pot $12 | Rake $0.24
Board [7c 3c 9s]
Seat 4: loretta849 (button) (small blind) collected ($11.76)
Seat 5: kolaz03 (big blind) folded on the Flop


PokerStars Hand #160237413570:  Hold'em Limit ($3/$6 USD) - 2016/10/21 12:01:53 ET
Table 'Hugo' 6-max Seat #4 is the button
Seat 4: loretta849 ($210.04 in chips)
Seat 5: kolaz03 ($72 in chips)
loretta849: posts small blind $1
kolaz03: posts big blind $3
*** HOLE CARDS ***
loretta849: raises $3 to $6
kolaz03: calls $3
*** FLOP *** [7c 5d 3d]
kolaz03: checks
loretta849: bets $3
kolaz03: raises $3 to $6
loretta849: calls $3
*** TURN *** [7c 5d 3d] [8c]
kolaz03: bets $6
loretta849: calls $6
*** RIVER *** [7c 5d 3d 8c] [4h]
kolaz03: bets $6
loretta849: folds
Uncalled bet ($6) returned to kolaz03
kolaz03 collected $35.50 from pot
kolaz03: doesn't show hand
*** SUMMARY ***
Total pot $36 | Rake $0.50
Board [7c 5d 3d 8c 4h]
Seat 4: loretta849 (button) (small blind) folded on the River
Seat 5: kolaz03 (big blind) collected ($35.50)


PokerStars Hand #160237385439:  Hold'em Limit ($3/$6 USD) - 2016/10/21 12:01:10 ET
Table 'Hugo' 6-max Seat #5 is the button
Seat 4: loretta849 ($180.54 in chips)
Seat 5: kolaz03 ($72 in chips)
kolaz03: posts small blind $1
loretta849: posts big blind $3
*** HOLE CARDS ***
kolaz03: raises $3 to $6
loretta849: raises $3 to $9
kolaz03: calls $3
*** FLOP *** [Kc 8s 8h]
loretta849: bets $3
kolaz03: calls $3
*** TURN *** [Kc 8s 8h] [3d]
loretta849: bets $6
kolaz03: calls $6
*** RIVER *** [Kc 8s 8h 3d] [5d]
loretta849: bets $6
kolaz03: raises $6 to $12
loretta849: calls $6
*** SHOW DOWN ***
kolaz03: shows [5s Ks] (two pair, Kings and Eights)
loretta849: shows [Ah Ad] (two pair, Aces and Eights)
loretta849 collected $59.50 from pot
*** SUMMARY ***
Total pot $60 | Rake $0.50
Board [Kc 8s 8h 3d 5d]
Seat 4: loretta849 (big blind) showed [Ah Ad] and won ($59.50) with two pair, Aces and Eights
Seat 5: kolaz03 (button) (small blind) showed [5s Ks] and lost with two pair, Kings and Eights


PokerStars Hand #160237456243:  Hold'em Limit ($3/$6 USD) - 2016/10/21 12:02:57 ET
Table 'Hugo' 6-max Seat #4 is the button
Seat 4: loretta849 ($215.54 in chips)
Seat 5: kolaz03 ($72 in chips)
loretta849: posts small blind $1
kolaz03: posts big blind $3
*** HOLE CARDS ***
loretta849: raises $3 to $6
kolaz03: calls $3
*** FLOP *** [As Jh 4c]
kolaz03: checks
loretta849: bets $3
kolaz03: raises $3 to $6
loretta849: folds
Uncalled bet ($3) returned to kolaz03
kolaz03 collected $17.64 from pot
kolaz03: doesn't show hand
*** SUMMARY ***
Total pot $18 | Rake $0.36
Board [As Jh 4c]
Seat 4: loretta849 (button) (small blind) folded on the Flop
Seat 5: kolaz03 (big blind) collected ($17.64)


PokerStars Hand #160237438181:  Hold'em Limit ($3/$6 USD) - 2016/10/21 12:02:30 ET
Table 'Hugo' 6-max Seat #5 is the button
Seat 4: loretta849 ($192.04 in chips)
Seat 5: kolaz03 ($89.50 in chips)
kolaz03: posts small blind $1
loretta849: posts big blind $3
*** HOLE CARDS ***
kolaz03: raises $3 to $6
loretta849: calls $3
*** FLOP *** [7h Kh 6d]
loretta849: checks
kolaz03: bets $3
loretta849: raises $3 to $6
kolaz03: calls $3
*** TURN *** [7h Kh 6d] [Jd]
loretta849: bets $6
kolaz03: calls $6
*** RIVER *** [7h Kh 6d Jd] [8c]
loretta849: bets $6
kolaz03: calls $6
*** SHOW DOWN ***
loretta849: shows [Kd 3c] (a pair of Kings)
kolaz03: mucks hand
loretta849 collected $47.50 from pot
*** SUMMARY ***
Total pot $48 | Rake $0.50
Board [7h Kh 6d Jd 8c]
Seat 4: loretta849 (big blind) showed [Kd 3c] and won ($47.50) with a pair of Kings
Seat 5: kolaz03 (button) (small blind) mucked


PokerStars Hand #160237464831:  Hold'em Limit ($3/$6 USD) - 2016/10/21 12:03:10 ET
Table 'Hugo' 6-max Seat #5 is the button
Seat 4: loretta849 ($206.54 in chips)
Seat 5: kolaz03 ($80.64 in chips)
kolaz03: posts small blind $1
loretta849: posts big blind $3
*** HOLE CARDS ***
kolaz03: raises $3 to $6
loretta849: calls $3
*** FLOP *** [6s 5s 8c]
loretta849: checks
kolaz03: checks
*** TURN *** [6s 5s 8c] [Kc]
loretta849: bets $6
kolaz03: raises $6 to $12
loretta849: calls $6
*** RIVER *** [6s 5s 8c Kc] [As]
loretta849: checks
kolaz03: bets $6
loretta849: raises $6 to $12
kolaz03: folds
Uncalled bet ($6) returned to loretta849
loretta849 collected $47.50 from pot
loretta849: doesn't show hand
*** SUMMARY ***
Total pot $48 | Rake $0.50
Board [6s 5s 8c Kc As]
Seat 4: loretta849 (big blind) collected ($47.50)
Seat 5: kolaz03 (button) (small blind) folded on the River


PokerStars Hand #160237497095:  Hold'em Limit ($3/$6 USD) - 2016/10/21 12:03:58 ET
Table 'Hugo' 6-max Seat #5 is the button
Seat 4: loretta849 ($221.04 in chips)
Seat 5: kolaz03 ($80.64 in chips)
kolaz03: posts small blind $1
loretta849: posts big blind $3
*** HOLE CARDS ***
kolaz03: raises $3 to $6
loretta849: calls $3
*** FLOP *** [3h 7c 8d]
loretta849: checks
kolaz03: bets $3
loretta849: folds
Uncalled bet ($3) returned to kolaz03
kolaz03 collected $11.76 from pot
kolaz03: doesn't show hand
*** SUMMARY ***
Total pot $12 | Rake $0.24
Board [3h 7c 8d]
Seat 4: loretta849 (big blind) folded on the Flop
Seat 5: kolaz03 (button) (small blind) collected ($11.76)


PokerStars Hand #160237488807:  Hold'em Limit ($3/$6 USD) - 2016/10/21 12:03:45 ET
Table 'Hugo' 6-max Seat #4 is the button
Seat 4: loretta849 ($230.04 in chips)
Seat 5: kolaz03 ($72 in chips)
loretta849: posts small blind $1
kolaz03: posts big blind $3
*** HOLE CARDS ***
loretta849: raises $3 to $6
kolaz03: calls $3
*** FLOP *** [2s Td 5c]
kolaz03: checks
loretta849: bets $3
kolaz03: raises $3 to $6
loretta849: folds
Uncalled bet ($3) returned to kolaz03
kolaz03 collected $17.64 from pot
kolaz03: doesn't show hand
*** SUMMARY ***
Total pot $18 | Rake $0.36
Board [2s Td 5c]
Seat 4: loretta849 (button) (small blind) folded on the Flop
Seat 5: kolaz03 (big blind) collected ($17.64)


PokerStars Hand #160237503644:  Hold'em Limit ($3/$6 USD) - 2016/10/21 12:04:07 ET
Table 'Hugo' 6-max Seat #4 is the button
Seat 4: loretta849 ($215.04 in chips)
Seat 5: kolaz03 ($86.40 in chips)
loretta849: posts small blind $1
kolaz03: posts big blind $3
*** HOLE CARDS ***
loretta849: raises $3 to $6
kolaz03: calls $3
*** FLOP *** [7d 8s 3d]
kolaz03: checks
loretta849: bets $3
kolaz03: folds
Uncalled bet ($3) returned to loretta849
loretta849 collected $11.76 from pot
loretta849: doesn't show hand
*** SUMMARY ***
Total pot $12 | Rake $0.24
Board [7d 8s 3d]
Seat 4: loretta849 (button) (small blind) collected ($11.76)
Seat 5: kolaz03 (big blind) folded on the Flop


PokerStars Hand #160237515071:  Hold'em Limit ($3/$6 USD) - 2016/10/21 12:04:24 ET
Table 'Hugo' 6-max Seat #5 is the button
Seat 4: loretta849 ($220.80 in chips)
Seat 5: kolaz03 ($80.40 in chips)
kolaz03: posts small blind $1
loretta849: posts big blind $3
*** HOLE CARDS ***
kolaz03: folds
Uncalled bet ($2) returned to loretta849
loretta849 collected $2 from pot
loretta849: doesn't show hand
*** SUMMARY ***
Total pot $2 | Rake $0
Seat 4: loretta849 (big blind) collected ($2)
Seat 5: kolaz03 (button) (small blind) folded before Flop


PokerStars Hand #160237518135:  Hold'em Limit ($3/$6 USD) - 2016/10/21 12:04:29 ET
Table 'Hugo' 6-max Seat #4 is the button
Seat 4: loretta849 ($221.80 in chips)
Seat 5: kolaz03 ($79.40 in chips)
loretta849: posts small blind $1
kolaz03: posts big blind $3
*** HOLE CARDS ***
loretta849: raises $3 to $6
kolaz03: raises $3 to $9
loretta849: calls $3
*** FLOP *** [6c 5h As]
kolaz03: bets $3
loretta849: folds
Uncalled bet ($3) returned to kolaz03
kolaz03 collected $17.64 from pot
kolaz03: doesn't show hand
*** SUMMARY ***
Total pot $18 | Rake $0.36
Board [6c 5h As]
Seat 4: loretta849 (button) (small blind) folded on the Flop
Seat 5: kolaz03 (big blind) collected ($17.64)


PokerStars Hand #160237533179:  Hold'em Limit ($3/$6 USD) - 2016/10/21 12:04:51 ET
Table 'Hugo' 6-max Seat #4 is the button
Seat 4: loretta849 ($213.80 in chips)
Seat 5: kolaz03 ($87.04 in chips)
loretta849: posts small blind $1
kolaz03: posts big blind $3
*** HOLE CARDS ***
loretta849: folds
Uncalled bet ($2) returned to kolaz03
kolaz03 collected $2 from pot
kolaz03: doesn't show hand
*** SUMMARY ***
Total pot $2 | Rake $0
Seat 4: loretta849 (button) (small blind) folded before Flop
Seat 5: kolaz03 (big blind) collected ($2)


PokerStars Hand #160237527738:  Hold'em Limit ($3/$6 USD) - 2016/10/21 12:04:43 ET
Table 'Hugo' 6-max Seat #5 is the button
Seat 4: loretta849 ($212.80 in chips)
Seat 5: kolaz03 ($88.04 in chips)
kolaz03: posts small blind $1
loretta849: posts big blind $3
*** HOLE CARDS ***
kolaz03: folds
Uncalled bet ($2) returned to loretta849
loretta849 collected $2 from pot
loretta849: doesn't show hand
*** SUMMARY ***
Total pot $2 | Rake $0
Seat 4: loretta849 (big blind) collected ($2)
Seat 5: kolaz03 (button) (small blind) folded before Flop


PokerStars Hand #160237536634:  Hold'em Limit ($3/$6 USD) - 2016/10/21 12:04:56 ET
Table 'Hugo' 6-max Seat #5 is the button
Seat 4: loretta849 ($212.80 in chips)
Seat 5: kolaz03 ($88.04 in chips)
kolaz03: posts small blind $1
loretta849: posts big blind $3
*** HOLE CARDS ***
kolaz03: raises $3 to $6
loretta849: folds
Uncalled bet ($3) returned to kolaz03
kolaz03 collected $6 from pot
kolaz03: doesn't show hand
*** SUMMARY ***
Total pot $6 | Rake $0
Seat 4: loretta849 (big blind) folded before Flop
Seat 5: kolaz03 (button) (small blind) collected ($6)


PokerStars Hand #160237542378:  Hold'em Limit ($3/$6 USD) - 2016/10/21 12:05:04 ET
Table 'Hugo' 6-max Seat #4 is the button
Seat 4: loretta849 ($209.80 in chips)
Seat 5: kolaz03 ($91.04 in chips)
loretta849: posts small blind $1
kolaz03: posts big blind $3
*** HOLE CARDS ***
loretta849: raises $3 to $6
kolaz03: raises $3 to $9
loretta849: calls $3
*** FLOP *** [2c Qd 8s]
kolaz03: bets $3
loretta849: calls $3
*** TURN *** [2c Qd 8s] [5s]
kolaz03: checks
loretta849: bets $6
kolaz03: calls $6
*** RIVER *** [2c Qd 8s 5s] [4d]
kolaz03: checks
loretta849: bets $6
kolaz03: calls $6
*** SHOW DOWN ***
loretta849: shows [Qh Ad] (a pair of Queens)
kolaz03: mucks hand
loretta849 collected $47.50 from pot
*** SUMMARY ***
Total pot $48 | Rake $0.50
Board [2c Qd 8s 5s 4d]
Seat 4: loretta849 (button) (small blind) showed [Qh Ad] and won ($47.50) with a pair of Queens
Seat 5: kolaz03 (big blind) mucked


PokerStars Hand #160237573229:  Hold'em Limit ($3/$6 USD) - 2016/10/21 12:05:50 ET
Table 'Hugo' 6-max Seat #5 is the button
Seat 4: loretta849 ($233.30 in chips)
Seat 5: kolaz03 ($72 in chips)
kolaz03: posts small blind $1
loretta849: posts big blind $3
*** HOLE CARDS ***
kolaz03: raises $3 to $6
loretta849: calls $3
*** FLOP *** [Jd 6s 8c]
loretta849: checks
kolaz03: bets $3
loretta849: calls $3
*** TURN *** [Jd 6s 8c] [4c]
loretta849: checks
kolaz03: bets $6
loretta849: folds
Uncalled bet ($6) returned to kolaz03
kolaz03 collected $17.64 from pot
kolaz03: doesn't show hand
*** SUMMARY ***
Total pot $18 | Rake $0.36
Board [Jd 6s 8c 4c]
Seat 4: loretta849 (big blind) folded on the Turn
Seat 5: kolaz03 (button) (small blind) collected ($17.64)


PokerStars Hand #160237592495:  Hold'em Limit ($3/$6 USD) - 2016/10/21 12:06:18 ET
Table 'Hugo' 6-max Seat #4 is the button
Seat 4: loretta849 ($224.30 in chips)
Seat 5: kolaz03 ($80.64 in chips)
loretta849: posts small blind $1
kolaz03: posts big blind $3
*** HOLE CARDS ***
loretta849: raises $3 to $6
kolaz03: calls $3
*** FLOP *** [Td 8h Tc]
kolaz03: checks
loretta849: bets $3
kolaz03: calls $3
*** TURN *** [Td 8h Tc] [Ah]
kolaz03: checks
loretta849: bets $6
kolaz03: raises $6 to $12
Alexsandr.NT joins the table at seat #1
loretta849: calls $6
*** RIVER *** [Td 8h Tc Ah] [Qc]
kolaz03: bets $6
loretta849: calls $6
*** SHOW DOWN ***
kolaz03: shows [6c Ts] (three of a kind, Tens)
loretta849: mucks hand
kolaz03 collected $53.50 from pot
*** SUMMARY ***
Total pot $54 | Rake $0.50
Board [Td 8h Tc Ah Qc]
Seat 4: loretta849 (button) (small blind) mucked
Seat 5: kolaz03 (big blind) showed [6c Ts] and won ($53.50) with three of a kind, Tens


PokerStars Hand #160237829820:  Hold'em Limit ($3/$6 USD) - 2016/10/21 12:12:07 ET
Table 'Hugo' 6-max Seat #2 is the button
Seat 2: Grieserix ($100.55 in chips)
Seat 5: kolaz03 ($164.97 in chips)
Grieserix: posts small blind $1
kolaz03: posts big blind $3
*** HOLE CARDS ***
Grieserix: raises $3 to $6
kolaz03: calls $3
*** FLOP *** [Ts 9h Qh]
kolaz03: checks
Grieserix: checks
*** TURN *** [Ts 9h Qh] [2d]
kolaz03: checks
Grieserix: checks
*** RIVER *** [Ts 9h Qh 2d] [Th]
kolaz03: checks
Grieserix: checks
*** SHOW DOWN ***
kolaz03: shows [7s Ac] (a pair of Tens)
Grieserix: shows [As 3d] (a pair of Tens)
kolaz03 collected $5.88 from pot
Grieserix collected $5.88 from pot
*** SUMMARY ***
Total pot $12 | Rake $0.24
Board [Ts 9h Qh 2d Th]
Seat 2: Grieserix (button) (small blind) showed [As 3d] and won ($5.88) with a pair of Tens
Seat 5: kolaz03 (big blind) showed [7s Ac] and won ($5.88) with a pair of Tens


PokerStars Hand #160237842611:  Hold'em Limit ($3/$6 USD) - 2016/10/21 12:12:26 ET
Table 'Hugo' 6-max Seat #5 is the button
Seat 2: Grieserix ($100.43 in chips)
Seat 5: kolaz03 ($164.85 in chips)
kolaz03: posts small blind $1
Grieserix: posts big blind $3
*** HOLE CARDS ***
kolaz03: raises $3 to $6
Grieserix: calls $3
*** FLOP *** [3c 4s 4c]
Grieserix: checks
kolaz03: bets $3
Grieserix: calls $3
*** TURN *** [3c 4s 4c] [Qh]
Grieserix: checks
kolaz03: bets $6
Grieserix: calls $6
*** RIVER *** [3c 4s 4c Qh] [2c]
Grieserix: bets $6
kolaz03: folds
Uncalled bet ($6) returned to Grieserix
Grieserix collected $29.50 from pot
*** SUMMARY ***
Total pot $30 | Rake $0.50
Board [3c 4s 4c Qh 2c]
Seat 2: Grieserix (big blind) collected ($29.50)
Seat 5: kolaz03 (button) (small blind) folded on the River


PokerStars Hand #160237851793:  Hold'em Limit ($3/$6 USD) - 2016/10/21 12:12:40 ET
Table 'Hugo' 6-max Seat #2 is the button
Seat 2: Grieserix ($114.93 in chips)
Seat 5: kolaz03 ($149.85 in chips)
Grieserix: posts small blind $1
kolaz03: posts big blind $3
*** HOLE CARDS ***
Grieserix: folds
Uncalled bet ($2) returned to kolaz03
kolaz03 collected $2 from pot
kolaz03: doesn't show hand
Grieserix leaves the table
*** SUMMARY ***
Total pot $2 | Rake $0
Seat 2: Grieserix (button) (small blind) folded before Flop
Seat 5: kolaz03 (big blind) collected ($2)


PokerStars Hand #160238015640:  Hold'em Limit ($3/$6 USD) - 2016/10/21 12:16:41 ET
Table 'Hugo' 6-max Seat #4 is the button
Seat 3: loretta849 ($125.95 in chips)
Seat 4: kolaz03 ($89.50 in chips)
kolaz03: posts small blind $1
loretta849: posts big blind $3
*** HOLE CARDS ***
kolaz03: raises $3 to $6
loretta849: raises $3 to $9
kolaz03: calls $3
*** FLOP *** [4h Th 8d]
loretta849: bets $3
kolaz03: raises $3 to $6
loretta849: calls $3
*** TURN *** [4h Th 8d] [2s]
loretta849: checks
kolaz03: bets $6
loretta849: calls $6
*** RIVER *** [4h Th 8d 2s] [8h]
loretta849: checks
kolaz03: bets $6
loretta849: folds
Uncalled bet ($6) returned to kolaz03
kolaz03 collected $41.50 from pot
kolaz03: doesn't show hand
*** SUMMARY ***
Total pot $42 | Rake $0.50
Board [4h Th 8d 2s 8h]
Seat 3: loretta849 (big blind) folded on the River
Seat 4: kolaz03 (button) (small blind) collected ($41.50)


PokerStars Hand #160237998975:  Hold'em Limit ($3/$6 USD) - 2016/10/21 12:16:16 ET
Table 'Hugo' 6-max Seat #3 is the button
Seat 3: loretta849 ($143.95 in chips)
Seat 4: kolaz03 ($72 in chips)
loretta849: posts small blind $1
kolaz03: posts big blind $3
*** HOLE CARDS ***
loretta849: raises $3 to $6
kolaz03: raises $3 to $9
loretta849: calls $3
*** FLOP *** [5d Kc 8d]
kolaz03: bets $3
loretta849: calls $3
*** TURN *** [5d Kc 8d] [3h]
kolaz03: bets $6
loretta849: calls $6
*** RIVER *** [5d Kc 8d 3h] [Ad]
kolaz03: bets $6
loretta849: folds
Uncalled bet ($6) returned to kolaz03
kolaz03 collected $35.50 from pot
kolaz03: doesn't show hand
*** SUMMARY ***
Total pot $36 | Rake $0.50
Board [5d Kc 8d 3h Ad]
Seat 3: loretta849 (button) (small blind) folded on the River
Seat 4: kolaz03 (big blind) collected ($35.50)


PokerStars Hand #160238048334:  Hold'em Limit ($3/$6 USD) - 2016/10/21 12:17:29 ET
Table 'Hugo' 6-max Seat #3 is the button
Seat 3: loretta849 ($104.95 in chips)
Seat 4: kolaz03 ($110 in chips)
loretta849: posts small blind $1
kolaz03: posts big blind $3
*** HOLE CARDS ***
loretta849: raises $3 to $6
kolaz03: calls $3
*** FLOP *** [3h Ah 9d]
kolaz03: checks
loretta849: bets $3
kolaz03: calls $3
*** TURN *** [3h Ah 9d] [Qh]
kolaz03: checks
loretta849: bets $6
kolaz03: folds
Uncalled bet ($6) returned to loretta849
loretta849 collected $17.64 from pot
loretta849: doesn't show hand
*** SUMMARY ***
Total pot $18 | Rake $0.36
Board [3h Ah 9d Qh]
Seat 3: loretta849 (button) (small blind) collected ($17.64)
Seat 4: kolaz03 (big blind) folded on the Turn


PokerStars Hand #160238060477:  Hold'em Limit ($3/$6 USD) - 2016/10/21 12:17:47 ET
Table 'Hugo' 6-max Seat #4 is the button
Seat 3: loretta849 ($113.59 in chips)
Seat 4: kolaz03 ($101 in chips)
kolaz03: posts small blind $1
loretta849: posts big blind $3
*** HOLE CARDS ***
kolaz03: raises $3 to $6
loretta849: calls $3
*** FLOP *** [Ac 7s 5s]
loretta849: checks
kolaz03: bets $3
loretta849: calls $3
*** TURN *** [Ac 7s 5s] [Kc]
loretta849: checks
kolaz03: bets $6
loretta849: calls $6
*** RIVER *** [Ac 7s 5s Kc] [9d]
loretta849: checks
kolaz03: bets $6
Mackeral joins the table at seat #6
loretta849: calls $6
*** SHOW DOWN ***
kolaz03: shows [4c Qd] (high card Ace)
loretta849: shows [7h 8h] (a pair of Sevens)
loretta849 collected $41.50 from pot
*** SUMMARY ***
Total pot $42 | Rake $0.50
Board [Ac 7s 5s Kc 9d]
Seat 3: loretta849 (big blind) showed [7h 8h] and won ($41.50) with a pair of Sevens
Seat 4: kolaz03 (button) (small blind) showed [4c Qd] and lost with high card Ace


PokerStars Hand #160238095415:  Hold'em Limit ($3/$6 USD) - 2016/10/21 12:18:38 ET
Table 'Hugo' 6-max Seat #3 is the button
Seat 3: loretta849 ($134.09 in chips)
Seat 4: kolaz03 ($80 in chips)
loretta849: posts small blind $1
kolaz03: posts big blind $3
*** HOLE CARDS ***
loretta849: raises $3 to $6
kolaz03: raises $3 to $9
loretta849: calls $3
*** FLOP *** [Kd 3h Kc]
kolaz03: bets $3
loretta849: folds
Uncalled bet ($3) returned to kolaz03
kolaz03 collected $17.64 from pot
kolaz03: doesn't show hand
*** SUMMARY ***
Total pot $18 | Rake $0.36
Board [Kd 3h Kc]
Seat 3: loretta849 (button) (small blind) folded on the Flop
Seat 4: kolaz03 (big blind) collected ($17.64)


PokerStars Hand #160240638965:  Hold'em Limit ($3/$6 USD) - 2016/10/21 13:18:14 ET
Table 'Hugo' 6-max Seat #1 is the button
Seat 1: Luanto 14 ($333.66 in chips)
Seat 5: ValeryRon ($93.47 in chips)
Luanto 14: posts small blind $1
ValeryRon: posts big blind $3
*** HOLE CARDS ***
Luanto 14: folds
Uncalled bet ($2) returned to ValeryRon
ValeryRon collected $2 from pot
*** SUMMARY ***
Total pot $2 | Rake $0
Seat 1: Luanto 14 (button) (small blind) folded before Flop
Seat 5: ValeryRon (big blind) collected ($2)


PokerStars Hand #160246497039:  Hold'em Limit ($3/$6 USD) - 2016/10/21 15:23:37 ET
Table 'Hugo' 6-max Seat #1 is the button
Seat 1: Luanto 14 ($850.19 in chips)
Seat 2: SALZHERZ ($136.25 in chips)
Luanto 14: posts small blind $1
SALZHERZ: posts big blind $3
*** HOLE CARDS ***
Luanto 14: raises $3 to $6
SALZHERZ: folds
Uncalled bet ($3) returned to Luanto 14
Luanto 14 collected $6 from pot
Luanto 14: doesn't show hand
*** SUMMARY ***
Total pot $6 | Rake $0
Seat 1: Luanto 14 (button) (small blind) collected ($6)
Seat 2: SALZHERZ (big blind) folded before Flop


PokerStars Hand #160246492103:  Hold'em Limit ($3/$6 USD) - 2016/10/21 15:23:31 ET
Table 'Hugo' 6-max Seat #2 is the button
Seat 1: Luanto 14 ($849.19 in chips)
Seat 2: SALZHERZ ($137.25 in chips)
SALZHERZ: posts small blind $1
Hannibal2211: is sitting out
Luanto 14: posts big blind $3
*** HOLE CARDS ***
SALZHERZ: folds
Uncalled bet ($2) returned to Luanto 14
Luanto 14 collected $2 from pot
Luanto 14: doesn't show hand
*** SUMMARY ***
Total pot $2 | Rake $0
Seat 1: Luanto 14 (big blind) collected ($2)
Seat 2: SALZHERZ (button) (small blind) folded before Flop


PokerStars Hand #160251003874:  Hold'em Limit ($3/$6 USD) - 2016/10/21 16:53:31 ET
Table 'Hugo' 6-max Seat #2 is the button
Seat 1: Luanto 14 ($947.94 in chips)
Seat 2: RaisemyNut$ ($70.28 in chips)
RaisemyNut$: posts small blind $1
Luanto 14: posts big blind $3
*** HOLE CARDS ***
RaisemyNut$: raises $3 to $6
Luanto 14: calls $3
*** FLOP *** [2d 5s Ad]
Luanto 14: checks
RaisemyNut$: bets $3
Luanto 14: calls $3
*** TURN *** [2d 5s Ad] [3c]
Luanto 14: checks
RaisemyNut$: bets $6
Luanto 14: calls $6
*** RIVER *** [2d 5s Ad 3c] [Ac]
Luanto 14: checks
RaisemyNut$: bets $6
Luanto 14: calls $6
*** SHOW DOWN ***
RaisemyNut$: shows [4h Ks] (a straight, Ace to Five)
Luanto 14: mucks hand
RaisemyNut$ collected $41.50 from pot
*** SUMMARY ***
Total pot $42 | Rake $0.50
Board [2d 5s Ad 3c Ac]
Seat 1: Luanto 14 (big blind) mucked
Seat 2: RaisemyNut$ (button) (small blind) showed [4h Ks] and won ($41.50) with a straight, Ace to Five


