PokerStars Hand #152320350128:  Hold'em Limit ($3/$6 USD) - 2016/04/23 7:16:22 ET
Table 'Hugo' 6-max Seat #1 is the button
Seat 1: VolkovDmitri ($120 in chips)
Seat 5: pablo26873 ($58.84 in chips)
VolkovDmitri: posts small blind $1
pablo26873: posts big blind $3
*** HOLE CARDS ***
VolkovDmitri: raises $3 to $6
pablo26873: calls $3
*** FLOP *** [6d 4s 9h]
pablo26873: checks
VolkovDmitri: bets $3
pablo26873: calls $3
*** TURN *** [6d 4s 9h] [Ts]
atomic phart joins the table at seat #3
pablo26873: bets $6
atomic phart leaves the table
VolkovDmitri: folds
Uncalled bet ($6) returned to pablo26873
atomic phart joins the table at seat #3
pablo26873 collected $17.64 from pot
pablo26873: doesn't show hand
*** SUMMARY ***
Total pot $18 | Rake $0.36
Board [6d 4s 9h Ts]
Seat 1: VolkovDmitri (button) (small blind) folded on the Turn
Seat 5: pablo26873 (big blind) collected ($17.64)


PokerStars Hand #152320367966:  Hold'em Limit ($3/$6 USD) - 2016/04/23 7:16:58 ET
Table 'Hugo' 6-max Seat #5 is the button
Seat 1: VolkovDmitri ($120 in chips)
Seat 5: pablo26873 ($67.48 in chips)
pablo26873: posts small blind $1
VolkovDmitri: posts big blind $3
*** HOLE CARDS ***
pablo26873: raises $3 to $6
VolkovDmitri: calls $3
*** FLOP *** [Ts Qc 2s]
VolkovDmitri: checks
pablo26873: bets $3
VolkovDmitri: calls $3
*** TURN *** [Ts Qc 2s] [6c]
atomic phart said, "you are trash volkov"
VolkovDmitri: bets $6
pablo26873: raises $6 to $12
VolkovDmitri: calls $6
*** RIVER *** [Ts Qc 2s 6c] [Kc]
VolkovDmitri: checks
pablo26873: bets $6
VolkovDmitri: folds
Uncalled bet ($6) returned to pablo26873
pablo26873 collected $41.50 from pot
pablo26873: doesn't show hand
*** SUMMARY ***
Total pot $42 | Rake $0.50
Board [Ts Qc 2s 6c Kc]
Seat 1: VolkovDmitri (big blind) folded on the River
Seat 5: pablo26873 (button) (small blind) collected ($41.50)


PokerStars Hand #152320428515:  Hold'em Limit ($3/$6 USD) - 2016/04/23 7:19:00 ET
Table 'Hugo' 6-max Seat #1 is the button
Seat 1: VolkovDmitri ($125.76 in chips)
Seat 5: pablo26873 ($102.48 in chips)
VolkovDmitri: posts small blind $1
pablo26873: posts big blind $3
*** HOLE CARDS ***
VolkovDmitri: raises $3 to $6
pablo26873: folds
Uncalled bet ($3) returned to VolkovDmitri
VolkovDmitri collected $6 from pot
VolkovDmitri: doesn't show hand
*** SUMMARY ***
Total pot $6 | Rake $0
Seat 1: VolkovDmitri (button) (small blind) collected ($6)
Seat 5: pablo26873 (big blind) folded before Flop


PokerStars Hand #152320418719:  Hold'em Limit ($3/$6 USD) - 2016/04/23 7:18:40 ET
Table 'Hugo' 6-max Seat #5 is the button
Seat 1: VolkovDmitri ($120 in chips)
Seat 5: pablo26873 ($108.48 in chips)
pablo26873: posts small blind $1
VolkovDmitri: posts big blind $3
*** HOLE CARDS ***
pablo26873: calls $2
VolkovDmitri: raises $3 to $6
pablo26873: calls $3
*** FLOP *** [5c 7c 7s]
VolkovDmitri: bets $3
pablo26873: folds
Uncalled bet ($3) returned to VolkovDmitri
VolkovDmitri collected $11.76 from pot
VolkovDmitri: doesn't show hand
*** SUMMARY ***
Total pot $12 | Rake $0.24
Board [5c 7c 7s]
Seat 1: VolkovDmitri (big blind) collected ($11.76)
Seat 5: pablo26873 (button) (small blind) folded on the Flop


PokerStars Hand #152320399108:  Hold'em Limit ($3/$6 USD) - 2016/04/23 7:18:01 ET
Table 'Hugo' 6-max Seat #1 is the button
Seat 1: VolkovDmitri ($120 in chips)
Seat 5: pablo26873 ($87.98 in chips)
VolkovDmitri: posts small blind $1
pablo26873: posts big blind $3
*** HOLE CARDS ***
VolkovDmitri: raises $3 to $6
pablo26873: calls $3
*** FLOP *** [Ks 6d Ac]
pablo26873: bets $3
atomic phart said, "go get em Pablo"
VolkovDmitri: calls $3
*** TURN *** [Ks 6d Ac] [7s]
pablo26873: checks
VolkovDmitri: bets $6
pablo26873: calls $6
*** RIVER *** [Ks 6d Ac 7s] [3h]
pablo26873: bets $6
VolkovDmitri: calls $6
*** SHOW DOWN ***
pablo26873: shows [6c 3d] (two pair, Sixes and Threes)
VolkovDmitri: mucks hand
pablo26873 collected $41.50 from pot
*** SUMMARY ***
Total pot $42 | Rake $0.50
Board [Ks 6d Ac 7s 3h]
Seat 1: VolkovDmitri (button) (small blind) mucked
Seat 5: pablo26873 (big blind) showed [6c 3d] and won ($41.50) with two pair, Sixes and Threes


PokerStars Hand #152320431624:  Hold'em Limit ($3/$6 USD) - 2016/04/23 7:19:06 ET
Table 'Hugo' 6-max Seat #5 is the button
Seat 1: VolkovDmitri ($128.76 in chips)
Seat 5: pablo26873 ($99.48 in chips)
pablo26873: posts small blind $1
VolkovDmitri: posts big blind $3
*** HOLE CARDS ***
pablo26873: calls $2
VolkovDmitri: raises $3 to $6
pablo26873: calls $3
*** FLOP *** [Jd 2c 7d]
VolkovDmitri: bets $3
pablo26873: calls $3
*** TURN *** [Jd 2c 7d] [8s]
VolkovDmitri: checks
pablo26873: bets $6
$polu4atel*$ joins the table at seat #4
VolkovDmitri: folds
Uncalled bet ($6) returned to pablo26873
pablo26873 collected $17.64 from pot
pablo26873: doesn't show hand
*** SUMMARY ***
Total pot $18 | Rake $0.36
Board [Jd 2c 7d 8s]
Seat 1: VolkovDmitri (big blind) folded on the Turn
Seat 5: pablo26873 (button) (small blind) collected ($17.64)


PokerStars Hand #152320479951:  Hold'em Limit ($3/$6 USD) - 2016/04/23 7:20:42 ET
Table 'Hugo' 6-max Seat #4 is the button
Seat 1: VolkovDmitri ($120 in chips)
Seat 4: $polu4atel*$ ($57.67 in chips)
$polu4atel*$: posts small blind $1
VolkovDmitri: posts big blind $3
*** HOLE CARDS ***
$polu4atel*$: folds
Uncalled bet ($2) returned to VolkovDmitri
VolkovDmitri collected $2 from pot
VolkovDmitri: doesn't show hand
*** SUMMARY ***
Total pot $2 | Rake $0
Seat 1: VolkovDmitri (big blind) collected ($2)
Seat 4: $polu4atel*$ (button) (small blind) folded before Flop


PokerStars Hand #152320559889:  Hold'em Limit ($3/$6 USD) - 2016/04/23 7:23:22 ET
Table 'Hugo' 6-max Seat #4 is the button
Seat 1: VolkovDmitri ($141.56 in chips)
Seat 4: $polu4atel*$ ($67.74 in chips)
$polu4atel*$: posts small blind $1
VolkovDmitri: posts big blind $3
*** HOLE CARDS ***
$polu4atel*$: raises $3 to $6
VolkovDmitri: folds
Uncalled bet ($3) returned to $polu4atel*$
$polu4atel*$ collected $6 from pot
$polu4atel*$: doesn't show hand
*** SUMMARY ***
Total pot $6 | Rake $0
Seat 1: VolkovDmitri (big blind) folded before Flop
Seat 4: $polu4atel*$ (button) (small blind) collected ($6)


PokerStars Hand #152320595906:  Hold'em Limit ($3/$6 USD) - 2016/04/23 7:24:34 ET
Table 'Hugo' 6-max Seat #1 is the button
Seat 1: VolkovDmitri ($139.56 in chips)
Seat 4: $polu4atel*$ ($70.74 in chips)
VolkovDmitri: posts small blind $1
$polu4atel*$: posts big blind $3
*** HOLE CARDS ***
VolkovDmitri: raises $3 to $6
$polu4atel*$: calls $3
*** FLOP *** [Kd Jd 2s]
$polu4atel*$: checks
VolkovDmitri: bets $3
$polu4atel*$: folds
Uncalled bet ($3) returned to VolkovDmitri
VolkovDmitri collected $11.76 from pot
VolkovDmitri: doesn't show hand
*** SUMMARY ***
Total pot $12 | Rake $0.24
Board [Kd Jd 2s]
Seat 1: VolkovDmitri (button) (small blind) collected ($11.76)
Seat 4: $polu4atel*$ (big blind) folded on the Flop


