PokerStars Hand #174272678980:  Hold'em Limit ($3/$6 USD) - 2017/08/13 6:16:53 ET
Table 'Humason' 6-max Seat #3 is the button
Seat 2: Psynto ($72 in chips)
Seat 3: AzureCaper ($99.32 in chips)
AzureCaper: posts small blind $1
NAUTJE1337: is sitting out
Psynto: posts big blind $3
*** HOLE CARDS ***
AzureCaper: raises $3 to $6
Psynto: raises $3 to $9
AzureCaper: calls $3
*** FLOP *** [Qh 7c Ks]
Psynto: bets $3
AzureCaper: folds
Uncalled bet ($3) returned to Psynto
Psynto collected $17.64 from pot
Psynto: doesn't show hand
*** SUMMARY ***
Total pot $18 | Rake $0.36
Board [Qh 7c Ks]
Seat 2: Psynto (big blind) collected ($17.64)
Seat 3: AzureCaper (button) (small blind) folded on the Flop


PokerStars Hand #174273505722:  Hold'em Limit ($3/$6 USD) - 2017/08/13 6:49:58 ET
Table 'Humason' 6-max Seat #6 is the button
Seat 1: sydd7 ($118.49 in chips)
Seat 6: fwilliams007 ($80 in chips)
fwilliams007: posts small blind $1
sydd7: posts big blind $3
*** HOLE CARDS ***
AzureCaper joins the table at seat #2
fwilliams007: folds
Uncalled bet ($2) returned to sydd7
GoliafUa leaves the table
sydd7 collected $2 from pot
*** SUMMARY ***
Total pot $2 | Rake $0
Seat 1: sydd7 (big blind) collected ($2)
Seat 6: fwilliams007 (button) (small blind) folded before Flop


PokerStars Hand #174274452658:  Hold'em Limit ($3/$6 USD) - 2017/08/13 7:25:58 ET
Table 'Humason' 6-max Seat #2 is the button
Seat 1: sydd7 ($142.62 in chips)
Seat 2: AzureCaper ($167.67 in chips)
AzureCaper: posts small blind $1
sydd7: posts big blind $3
*** HOLE CARDS ***
AzureCaper: raises $3 to $6
sydd7: calls $3
*** FLOP *** [6c Qs 5c]
sydd7: checks
AzureCaper: bets $3
sydd7: calls $3
*** TURN *** [6c Qs 5c] [8s]
sydd7: checks
AzureCaper: checks
*** RIVER *** [6c Qs 5c 8s] [Qc]
sydd7: bets $6
AzureCaper: folds
Uncalled bet ($6) returned to sydd7
sydd7 collected $17.64 from pot
*** SUMMARY ***
Total pot $18 | Rake $0.36
Board [6c Qs 5c 8s Qc]
Seat 1: sydd7 (big blind) collected ($17.64)
Seat 2: AzureCaper (button) (small blind) folded on the River


PokerStars Hand #174274450546:  Hold'em Limit ($3/$6 USD) - 2017/08/13 7:25:54 ET
Table 'Humason' 6-max Seat #1 is the button
Seat 1: sydd7 ($139.62 in chips)
Seat 2: AzureCaper ($170.67 in chips)
sydd7: posts small blind $1
AzureCaper: posts big blind $3
*** HOLE CARDS ***
sydd7: raises $3 to $6
AzureCaper: folds
Uncalled bet ($3) returned to sydd7
sydd7 collected $6 from pot
*** SUMMARY ***
Total pot $6 | Rake $0
Seat 1: sydd7 (button) (small blind) collected ($6)
Seat 2: AzureCaper (big blind) folded before Flop


PokerStars Hand #174274445994:  Hold'em Limit ($3/$6 USD) - 2017/08/13 7:25:43 ET
Table 'Humason' 6-max Seat #2 is the button
Seat 1: sydd7 ($130.98 in chips)
Seat 2: AzureCaper ($179.67 in chips)
AzureCaper: posts small blind $1
sydd7: posts big blind $3
*** HOLE CARDS ***
AzureCaper: raises $3 to $6
sydd7: raises $3 to $9
AzureCaper: calls $3
*** FLOP *** [Ac 9s 7h]
fwilliams007 leaves the table
sydd7: bets $3
AzureCaper: folds
Uncalled bet ($3) returned to sydd7
sydd7 collected $17.64 from pot
*** SUMMARY ***
Total pot $18 | Rake $0.36
Board [Ac 9s 7h]
Seat 1: sydd7 (big blind) collected ($17.64)
Seat 2: AzureCaper (button) (small blind) folded on the Flop


PokerStars Hand #174274470899:  Hold'em Limit ($3/$6 USD) - 2017/08/13 7:26:39 ET
Table 'Humason' 6-max Seat #2 is the button
Seat 1: sydd7 ($151.20 in chips)
Seat 2: AzureCaper ($158.61 in chips)
AzureCaper: posts small blind $1
sydd7: posts big blind $3
*** HOLE CARDS ***
AzureCaper: folds
Uncalled bet ($2) returned to sydd7
sydd7 collected $2 from pot
*** SUMMARY ***
Total pot $2 | Rake $0
Seat 1: sydd7 (big blind) collected ($2)
Seat 2: AzureCaper (button) (small blind) folded before Flop


PokerStars Hand #174274464508:  Hold'em Limit ($3/$6 USD) - 2017/08/13 7:26:25 ET
Table 'Humason' 6-max Seat #1 is the button
Seat 1: sydd7 ($151.26 in chips)
Seat 2: AzureCaper ($158.67 in chips)
sydd7: posts small blind $1
AzureCaper: posts big blind $3
*** HOLE CARDS ***
sydd7: calls $2
AzureCaper: checks
*** FLOP *** [Ad 7s 6d]
AzureCaper: checks
sydd7: checks
*** TURN *** [Ad 7s 6d] [7d]
AzureCaper: checks
sydd7: checks
*** RIVER *** [Ad 7s 6d 7d] [Jc]
AzureCaper: checks
sydd7: checks
*** SHOW DOWN ***
AzureCaper: shows [5c Ts] (a pair of Sevens)
sydd7: shows [Tc 9h] (a pair of Sevens)
AzureCaper collected $2.94 from pot
sydd7 collected $2.94 from pot
*** SUMMARY ***
Total pot $6 | Rake $0.12
Board [Ad 7s 6d 7d Jc]
Seat 1: sydd7 (button) (small blind) showed [Tc 9h] and won ($2.94) with a pair of Sevens
Seat 2: AzureCaper (big blind) showed [5c Ts] and won ($2.94) with a pair of Sevens


PokerStars Hand #174274462478:  Hold'em Limit ($3/$6 USD) - 2017/08/13 7:26:20 ET
Table 'Humason' 6-max Seat #2 is the button
Seat 1: sydd7 ($150.26 in chips)
Seat 2: AzureCaper ($159.67 in chips)
AzureCaper: posts small blind $1
sydd7: posts big blind $3
*** HOLE CARDS ***
AzureCaper: folds
Uncalled bet ($2) returned to sydd7
sydd7 collected $2 from pot
*** SUMMARY ***
Total pot $2 | Rake $0
Seat 1: sydd7 (big blind) collected ($2)
Seat 2: AzureCaper (button) (small blind) folded before Flop


PokerStars Hand #174274460483:  Hold'em Limit ($3/$6 USD) - 2017/08/13 7:26:16 ET
Table 'Humason' 6-max Seat #1 is the button
Seat 1: sydd7 ($151.26 in chips)
Seat 2: AzureCaper ($158.67 in chips)
sydd7: posts small blind $1
AzureCaper: posts big blind $3
*** HOLE CARDS ***
sydd7: folds
Uncalled bet ($2) returned to AzureCaper
AzureCaper collected $2 from pot
AzureCaper: doesn't show hand
*** SUMMARY ***
Total pot $2 | Rake $0
Seat 1: sydd7 (button) (small blind) folded before Flop
Seat 2: AzureCaper (big blind) collected ($2)


PokerStars Hand #174274472923:  Hold'em Limit ($3/$6 USD) - 2017/08/13 7:26:44 ET
Table 'Humason' 6-max Seat #1 is the button
Seat 1: sydd7 ($152.20 in chips)
Seat 2: AzureCaper ($157.61 in chips)
sydd7: posts small blind $1
AzureCaper: posts big blind $3
*** HOLE CARDS ***
sydd7: raises $3 to $6
AzureCaper: calls $3
*** FLOP *** [4s Jd 8h]
fwilliams007 joins the table at seat #4
AzureCaper: bets $3
sydd7: calls $3
*** TURN *** [4s Jd 8h] [4h]
AzureCaper: bets $6
sydd7: calls $6
*** RIVER *** [4s Jd 8h 4h] [Js]
AzureCaper: bets $6
sydd7: calls $6
*** SHOW DOWN ***
AzureCaper: shows [Ad 4c] (a full house, Fours full of Jacks)
sydd7: mucks hand
AzureCaper collected $41.50 from pot
*** SUMMARY ***
Total pot $42 | Rake $0.50
Board [4s Jd 8h 4h Js]
Seat 1: sydd7 (button) (small blind) mucked
Seat 2: AzureCaper (big blind) showed [Ad 4c] and won ($41.50) with a full house, Fours full of Jacks


PokerStars Hand #174274505573:  Hold'em Limit ($3/$6 USD) - 2017/08/13 7:27:57 ET
Table 'Humason' 6-max Seat #1 is the button
Seat 1: sydd7 ($147.60 in chips)
Seat 2: AzureCaper ($190.02 in chips)
sydd7: posts small blind $1
AzureCaper: posts big blind $3
*** HOLE CARDS ***
sydd7: calls $2
AzureCaper: raises $3 to $6
sydd7: calls $3
*** FLOP *** [9h Jh 7d]
AzureCaper: bets $3
sydd7: folds
Uncalled bet ($3) returned to AzureCaper
AzureCaper collected $11.76 from pot
AzureCaper: doesn't show hand
*** SUMMARY ***
Total pot $12 | Rake $0.24
Board [9h Jh 7d]
Seat 1: sydd7 (button) (small blind) folded on the Flop
Seat 2: AzureCaper (big blind) collected ($11.76)


PokerStars Hand #174274501083:  Hold'em Limit ($3/$6 USD) - 2017/08/13 7:27:47 ET
Table 'Humason' 6-max Seat #2 is the button
Seat 1: sydd7 ($141.84 in chips)
Seat 2: AzureCaper ($196.02 in chips)
AzureCaper: posts small blind $1
sydd7: posts big blind $3
*** HOLE CARDS ***
AzureCaper: raises $3 to $6
sydd7: calls $3
*** FLOP *** [6h 4d Js]
fwilliams007 leaves the table
sydd7: bets $3
AzureCaper: folds
Uncalled bet ($3) returned to sydd7
sydd7 collected $11.76 from pot
*** SUMMARY ***
Total pot $12 | Rake $0.24
Board [6h 4d Js]
Seat 1: sydd7 (big blind) collected ($11.76)
Seat 2: AzureCaper (button) (small blind) folded on the Flop


PokerStars Hand #174274511721:  Hold'em Limit ($3/$6 USD) - 2017/08/13 7:28:11 ET
Table 'Humason' 6-max Seat #1 is the button
Seat 1: sydd7 ($142.60 in chips)
Seat 2: AzureCaper ($194.78 in chips)
sydd7: posts small blind $1
AzureCaper: posts big blind $3
*** HOLE CARDS ***
sydd7: folds
Uncalled bet ($2) returned to AzureCaper
AzureCaper collected $2 from pot
AzureCaper: doesn't show hand
*** SUMMARY ***
Total pot $2 | Rake $0
Seat 1: sydd7 (button) (small blind) folded before Flop
Seat 2: AzureCaper (big blind) collected ($2)


PokerStars Hand #174274509818:  Hold'em Limit ($3/$6 USD) - 2017/08/13 7:28:07 ET
Table 'Humason' 6-max Seat #2 is the button
Seat 1: sydd7 ($141.60 in chips)
Seat 2: AzureCaper ($195.78 in chips)
AzureCaper: posts small blind $1
sydd7: posts big blind $3
*** HOLE CARDS ***
AzureCaper: folds
Uncalled bet ($2) returned to sydd7
sydd7 collected $2 from pot
*** SUMMARY ***
Total pot $2 | Rake $0
Seat 1: sydd7 (big blind) collected ($2)
Seat 2: AzureCaper (button) (small blind) folded before Flop


PokerStars Hand #174274539011:  Hold'em Limit ($3/$6 USD) - 2017/08/13 7:29:12 ET
Table 'Humason' 6-max Seat #1 is the button
Seat 1: sydd7 ($126.36 in chips)
Seat 2: AzureCaper ($210.28 in chips)
sydd7: posts small blind $1
AzureCaper: posts big blind $3
*** HOLE CARDS ***
sydd7: folds
Uncalled bet ($2) returned to AzureCaper
AzureCaper collected $2 from pot
AzureCaper: doesn't show hand
*** SUMMARY ***
Total pot $2 | Rake $0
Seat 1: sydd7 (button) (small blind) folded before Flop
Seat 2: AzureCaper (big blind) collected ($2)


PokerStars Hand #174274526150:  Hold'em Limit ($3/$6 USD) - 2017/08/13 7:28:43 ET
Table 'Humason' 6-max Seat #2 is the button
Seat 1: sydd7 ($144.36 in chips)
Seat 2: AzureCaper ($192.78 in chips)
AzureCaper: posts small blind $1
sydd7: posts big blind $3
*** HOLE CARDS ***
AzureCaper: raises $3 to $6
sydd7: raises $3 to $9
AzureCaper: calls $3
*** FLOP *** [6s Th Qh]
sydd7: bets $3
AzureCaper: calls $3
*** TURN *** [6s Th Qh] [As]
sydd7: checks
AzureCaper: checks
*** RIVER *** [6s Th Qh As] [5h]
sydd7: bets $6
AzureCaper: raises $6 to $12
sydd7: folds
Uncalled bet ($6) returned to AzureCaper
AzureCaper collected $35.50 from pot
AzureCaper: doesn't show hand
*** SUMMARY ***
Total pot $36 | Rake $0.50
Board [6s Th Qh As 5h]
Seat 1: sydd7 (big blind) folded on the River
Seat 2: AzureCaper (button) (small blind) collected ($35.50)


PokerStars Hand #174274518498:  Hold'em Limit ($3/$6 USD) - 2017/08/13 7:28:26 ET
Table 'Humason' 6-max Seat #2 is the button
Seat 1: sydd7 ($137.60 in chips)
Seat 2: AzureCaper ($199.78 in chips)
AzureCaper: posts small blind $1
sydd7: posts big blind $3
*** HOLE CARDS ***
AzureCaper: folds
Uncalled bet ($2) returned to sydd7
sydd7 collected $2 from pot
*** SUMMARY ***
Total pot $2 | Rake $0
Seat 1: sydd7 (big blind) collected ($2)
Seat 2: AzureCaper (button) (small blind) folded before Flop


PokerStars Hand #174274521919:  Hold'em Limit ($3/$6 USD) - 2017/08/13 7:28:34 ET
Table 'Humason' 6-max Seat #1 is the button
Seat 1: sydd7 ($138.60 in chips)
Seat 2: AzureCaper ($198.78 in chips)
sydd7: posts small blind $1
AzureCaper: posts big blind $3
*** HOLE CARDS ***
sydd7: raises $3 to $6
AzureCaper: calls $3
*** FLOP *** [Th 5d Jc]
AzureCaper: checks
sydd7: bets $3
AzureCaper: folds
Uncalled bet ($3) returned to sydd7
sydd7 collected $11.76 from pot
*** SUMMARY ***
Total pot $12 | Rake $0.24
Board [Th 5d Jc]
Seat 1: sydd7 (button) (small blind) collected ($11.76)
Seat 2: AzureCaper (big blind) folded on the Flop


PokerStars Hand #174274516545:  Hold'em Limit ($3/$6 USD) - 2017/08/13 7:28:21 ET
Table 'Humason' 6-max Seat #1 is the button
Seat 1: sydd7 ($138.60 in chips)
Seat 2: AzureCaper ($198.78 in chips)
sydd7: posts small blind $1
AzureCaper: posts big blind $3
*** HOLE CARDS ***
sydd7: folds
Uncalled bet ($2) returned to AzureCaper
AzureCaper collected $2 from pot
AzureCaper: doesn't show hand
*** SUMMARY ***
Total pot $2 | Rake $0
Seat 1: sydd7 (button) (small blind) folded before Flop
Seat 2: AzureCaper (big blind) collected ($2)


PokerStars Hand #174274513848:  Hold'em Limit ($3/$6 USD) - 2017/08/13 7:28:15 ET
Table 'Humason' 6-max Seat #2 is the button
Seat 1: sydd7 ($141.60 in chips)
Seat 2: AzureCaper ($195.78 in chips)
AzureCaper: posts small blind $1
sydd7: posts big blind $3
*** HOLE CARDS ***
AzureCaper: raises $3 to $6
sydd7: folds
Uncalled bet ($3) returned to AzureCaper
AzureCaper collected $6 from pot
AzureCaper: doesn't show hand
*** SUMMARY ***
Total pot $6 | Rake $0
Seat 1: sydd7 (big blind) folded before Flop
Seat 2: AzureCaper (button) (small blind) collected ($6)


PokerStars Hand #174274559683:  Hold'em Limit ($3/$6 USD) - 2017/08/13 7:29:59 ET
Table 'Humason' 6-max Seat #1 is the button
Seat 1: sydd7 ($152.62 in chips)
Seat 2: AzureCaper ($183.28 in chips)
sydd7: posts small blind $1
AzureCaper: posts big blind $3
*** HOLE CARDS ***
sydd7: folds
Uncalled bet ($2) returned to AzureCaper
AzureCaper collected $2 from pot
AzureCaper: doesn't show hand
*** SUMMARY ***
Total pot $2 | Rake $0
Seat 1: sydd7 (button) (small blind) folded before Flop
Seat 2: AzureCaper (big blind) collected ($2)


PokerStars Hand #174274557790:  Hold'em Limit ($3/$6 USD) - 2017/08/13 7:29:54 ET
Table 'Humason' 6-max Seat #2 is the button
Seat 1: sydd7 ($151.62 in chips)
Seat 2: AzureCaper ($184.28 in chips)
AzureCaper: posts small blind $1
sydd7: posts big blind $3
*** HOLE CARDS ***
AzureCaper: folds
Uncalled bet ($2) returned to sydd7
sydd7 collected $2 from pot
*** SUMMARY ***
Total pot $2 | Rake $0
Seat 1: sydd7 (big blind) collected ($2)
Seat 2: AzureCaper (button) (small blind) folded before Flop


PokerStars Hand #174274542983:  Hold'em Limit ($3/$6 USD) - 2017/08/13 7:29:21 ET
Table 'Humason' 6-max Seat #1 is the button
Seat 1: sydd7 ($126.36 in chips)
Seat 2: AzureCaper ($210.28 in chips)
sydd7: posts small blind $1
AzureCaper: posts big blind $3
*** HOLE CARDS ***
sydd7: raises $3 to $6
AzureCaper: calls $3
*** FLOP *** [Jd 3d Ac]
AzureCaper: checks
sydd7: bets $3
AzureCaper: calls $3
*** TURN *** [Jd 3d Ac] [Js]
AzureCaper: checks
sydd7: bets $6
AzureCaper: calls $6
*** RIVER *** [Jd 3d Ac Js] [7h]
AzureCaper: checks
sydd7: bets $6
AzureCaper: calls $6
*** SHOW DOWN ***
sydd7: shows [Ad Qs] (two pair, Aces and Jacks)
AzureCaper: mucks hand
sydd7 collected $41.50 from pot
*** SUMMARY ***
Total pot $42 | Rake $0.50
Board [Jd 3d Ac Js 7h]
Seat 1: sydd7 (button) (small blind) showed [Ad Qs] and won ($41.50) with two pair, Aces and Jacks
Seat 2: AzureCaper (big blind) mucked


PokerStars Hand #174274555568:  Hold'em Limit ($3/$6 USD) - 2017/08/13 7:29:49 ET
Table 'Humason' 6-max Seat #1 is the button
Seat 1: sydd7 ($152.62 in chips)
Seat 2: AzureCaper ($183.28 in chips)
sydd7: posts small blind $1
AzureCaper: posts big blind $3
*** HOLE CARDS ***
sydd7: folds
Uncalled bet ($2) returned to AzureCaper
AzureCaper collected $2 from pot
AzureCaper: doesn't show hand
*** SUMMARY ***
Total pot $2 | Rake $0
Seat 1: sydd7 (button) (small blind) folded before Flop
Seat 2: AzureCaper (big blind) collected ($2)


PokerStars Hand #174274549927:  Hold'em Limit ($3/$6 USD) - 2017/08/13 7:29:37 ET
Table 'Humason' 6-max Seat #2 is the button
Seat 1: sydd7 ($146.86 in chips)
Seat 2: AzureCaper ($189.28 in chips)
AzureCaper: posts small blind $1
sydd7: posts big blind $3
*** HOLE CARDS ***
AzureCaper: raises $3 to $6
sydd7: calls $3
*** FLOP *** [Ah 6c Ks]
sydd7: bets $3
AzureCaper: folds
Uncalled bet ($3) returned to sydd7
sydd7 collected $11.76 from pot
*** SUMMARY ***
Total pot $12 | Rake $0.24
Board [Ah 6c Ks]
Seat 1: sydd7 (big blind) collected ($11.76)
Seat 2: AzureCaper (button) (small blind) folded on the Flop


PokerStars Hand #174274541130:  Hold'em Limit ($3/$6 USD) - 2017/08/13 7:29:17 ET
Table 'Humason' 6-max Seat #2 is the button
Seat 1: sydd7 ($125.36 in chips)
Seat 2: AzureCaper ($211.28 in chips)
AzureCaper: posts small blind $1
sydd7: posts big blind $3
*** HOLE CARDS ***
AzureCaper: folds
Uncalled bet ($2) returned to sydd7
sydd7 collected $2 from pot
*** SUMMARY ***
Total pot $2 | Rake $0
Seat 1: sydd7 (big blind) collected ($2)
Seat 2: AzureCaper (button) (small blind) folded before Flop


PokerStars Hand #174274580288:  Hold'em Limit ($3/$6 USD) - 2017/08/13 7:30:45 ET
Table 'Humason' 6-max Seat #1 is the button
Seat 1: sydd7 ($179.76 in chips)
Seat 2: AzureCaper ($155.28 in chips)
sydd7: posts small blind $1
AzureCaper: posts big blind $3
*** HOLE CARDS ***
sydd7: raises $3 to $6
AzureCaper: calls $3
*** FLOP *** [3c Ts 2c]
AzureCaper: checks
sydd7: bets $3
AzureCaper: calls $3
*** TURN *** [3c Ts 2c] [Ks]
AzureCaper: checks
sydd7: bets $6
AzureCaper: folds
Uncalled bet ($6) returned to sydd7
sydd7 collected $17.64 from pot
*** SUMMARY ***
Total pot $18 | Rake $0.36
Board [3c Ts 2c Ks]
Seat 1: sydd7 (button) (small blind) collected ($17.64)
Seat 2: AzureCaper (big blind) folded on the Turn


PokerStars Hand #174274571741:  Hold'em Limit ($3/$6 USD) - 2017/08/13 7:30:25 ET
Table 'Humason' 6-max Seat #2 is the button
Seat 1: sydd7 ($159.26 in chips)
Seat 2: AzureCaper ($176.28 in chips)
AzureCaper: posts small blind $1
sydd7: posts big blind $3
*** HOLE CARDS ***
AzureCaper: raises $3 to $6
sydd7: calls $3
*** FLOP *** [As Ts Qs]
sydd7: checks
AzureCaper: bets $3
sydd7: calls $3
*** TURN *** [As Ts Qs] [Kh]
sydd7: checks
AzureCaper: bets $6
sydd7: calls $6
*** RIVER *** [As Ts Qs Kh] [5c]
sydd7: bets $6
AzureCaper: calls $6
*** SHOW DOWN ***
sydd7: shows [Kd 5s] (two pair, Kings and Fives)
AzureCaper: mucks hand
sydd7 collected $41.50 from pot
*** SUMMARY ***
Total pot $42 | Rake $0.50
Board [As Ts Qs Kh 5c]
Seat 1: sydd7 (big blind) showed [Kd 5s] and won ($41.50) with two pair, Kings and Fives
Seat 2: AzureCaper (button) (small blind) mucked


PokerStars Hand #174274588095:  Hold'em Limit ($3/$6 USD) - 2017/08/13 7:31:02 ET
Table 'Humason' 6-max Seat #2 is the button
Seat 1: sydd7 ($188.40 in chips)
Seat 2: AzureCaper ($146.28 in chips)
AzureCaper: posts small blind $1
sydd7: posts big blind $3
*** HOLE CARDS ***
AzureCaper: raises $3 to $6
sydd7: calls $3
*** FLOP *** [7s 7c Jc]
sydd7: bets $3
AzureCaper: folds
Uncalled bet ($3) returned to sydd7
sydd7 collected $11.76 from pot
*** SUMMARY ***
Total pot $12 | Rake $0.24
Board [7s 7c Jc]
Seat 1: sydd7 (big blind) collected ($11.76)
Seat 2: AzureCaper (button) (small blind) folded on the Flop


PokerStars Hand #174274569394:  Hold'em Limit ($3/$6 USD) - 2017/08/13 7:30:20 ET
Table 'Humason' 6-max Seat #1 is the button
Seat 1: sydd7 ($160.26 in chips)
Seat 2: AzureCaper ($175.28 in chips)
sydd7: posts small blind $1
AzureCaper: posts big blind $3
*** HOLE CARDS ***
sydd7: folds
Uncalled bet ($2) returned to AzureCaper
AzureCaper collected $2 from pot
AzureCaper: doesn't show hand
*** SUMMARY ***
Total pot $2 | Rake $0
Seat 1: sydd7 (button) (small blind) folded before Flop
Seat 2: AzureCaper (big blind) collected ($2)


PokerStars Hand #174274561693:  Hold'em Limit ($3/$6 USD) - 2017/08/13 7:30:03 ET
Table 'Humason' 6-max Seat #2 is the button
Seat 1: sydd7 ($151.62 in chips)
Seat 2: AzureCaper ($184.28 in chips)
AzureCaper: posts small blind $1
sydd7: posts big blind $3
*** HOLE CARDS ***
AzureCaper: raises $3 to $6
sydd7: calls $3
*** FLOP *** [Ac 2h 9h]
sydd7: checks
AzureCaper: bets $3
sydd7: calls $3
*** TURN *** [Ac 2h 9h] [8c]
sydd7: checks
AzureCaper: checks
*** RIVER *** [Ac 2h 9h 8c] [4h]
sydd7: bets $6
AzureCaper: folds
Uncalled bet ($6) returned to sydd7
sydd7 collected $17.64 from pot
*** SUMMARY ***
Total pot $18 | Rake $0.36
Board [Ac 2h 9h 8c 4h]
Seat 1: sydd7 (big blind) collected ($17.64)
Seat 2: AzureCaper (button) (small blind) folded on the River


PokerStars Hand #174274604544:  Hold'em Limit ($3/$6 USD) - 2017/08/13 7:31:38 ET
Table 'Humason' 6-max Seat #1 is the button
Seat 1: sydd7 ($211.66 in chips)
Seat 2: AzureCaper ($122.28 in chips)
sydd7: posts small blind $1
AzureCaper: posts big blind $3
*** HOLE CARDS ***
sydd7: folds
Uncalled bet ($2) returned to AzureCaper
AzureCaper collected $2 from pot
AzureCaper: doesn't show hand
*** SUMMARY ***
Total pot $2 | Rake $0
Seat 1: sydd7 (button) (small blind) folded before Flop
Seat 2: AzureCaper (big blind) collected ($2)


PokerStars Hand #174274601392:  Hold'em Limit ($3/$6 USD) - 2017/08/13 7:31:32 ET
Table 'Humason' 6-max Seat #2 is the button
Seat 1: sydd7 ($214.66 in chips)
Seat 2: AzureCaper ($119.28 in chips)
AzureCaper: posts small blind $1
sydd7: posts big blind $3
*** HOLE CARDS ***
AzureCaper: raises $3 to $6
sydd7: folds
Uncalled bet ($3) returned to AzureCaper
AzureCaper collected $6 from pot
AzureCaper: doesn't show hand
*** SUMMARY ***
Total pot $6 | Rake $0
Seat 1: sydd7 (big blind) folded before Flop
Seat 2: AzureCaper (button) (small blind) collected ($6)


PokerStars Hand #174274617645:  Hold'em Limit ($3/$6 USD) - 2017/08/13 7:32:07 ET
Table 'Humason' 6-max Seat #2 is the button
Seat 1: sydd7 ($186.42 in chips)
Seat 2: AzureCaper ($146.78 in chips)
AzureCaper: posts small blind $1
sydd7: posts big blind $3
*** HOLE CARDS ***
AzureCaper: folds
Uncalled bet ($2) returned to sydd7
sydd7 collected $2 from pot
*** SUMMARY ***
Total pot $2 | Rake $0
Seat 1: sydd7 (big blind) collected ($2)
Seat 2: AzureCaper (button) (small blind) folded before Flop


PokerStars Hand #174274614169:  Hold'em Limit ($3/$6 USD) - 2017/08/13 7:31:59 ET
Table 'Humason' 6-max Seat #1 is the button
Seat 1: sydd7 ($180.66 in chips)
Seat 2: AzureCaper ($152.78 in chips)
sydd7: posts small blind $1
AzureCaper: posts big blind $3
*** HOLE CARDS ***
sydd7: raises $3 to $6
AzureCaper: calls $3
*** FLOP *** [Qs Ts 4c]
AzureCaper: checks
sydd7: bets $3
AzureCaper: folds
Uncalled bet ($3) returned to sydd7
sydd7 collected $11.76 from pot
*** SUMMARY ***
Total pot $12 | Rake $0.24
Board [Qs Ts 4c]
Seat 1: sydd7 (button) (small blind) collected ($11.76)
Seat 2: AzureCaper (big blind) folded on the Flop


PokerStars Hand #174274606769:  Hold'em Limit ($3/$6 USD) - 2017/08/13 7:31:43 ET
Table 'Humason' 6-max Seat #2 is the button
Seat 1: sydd7 ($210.66 in chips)
Seat 2: AzureCaper ($123.28 in chips)
AzureCaper: posts small blind $1
sydd7: posts big blind $3
*** HOLE CARDS ***
AzureCaper: raises $3 to $6
sydd7: raises $3 to $9
AzureCaper: calls $3
*** FLOP *** [6c 5d 3c]
sydd7: bets $3
AzureCaper: calls $3
*** TURN *** [6c 5d 3c] [6d]
sydd7: bets $6
AzureCaper: calls $6
*** RIVER *** [6c 5d 3c 6d] [4c]
sydd7: bets $6
AzureCaper: raises $6 to $12
sydd7: calls $6
*** SHOW DOWN ***
AzureCaper: shows [Tc 7s] (a straight, Three to Seven)
sydd7: mucks hand
AzureCaper collected $59.50 from pot
*** SUMMARY ***
Total pot $60 | Rake $0.50
Board [6c 5d 3c 6d 4c]
Seat 1: sydd7 (big blind) mucked
Seat 2: AzureCaper (button) (small blind) showed [Tc 7s] and won ($59.50) with a straight, Three to Seven


PokerStars Hand #174274593787:  Hold'em Limit ($3/$6 USD) - 2017/08/13 7:31:15 ET
Table 'Humason' 6-max Seat #1 is the button
Seat 1: sydd7 ($194.16 in chips)
Seat 2: AzureCaper ($140.28 in chips)
sydd7: posts small blind $1
AzureCaper: posts big blind $3
*** HOLE CARDS ***
sydd7: raises $3 to $6
AzureCaper: raises $3 to $9
sydd7: calls $3
*** FLOP *** [9s 5s 2s]
AzureCaper: bets $3
sydd7: raises $3 to $6
AzureCaper: calls $3
*** TURN *** [9s 5s 2s] [5c]
AzureCaper: checks
sydd7: bets $6
AzureCaper: calls $6
*** RIVER *** [9s 5s 2s 5c] [Kd]
AzureCaper: checks
sydd7: bets $6
AzureCaper: folds
Uncalled bet ($6) returned to sydd7
sydd7 collected $41.50 from pot
*** SUMMARY ***
Total pot $42 | Rake $0.50
Board [9s 5s 2s 5c Kd]
Seat 1: sydd7 (button) (small blind) collected ($41.50)
Seat 2: AzureCaper (big blind) folded on the River


PokerStars Hand #174274633713:  Hold'em Limit ($3/$6 USD) - 2017/08/13 7:32:43 ET
Table 'Humason' 6-max Seat #1 is the button
Seat 1: sydd7 ($186.18 in chips)
Seat 2: AzureCaper ($146.78 in chips)
sydd7: posts small blind $1
AzureCaper: posts big blind $3
*** HOLE CARDS ***
sydd7: folds
Uncalled bet ($2) returned to AzureCaper
AzureCaper collected $2 from pot
AzureCaper: doesn't show hand
*** SUMMARY ***
Total pot $2 | Rake $0
Seat 1: sydd7 (button) (small blind) folded before Flop
Seat 2: AzureCaper (big blind) collected ($2)


PokerStars Hand #174274631241:  Hold'em Limit ($3/$6 USD) - 2017/08/13 7:32:37 ET
Table 'Humason' 6-max Seat #2 is the button
Seat 1: sydd7 ($189.18 in chips)
Seat 2: AzureCaper ($143.78 in chips)
AzureCaper: posts small blind $1
sydd7: posts big blind $3
*** HOLE CARDS ***
AzureCaper: raises $3 to $6
sydd7: folds
Uncalled bet ($3) returned to AzureCaper
AzureCaper collected $6 from pot
AzureCaper: doesn't show hand
*** SUMMARY ***
Total pot $6 | Rake $0
Seat 1: sydd7 (big blind) folded before Flop
Seat 2: AzureCaper (button) (small blind) collected ($6)


PokerStars Hand #174274635824:  Hold'em Limit ($3/$6 USD) - 2017/08/13 7:32:48 ET
Table 'Humason' 6-max Seat #2 is the button
Seat 1: sydd7 ($185.18 in chips)
Seat 2: AzureCaper ($147.78 in chips)
AzureCaper: posts small blind $1
sydd7: posts big blind $3
*** HOLE CARDS ***
AzureCaper: raises $3 to $6
sydd7: raises $3 to $9
AzureCaper: calls $3
*** FLOP *** [5s 5d 5c]
sydd7: bets $3
AzureCaper: folds
Uncalled bet ($3) returned to sydd7
sydd7 collected $17.64 from pot
*** SUMMARY ***
Total pot $18 | Rake $0.36
Board [5s 5d 5c]
Seat 1: sydd7 (big blind) collected ($17.64)
Seat 2: AzureCaper (button) (small blind) folded on the Flop


PokerStars Hand #174274619465:  Hold'em Limit ($3/$6 USD) - 2017/08/13 7:32:11 ET
Table 'Humason' 6-max Seat #1 is the button
Seat 1: sydd7 ($187.42 in chips)
Seat 2: AzureCaper ($145.78 in chips)
sydd7: posts small blind $1
AzureCaper: posts big blind $3
*** HOLE CARDS ***
sydd7: raises $3 to $6
AzureCaper: calls $3
*** FLOP *** [9c 3h 9d]
AzureCaper: checks
sydd7: checks
*** TURN *** [9c 3h 9d] [Ts]
AzureCaper: checks
sydd7: bets $6
AzureCaper: folds
Uncalled bet ($6) returned to sydd7
sydd7 collected $11.76 from pot
*** SUMMARY ***
Total pot $12 | Rake $0.24
Board [9c 3h 9d Ts]
Seat 1: sydd7 (button) (small blind) collected ($11.76)
Seat 2: AzureCaper (big blind) folded on the Turn


PokerStars Hand #174274629029:  Hold'em Limit ($3/$6 USD) - 2017/08/13 7:32:33 ET
Table 'Humason' 6-max Seat #1 is the button
Seat 1: sydd7 ($190.18 in chips)
Seat 2: AzureCaper ($142.78 in chips)
sydd7: posts small blind $1
AzureCaper: posts big blind $3
*** HOLE CARDS ***
sydd7: folds
Uncalled bet ($2) returned to AzureCaper
AzureCaper collected $2 from pot
AzureCaper: doesn't show hand
*** SUMMARY ***
Total pot $2 | Rake $0
Seat 1: sydd7 (button) (small blind) folded before Flop
Seat 2: AzureCaper (big blind) collected ($2)


PokerStars Hand #174274624905:  Hold'em Limit ($3/$6 USD) - 2017/08/13 7:32:23 ET
Table 'Humason' 6-max Seat #2 is the button
Seat 1: sydd7 ($193.18 in chips)
Seat 2: AzureCaper ($139.78 in chips)
AzureCaper: posts small blind $1
sydd7: posts big blind $3
*** HOLE CARDS ***
AzureCaper: raises $3 to $6
sydd7: folds
Uncalled bet ($3) returned to AzureCaper
AzureCaper collected $6 from pot
AzureCaper: doesn't show hand
*** SUMMARY ***
Total pot $6 | Rake $0
Seat 1: sydd7 (big blind) folded before Flop
Seat 2: AzureCaper (button) (small blind) collected ($6)


PokerStars Hand #174274646185:  Hold'em Limit ($3/$6 USD) - 2017/08/13 7:33:11 ET
Table 'Humason' 6-max Seat #2 is the button
Seat 1: sydd7 ($193.57 in chips)
Seat 2: AzureCaper ($138.53 in chips)
AzureCaper: posts small blind $1
sydd7: posts big blind $3
*** HOLE CARDS ***
AzureCaper: folds
Uncalled bet ($2) returned to sydd7
sydd7 collected $2 from pot
*** SUMMARY ***
Total pot $2 | Rake $0
Seat 1: sydd7 (big blind) collected ($2)
Seat 2: AzureCaper (button) (small blind) folded before Flop


PokerStars Hand #174274639748:  Hold'em Limit ($3/$6 USD) - 2017/08/13 7:32:56 ET
Table 'Humason' 6-max Seat #1 is the button
Seat 1: sydd7 ($193.82 in chips)
Seat 2: AzureCaper ($138.78 in chips)
sydd7: posts small blind $1
AzureCaper: posts big blind $3
*** HOLE CARDS ***
sydd7: raises $3 to $6
AzureCaper: raises $3 to $9
sydd7: calls $3
*** FLOP *** [7d 6h Qc]
AzureCaper: bets $3
sydd7: calls $3
*** TURN *** [7d 6h Qc] [7s]
AzureCaper: bets $6
sydd7: calls $6
*** RIVER *** [7d 6h Qc 7s] [Ac]
AzureCaper: checks
sydd7: bets $6
AzureCaper: calls $6
*** SHOW DOWN ***
sydd7: shows [As 3s] (two pair, Aces and Sevens)
AzureCaper: shows [Ah 9h] (two pair, Aces and Sevens)
AzureCaper collected $23.75 from pot
sydd7 collected $23.75 from pot
*** SUMMARY ***
Total pot $48 | Rake $0.50
Board [7d 6h Qc 7s Ac]
Seat 1: sydd7 (button) (small blind) showed [As 3s] and won ($23.75) with two pair, Aces and Sevens
Seat 2: AzureCaper (big blind) showed [Ah 9h] and won ($23.75) with two pair, Aces and Sevens


PokerStars Hand #174274648127:  Hold'em Limit ($3/$6 USD) - 2017/08/13 7:33:15 ET
Table 'Humason' 6-max Seat #1 is the button
Seat 1: sydd7 ($194.57 in chips)
Seat 2: AzureCaper ($137.53 in chips)
sydd7: posts small blind $1
AzureCaper: posts big blind $3
*** HOLE CARDS ***
sydd7: folds
Uncalled bet ($2) returned to AzureCaper
AzureCaper collected $2 from pot
AzureCaper: doesn't show hand
*** SUMMARY ***
Total pot $2 | Rake $0
Seat 1: sydd7 (button) (small blind) folded before Flop
Seat 2: AzureCaper (big blind) collected ($2)


PokerStars Hand #174274655706:  Hold'em Limit ($3/$6 USD) - 2017/08/13 7:33:31 ET
Table 'Humason' 6-max Seat #1 is the button
Seat 1: sydd7 ($187.57 in chips)
Seat 2: AzureCaper ($144.29 in chips)
sydd7: posts small blind $1
AzureCaper: posts big blind $3
*** HOLE CARDS ***
sydd7: raises $3 to $6
AzureCaper: calls $3
*** FLOP *** [2h 9c 4s]
AzureCaper: checks
sydd7: bets $3
AzureCaper: folds
Uncalled bet ($3) returned to sydd7
sydd7 collected $11.76 from pot
*** SUMMARY ***
Total pot $12 | Rake $0.24
Board [2h 9c 4s]
Seat 1: sydd7 (button) (small blind) collected ($11.76)
Seat 2: AzureCaper (big blind) folded on the Flop


PokerStars Hand #174274650185:  Hold'em Limit ($3/$6 USD) - 2017/08/13 7:33:19 ET
Table 'Humason' 6-max Seat #2 is the button
Seat 1: sydd7 ($193.57 in chips)
Seat 2: AzureCaper ($138.53 in chips)
AzureCaper: posts small blind $1
sydd7: posts big blind $3
*** HOLE CARDS ***
AzureCaper: raises $3 to $6
sydd7: calls $3
*** FLOP *** [9s 9h Kh]
sydd7: checks
AzureCaper: bets $3
sydd7: folds
Uncalled bet ($3) returned to AzureCaper
AzureCaper collected $11.76 from pot
AzureCaper: doesn't show hand
*** SUMMARY ***
Total pot $12 | Rake $0.24
Board [9s 9h Kh]
Seat 1: sydd7 (big blind) folded on the Flop
Seat 2: AzureCaper (button) (small blind) collected ($11.76)


PokerStars Hand #174274669460:  Hold'em Limit ($3/$6 USD) - 2017/08/13 7:34:01 ET
Table 'Humason' 6-max Seat #1 is the button
Seat 1: sydd7 ($172.33 in chips)
Seat 2: AzureCaper ($158.79 in chips)
sydd7: posts small blind $1
AzureCaper: posts big blind $3
*** HOLE CARDS ***
sydd7: raises $3 to $6
AzureCaper: calls $3
*** FLOP *** [7c 6d Qc]
AzureCaper: checks
sydd7: bets $3
AzureCaper: calls $3
*** TURN *** [7c 6d Qc] [9c]
AzureCaper: checks
sydd7: checks
*** RIVER *** [7c 6d Qc 9c] [Qd]
AzureCaper: checks
sydd7: checks
*** SHOW DOWN ***
AzureCaper: shows [Ac 3s] (a pair of Queens)
sydd7: mucks hand
AzureCaper collected $17.64 from pot
*** SUMMARY ***
Total pot $18 | Rake $0.36
Board [7c 6d Qc 9c Qd]
Seat 1: sydd7 (button) (small blind) mucked
Seat 2: AzureCaper (big blind) showed [Ac 3s] and won ($17.64) with a pair of Queens


PokerStars Hand #174274660022:  Hold'em Limit ($3/$6 USD) - 2017/08/13 7:33:41 ET
Table 'Humason' 6-max Seat #2 is the button
Seat 1: sydd7 ($193.33 in chips)
Seat 2: AzureCaper ($138.29 in chips)
AzureCaper: posts small blind $1
sydd7: posts big blind $3
*** HOLE CARDS ***
AzureCaper: raises $3 to $6
sydd7: calls $3
*** FLOP *** [5c 6c 7d]
sydd7: checks
AzureCaper: bets $3
sydd7: calls $3
*** TURN *** [5c 6c 7d] [Jc]
sydd7: bets $6
AzureCaper: raises $6 to $12
sydd7: calls $6
*** RIVER *** [5c 6c 7d Jc] [Ah]
sydd7: checks
AzureCaper: checks
*** SHOW DOWN ***
sydd7: shows [2s 8h] (high card Ace)
AzureCaper: shows [2h 2d] (a pair of Deuces)
AzureCaper collected $41.50 from pot
*** SUMMARY ***
Total pot $42 | Rake $0.50
Board [5c 6c 7d Jc Ah]
Seat 1: sydd7 (big blind) showed [2s 8h] and lost with high card Ace
Seat 2: AzureCaper (button) (small blind) showed [2h 2d] and won ($41.50) with a pair of Deuces


PokerStars Hand #174274689944:  Hold'em Limit ($3/$6 USD) - 2017/08/13 7:34:49 ET
Table 'Humason' 6-max Seat #1 is the button
Seat 1: sydd7 ($161.33 in chips)
Seat 2: AzureCaper ($169.19 in chips)
sydd7: posts small blind $1
AzureCaper: posts big blind $3
*** HOLE CARDS ***
sydd7: raises $3 to $6
AzureCaper: calls $3
*** FLOP *** [7s Kh 4d]
AzureCaper: checks
sydd7: bets $3
AzureCaper: calls $3
*** TURN *** [7s Kh 4d] [Kc]
AzureCaper: checks
sydd7: bets $6
AzureCaper: calls $6
*** RIVER *** [7s Kh 4d Kc] [Ac]
AzureCaper: checks
sydd7: bets $6
AzureCaper: calls $6
*** SHOW DOWN ***
sydd7: shows [Kd 9s] (three of a kind, Kings)
AzureCaper: mucks hand
sydd7 collected $41.50 from pot
*** SUMMARY ***
Total pot $42 | Rake $0.50
Board [7s Kh 4d Kc Ac]
Seat 1: sydd7 (button) (small blind) showed [Kd 9s] and won ($41.50) with three of a kind, Kings
Seat 2: AzureCaper (big blind) mucked


PokerStars Hand #174274681137:  Hold'em Limit ($3/$6 USD) - 2017/08/13 7:34:27 ET
Table 'Humason' 6-max Seat #2 is the button
Seat 1: sydd7 ($163.33 in chips)
Seat 2: AzureCaper ($167.43 in chips)
AzureCaper: posts small blind $1
sydd7: posts big blind $3
*** HOLE CARDS ***
AzureCaper: raises $3 to $6
sydd7: calls $3
*** FLOP *** [2c Ks Ts]
sydd7: checks
AzureCaper: bets $3
sydd7: folds
Uncalled bet ($3) returned to AzureCaper
AzureCaper collected $11.76 from pot
AzureCaper: doesn't show hand
*** SUMMARY ***
Total pot $12 | Rake $0.24
Board [2c Ks Ts]
Seat 1: sydd7 (big blind) folded on the Flop
Seat 2: AzureCaper (button) (small blind) collected ($11.76)


PokerStars Hand #174274687922:  Hold'em Limit ($3/$6 USD) - 2017/08/13 7:34:44 ET
Table 'Humason' 6-max Seat #2 is the button
Seat 1: sydd7 ($160.33 in chips)
Seat 2: AzureCaper ($170.19 in chips)
AzureCaper: posts small blind $1
sydd7: posts big blind $3
*** HOLE CARDS ***
AzureCaper: folds
Uncalled bet ($2) returned to sydd7
sydd7 collected $2 from pot
*** SUMMARY ***
Total pot $2 | Rake $0
Seat 1: sydd7 (big blind) collected ($2)
Seat 2: AzureCaper (button) (small blind) folded before Flop


PokerStars Hand #174274685564:  Hold'em Limit ($3/$6 USD) - 2017/08/13 7:34:38 ET
Table 'Humason' 6-max Seat #1 is the button
Seat 1: sydd7 ($157.33 in chips)
Seat 2: AzureCaper ($173.19 in chips)
sydd7: posts small blind $1
AzureCaper: posts big blind $3
*** HOLE CARDS ***
sydd7: raises $3 to $6
AzureCaper: folds
Uncalled bet ($3) returned to sydd7
sydd7 collected $6 from pot
*** SUMMARY ***
Total pot $6 | Rake $0
Seat 1: sydd7 (button) (small blind) collected ($6)
Seat 2: AzureCaper (big blind) folded before Flop


PokerStars Hand #174274679188:  Hold'em Limit ($3/$6 USD) - 2017/08/13 7:34:23 ET
Table 'Humason' 6-max Seat #1 is the button
Seat 1: sydd7 ($164.33 in chips)
Seat 2: AzureCaper ($166.43 in chips)
sydd7: posts small blind $1
AzureCaper: posts big blind $3
*** HOLE CARDS ***
sydd7: folds
Uncalled bet ($2) returned to AzureCaper
AzureCaper collected $2 from pot
AzureCaper: doesn't show hand
*** SUMMARY ***
Total pot $2 | Rake $0
Seat 1: sydd7 (button) (small blind) folded before Flop
Seat 2: AzureCaper (big blind) collected ($2)


PokerStars Hand #174274677013:  Hold'em Limit ($3/$6 USD) - 2017/08/13 7:34:18 ET
Table 'Humason' 6-max Seat #2 is the button
Seat 1: sydd7 ($163.33 in chips)
Seat 2: AzureCaper ($167.43 in chips)
AzureCaper: posts small blind $1
sydd7: posts big blind $3
*** HOLE CARDS ***
AzureCaper: folds
Uncalled bet ($2) returned to sydd7
sydd7 collected $2 from pot
*** SUMMARY ***
Total pot $2 | Rake $0
Seat 1: sydd7 (big blind) collected ($2)
Seat 2: AzureCaper (button) (small blind) folded before Flop


PokerStars Hand #174274717503:  Hold'em Limit ($3/$6 USD) - 2017/08/13 7:35:53 ET
Table 'Humason' 6-max Seat #2 is the button
Seat 1: sydd7 ($173.47 in chips)
Seat 2: AzureCaper ($155.69 in chips)
AzureCaper: posts small blind $1
sydd7: posts big blind $3
*** HOLE CARDS ***
AzureCaper: folds
Uncalled bet ($2) returned to sydd7
sydd7 collected $2 from pot
*** SUMMARY ***
Total pot $2 | Rake $0
Seat 1: sydd7 (big blind) collected ($2)
Seat 2: AzureCaper (button) (small blind) folded before Flop


PokerStars Hand #174274715358:  Hold'em Limit ($3/$6 USD) - 2017/08/13 7:35:49 ET
Table 'Humason' 6-max Seat #1 is the button
Seat 1: sydd7 ($174.47 in chips)
Seat 2: AzureCaper ($154.69 in chips)
sydd7: posts small blind $1
AzureCaper: posts big blind $3
*** HOLE CARDS ***
sydd7: folds
Uncalled bet ($2) returned to AzureCaper
AzureCaper collected $2 from pot
AzureCaper: doesn't show hand
*** SUMMARY ***
Total pot $2 | Rake $0
Seat 1: sydd7 (button) (small blind) folded before Flop
Seat 2: AzureCaper (big blind) collected ($2)


PokerStars Hand #174274709724:  Hold'em Limit ($3/$6 USD) - 2017/08/13 7:35:36 ET
Table 'Humason' 6-max Seat #2 is the button
Seat 1: sydd7 ($165.83 in chips)
Seat 2: AzureCaper ($163.69 in chips)
AzureCaper: posts small blind $1
sydd7: posts big blind $3
*** HOLE CARDS ***
AzureCaper: raises $3 to $6
sydd7: calls $3
*** FLOP *** [6s 3s Ad]
sydd7: checks
AzureCaper: bets $3
sydd7: calls $3
*** TURN *** [6s 3s Ad] [Kh]
sydd7: checks
AzureCaper: checks
*** RIVER *** [6s 3s Ad Kh] [2d]
sydd7: bets $6
AzureCaper: folds
Uncalled bet ($6) returned to sydd7
sydd7 collected $17.64 from pot
*** SUMMARY ***
Total pot $18 | Rake $0.36
Board [6s 3s Ad Kh 2d]
Seat 1: sydd7 (big blind) collected ($17.64)
Seat 2: AzureCaper (button) (small blind) folded on the River


PokerStars Hand #174274707757:  Hold'em Limit ($3/$6 USD) - 2017/08/13 7:35:31 ET
Table 'Humason' 6-max Seat #1 is the button
Seat 1: sydd7 ($166.83 in chips)
Seat 2: AzureCaper ($162.69 in chips)
sydd7: posts small blind $1
AzureCaper: posts big blind $3
*** HOLE CARDS ***
sydd7: folds
Uncalled bet ($2) returned to AzureCaper
AzureCaper collected $2 from pot
AzureCaper: doesn't show hand
*** SUMMARY ***
Total pot $2 | Rake $0
Seat 1: sydd7 (button) (small blind) folded before Flop
Seat 2: AzureCaper (big blind) collected ($2)


PokerStars Hand #174274698203:  Hold'em Limit ($3/$6 USD) - 2017/08/13 7:35:09 ET
Table 'Humason' 6-max Seat #2 is the button
Seat 1: sydd7 ($181.83 in chips)
Seat 2: AzureCaper ($148.19 in chips)
AzureCaper: posts small blind $1
sydd7: posts big blind $3
*** HOLE CARDS ***
AzureCaper: raises $3 to $6
sydd7: calls $3
*** FLOP *** [8h 2s Tc]
sydd7: bets $3
AzureCaper: calls $3
*** TURN *** [8h 2s Tc] [4s]
sydd7: bets $6
AzureCaper: raises $6 to $12
sydd7: folds
Uncalled bet ($6) returned to AzureCaper
AzureCaper collected $29.50 from pot
AzureCaper: doesn't show hand
*** SUMMARY ***
Total pot $30 | Rake $0.50
Board [8h 2s Tc 4s]
Seat 1: sydd7 (big blind) folded on the Turn
Seat 2: AzureCaper (button) (small blind) collected ($29.50)


PokerStars Hand #174274750554:  Hold'em Limit ($3/$6 USD) - 2017/08/13 7:37:07 ET
Table 'Humason' 6-max Seat #1 is the button
Seat 1: sydd7 ($159.73 in chips)
Seat 2: AzureCaper ($167.83 in chips)
sydd7: posts small blind $1
AzureCaper: posts big blind $3
*** HOLE CARDS ***
sydd7: folds
Uncalled bet ($2) returned to AzureCaper
AzureCaper collected $2 from pot
AzureCaper: doesn't show hand
*** SUMMARY ***
Total pot $2 | Rake $0
Seat 1: sydd7 (button) (small blind) folded before Flop
Seat 2: AzureCaper (big blind) collected ($2)


PokerStars Hand #174274726728:  Hold'em Limit ($3/$6 USD) - 2017/08/13 7:36:14 ET
Table 'Humason' 6-max Seat #2 is the button
Seat 1: sydd7 ($180.23 in chips)
Seat 2: AzureCaper ($148.69 in chips)
AzureCaper: posts small blind $1
sydd7: posts big blind $3
*** HOLE CARDS ***
AzureCaper: raises $3 to $6
sydd7: calls $3
*** FLOP *** [2h Qd Jh]
sydd7: bets $3
AzureCaper: calls $3
*** TURN *** [2h Qd Jh] [Kh]
sydd7: bets $6
AzureCaper: raises $6 to $12
sydd7: raises $6 to $18
AzureCaper: folds
Uncalled bet ($6) returned to sydd7
sydd7 collected $41.50 from pot
*** SUMMARY ***
Total pot $42 | Rake $0.50
Board [2h Qd Jh Kh]
Seat 1: sydd7 (big blind) collected ($41.50)
Seat 2: AzureCaper (button) (small blind) folded on the Turn


PokerStars Hand #174274743147:  Hold'em Limit ($3/$6 USD) - 2017/08/13 7:36:50 ET
Table 'Humason' 6-max Seat #1 is the button
Seat 1: sydd7 ($169.73 in chips)
Seat 2: AzureCaper ($158.19 in chips)
sydd7: posts small blind $1
AzureCaper: posts big blind $3
*** HOLE CARDS ***
sydd7: folds
Uncalled bet ($2) returned to AzureCaper
AzureCaper collected $2 from pot
AzureCaper: doesn't show hand
*** SUMMARY ***
Total pot $2 | Rake $0
Seat 1: sydd7 (button) (small blind) folded before Flop
Seat 2: AzureCaper (big blind) collected ($2)


PokerStars Hand #174274734979:  Hold'em Limit ($3/$6 USD) - 2017/08/13 7:36:33 ET
Table 'Humason' 6-max Seat #2 is the button
Seat 1: sydd7 ($199.73 in chips)
Seat 2: AzureCaper ($128.69 in chips)
AzureCaper: posts small blind $1
sydd7: posts big blind $3
*** HOLE CARDS ***
AzureCaper: raises $3 to $6
sydd7: calls $3
*** FLOP *** [7h 4c 8h]
sydd7: bets $3
AzureCaper: raises $3 to $6
sydd7: calls $3
*** TURN *** [7h 4c 8h] [Js]
sydd7: checks
AzureCaper: bets $6
sydd7: calls $6
*** RIVER *** [7h 4c 8h Js] [3d]
sydd7: bets $6
AzureCaper: raises $6 to $12
sydd7: calls $6
*** SHOW DOWN ***
AzureCaper: shows [Jh 4h] (two pair, Jacks and Fours)
sydd7: mucks hand
AzureCaper collected $59.50 from pot
*** SUMMARY ***
Total pot $60 | Rake $0.50
Board [7h 4c 8h Js 3d]
Seat 1: sydd7 (big blind) mucked
Seat 2: AzureCaper (button) (small blind) showed [Jh 4h] and won ($59.50) with two pair, Jacks and Fours


PokerStars Hand #174274745398:  Hold'em Limit ($3/$6 USD) - 2017/08/13 7:36:55 ET
Table 'Humason' 6-max Seat #2 is the button
Seat 1: sydd7 ($168.73 in chips)
Seat 2: AzureCaper ($159.19 in chips)
AzureCaper: posts small blind $1
sydd7: posts big blind $3
*** HOLE CARDS ***
AzureCaper: raises $3 to $6
sydd7: calls $3
*** FLOP *** [Ks Ad Js]
sydd7: bets $3
AzureCaper: raises $3 to $6
sydd7: folds
Uncalled bet ($3) returned to AzureCaper
AzureCaper collected $17.64 from pot
AzureCaper: doesn't show hand
*** SUMMARY ***
Total pot $18 | Rake $0.36
Board [Ks Ad Js]
Seat 1: sydd7 (big blind) folded on the Flop
Seat 2: AzureCaper (button) (small blind) collected ($17.64)


PokerStars Hand #174274732928:  Hold'em Limit ($3/$6 USD) - 2017/08/13 7:36:28 ET
Table 'Humason' 6-max Seat #1 is the button
Seat 1: sydd7 ($200.73 in chips)
Seat 2: AzureCaper ($127.69 in chips)
sydd7: posts small blind $1
AzureCaper: posts big blind $3
*** HOLE CARDS ***
sydd7: folds
Uncalled bet ($2) returned to AzureCaper
AzureCaper collected $2 from pot
AzureCaper: doesn't show hand
*** SUMMARY ***
Total pot $2 | Rake $0
Seat 1: sydd7 (button) (small blind) folded before Flop
Seat 2: AzureCaper (big blind) collected ($2)


PokerStars Hand #174274752713:  Hold'em Limit ($3/$6 USD) - 2017/08/13 7:37:11 ET
Table 'Humason' 6-max Seat #2 is the button
Seat 1: sydd7 ($158.73 in chips)
Seat 2: AzureCaper ($168.83 in chips)
AzureCaper: posts small blind $1
sydd7: posts big blind $3
*** HOLE CARDS ***
AzureCaper: raises $3 to $6
sydd7: calls $3
*** FLOP *** [6c 6h Ts]
sydd7: checks
AzureCaper: bets $3
sydd7: calls $3
*** TURN *** [6c 6h Ts] [Tc]
sydd7: bets $6
AzureCaper: calls $6
*** RIVER *** [6c 6h Ts Tc] [Qc]
sydd7: bets $6
AzureCaper: raises $6 to $12
sydd7: folds
Uncalled bet ($6) returned to AzureCaper
AzureCaper collected $41.50 from pot
AzureCaper: doesn't show hand
*** SUMMARY ***
Total pot $42 | Rake $0.50
Board [6c 6h Ts Tc Qc]
Seat 1: sydd7 (big blind) folded on the River
Seat 2: AzureCaper (button) (small blind) collected ($41.50)


PokerStars Hand #174274765240:  Hold'em Limit ($3/$6 USD) - 2017/08/13 7:37:39 ET
Table 'Humason' 6-max Seat #2 is the button
Seat 1: sydd7 ($143.49 in chips)
Seat 2: AzureCaper ($183.33 in chips)
AzureCaper: posts small blind $1
sydd7: posts big blind $3
*** HOLE CARDS ***
AzureCaper: raises $3 to $6
sydd7: calls $3
*** FLOP *** [Td Jd 9d]
sydd7: checks
AzureCaper: bets $3
sydd7: calls $3
*** TURN *** [Td Jd 9d] [Th]
sydd7: checks
AzureCaper: bets $6
sydd7: calls $6
*** RIVER *** [Td Jd 9d Th] [4h]
sydd7: checks
AzureCaper: bets $6
sydd7: calls $6
*** SHOW DOWN ***
AzureCaper: shows [Ts 9c] (a full house, Tens full of Nines)
sydd7: mucks hand
AzureCaper collected $41.50 from pot
*** SUMMARY ***
Total pot $42 | Rake $0.50
Board [Td Jd 9d Th 4h]
Seat 1: sydd7 (big blind) mucked
Seat 2: AzureCaper (button) (small blind) showed [Ts 9c] and won ($41.50) with a full house, Tens full of Nines


PokerStars Hand #174274777142:  Hold'em Limit ($3/$6 USD) - 2017/08/13 7:38:05 ET
Table 'Humason' 6-max Seat #2 is the button
Seat 1: sydd7 ($121.49 in chips)
Seat 2: AzureCaper ($204.83 in chips)
AzureCaper: posts small blind $1
sydd7: posts big blind $3
*** HOLE CARDS ***
AzureCaper: raises $3 to $6
sydd7: folds
Uncalled bet ($3) returned to AzureCaper
AzureCaper collected $6 from pot
AzureCaper: doesn't show hand
*** SUMMARY ***
Total pot $6 | Rake $0
Seat 1: sydd7 (big blind) folded before Flop
Seat 2: AzureCaper (button) (small blind) collected ($6)


PokerStars Hand #174274790459:  Hold'em Limit ($3/$6 USD) - 2017/08/13 7:38:34 ET
Table 'Humason' 6-max Seat #1 is the button
Seat 1: sydd7 ($90.49 in chips)
Seat 2: AzureCaper ($235.33 in chips)
sydd7: posts small blind $1
AzureCaper: posts big blind $3
*** HOLE CARDS ***
sydd7: folds
Uncalled bet ($2) returned to AzureCaper
AzureCaper collected $2 from pot
AzureCaper: doesn't show hand
*** SUMMARY ***
Total pot $2 | Rake $0
Seat 1: sydd7 (button) (small blind) folded before Flop
Seat 2: AzureCaper (big blind) collected ($2)


PokerStars Hand #174274781794:  Hold'em Limit ($3/$6 USD) - 2017/08/13 7:38:15 ET
Table 'Humason' 6-max Seat #2 is the button
Seat 1: sydd7 ($117.49 in chips)
Seat 2: AzureCaper ($208.83 in chips)
AzureCaper: posts small blind $1
sydd7: posts big blind $3
*** HOLE CARDS ***
AzureCaper: raises $3 to $6
sydd7: calls $3
*** FLOP *** [Js 3d Jh]
sydd7: bets $3
AzureCaper: calls $3
*** TURN *** [Js 3d Jh] [2c]
sydd7: bets $6
AzureCaper: raises $6 to $12
sydd7: calls $6
*** RIVER *** [Js 3d Jh 2c] [7h]
sydd7: checks
AzureCaper: bets $6
sydd7: calls $6
*** SHOW DOWN ***
AzureCaper: shows [9s 7s] (two pair, Jacks and Sevens)
sydd7: mucks hand
AzureCaper collected $53.50 from pot
*** SUMMARY ***
Total pot $54 | Rake $0.50
Board [Js 3d Jh 2c 7h]
Seat 1: sydd7 (big blind) mucked
Seat 2: AzureCaper (button) (small blind) showed [9s 7s] and won ($53.50) with two pair, Jacks and Sevens


PokerStars Hand #174274801610:  Hold'em Limit ($3/$6 USD) - 2017/08/13 7:38:58 ET
Table 'Humason' 6-max Seat #1 is the button
Seat 1: sydd7 ($68.49 in chips)
Seat 2: AzureCaper ($256.83 in chips)
sydd7: posts small blind $1
AzureCaper: posts big blind $3
*** HOLE CARDS ***
sydd7: raises $3 to $6
AzureCaper: raises $3 to $9
sydd7: raises $3 to $12
Betting is capped
AzureCaper: calls $3
*** FLOP *** [Kc 3s 2s]
AzureCaper: checks
sydd7: bets $3
AzureCaper: calls $3
*** TURN *** [Kc 3s 2s] [8s]
AzureCaper: checks
sydd7: bets $6
AzureCaper: calls $6
*** RIVER *** [Kc 3s 2s 8s] [8d]
AzureCaper: bets $6
sydd7: calls $6
*** SHOW DOWN ***
AzureCaper: shows [Jh Jc] (two pair, Jacks and Eights)
sydd7: mucks hand
AzureCaper collected $53.50 from pot
*** SUMMARY ***
Total pot $54 | Rake $0.50
Board [Kc 3s 2s 8s 8d]
Seat 1: sydd7 (button) (small blind) mucked
Seat 2: AzureCaper (big blind) showed [Jh Jc] and won ($53.50) with two pair, Jacks and Eights


PokerStars Hand #174274792640:  Hold'em Limit ($3/$6 USD) - 2017/08/13 7:38:38 ET
Table 'Humason' 6-max Seat #2 is the button
Seat 1: sydd7 ($89.49 in chips)
Seat 2: AzureCaper ($236.33 in chips)
AzureCaper: posts small blind $1
sydd7: posts big blind $3
*** HOLE CARDS ***
AzureCaper: raises $3 to $6
sydd7: calls $3
*** FLOP *** [2s 6s 4s]
sydd7: checks
AzureCaper: bets $3
sydd7: calls $3
*** TURN *** [2s 6s 4s] [3h]
sydd7: checks
AzureCaper: bets $6
sydd7: calls $6
*** RIVER *** [2s 6s 4s 3h] [9d]
sydd7: checks
AzureCaper: bets $6
sydd7: calls $6
*** SHOW DOWN ***
AzureCaper: shows [6d 8d] (a pair of Sixes)
sydd7: mucks hand
AzureCaper collected $41.50 from pot
*** SUMMARY ***
Total pot $42 | Rake $0.50
Board [2s 6s 4s 3h 9d]
Seat 1: sydd7 (big blind) mucked
Seat 2: AzureCaper (button) (small blind) showed [6d 8d] and won ($41.50) with a pair of Sixes


PokerStars Hand #174274810616:  Hold'em Limit ($3/$6 USD) - 2017/08/13 7:39:17 ET
Table 'Humason' 6-max Seat #2 is the button
Seat 1: sydd7 ($41.49 in chips)
Seat 2: AzureCaper ($283.33 in chips)
AzureCaper: posts small blind $1
sydd7: posts big blind $3
*** HOLE CARDS ***
AzureCaper: folds
Uncalled bet ($2) returned to sydd7
sydd7 collected $2 from pot
*** SUMMARY ***
Total pot $2 | Rake $0
Seat 1: sydd7 (big blind) collected ($2)
Seat 2: AzureCaper (button) (small blind) folded before Flop


PokerStars Hand #174274828865:  Hold'em Limit ($3/$6 USD) - 2017/08/13 7:39:57 ET
Table 'Humason' 6-max Seat #1 is the button
Seat 1: sydd7 ($83.49 in chips)
Seat 2: AzureCaper ($240.33 in chips)
sydd7: posts small blind $1
AzureCaper: posts big blind $3
*** HOLE CARDS ***
sydd7: raises $3 to $6
AzureCaper: calls $3
*** FLOP *** [8c Qc 9c]
AzureCaper: checks
sydd7: bets $3
AzureCaper: calls $3
*** TURN *** [8c Qc 9c] [5h]
AzureCaper: checks
sydd7: bets $6
AzureCaper: raises $6 to $12
sydd7: calls $6
*** RIVER *** [8c Qc 9c 5h] [2h]
AzureCaper: bets $6
sydd7: calls $6
*** SHOW DOWN ***
AzureCaper: shows [Js Qs] (a pair of Queens)
sydd7: mucks hand
AzureCaper collected $53.50 from pot
*** SUMMARY ***
Total pot $54 | Rake $0.50
Board [8c Qc 9c 5h 2h]
Seat 1: sydd7 (button) (small blind) mucked
Seat 2: AzureCaper (big blind) showed [Js Qs] and won ($53.50) with a pair of Queens


PokerStars Hand #174274821645:  Hold'em Limit ($3/$6 USD) - 2017/08/13 7:39:41 ET
Table 'Humason' 6-max Seat #2 is the button
Seat 1: sydd7 ($65.99 in chips)
Seat 2: AzureCaper ($258.33 in chips)
AzureCaper: posts small blind $1
sydd7: posts big blind $3
*** HOLE CARDS ***
AzureCaper: raises $3 to $6
sydd7: calls $3
*** FLOP *** [Jd Kc 7h]
sydd7: bets $3
AzureCaper: raises $3 to $6
sydd7: calls $3
*** TURN *** [Jd Kc 7h] [4d]
sydd7: bets $6
AzureCaper: calls $6
*** RIVER *** [Jd Kc 7h 4d] [7s]
sydd7: bets $6
AzureCaper: folds
Uncalled bet ($6) returned to sydd7
sydd7 collected $35.50 from pot
*** SUMMARY ***
Total pot $36 | Rake $0.50
Board [Jd Kc 7h 4d 7s]
Seat 1: sydd7 (big blind) collected ($35.50)
Seat 2: AzureCaper (button) (small blind) folded on the River


PokerStars Hand #174274812701:  Hold'em Limit ($3/$6 USD) - 2017/08/13 7:39:22 ET
Table 'Humason' 6-max Seat #1 is the button
Seat 1: sydd7 ($42.49 in chips)
Seat 2: AzureCaper ($282.33 in chips)
sydd7: posts small blind $1
AzureCaper: posts big blind $3
*** HOLE CARDS ***
sydd7: raises $3 to $6
AzureCaper: calls $3
*** FLOP *** [3h Tc 2s]
AzureCaper: checks
sydd7: bets $3
AzureCaper: raises $3 to $6
sydd7: calls $3
*** TURN *** [3h Tc 2s] [Qs]
AzureCaper: bets $6
sydd7: raises $6 to $12
AzureCaper: calls $6
*** RIVER *** [3h Tc 2s Qs] [2d]
AzureCaper: checks
sydd7: bets $6
AzureCaper: folds
Uncalled bet ($6) returned to sydd7
sydd7 collected $47.50 from pot
*** SUMMARY ***
Total pot $48 | Rake $0.50
Board [3h Tc 2s Qs 2d]
Seat 1: sydd7 (button) (small blind) collected ($47.50)
Seat 2: AzureCaper (big blind) folded on the River


PokerStars Hand #174274848571:  Hold'em Limit ($3/$6 USD) - 2017/08/13 7:40:40 ET
Table 'Humason' 6-max Seat #1 is the button
Seat 1: sydd7 ($14.49 in chips)
Seat 2: AzureCaper ($308.33 in chips)
sydd7: posts small blind $1
AzureCaper: posts big blind $3
*** HOLE CARDS ***
sydd7: folds
Uncalled bet ($2) returned to AzureCaper
AzureCaper collected $2 from pot
AzureCaper: doesn't show hand
*** SUMMARY ***
Total pot $2 | Rake $0
Seat 1: sydd7 (button) (small blind) folded before Flop
Seat 2: AzureCaper (big blind) collected ($2)


PokerStars Hand #174274837923:  Hold'em Limit ($3/$6 USD) - 2017/08/13 7:40:17 ET
Table 'Humason' 6-max Seat #2 is the button
Seat 1: sydd7 ($56.49 in chips)
Seat 2: AzureCaper ($266.83 in chips)
AzureCaper: posts small blind $1
sydd7: posts big blind $3
*** HOLE CARDS ***
AzureCaper: raises $3 to $6
sydd7: calls $3
*** FLOP *** [5c 4h Ah]
sydd7: bets $3
AzureCaper: raises $3 to $6
sydd7: calls $3
*** TURN *** [5c 4h Ah] [4c]
sydd7: bets $6
AzureCaper: raises $6 to $12
sydd7: raises $6 to $18
AzureCaper: calls $6
*** RIVER *** [5c 4h Ah 4c] [Ad]
sydd7: bets $6
AzureCaper: raises $6 to $12
sydd7: calls $6
*** SHOW DOWN ***
AzureCaper: shows [As Kd] (a full house, Aces full of Fours)
Jock21 joins the table at seat #3
sydd7: mucks hand
AzureCaper collected $83.50 from pot
*** SUMMARY ***
Total pot $84 | Rake $0.50
Board [5c 4h Ah 4c Ad]
Seat 1: sydd7 (big blind) mucked
Seat 2: AzureCaper (button) (small blind) showed [As Kd] and won ($83.50) with a full house, Aces full of Fours


PokerStars Hand #174274894134:  Hold'em Limit ($3/$6 USD) - 2017/08/13 7:42:19 ET
Table 'Humason' 6-max Seat #2 is the button
Seat 2: AzureCaper ($333.50 in chips)
Seat 3: Jock21 ($107.82 in chips)
Artachok will be allowed to play after the button
AzureCaper: posts small blind $1
Jock21: posts big blind $3
*** HOLE CARDS ***
AzureCaper: raises $3 to $6
Jock21: calls $3
*** FLOP *** [9d Qh Js]
Jock21: bets $3
AzureCaper: raises $3 to $6
Jock21: calls $3
*** TURN *** [9d Qh Js] [4h]
Jock21: checks
AzureCaper: bets $6
Jock21: calls $6
*** RIVER *** [9d Qh Js 4h] [8c]
Jock21: checks
AzureCaper: bets $6
Jock21: calls $6
*** SHOW DOWN ***
AzureCaper: shows [Qs 8s] (two pair, Queens and Eights)
Jock21: mucks hand
AzureCaper collected $47.50 from pot
*** SUMMARY ***
Total pot $48 | Rake $0.50
Board [9d Qh Js 4h 8c]
Seat 2: AzureCaper (button) (small blind) showed [Qs 8s] and won ($47.50) with two pair, Queens and Eights
Seat 3: Jock21 (big blind) mucked


