PokerStars Hand #166844823205:  Hold'em Limit ($3/$6 USD) - 2017/02/27 6:57:49 ET
Table 'Hunan' 6-max Seat #4 is the button
Seat 4: Agrotait ($66 in chips)
Seat 5: japachess ($130.76 in chips)
Agrotait: posts small blind $1
japachess: posts big blind $3
*** HOLE CARDS ***
Agrotait: raises $3 to $6
japachess: folds
Uncalled bet ($3) returned to Agrotait
Agrotait collected $6 from pot
Agrotait: doesn't show hand
*** SUMMARY ***
Total pot $6 | Rake $0
Seat 4: Agrotait (button) (small blind) collected ($6)
Seat 5: japachess (big blind) folded before Flop


PokerStars Hand #166844828486:  Hold'em Limit ($3/$6 USD) - 2017/02/27 6:58:02 ET
Table 'Hunan' 6-max Seat #5 is the button
Seat 4: Agrotait ($69 in chips)
Seat 5: japachess ($127.76 in chips)
japachess: posts small blind $1
Agrotait: posts big blind $3
*** HOLE CARDS ***
japachess: folds
Uncalled bet ($2) returned to Agrotait
Agrotait collected $2 from pot
Agrotait: doesn't show hand
*** SUMMARY ***
Total pot $2 | Rake $0
Seat 4: Agrotait (big blind) collected ($2)
Seat 5: japachess (button) (small blind) folded before Flop


PokerStars Hand #166844813704:  Hold'em Limit ($3/$6 USD) - 2017/02/27 6:57:28 ET
Table 'Hunan' 6-max Seat #5 is the button
Seat 4: Agrotait ($72 in chips)
Seat 5: japachess ($125 in chips)
japachess: posts small blind $1
Agrotait: posts big blind $3
*** HOLE CARDS ***
japachess: raises $3 to $6
Agrotait: calls $3
*** FLOP *** [4c Ad Jd]
Agrotait: checks
japachess: checks
*** TURN *** [4c Ad Jd] [Kh]
Agrotait: checks
japachess: bets $6
Agrotait: folds
Uncalled bet ($6) returned to japachess
japachess collected $11.76 from pot
japachess: doesn't show hand
*** SUMMARY ***
Total pot $12 | Rake $0.24
Board [4c Ad Jd Kh]
Seat 4: Agrotait (big blind) folded on the Turn
Seat 5: japachess (button) (small blind) collected ($11.76)


PokerStars Hand #166844802483:  Hold'em Limit ($3/$6 USD) - 2017/02/27 6:57:02 ET
Table 'Hunan' 6-max Seat #4 is the button
Seat 4: Agrotait ($72 in chips)
Seat 5: japachess ($107.50 in chips)
Agrotait: posts small blind $1
japachess: posts big blind $3
*** HOLE CARDS ***
Agrotait: raises $3 to $6
japachess: calls $3
*** FLOP *** [3c 6h 2h]
japachess: checks
Agrotait: bets $3
japachess: raises $3 to $6
Agrotait: calls $3
*** TURN *** [3c 6h 2h] [Kd]
japachess: bets $6
Agrotait: calls $6
*** RIVER *** [3c 6h 2h Kd] [7h]
japachess: bets $6
Agrotait: folds
Uncalled bet ($6) returned to japachess
japachess collected $35.50 from pot
japachess: doesn't show hand
*** SUMMARY ***
Total pot $36 | Rake $0.50
Board [3c 6h 2h Kd 7h]
Seat 4: Agrotait (button) (small blind) folded on the River
Seat 5: japachess (big blind) collected ($35.50)


PokerStars Hand #166844856761:  Hold'em Limit ($3/$6 USD) - 2017/02/27 6:59:06 ET
Table 'Hunan' 6-max Seat #5 is the button
Seat 4: Agrotait ($72 in chips)
Seat 5: japachess ($149.77 in chips)
japachess: posts small blind $1
Agrotait: posts big blind $3
*** HOLE CARDS ***
japachess: folds
Uncalled bet ($2) returned to Agrotait
Agrotait collected $2 from pot
Agrotait: doesn't show hand
*** SUMMARY ***
Total pot $2 | Rake $0
Seat 4: Agrotait (big blind) collected ($2)
Seat 5: japachess (button) (small blind) folded before Flop


PokerStars Hand #166844848415:  Hold'em Limit ($3/$6 USD) - 2017/02/27 6:58:47 ET
Table 'Hunan' 6-max Seat #4 is the button
Seat 4: Agrotait ($63.75 in chips)
Seat 5: japachess ($132.27 in chips)
Agrotait: posts small blind $1
japachess: posts big blind $3
*** HOLE CARDS ***
Agrotait: raises $3 to $6
japachess: calls $3
*** FLOP *** [Jh Qh 6c]
japachess: checks
Agrotait: checks
*** TURN *** [Jh Qh 6c] [9s]
japachess: bets $6
Agrotait: calls $6
*** RIVER *** [Jh Qh 6c 9s] [6h]
japachess: bets $6
Agrotait: calls $6
*** SHOW DOWN ***
japachess: shows [7h 2h] (a flush, Queen high)
Agrotait: mucks hand
japachess collected $35.50 from pot
*** SUMMARY ***
Total pot $36 | Rake $0.50
Board [Jh Qh 6c 9s 6h]
Seat 4: Agrotait (button) (small blind) mucked
Seat 5: japachess (big blind) showed [7h 2h] and won ($35.50) with a flush, Queen high


PokerStars Hand #166844830537:  Hold'em Limit ($3/$6 USD) - 2017/02/27 6:58:06 ET
Table 'Hunan' 6-max Seat #4 is the button
Seat 4: Agrotait ($70 in chips)
Seat 5: japachess ($126.76 in chips)
Agrotait: posts small blind $1
japachess: posts big blind $3
*** HOLE CARDS ***
Agrotait: raises $3 to $6
japachess: raises $3 to $9
Agrotait: calls $3
*** FLOP *** [Ks Js Qd]
japachess: bets $3
Agrotait: calls $3
*** TURN *** [Ks Js Qd] [7h]
japachess: bets $6
Agrotait: calls $6
*** RIVER *** [Ks Js Qd 7h] [Ah]
japachess: bets $6
Agrotait: raises $6 to $12
japachess: raises $6 to $18
Agrotait: raises $6 to $24
Betting is capped
japachess: calls $6
*** SHOW DOWN ***
Agrotait: shows [Ts Kh] (a straight, Ten to Ace)
japachess: shows [Ac Tc] (a straight, Ten to Ace)
japachess collected $41.75 from pot
Agrotait collected $41.75 from pot
*** SUMMARY ***
Total pot $84 | Rake $0.50
Board [Ks Js Qd 7h Ah]
Seat 4: Agrotait (button) (small blind) showed [Ts Kh] and won ($41.75) with a straight, Ten to Ace
Seat 5: japachess (big blind) showed [Ac Tc] and won ($41.75) with a straight, Ten to Ace


PokerStars Hand #166844838810:  Hold'em Limit ($3/$6 USD) - 2017/02/27 6:58:25 ET
Table 'Hunan' 6-max Seat #5 is the button
Seat 4: Agrotait ($69.75 in chips)
Seat 5: japachess ($126.51 in chips)
japachess: posts small blind $1
Agrotait: posts big blind $3
*** HOLE CARDS ***
japachess: raises $3 to $6
Agrotait: calls $3
*** FLOP *** [9c 2c Kc]
Agrotait: checks
japachess: bets $3
Agrotait: folds
Uncalled bet ($3) returned to japachess
japachess collected $11.76 from pot
japachess: doesn't show hand
*** SUMMARY ***
Total pot $12 | Rake $0.24
Board [9c 2c Kc]
Seat 4: Agrotait (big blind) folded on the Flop
Seat 5: japachess (button) (small blind) collected ($11.76)


PokerStars Hand #166844859230:  Hold'em Limit ($3/$6 USD) - 2017/02/27 6:59:12 ET
Table 'Hunan' 6-max Seat #4 is the button
Seat 4: Agrotait ($73 in chips)
Seat 5: japachess ($148.77 in chips)
Agrotait: posts small blind $1
japachess: posts big blind $3
*** HOLE CARDS ***
Agrotait: folds
Uncalled bet ($2) returned to japachess
japachess collected $2 from pot
japachess: doesn't show hand
*** SUMMARY ***
Total pot $2 | Rake $0
Seat 4: Agrotait (button) (small blind) folded before Flop
Seat 5: japachess (big blind) collected ($2)


PokerStars Hand #166844871304:  Hold'em Limit ($3/$6 USD) - 2017/02/27 6:59:40 ET
Table 'Hunan' 6-max Seat #4 is the button
Seat 4: Agrotait ($77.76 in chips)
Seat 5: japachess ($143.77 in chips)
Agrotait: posts small blind $1
japachess: posts big blind $3
*** HOLE CARDS ***
Agrotait: raises $3 to $6
japachess: calls $3
*** FLOP *** [4s 9s 6h]
japachess: checks
Agrotait: checks
*** TURN *** [4s 9s 6h] [4h]
japachess: checks
Agrotait: bets $6
japachess: folds
Uncalled bet ($6) returned to Agrotait
Agrotait collected $11.76 from pot
Agrotait: doesn't show hand
*** SUMMARY ***
Total pot $12 | Rake $0.24
Board [4s 9s 6h 4h]
Seat 4: Agrotait (button) (small blind) collected ($11.76)
Seat 5: japachess (big blind) folded on the Turn


PokerStars Hand #166844862842:  Hold'em Limit ($3/$6 USD) - 2017/02/27 6:59:20 ET
Table 'Hunan' 6-max Seat #5 is the button
Seat 4: Agrotait ($72 in chips)
Seat 5: japachess ($149.77 in chips)
japachess: posts small blind $1
Agrotait: posts big blind $3
*** HOLE CARDS ***
japachess: raises $3 to $6
Agrotait: calls $3
*** FLOP *** [2s Ts 3c]
Agrotait: checks
japachess: checks
*** TURN *** [2s Ts 3c] [7d]
Agrotait: checks
japachess: checks
*** RIVER *** [2s Ts 3c 7d] [Ah]
Agrotait: checks
japachess: checks
*** SHOW DOWN ***
Agrotait: shows [5d Ks] (high card Ace)
japachess: mucks hand
Agrotait collected $11.76 from pot
*** SUMMARY ***
Total pot $12 | Rake $0.24
Board [2s Ts 3c 7d Ah]
Seat 4: Agrotait (big blind) showed [5d Ks] and won ($11.76) with high card Ace
Seat 5: japachess (button) (small blind) mucked


PokerStars Hand #166844879599:  Hold'em Limit ($3/$6 USD) - 2017/02/27 6:59:59 ET
Table 'Hunan' 6-max Seat #5 is the button
Seat 4: Agrotait ($83.52 in chips)
Seat 5: japachess ($137.77 in chips)
japachess: posts small blind $1
Agrotait: posts big blind $3
*** HOLE CARDS ***
japachess: raises $3 to $6
Agrotait: calls $3
*** FLOP *** [6h 5c 7d]
Agrotait: checks
japachess: bets $3
Agrotait: calls $3
*** TURN *** [6h 5c 7d] [7h]
Agrotait: checks
japachess: checks
*** RIVER *** [6h 5c 7d 7h] [Ks]
Agrotait: bets $6
japachess: calls $6
*** SHOW DOWN ***
Agrotait: shows [4d Tc] (a pair of Sevens)
japachess: shows [3h Kd] (two pair, Kings and Sevens)
japachess collected $29.50 from pot
*** SUMMARY ***
Total pot $30 | Rake $0.50
Board [6h 5c 7d 7h Ks]
Seat 4: Agrotait (big blind) showed [4d Tc] and lost with a pair of Sevens
Seat 5: japachess (button) (small blind) showed [3h Kd] and won ($29.50) with two pair, Kings and Sevens


PokerStars Hand #166844900093:  Hold'em Limit ($3/$6 USD) - 2017/02/27 7:00:44 ET
Table 'Hunan' 6-max Seat #5 is the button
Seat 4: Agrotait ($74.28 in chips)
Seat 5: japachess ($146.27 in chips)
japachess: posts small blind $1
Agrotait: posts big blind $3
*** HOLE CARDS ***
japachess: raises $3 to $6
Agrotait: folds
Uncalled bet ($3) returned to japachess
japachess collected $6 from pot
japachess: doesn't show hand
*** SUMMARY ***
Total pot $6 | Rake $0
Seat 4: Agrotait (big blind) folded before Flop
Seat 5: japachess (button) (small blind) collected ($6)


PokerStars Hand #166844894646:  Hold'em Limit ($3/$6 USD) - 2017/02/27 7:00:32 ET
Table 'Hunan' 6-max Seat #4 is the button
Seat 4: Agrotait ($68.52 in chips)
Seat 5: japachess ($152.27 in chips)
Agrotait: posts small blind $1
japachess: posts big blind $3
*** HOLE CARDS ***
Agrotait: raises $3 to $6
japachess: calls $3
*** FLOP *** [8d Qd As]
japachess: checks
Agrotait: bets $3
japachess: folds
Uncalled bet ($3) returned to Agrotait
Agrotait collected $11.76 from pot
Agrotait: doesn't show hand
*** SUMMARY ***
Total pot $12 | Rake $0.24
Board [8d Qd As]
Seat 4: Agrotait (button) (small blind) collected ($11.76)
Seat 5: japachess (big blind) folded on the Flop


PokerStars Hand #166844902735:  Hold'em Limit ($3/$6 USD) - 2017/02/27 7:00:50 ET
Table 'Hunan' 6-max Seat #4 is the button
Seat 4: Agrotait ($71.28 in chips)
Seat 5: japachess ($149.27 in chips)
Agrotait: posts small blind $1
japachess: posts big blind $3
*** HOLE CARDS ***
Agrotait: raises $3 to $6
japachess: raises $3 to $9
Agrotait: calls $3
*** FLOP *** [Ac Td 4d]
japachess: bets $3
Agrotait: calls $3
*** TURN *** [Ac Td 4d] [9c]
japachess: bets $6
Agrotait: calls $6
*** RIVER *** [Ac Td 4d 9c] [8s]
japachess: checks
Agrotait: bets $6
japachess: calls $6
*** SHOW DOWN ***
Agrotait: shows [Js Ts] (a pair of Tens)
japachess: mucks hand
Agrotait collected $47.50 from pot
*** SUMMARY ***
Total pot $48 | Rake $0.50
Board [Ac Td 4d 9c 8s]
Seat 4: Agrotait (button) (small blind) showed [Js Ts] and won ($47.50) with a pair of Tens
Seat 5: japachess (big blind) mucked


PokerStars Hand #166844919504:  Hold'em Limit ($3/$6 USD) - 2017/02/27 7:01:26 ET
Table 'Hunan' 6-max Seat #5 is the button
Seat 4: Agrotait ($94.78 in chips)
Seat 5: japachess ($125.27 in chips)
japachess: posts small blind $1
Agrotait: posts big blind $3
*** HOLE CARDS ***
japachess: raises $3 to $6
Agrotait: calls $3
*** FLOP *** [9d Jd 2h]
Agrotait: checks
japachess: bets $3
Agrotait: calls $3
*** TURN *** [9d Jd 2h] [Qs]
Agrotait: checks
japachess: checks
*** RIVER *** [9d Jd 2h Qs] [Qd]
Agrotait: bets $6
japachess: folds
Uncalled bet ($6) returned to Agrotait
Agrotait collected $17.64 from pot
Agrotait: doesn't show hand
*** SUMMARY ***
Total pot $18 | Rake $0.36
Board [9d Jd 2h Qs Qd]
Seat 4: Agrotait (big blind) collected ($17.64)
Seat 5: japachess (button) (small blind) folded on the River


PokerStars Hand #166845212128:  Hold'em Limit ($3/$6 USD) - 2017/02/27 7:11:31 ET
Table 'Hunan' 6-max Seat #6 is the button
Seat 5: japachess ($143.28 in chips)
Seat 6: Agrotait ($107 in chips)
Agrotait: posts small blind $1
japachess: posts big blind $3
*** HOLE CARDS ***
Agrotait: folds
Uncalled bet ($2) returned to japachess
japachess collected $2 from pot
japachess: doesn't show hand
*** SUMMARY ***
Total pot $2 | Rake $0
Seat 5: japachess (big blind) collected ($2)
Seat 6: Agrotait (button) (small blind) folded before Flop


PokerStars Hand #166845197642:  Hold'em Limit ($3/$6 USD) - 2017/02/27 7:11:02 ET
Table 'Hunan' 6-max Seat #5 is the button
Seat 5: japachess ($47.52 in chips)
Seat 6: Agrotait ($113 in chips)
japachess: posts small blind $1
Agrotait: posts big blind $3
*** HOLE CARDS ***
japachess: raises $3 to $6
Agrotait: calls $3
*** FLOP *** [Th 2h As]
Agrotait: checks
japachess: bets $3
Agrotait: folds
Uncalled bet ($3) returned to japachess
japachess collected $11.76 from pot
japachess: doesn't show hand
*** SUMMARY ***
Total pot $12 | Rake $0.24
Board [Th 2h As]
Seat 5: japachess (button) (small blind) collected ($11.76)
Seat 6: Agrotait (big blind) folded on the Flop


PokerStars Hand #166845215656:  Hold'em Limit ($3/$6 USD) - 2017/02/27 7:11:38 ET
Table 'Hunan' 6-max Seat #5 is the button
Seat 5: japachess ($144.28 in chips)
Seat 6: Agrotait ($106 in chips)
japachess: posts small blind $1
Agrotait: posts big blind $3
*** HOLE CARDS ***
japachess: raises $3 to $6
Agrotait: calls $3
*** FLOP *** [7c 9h 5h]
Agrotait: checks
japachess: checks
*** TURN *** [7c 9h 5h] [Ts]
Agrotait: bets $6
japachess: raises $6 to $12
Agrotait: folds
Uncalled bet ($6) returned to japachess
japachess collected $23.52 from pot
japachess: doesn't show hand
*** SUMMARY ***
Total pot $24 | Rake $0.48
Board [7c 9h 5h Ts]
Seat 5: japachess (button) (small blind) collected ($23.52)
Seat 6: Agrotait (big blind) folded on the Turn


PokerStars Hand #166845234426:  Hold'em Limit ($3/$6 USD) - 2017/02/27 7:12:16 ET
Table 'Hunan' 6-max Seat #6 is the button
Seat 5: japachess ($155.80 in chips)
Seat 6: Agrotait ($94 in chips)
Agrotait: posts small blind $1
japachess: posts big blind $3
*** HOLE CARDS ***
Agrotait: raises $3 to $6
japachess: calls $3
*** FLOP *** [8h Ad Qh]
japachess: checks
Agrotait: bets $3
japachess: calls $3
*** TURN *** [8h Ad Qh] [Ac]
japachess: checks
Agrotait: bets $6
japachess: calls $6
*** RIVER *** [8h Ad Qh Ac] [4s]
japachess: checks
Agrotait: bets $6
japachess: calls $6
*** SHOW DOWN ***
Agrotait: shows [2h As] (three of a kind, Aces)
japachess: mucks hand
Agrotait collected $41.50 from pot
*** SUMMARY ***
Total pot $42 | Rake $0.50
Board [8h Ad Qh Ac 4s]
Seat 5: japachess (big blind) mucked
Seat 6: Agrotait (button) (small blind) showed [2h As] and won ($41.50) with three of a kind, Aces


PokerStars Hand #166845250347:  Hold'em Limit ($3/$6 USD) - 2017/02/27 7:12:49 ET
Table 'Hunan' 6-max Seat #5 is the button
Seat 5: japachess ($134.80 in chips)
Seat 6: Agrotait ($114.50 in chips)
japachess: posts small blind $1
Agrotait: posts big blind $3
*** HOLE CARDS ***
japachess: raises $3 to $6
Agrotait: calls $3
*** FLOP *** [9d 2h Qs]
Agrotait: checks
japachess: bets $3
Agrotait: folds
Uncalled bet ($3) returned to japachess
japachess collected $11.76 from pot
japachess: doesn't show hand
*** SUMMARY ***
Total pot $12 | Rake $0.24
Board [9d 2h Qs]
Seat 5: japachess (button) (small blind) collected ($11.76)
Seat 6: Agrotait (big blind) folded on the Flop


PokerStars Hand #166845277776:  Hold'em Limit ($3/$6 USD) - 2017/02/27 7:13:44 ET
Table 'Hunan' 6-max Seat #5 is the button
Seat 5: japachess ($134.56 in chips)
Seat 6: Agrotait ($114.26 in chips)
japachess: posts small blind $1
Agrotait: posts big blind $3
*** HOLE CARDS ***
japachess: raises $3 to $6
Agrotait: calls $3
*** FLOP *** [Jh 9s 7s]
Agrotait: checks
japachess: checks
*** TURN *** [Jh 9s 7s] [9h]
Agrotait: bets $6
japachess: folds
Uncalled bet ($6) returned to Agrotait
Agrotait collected $11.76 from pot
Agrotait: doesn't show hand
*** SUMMARY ***
Total pot $12 | Rake $0.24
Board [Jh 9s 7s 9h]
Seat 5: japachess (button) (small blind) folded on the Turn
Seat 6: Agrotait (big blind) collected ($11.76)


PokerStars Hand #166845288490:  Hold'em Limit ($3/$6 USD) - 2017/02/27 7:14:06 ET
Table 'Hunan' 6-max Seat #6 is the button
Seat 5: japachess ($128.56 in chips)
Seat 6: Agrotait ($120.02 in chips)
Agrotait: posts small blind $1
japachess: posts big blind $3
*** HOLE CARDS ***
Agrotait: raises $3 to $6
japachess: folds
Uncalled bet ($3) returned to Agrotait
Agrotait collected $6 from pot
Agrotait: doesn't show hand
*** SUMMARY ***
Total pot $6 | Rake $0
Seat 5: japachess (big blind) folded before Flop
Seat 6: Agrotait (button) (small blind) collected ($6)


PokerStars Hand #166845271509:  Hold'em Limit ($3/$6 USD) - 2017/02/27 7:13:31 ET
Table 'Hunan' 6-max Seat #6 is the button
Seat 5: japachess ($140.56 in chips)
Seat 6: Agrotait ($108.50 in chips)
Agrotait: posts small blind $1
japachess: posts big blind $3
*** HOLE CARDS ***
Agrotait: raises $3 to $6
japachess: calls $3
*** FLOP *** [Ah 6d Ac]
japachess: checks
Agrotait: checks
*** TURN *** [Ah 6d Ac] [4c]
japachess: checks
Agrotait: bets $6
japachess: folds
Uncalled bet ($6) returned to Agrotait
Agrotait collected $11.76 from pot
Agrotait: doesn't show hand
*** SUMMARY ***
Total pot $12 | Rake $0.24
Board [Ah 6d Ac 4c]
Seat 5: japachess (big blind) folded on the Turn
Seat 6: Agrotait (button) (small blind) collected ($11.76)


PokerStars Hand #166845305840:  Hold'em Limit ($3/$6 USD) - 2017/02/27 7:14:41 ET
Table 'Hunan' 6-max Seat #6 is the button
Seat 5: japachess ($131.32 in chips)
Seat 6: Agrotait ($117.02 in chips)
Agrotait: posts small blind $1
japachess: posts big blind $3
*** HOLE CARDS ***
Agrotait: raises $3 to $6
japachess: calls $3
*** FLOP *** [Ad 3c 4s]
japachess: checks
Agrotait: bets $3
japachess: calls $3
*** TURN *** [Ad 3c 4s] [2c]
japachess: checks
Agrotait: bets $6
japachess: calls $6
*** RIVER *** [Ad 3c 4s 2c] [Ks]
japachess: checks
Agrotait: bets $6
japachess: calls $6
*** SHOW DOWN ***
Agrotait: shows [7d 5d] (a straight, Ace to Five)
japachess: mucks hand
Agrotait collected $41.50 from pot
*** SUMMARY ***
Total pot $42 | Rake $0.50
Board [Ad 3c 4s 2c Ks]
Seat 5: japachess (big blind) mucked
Seat 6: Agrotait (button) (small blind) showed [7d 5d] and won ($41.50) with a straight, Ace to Five


PokerStars Hand #166845291236:  Hold'em Limit ($3/$6 USD) - 2017/02/27 7:14:12 ET
Table 'Hunan' 6-max Seat #5 is the button
Seat 5: japachess ($125.56 in chips)
Seat 6: Agrotait ($123.02 in chips)
japachess: posts small blind $1
Agrotait: posts big blind $3
*** HOLE CARDS ***
japachess: raises $3 to $6
Agrotait: calls $3
*** FLOP *** [3c Ts Jh]
Agrotait: checks
japachess: bets $3
Agrotait: folds
Uncalled bet ($3) returned to japachess
japachess collected $11.76 from pot
japachess: doesn't show hand
*** SUMMARY ***
Total pot $12 | Rake $0.24
Board [3c Ts Jh]
Seat 5: japachess (button) (small blind) collected ($11.76)
Seat 6: Agrotait (big blind) folded on the Flop


PokerStars Hand #166845317417:  Hold'em Limit ($3/$6 USD) - 2017/02/27 7:15:05 ET
Table 'Hunan' 6-max Seat #5 is the button
Seat 5: japachess ($110.32 in chips)
Seat 6: Agrotait ($137.52 in chips)
japachess: posts small blind $1
Agrotait: posts big blind $3
*** HOLE CARDS ***
japachess: raises $3 to $6
Agrotait: calls $3
*** FLOP *** [Js Qs Kd]
Agrotait: checks
japachess: bets $3
Agrotait: calls $3
*** TURN *** [Js Qs Kd] [2h]
Agrotait: checks
japachess: bets $6
Agrotait: calls $6
*** RIVER *** [Js Qs Kd 2h] [7d]
Agrotait: checks
japachess: bets $6
Agrotait: calls $6
*** SHOW DOWN ***
japachess: shows [Qh Tc] (a pair of Queens)
Agrotait: mucks hand
japachess collected $41.50 from pot
*** SUMMARY ***
Total pot $42 | Rake $0.50
Board [Js Qs Kd 2h 7d]
Seat 5: japachess (button) (small blind) showed [Qh Tc] and won ($41.50) with a pair of Queens
Seat 6: Agrotait (big blind) mucked


PokerStars Hand #166845350807:  Hold'em Limit ($3/$6 USD) - 2017/02/27 7:16:13 ET
Table 'Hunan' 6-max Seat #6 is the button
Seat 5: japachess ($130.82 in chips)
Seat 6: Agrotait ($116.52 in chips)
Agrotait: posts small blind $1
japachess: posts big blind $3
*** HOLE CARDS ***
Agrotait: raises $3 to $6
japachess: raises $3 to $9
Agrotait: calls $3
*** FLOP *** [8d 3d 7c]
japachess: bets $3
Agrotait: calls $3
*** TURN *** [8d 3d 7c] [2d]
japachess: bets $6
Agrotait: calls $6
*** RIVER *** [8d 3d 7c 2d] [Jc]
japachess: bets $6
Agrotait: raises $6 to $12
japachess: calls $6
*** SHOW DOWN ***
Agrotait: shows [Js As] (a pair of Jacks)
japachess: mucks hand
Agrotait collected $59.50 from pot
*** SUMMARY ***
Total pot $60 | Rake $0.50
Board [8d 3d 7c 2d Jc]
Seat 5: japachess (big blind) mucked
Seat 6: Agrotait (button) (small blind) showed [Js As] and won ($59.50) with a pair of Jacks


PokerStars Hand #166845372938:  Hold'em Limit ($3/$6 USD) - 2017/02/27 7:16:57 ET
Table 'Hunan' 6-max Seat #5 is the button
Seat 5: japachess ($100.82 in chips)
Seat 6: Agrotait ($146.02 in chips)
japachess: posts small blind $1
Agrotait: posts big blind $3
*** HOLE CARDS ***
japachess: raises $3 to $6
Agrotait: calls $3
*** FLOP *** [Qs 9d 7d]
Agrotait: checks
japachess: bets $3
Agrotait: folds
Uncalled bet ($3) returned to japachess
japachess collected $11.76 from pot
japachess: doesn't show hand
*** SUMMARY ***
Total pot $12 | Rake $0.24
Board [Qs 9d 7d]
Seat 5: japachess (button) (small blind) collected ($11.76)
Seat 6: Agrotait (big blind) folded on the Flop


PokerStars Hand #166845378926:  Hold'em Limit ($3/$6 USD) - 2017/02/27 7:17:09 ET
Table 'Hunan' 6-max Seat #6 is the button
Seat 5: japachess ($106.58 in chips)
Seat 6: Agrotait ($140.02 in chips)
Agrotait: posts small blind $1
japachess: posts big blind $3
*** HOLE CARDS ***
Agrotait: raises $3 to $6
japachess: folds
Uncalled bet ($3) returned to Agrotait
Agrotait collected $6 from pot
Agrotait: doesn't show hand
*** SUMMARY ***
Total pot $6 | Rake $0
Seat 5: japachess (big blind) folded before Flop
Seat 6: Agrotait (button) (small blind) collected ($6)


PokerStars Hand #166845382184:  Hold'em Limit ($3/$6 USD) - 2017/02/27 7:17:16 ET
Table 'Hunan' 6-max Seat #5 is the button
Seat 5: japachess ($103.58 in chips)
Seat 6: Agrotait ($143.02 in chips)
japachess: posts small blind $1
Agrotait: posts big blind $3
*** HOLE CARDS ***
japachess: raises $3 to $6
Agrotait: calls $3
*** FLOP *** [Kd 7s Th]
Agrotait: checks
japachess: bets $3
Agrotait: calls $3
*** TURN *** [Kd 7s Th] [Qh]
Agrotait: checks
japachess: bets $6
Agrotait: folds
Uncalled bet ($6) returned to japachess
japachess collected $17.64 from pot
japachess: doesn't show hand
*** SUMMARY ***
Total pot $18 | Rake $0.36
Board [Kd 7s Th Qh]
Seat 5: japachess (button) (small blind) collected ($17.64)
Seat 6: Agrotait (big blind) folded on the Turn


PokerStars Hand #166845406141:  Hold'em Limit ($3/$6 USD) - 2017/02/27 7:18:05 ET
Table 'Hunan' 6-max Seat #6 is the button
Seat 5: japachess ($112.22 in chips)
Seat 6: Agrotait ($134.02 in chips)
Agrotait: posts small blind $1
japachess: posts big blind $3
*** HOLE CARDS ***
Agrotait: raises $3 to $6
japachess: raises $3 to $9
Agrotait: calls $3
*** FLOP *** [6h Ad Jc]
japachess: checks
Agrotait: checks
*** TURN *** [6h Ad Jc] [Ah]
japachess: bets $6
Agrotait: folds
Uncalled bet ($6) returned to japachess
japachess collected $17.64 from pot
japachess: doesn't show hand
*** SUMMARY ***
Total pot $18 | Rake $0.36
Board [6h Ad Jc Ah]
Seat 5: japachess (big blind) collected ($17.64)
Seat 6: Agrotait (button) (small blind) folded on the Turn


PokerStars Hand #166845439968:  Hold'em Limit ($3/$6 USD) - 2017/02/27 7:19:13 ET
Table 'Hunan' 6-max Seat #6 is the button
Seat 5: japachess ($105.86 in chips)
Seat 6: Agrotait ($139.52 in chips)
Agrotait: posts small blind $1
japachess: posts big blind $3
*** HOLE CARDS ***
Agrotait: raises $3 to $6
japachess: calls $3
*** FLOP *** [Jc Jh 7s]
japachess: checks
Agrotait: bets $3
japachess: folds
Uncalled bet ($3) returned to Agrotait
Agrotait collected $11.76 from pot
Agrotait: doesn't show hand
*** SUMMARY ***
Total pot $12 | Rake $0.24
Board [Jc Jh 7s]
Seat 5: japachess (big blind) folded on the Flop
Seat 6: Agrotait (button) (small blind) collected ($11.76)


PokerStars Hand #166845422575:  Hold'em Limit ($3/$6 USD) - 2017/02/27 7:18:38 ET
Table 'Hunan' 6-max Seat #5 is the button
Seat 5: japachess ($120.86 in chips)
Seat 6: Agrotait ($125.02 in chips)
japachess: posts small blind $1
Agrotait: posts big blind $3
*** HOLE CARDS ***
japachess: raises $3 to $6
Agrotait: calls $3
*** FLOP *** [6c 8c Qd]
Agrotait: checks
japachess: bets $3
Agrotait: calls $3
*** TURN *** [6c 8c Qd] [7s]
Agrotait: checks
japachess: bets $6
Agrotait: calls $6
*** RIVER *** [6c 8c Qd 7s] [Qc]
Agrotait: checks
japachess: checks
*** SHOW DOWN ***
Agrotait: shows [9s 6s] (two pair, Queens and Sixes)
japachess: mucks hand
Agrotait collected $29.50 from pot
*** SUMMARY ***
Total pot $30 | Rake $0.50
Board [6c 8c Qd 7s Qc]
Seat 5: japachess (button) (small blind) mucked
Seat 6: Agrotait (big blind) showed [9s 6s] and won ($29.50) with two pair, Queens and Sixes


PokerStars Hand #166845480464:  Hold'em Limit ($3/$6 USD) - 2017/02/27 7:20:33 ET
Table 'Hunan' 6-max Seat #5 is the button
Seat 5: japachess ($102.11 in chips)
Seat 6: Agrotait ($141.53 in chips)
japachess: posts small blind $1
Agrotait: posts big blind $3
*** HOLE CARDS ***
japachess: folds
Uncalled bet ($2) returned to Agrotait
Agrotait collected $2 from pot
Agrotait: doesn't show hand
*** SUMMARY ***
Total pot $2 | Rake $0
Seat 5: japachess (button) (small blind) folded before Flop
Seat 6: Agrotait (big blind) collected ($2)


PokerStars Hand #166845471776:  Hold'em Limit ($3/$6 USD) - 2017/02/27 7:20:16 ET
Table 'Hunan' 6-max Seat #6 is the button
Seat 5: japachess ($120.11 in chips)
Seat 6: Agrotait ($124.03 in chips)
Agrotait: posts small blind $1
japachess: posts big blind $3
*** HOLE CARDS ***
Agrotait: raises $3 to $6
japachess: calls $3
*** FLOP *** [8c Js 2c]
japachess: checks
Agrotait: checks
*** TURN *** [8c Js 2c] [9c]
japachess: bets $6
Agrotait: calls $6
*** RIVER *** [8c Js 2c 9c] [Td]
japachess: bets $6
Agrotait: calls $6
*** SHOW DOWN ***
japachess: shows [2s Ts] (two pair, Tens and Deuces)
Agrotait: shows [Th Tc] (three of a kind, Tens)
Agrotait collected $35.50 from pot
*** SUMMARY ***
Total pot $36 | Rake $0.50
Board [8c Js 2c 9c Td]
Seat 5: japachess (big blind) showed [2s Ts] and lost with two pair, Tens and Deuces
Seat 6: Agrotait (button) (small blind) showed [Th Tc] and won ($35.50) with three of a kind, Tens


PokerStars Hand #166845468130:  Hold'em Limit ($3/$6 USD) - 2017/02/27 7:20:09 ET
Table 'Hunan' 6-max Seat #5 is the button
Seat 5: japachess ($117.11 in chips)
Seat 6: Agrotait ($127.03 in chips)
japachess: posts small blind $1
Agrotait: posts big blind $3
*** HOLE CARDS ***
japachess: raises $3 to $6
Agrotait: folds
Uncalled bet ($3) returned to japachess
japachess collected $6 from pot
japachess: doesn't show hand
*** SUMMARY ***
Total pot $6 | Rake $0
Seat 5: japachess (button) (small blind) collected ($6)
Seat 6: Agrotait (big blind) folded before Flop


PokerStars Hand #166845457531:  Hold'em Limit ($3/$6 USD) - 2017/02/27 7:19:48 ET
Table 'Hunan' 6-max Seat #6 is the button
Seat 5: japachess ($99.61 in chips)
Seat 6: Agrotait ($145.03 in chips)
Agrotait: posts small blind $1
japachess: posts big blind $3
*** HOLE CARDS ***
Agrotait: raises $3 to $6
japachess: calls $3
*** FLOP *** [7d 8c Tc]
japachess: checks
Agrotait: bets $3
japachess: raises $3 to $6
Agrotait: calls $3
*** TURN *** [7d 8c Tc] [9d]
japachess: bets $6
Agrotait: calls $6
*** RIVER *** [7d 8c Tc 9d] [4d]
japachess: bets $6
Agrotait: folds
Uncalled bet ($6) returned to japachess
japachess collected $35.50 from pot
japachess: doesn't show hand
*** SUMMARY ***
Total pot $36 | Rake $0.50
Board [7d 8c Tc 9d 4d]
Seat 5: japachess (big blind) collected ($35.50)
Seat 6: Agrotait (button) (small blind) folded on the River


PokerStars Hand #166845446582:  Hold'em Limit ($3/$6 USD) - 2017/02/27 7:19:26 ET
Table 'Hunan' 6-max Seat #5 is the button
Seat 5: japachess ($99.86 in chips)
Seat 6: Agrotait ($145.28 in chips)
japachess: posts small blind $1
Agrotait: posts big blind $3
*** HOLE CARDS ***
japachess: raises $3 to $6
Agrotait: calls $3
*** FLOP *** [8h 7h 8s]
Agrotait: checks
japachess: bets $3
Agrotait: raises $3 to $6
japachess: calls $3
*** TURN *** [8h 7h 8s] [Ks]
Agrotait: bets $6
japachess: calls $6
*** RIVER *** [8h 7h 8s Ks] [9s]
Agrotait: checks
japachess: checks
*** SHOW DOWN ***
Agrotait: shows [6s 7c] (two pair, Eights and Sevens)
japachess: shows [7d 6d] (two pair, Eights and Sevens)
Agrotait collected $17.75 from pot
japachess collected $17.75 from pot
*** SUMMARY ***
Total pot $36 | Rake $0.50
Board [8h 7h 8s Ks 9s]
Seat 5: japachess (button) (small blind) showed [7d 6d] and won ($17.75) with two pair, Eights and Sevens
Seat 6: Agrotait (big blind) showed [6s 7c] and won ($17.75) with two pair, Eights and Sevens


PokerStars Hand #166845496533:  Hold'em Limit ($3/$6 USD) - 2017/02/27 7:21:06 ET
Table 'Hunan' 6-max Seat #6 is the button
Seat 5: japachess ($108.75 in chips)
Seat 6: Agrotait ($134.53 in chips)
Agrotait: posts small blind $1
japachess: posts big blind $3
*** HOLE CARDS ***
Agrotait: raises $3 to $6
japachess: calls $3
*** FLOP *** [8d 7s Jh]
japachess: checks
Agrotait: checks
*** TURN *** [8d 7s Jh] [Kh]
japachess: checks
Agrotait: checks
*** RIVER *** [8d 7s Jh Kh] [9h]
japachess: bets $6
Agrotait: folds
Uncalled bet ($6) returned to japachess
japachess collected $11.76 from pot
japachess: doesn't show hand
*** SUMMARY ***
Total pot $12 | Rake $0.24
Board [8d 7s Jh Kh 9h]
Seat 5: japachess (big blind) collected ($11.76)
Seat 6: Agrotait (button) (small blind) folded on the River


PokerStars Hand #166845494110:  Hold'em Limit ($3/$6 USD) - 2017/02/27 7:21:01 ET
Table 'Hunan' 6-max Seat #5 is the button
Seat 5: japachess ($109.75 in chips)
Seat 6: Agrotait ($133.53 in chips)
japachess: posts small blind $1
Agrotait: posts big blind $3
*** HOLE CARDS ***
japachess: folds
Uncalled bet ($2) returned to Agrotait
Agrotait collected $2 from pot
Agrotait: doesn't show hand
*** SUMMARY ***
Total pot $2 | Rake $0
Seat 5: japachess (button) (small blind) folded before Flop
Seat 6: Agrotait (big blind) collected ($2)


PokerStars Hand #166845482763:  Hold'em Limit ($3/$6 USD) - 2017/02/27 7:20:38 ET
Table 'Hunan' 6-max Seat #6 is the button
Seat 5: japachess ($101.11 in chips)
Seat 6: Agrotait ($142.53 in chips)
Agrotait: posts small blind $1
japachess: posts big blind $3
*** HOLE CARDS ***
Agrotait: raises $3 to $6
japachess: raises $3 to $9
Agrotait: calls $3
*** FLOP *** [Kc Tc Kd]
japachess: bets $3
Agrotait: folds
Uncalled bet ($3) returned to japachess
japachess collected $17.64 from pot
japachess: doesn't show hand
*** SUMMARY ***
Total pot $18 | Rake $0.36
Board [Kc Tc Kd]
Seat 5: japachess (big blind) collected ($17.64)
Seat 6: Agrotait (button) (small blind) folded on the Flop


PokerStars Hand #166845514920:  Hold'em Limit ($3/$6 USD) - 2017/02/27 7:21:42 ET
Table 'Hunan' 6-max Seat #6 is the button
Seat 5: japachess ($102.51 in chips)
Seat 6: Agrotait ($140.05 in chips)
Agrotait: posts small blind $1
japachess: posts big blind $3
*** HOLE CARDS ***
Agrotait: raises $3 to $6
japachess: raises $3 to $9
Agrotait: calls $3
*** FLOP *** [7c 4s 3d]
japachess: bets $3
Agrotait: raises $3 to $6
japachess: raises $3 to $9
Agrotait: calls $3
*** TURN *** [7c 4s 3d] [As]
japachess: bets $6
Agrotait: calls $6
*** RIVER *** [7c 4s 3d As] [Jd]
japachess: bets $6
Agrotait: folds
Uncalled bet ($6) returned to japachess
japachess collected $47.50 from pot
japachess: doesn't show hand
*** SUMMARY ***
Total pot $48 | Rake $0.50
Board [7c 4s 3d As Jd]
Seat 5: japachess (big blind) collected ($47.50)
Seat 6: Agrotait (button) (small blind) folded on the River


PokerStars Hand #166845506801:  Hold'em Limit ($3/$6 USD) - 2017/02/27 7:21:26 ET
Table 'Hunan' 6-max Seat #5 is the button
Seat 5: japachess ($114.51 in chips)
Seat 6: Agrotait ($128.53 in chips)
japachess: posts small blind $1
Agrotait: posts big blind $3
*** HOLE CARDS ***
japachess: raises $3 to $6
Agrotait: calls $3
*** FLOP *** [Qc 4h Jh]
Agrotait: checks
japachess: bets $3
Agrotait: raises $3 to $6
japachess: calls $3
*** TURN *** [Qc 4h Jh] [Js]
Agrotait: bets $6
japachess: folds
Uncalled bet ($6) returned to Agrotait
Agrotait collected $23.52 from pot
Agrotait: doesn't show hand
*** SUMMARY ***
Total pot $24 | Rake $0.48
Board [Qc 4h Jh Js]
Seat 5: japachess (button) (small blind) folded on the Turn
Seat 6: Agrotait (big blind) collected ($23.52)


PokerStars Hand #166845534348:  Hold'em Limit ($3/$6 USD) - 2017/02/27 7:22:21 ET
Table 'Hunan' 6-max Seat #5 is the button
Seat 5: japachess ($126.01 in chips)
Seat 6: Agrotait ($116.05 in chips)
japachess: posts small blind $1
Agrotait: posts big blind $3
*** HOLE CARDS ***
japachess: raises $3 to $6
Agrotait: calls $3
*** FLOP *** [Ah 5d 4s]
Agrotait: checks
japachess: checks
*** TURN *** [Ah 5d 4s] [Jh]
Agrotait: checks
japachess: checks
*** RIVER *** [Ah 5d 4s Jh] [Ad]
Agrotait: checks
japachess: checks
*** SHOW DOWN ***
Agrotait: shows [7s Th] (a pair of Aces)
japachess: shows [Qc 3c] (a pair of Aces - Queen kicker)
japachess collected $11.76 from pot
*** SUMMARY ***
Total pot $12 | Rake $0.24
Board [Ah 5d 4s Jh Ad]
Seat 5: japachess (button) (small blind) showed [Qc 3c] and won ($11.76) with a pair of Aces
Seat 6: Agrotait (big blind) showed [7s Th] and lost with a pair of Aces


PokerStars Hand #166845542637:  Hold'em Limit ($3/$6 USD) - 2017/02/27 7:22:37 ET
Table 'Hunan' 6-max Seat #6 is the button
Seat 5: japachess ($131.77 in chips)
Seat 6: Agrotait ($110.05 in chips)
Agrotait: posts small blind $1
japachess: posts big blind $3
*** HOLE CARDS ***
Agrotait: raises $3 to $6
japachess: raises $3 to $9
Agrotait: calls $3
*** FLOP *** [6h 7c 2c]
japachess: bets $3
Agrotait: calls $3
*** TURN *** [6h 7c 2c] [3h]
japachess: bets $6
mazael joins the table at seat #1
Agrotait: calls $6
*** RIVER *** [6h 7c 2c 3h] [Th]
japachess: bets $6
Agrotait: calls $6
*** SHOW DOWN ***
japachess: shows [Js Jd] (a pair of Jacks)
Agrotait: mucks hand
japachess collected $47.50 from pot
*** SUMMARY ***
Total pot $48 | Rake $0.50
Board [6h 7c 2c 3h Th]
Seat 5: japachess (big blind) showed [Js Jd] and won ($47.50) with a pair of Jacks
Seat 6: Agrotait (button) (small blind) mucked


PokerStars Hand #166845551056:  Hold'em Limit ($3/$6 USD) - 2017/02/27 7:22:54 ET
Table 'Hunan' 6-max Seat #5 is the button
Seat 5: japachess ($155.27 in chips)
Seat 6: Agrotait ($86.05 in chips)
japachess: posts small blind $1
Agrotait: posts big blind $3
*** HOLE CARDS ***
japachess: raises $3 to $6
Agrotait: raises $3 to $9
japachess: calls $3
*** FLOP *** [8d Ah Jh]
Agrotait: bets $3
japachess: folds
Uncalled bet ($3) returned to Agrotait
Agrotait collected $17.64 from pot
Agrotait: doesn't show hand
*** SUMMARY ***
Total pot $18 | Rake $0.36
Board [8d Ah Jh]
Seat 5: japachess (button) (small blind) folded on the Flop
Seat 6: Agrotait (big blind) collected ($17.64)


PokerStars Hand #166848488030:  Hold'em Limit ($3/$6 USD) - 2017/02/27 8:53:38 ET
Table 'Hunan' 6-max Seat #2 is the button
Seat 1: maksimus16 ($30.09 in chips)
Seat 2: TinaTurner72 ($95.54 in chips)
TinaTurner72: posts small blind $1
maksimus16: posts big blind $3
*** HOLE CARDS ***
MMike1948 leaves the table
TinaTurner72: raises $3 to $6
maksimus16: folds
Uncalled bet ($3) returned to TinaTurner72
TinaTurner72 collected $6 from pot
TinaTurner72: doesn't show hand
*** SUMMARY ***
Total pot $6 | Rake $0
Seat 1: maksimus16 (big blind) folded before Flop
Seat 2: TinaTurner72 (button) (small blind) collected ($6)


