PokerStars Hand #145554630176:  Hold'em Limit ($3/$6 USD) - 2015/12/18 18:09:42 ET
Table 'Hunan' 2-max Seat #1 is the button
Seat 1: naruto897 ($35.81 in chips)
Seat 2: elifnur2008 ($94.50 in chips)
naruto897: posts small blind $1
elifnur2008: posts big blind $3
*** HOLE CARDS ***
naruto897: raises $3 to $6
elifnur2008: raises $3 to $9
naruto897: raises $3 to $12
Betting is capped
elifnur2008: calls $3
*** FLOP *** [Ah Qc Qd]
elifnur2008: bets $3
naruto897: raises $3 to $6
elifnur2008: calls $3
*** TURN *** [Ah Qc Qd] [9d]
elifnur2008: checks
naruto897: bets $6
elifnur2008: raises $6 to $12
naruto897: raises $5.81 to $17.81 and is all-in
elifnur2008: calls $5.81
*** RIVER *** [Ah Qc Qd 9d] [3s]
*** SHOW DOWN ***
elifnur2008: shows [Ac Qs] (a full house, Queens full of Aces)
naruto897: shows [6h 9s] (two pair, Queens and Nines)
elifnur2008 collected $71.12 from pot
*** SUMMARY ***
Total pot $71.62 | Rake $0.50
Board [Ah Qc Qd 9d 3s]
Seat 1: naruto897 (button) (small blind) showed [6h 9s] and lost with two pair, Queens and Nines
Seat 2: elifnur2008 (big blind) showed [Ac Qs] and won ($71.12) with a full house, Queens full of Aces


