PokerStars Hand #158340490707:  Hold'em Limit ($3/$6 USD) - 2016/09/08 15:43:09 ET
Table 'Hunan II' 6-max Seat #3 is the button
Seat 3: CatPuppy1999 ($83.52 in chips)
Seat 6: PeteSvensson ($140.14 in chips)
CatPuppy1999: posts small blind $1
PeteSvensson: posts big blind $3
*** HOLE CARDS ***
CatPuppy1999: raises $3 to $6
PeteSvensson: calls $3
*** FLOP *** [8c Ad 7c]
PeteSvensson: checks
CatPuppy1999: bets $3
PeteSvensson: raises $3 to $6
CatPuppy1999: calls $3
*** TURN *** [8c Ad 7c] [Ts]
PeteSvensson: bets $6
CatPuppy1999: raises $6 to $12
PeteSvensson: raises $6 to $18
CatPuppy1999: calls $6
*** RIVER *** [8c Ad 7c Ts] [9s]
PeteSvensson: bets $6
CatPuppy1999: folds
Uncalled bet ($6) returned to PeteSvensson
PeteSvensson collected $59.50 from pot
*** SUMMARY ***
Total pot $60 | Rake $0.50
Board [8c Ad 7c Ts 9s]
Seat 3: CatPuppy1999 (button) (small blind) folded on the River
Seat 6: PeteSvensson (big blind) collected ($59.50)


PokerStars Hand #158340469341:  Hold'em Limit ($3/$6 USD) - 2016/09/08 15:42:44 ET
Table 'Hunan II' 6-max Seat #6 is the button
Seat 3: CatPuppy1999 ($72 in chips)
Seat 6: PeteSvensson ($152.14 in chips)
PeteSvensson: posts small blind $1
CatPuppy1999: posts big blind $3
*** HOLE CARDS ***
PeteSvensson: raises $3 to $6
CatPuppy1999: calls $3
*** FLOP *** [Kc 9h Jc]
CatPuppy1999: checks
PeteSvensson: checks
*** TURN *** [Kc 9h Jc] [Qd]
CatPuppy1999: checks
PeteSvensson: bets $6
CatPuppy1999: calls $6
*** RIVER *** [Kc 9h Jc Qd] [5c]
CatPuppy1999: checks
PeteSvensson: checks
*** SHOW DOWN ***
CatPuppy1999: shows [9s 8h] (a pair of Nines)
PeteSvensson: mucks hand
CatPuppy1999 collected $23.52 from pot
*** SUMMARY ***
Total pot $24 | Rake $0.48
Board [Kc 9h Jc Qd 5c]
Seat 3: CatPuppy1999 (big blind) showed [9s 8h] and won ($23.52) with a pair of Nines
Seat 6: PeteSvensson (button) (small blind) mucked


PokerStars Hand #158340525799:  Hold'em Limit ($3/$6 USD) - 2016/09/08 15:43:48 ET
Table 'Hunan II' 6-max Seat #6 is the button
Seat 3: CatPuppy1999 ($72 in chips)
Seat 6: PeteSvensson ($169.64 in chips)
PeteSvensson: posts small blind $1
CatPuppy1999: posts big blind $3
*** HOLE CARDS ***
PeteSvensson: raises $3 to $6
CatPuppy1999: calls $3
*** FLOP *** [6d 5s Qh]
CatPuppy1999: checks
PeteSvensson: bets $3
CatPuppy1999: calls $3
*** TURN *** [6d 5s Qh] [6c]
CatPuppy1999: checks
PeteSvensson: bets $6
CatPuppy1999: calls $6
*** RIVER *** [6d 5s Qh 6c] [Ks]
CatPuppy1999: checks
PeteSvensson: bets $6
CatPuppy1999: folds
Uncalled bet ($6) returned to PeteSvensson
PeteSvensson collected $29.50 from pot
*** SUMMARY ***
Total pot $30 | Rake $0.50
Board [6d 5s Qh 6c Ks]
Seat 3: CatPuppy1999 (big blind) folded on the River
Seat 6: PeteSvensson (button) (small blind) collected ($29.50)


PokerStars Hand #158340645855:  Hold'em Limit ($3/$6 USD) - 2016/09/08 15:45:55 ET
Table 'Hunan II' 6-max Seat #6 is the button
Seat 3: CatPuppy1999 ($72 in chips)
Seat 6: PeteSvensson ($236.39 in chips)
PeteSvensson: posts small blind $1
CatPuppy1999: posts big blind $3
*** HOLE CARDS ***
PeteSvensson: raises $3 to $6
CatPuppy1999: raises $3 to $9
PeteSvensson: calls $3
*** FLOP *** [Tc Qc Kc]
CatPuppy1999: bets $3
PeteSvensson: calls $3
*** TURN *** [Tc Qc Kc] [2h]
CatPuppy1999: checks
PeteSvensson: checks
*** RIVER *** [Tc Qc Kc 2h] [3d]
CatPuppy1999: checks
PeteSvensson: checks
*** SHOW DOWN ***
CatPuppy1999: shows [9d 9s] (a pair of Nines)
PeteSvensson: mucks hand
CatPuppy1999 collected $23.52 from pot
*** SUMMARY ***
Total pot $24 | Rake $0.48
Board [Tc Qc Kc 2h 3d]
Seat 3: CatPuppy1999 (big blind) showed [9d 9s] and won ($23.52) with a pair of Nines
Seat 6: PeteSvensson (button) (small blind) mucked


PokerStars Hand #158340629773:  Hold'em Limit ($3/$6 USD) - 2016/09/08 15:45:37 ET
Table 'Hunan II' 6-max Seat #3 is the button
Seat 3: CatPuppy1999 ($72 in chips)
Seat 6: PeteSvensson ($206.89 in chips)
CatPuppy1999: posts small blind $1
PeteSvensson: posts big blind $3
*** HOLE CARDS ***
CatPuppy1999: raises $3 to $6
PeteSvensson: calls $3
*** FLOP *** [9c 5d 7c]
PeteSvensson: checks
CatPuppy1999: checks
*** TURN *** [9c 5d 7c] [Ah]
PeteSvensson: bets $6
CatPuppy1999: raises $6 to $12
PeteSvensson: raises $6 to $18
CatPuppy1999: calls $6
*** RIVER *** [9c 5d 7c Ah] [6s]
PeteSvensson: bets $6
CatPuppy1999: calls $6
*** SHOW DOWN ***
PeteSvensson: shows [9s Ad] (two pair, Aces and Nines)
CatPuppy1999: mucks hand
PeteSvensson collected $59.50 from pot
*** SUMMARY ***
Total pot $60 | Rake $0.50
Board [9c 5d 7c Ah 6s]
Seat 3: CatPuppy1999 (button) (small blind) mucked
Seat 6: PeteSvensson (big blind) showed [9s Ad] and won ($59.50) with two pair, Aces and Nines


PokerStars Hand #158340614849:  Hold'em Limit ($3/$6 USD) - 2016/09/08 15:45:20 ET
Table 'Hunan II' 6-max Seat #6 is the button
Seat 3: CatPuppy1999 ($83.27 in chips)
Seat 6: PeteSvensson ($189.39 in chips)
PeteSvensson: posts small blind $1
CatPuppy1999: posts big blind $3
*** HOLE CARDS ***
PeteSvensson: raises $3 to $6
CatPuppy1999: calls $3
*** FLOP *** [6h Qs Ac]
CatPuppy1999: checks
PeteSvensson: checks
*** TURN *** [6h Qs Ac] [8c]
CatPuppy1999: bets $6
PeteSvensson: calls $6
*** RIVER *** [6h Qs Ac 8c] [Kc]
CatPuppy1999: bets $6
PeteSvensson: calls $6
*** SHOW DOWN ***
CatPuppy1999: shows [7h 5d] (high card Ace)
PeteSvensson: shows [Js Jd] (a pair of Jacks)
PeteSvensson collected $35.50 from pot
*** SUMMARY ***
Total pot $36 | Rake $0.50
Board [6h Qs Ac 8c Kc]
Seat 3: CatPuppy1999 (big blind) showed [7h 5d] and lost with high card Ace
Seat 6: PeteSvensson (button) (small blind) showed [Js Jd] and won ($35.50) with a pair of Jacks


PokerStars Hand #158340591459:  Hold'em Limit ($3/$6 USD) - 2016/09/08 15:45:02 ET
Table 'Hunan II' 6-max Seat #3 is the button
Seat 3: CatPuppy1999 ($83.52 in chips)
Seat 6: PeteSvensson ($189.64 in chips)
CatPuppy1999: posts small blind $1
PeteSvensson: posts big blind $3
*** HOLE CARDS ***
CatPuppy1999: raises $3 to $6
PeteSvensson: calls $3
*** FLOP *** [Kd 7h Jh]
PeteSvensson: checks
CatPuppy1999: checks
*** TURN *** [Kd 7h Jh] [6h]
PeteSvensson: bets $6
CatPuppy1999: calls $6
*** RIVER *** [Kd 7h Jh 6h] [Ks]
PeteSvensson: bets $6
CatPuppy1999: calls $6
*** SHOW DOWN ***
PeteSvensson: shows [7d 5s] (two pair, Kings and Sevens)
CatPuppy1999: shows [7s 8h] (two pair, Kings and Sevens)
PeteSvensson collected $17.75 from pot
CatPuppy1999 collected $17.75 from pot
*** SUMMARY ***
Total pot $36 | Rake $0.50
Board [Kd 7h Jh 6h Ks]
Seat 3: CatPuppy1999 (button) (small blind) showed [7s 8h] and won ($17.75) with two pair, Kings and Sevens
Seat 6: PeteSvensson (big blind) showed [7d 5s] and won ($17.75) with two pair, Kings and Sevens


PokerStars Hand #158340577070:  Hold'em Limit ($3/$6 USD) - 2016/09/08 15:44:46 ET
Table 'Hunan II' 6-max Seat #6 is the button
Seat 3: CatPuppy1999 ($72 in chips)
Seat 6: PeteSvensson ($201.64 in chips)
PeteSvensson: posts small blind $1
CatPuppy1999: posts big blind $3
*** HOLE CARDS ***
PeteSvensson: raises $3 to $6
CatPuppy1999: raises $3 to $9
PeteSvensson: calls $3
*** FLOP *** [2c 9c 7s]
CatPuppy1999: bets $3
PeteSvensson: calls $3
*** TURN *** [2c 9c 7s] [2d]
CatPuppy1999: bets $6
PeteSvensson: folds
Uncalled bet ($6) returned to CatPuppy1999
CatPuppy1999 collected $23.52 from pot
CatPuppy1999: doesn't show hand
*** SUMMARY ***
Total pot $24 | Rake $0.48
Board [2c 9c 7s 2d]
Seat 3: CatPuppy1999 (big blind) collected ($23.52)
Seat 6: PeteSvensson (button) (small blind) folded on the Turn


PokerStars Hand #158340563974:  Hold'em Limit ($3/$6 USD) - 2016/09/08 15:44:31 ET
Table 'Hunan II' 6-max Seat #3 is the button
Seat 3: CatPuppy1999 ($72 in chips)
Seat 6: PeteSvensson ($184.14 in chips)
CatPuppy1999: posts small blind $1
PeteSvensson: posts big blind $3
*** HOLE CARDS ***
CatPuppy1999: raises $3 to $6
PeteSvensson: calls $3
*** FLOP *** [Kc 3c 9d]
PeteSvensson: checks
CatPuppy1999: checks
*** TURN *** [Kc 3c 9d] [Ts]
PeteSvensson: bets $6
CatPuppy1999: calls $6
*** RIVER *** [Kc 3c 9d Ts] [2c]
PeteSvensson: bets $6
CatPuppy1999: calls $6
*** SHOW DOWN ***
PeteSvensson: shows [7c 9c] (a flush, King high)
CatPuppy1999: mucks hand
PeteSvensson collected $35.50 from pot
*** SUMMARY ***
Total pot $36 | Rake $0.50
Board [Kc 3c 9d Ts 2c]
Seat 3: CatPuppy1999 (button) (small blind) mucked
Seat 6: PeteSvensson (big blind) showed [7c 9c] and won ($35.50) with a flush, King high


PokerStars Hand #158340666334:  Hold'em Limit ($3/$6 USD) - 2016/09/08 15:46:18 ET
Table 'Hunan II' 6-max Seat #3 is the button
Seat 3: CatPuppy1999 ($83.52 in chips)
Seat 6: PeteSvensson ($224.39 in chips)
CatPuppy1999: posts small blind $1
PeteSvensson: posts big blind $3
*** HOLE CARDS ***
CatPuppy1999: raises $3 to $6
PeteSvensson: folds
Uncalled bet ($3) returned to CatPuppy1999
CatPuppy1999 collected $6 from pot
CatPuppy1999: doesn't show hand
*** SUMMARY ***
Total pot $6 | Rake $0
Seat 3: CatPuppy1999 (button) (small blind) collected ($6)
Seat 6: PeteSvensson (big blind) folded before Flop


PokerStars Hand #158340706825:  Hold'em Limit ($3/$6 USD) - 2016/09/08 15:47:04 ET
Table 'Hunan II' 6-max Seat #3 is the button
Seat 3: CatPuppy1999 ($101.02 in chips)
Seat 6: PeteSvensson ($206.39 in chips)
CatPuppy1999: posts small blind $1
PeteSvensson: posts big blind $3
*** HOLE CARDS ***
CatPuppy1999: raises $3 to $6
PeteSvensson: folds
Uncalled bet ($3) returned to CatPuppy1999
Auge72 joins the table at seat #2
CatPuppy1999 collected $6 from pot
CatPuppy1999: doesn't show hand
*** SUMMARY ***
Total pot $6 | Rake $0
Seat 3: CatPuppy1999 (button) (small blind) collected ($6)
Seat 6: PeteSvensson (big blind) folded before Flop


PokerStars Hand #158340671173:  Hold'em Limit ($3/$6 USD) - 2016/09/08 15:46:24 ET
Table 'Hunan II' 6-max Seat #6 is the button
Seat 3: CatPuppy1999 ($86.52 in chips)
Seat 6: PeteSvensson ($221.39 in chips)
PeteSvensson: posts small blind $1
CatPuppy1999: posts big blind $3
*** HOLE CARDS ***
PeteSvensson: raises $3 to $6
CatPuppy1999: calls $3
*** FLOP *** [4c 9s Th]
CatPuppy1999: checks
PeteSvensson: bets $3
CatPuppy1999: calls $3
*** TURN *** [4c 9s Th] [9c]
CatPuppy1999: checks
PeteSvensson: bets $6
CatPuppy1999: calls $6
*** RIVER *** [4c 9s Th 9c] [2s]
CatPuppy1999: checks
PeteSvensson: checks
*** SHOW DOWN ***
CatPuppy1999: shows [3h Kd] (a pair of Nines)
PeteSvensson: mucks hand
CatPuppy1999 collected $29.50 from pot
*** SUMMARY ***
Total pot $30 | Rake $0.50
Board [4c 9s Th 9c 2s]
Seat 3: CatPuppy1999 (big blind) showed [3h Kd] and won ($29.50) with a pair of Nines
Seat 6: PeteSvensson (button) (small blind) mucked


PokerStars Hand #158341804041:  Hold'em Limit ($3/$6 USD) - 2016/09/08 16:09:02 ET
Table 'Hunan II' 6-max Seat #6 is the button
Seat 4: Chessnok ($116 in chips)
Seat 6: wobetting ($68.98 in chips)
wobetting: posts small blind $1
todemoon: is sitting out
Chessnok: posts big blind $3
*** HOLE CARDS ***
wobetting: raises $3 to $6
Chessnok: calls $3
*** FLOP *** [Jh 2d 5h]
todemoon leaves the table
Chessnok: checks
Co$@no$tr@ joins the table at seat #3
wobetting: bets $3
Chessnok: raises $3 to $6
wobetting: calls $3
*** TURN *** [Jh 2d 5h] [Kc]
Chessnok: bets $6
wobetting: raises $6 to $12
vestimokrec joins the table at seat #5
Chessnok: calls $6
*** RIVER *** [Jh 2d 5h Kc] [7c]
Chessnok: checks
wobetting: bets $6
Chessnok: calls $6
*** SHOW DOWN ***
wobetting: shows [Jd Kh] (two pair, Kings and Jacks)
Chessnok: mucks hand
wobetting collected $59.50 from pot
*** SUMMARY ***
Total pot $60 | Rake $0.50
Board [Jh 2d 5h Kc 7c]
Seat 4: Chessnok (big blind) mucked
Seat 6: wobetting (button) (small blind) showed [Jd Kh] and won ($59.50) with two pair, Kings and Jacks


PokerStars Hand #158342773256:  Hold'em Limit ($3/$6 USD) - 2016/09/08 16:27:12 ET
Table 'Hunan II' 6-max Seat #5 is the button
Seat 4: Chessnok ($88.35 in chips)
Seat 5: todemoon ($37.29 in chips)
todemoon: posts small blind $1
wobetting: is sitting out
Chessnok: posts big blind $3
*** HOLE CARDS ***
todemoon: folds
Uncalled bet ($2) returned to Chessnok
Chessnok collected $2 from pot
Chessnok: doesn't show hand
*** SUMMARY ***
Total pot $2 | Rake $0
Seat 4: Chessnok (big blind) collected ($2)
Seat 5: todemoon (button) (small blind) folded before Flop


