PokerStars Hand #155325841837:  Hold'em Limit ($3/$6 USD) - 2016/06/28 20:30:34 ET
Table 'Hunan' 6-max Seat #4 is the button
Seat 3: packesel ($270.97 in chips)
Seat 4: RaisemyNut$ ($103.41 in chips)
RaisemyNut$: posts small blind $1
packesel: posts big blind $3
*** HOLE CARDS ***
RaisemyNut$: folds
Uncalled bet ($2) returned to packesel
packesel collected $2 from pot
packesel: doesn't show hand
*** SUMMARY ***
Total pot $2 | Rake $0
Seat 3: packesel (big blind) collected ($2)
Seat 4: RaisemyNut$ (button) (small blind) folded before Flop


PokerStars Hand #155325838868:  Hold'em Limit ($3/$6 USD) - 2016/06/28 20:30:28 ET
Table 'Hunan' 6-max Seat #3 is the button
Seat 3: packesel ($267.97 in chips)
Seat 4: RaisemyNut$ ($106.41 in chips)
packesel: posts small blind $1
RaisemyNut$: posts big blind $3
*** HOLE CARDS ***
packesel: raises $3 to $6
RaisemyNut$: folds
Uncalled bet ($3) returned to packesel
packesel collected $6 from pot
packesel: doesn't show hand
*** SUMMARY ***
Total pot $6 | Rake $0
Seat 3: packesel (button) (small blind) collected ($6)
Seat 4: RaisemyNut$ (big blind) folded before Flop


PokerStars Hand #155325843815:  Hold'em Limit ($3/$6 USD) - 2016/06/28 20:30:39 ET
Table 'Hunan' 6-max Seat #3 is the button
Seat 3: packesel ($271.97 in chips)
Seat 4: RaisemyNut$ ($102.41 in chips)
packesel: posts small blind $1
RaisemyNut$: posts big blind $3
*** HOLE CARDS ***
packesel: calls $2
RaisemyNut$: raises $3 to $6
packesel: folds
Uncalled bet ($3) returned to RaisemyNut$
RaisemyNut$ collected $6 from pot
RaisemyNut$: doesn't show hand
*** SUMMARY ***
Total pot $6 | Rake $0
Seat 3: packesel (button) (small blind) folded before Flop
Seat 4: RaisemyNut$ (big blind) collected ($6)


PokerStars Hand #155325852654:  Hold'em Limit ($3/$6 USD) - 2016/06/28 20:30:47 ET
Table 'Hunan' 6-max Seat #4 is the button
Seat 3: packesel ($268.97 in chips)
Seat 4: RaisemyNut$ ($105.41 in chips)
RaisemyNut$: posts small blind $1
packesel: posts big blind $3
*** HOLE CARDS ***
RaisemyNut$: raises $3 to $6
packesel: calls $3
*** FLOP *** [Qd 6s 9d]
packesel: bets $3
RaisemyNut$: raises $3 to $6
packesel: calls $3
*** TURN *** [Qd 6s 9d] [6h]
packesel: bets $6
RaisemyNut$: raises $6 to $12
packesel: calls $6
*** RIVER *** [Qd 6s 9d 6h] [Tc]
packesel: checks
RaisemyNut$: checks
*** SHOW DOWN ***
packesel: shows [6d Jd] (three of a kind, Sixes)
RaisemyNut$: mucks hand
packesel collected $47.50 from pot
*** SUMMARY ***
Total pot $48 | Rake $0.50
Board [Qd 6s 9d 6h Tc]
Seat 3: packesel (big blind) showed [6d Jd] and won ($47.50) with three of a kind, Sixes
Seat 4: RaisemyNut$ (button) (small blind) mucked


PokerStars Hand #155325827054:  Hold'em Limit ($3/$6 USD) - 2016/06/28 20:30:01 ET
Table 'Hunan' 6-max Seat #3 is the button
Seat 3: packesel ($262.33 in chips)
Seat 4: RaisemyNut$ ($112.53 in chips)
packesel: posts small blind $1
RaisemyNut$: posts big blind $3
*** HOLE CARDS ***
packesel: calls $2
RaisemyNut$: checks
*** FLOP *** [8d Qc 2d]
RaisemyNut$: checks
packesel: checks
*** TURN *** [8d Qc 2d] [Jd]
RaisemyNut$: bets $6
packesel: folds
Uncalled bet ($6) returned to RaisemyNut$
RaisemyNut$ collected $5.88 from pot
RaisemyNut$: doesn't show hand
*** SUMMARY ***
Total pot $6 | Rake $0.12
Board [8d Qc 2d Jd]
Seat 3: packesel (button) (small blind) folded on the Turn
Seat 4: RaisemyNut$ (big blind) collected ($5.88)


PokerStars Hand #155325832436:  Hold'em Limit ($3/$6 USD) - 2016/06/28 20:30:13 ET
Table 'Hunan' 6-max Seat #4 is the button
Seat 3: packesel ($259.33 in chips)
Seat 4: RaisemyNut$ ($115.41 in chips)
RaisemyNut$: posts small blind $1
packesel: posts big blind $3
*** HOLE CARDS ***
RaisemyNut$: raises $3 to $6
packesel: calls $3
*** FLOP *** [Qc Ah 2d]
packesel: bets $3
RaisemyNut$: calls $3
*** TURN *** [Qc Ah 2d] [7d]
packesel: bets $6
RaisemyNut$: folds
Uncalled bet ($6) returned to packesel
packesel collected $17.64 from pot
packesel: doesn't show hand
*** SUMMARY ***
Total pot $18 | Rake $0.36
Board [Qc Ah 2d 7d]
Seat 3: packesel (big blind) collected ($17.64)
Seat 4: RaisemyNut$ (button) (small blind) folded on the Turn


PokerStars Hand #155325871908:  Hold'em Limit ($3/$6 USD) - 2016/06/28 20:31:31 ET
Table 'Hunan' 6-max Seat #3 is the button
Seat 3: packesel ($268.47 in chips)
Seat 4: RaisemyNut$ ($104.91 in chips)
packesel: posts small blind $1
RaisemyNut$: posts big blind $3
*** HOLE CARDS ***
packesel: folds
Uncalled bet ($2) returned to RaisemyNut$
RaisemyNut$ collected $2 from pot
RaisemyNut$: doesn't show hand
*** SUMMARY ***
Total pot $2 | Rake $0
Seat 3: packesel (button) (small blind) folded before Flop
Seat 4: RaisemyNut$ (big blind) collected ($2)


PokerStars Hand #155325874348:  Hold'em Limit ($3/$6 USD) - 2016/06/28 20:31:36 ET
Table 'Hunan' 6-max Seat #4 is the button
Seat 3: packesel ($267.47 in chips)
Seat 4: RaisemyNut$ ($105.91 in chips)
RaisemyNut$: posts small blind $1
packesel: posts big blind $3
*** HOLE CARDS ***
RaisemyNut$: raises $3 to $6
packesel: folds
Uncalled bet ($3) returned to RaisemyNut$
RaisemyNut$ collected $6 from pot
RaisemyNut$: doesn't show hand
*** SUMMARY ***
Total pot $6 | Rake $0
Seat 3: packesel (big blind) folded before Flop
Seat 4: RaisemyNut$ (button) (small blind) collected ($6)


PokerStars Hand #155325876872:  Hold'em Limit ($3/$6 USD) - 2016/06/28 20:31:42 ET
Table 'Hunan' 6-max Seat #3 is the button
Seat 3: packesel ($264.47 in chips)
Seat 4: RaisemyNut$ ($108.91 in chips)
packesel: posts small blind $1
RaisemyNut$: posts big blind $3
*** HOLE CARDS ***
packesel: calls $2
RaisemyNut$: raises $3 to $6
packesel: calls $3
*** FLOP *** [Jh 8c Ad]
RaisemyNut$: checks
packesel: bets $3
RaisemyNut$: calls $3
*** TURN *** [Jh 8c Ad] [3h]
RaisemyNut$: checks
packesel: bets $6
RaisemyNut$: calls $6
*** RIVER *** [Jh 8c Ad 3h] [2d]
RaisemyNut$: checks
packesel: checks
*** SHOW DOWN ***
RaisemyNut$: shows [Jc 5c] (a pair of Jacks)
packesel: mucks hand
RaisemyNut$ collected $29.50 from pot
*** SUMMARY ***
Total pot $30 | Rake $0.50
Board [Jh 8c Ad 3h 2d]
Seat 3: packesel (button) (small blind) mucked
Seat 4: RaisemyNut$ (big blind) showed [Jc 5c] and won ($29.50) with a pair of Jacks


PokerStars Hand #155325868940:  Hold'em Limit ($3/$6 USD) - 2016/06/28 20:31:24 ET
Table 'Hunan' 6-max Seat #4 is the button
Seat 3: packesel ($271.47 in chips)
Seat 4: RaisemyNut$ ($101.91 in chips)
RaisemyNut$: posts small blind $1
packesel: posts big blind $3
*** HOLE CARDS ***
RaisemyNut$: raises $3 to $6
packesel: folds
Uncalled bet ($3) returned to RaisemyNut$
RaisemyNut$ collected $6 from pot
RaisemyNut$: doesn't show hand
*** SUMMARY ***
Total pot $6 | Rake $0
Seat 3: packesel (big blind) folded before Flop
Seat 4: RaisemyNut$ (button) (small blind) collected ($6)


PokerStars Hand #155325860950:  Hold'em Limit ($3/$6 USD) - 2016/06/28 20:31:06 ET
Table 'Hunan' 6-max Seat #3 is the button
Seat 3: packesel ($292.47 in chips)
Seat 4: RaisemyNut$ ($81.41 in chips)
packesel: posts small blind $1
RaisemyNut$: posts big blind $3
*** HOLE CARDS ***
packesel: calls $2
RaisemyNut$: raises $3 to $6
packesel: calls $3
*** FLOP *** [2s 6d 2d]
RaisemyNut$: bets $3
packesel: calls $3
*** TURN *** [2s 6d 2d] [8h]
RaisemyNut$: bets $6
packesel: calls $6
*** RIVER *** [2s 6d 2d 8h] [5c]
RaisemyNut$: bets $6
packesel: calls $6
*** SHOW DOWN ***
RaisemyNut$: shows [5h Ah] (two pair, Fives and Deuces)
packesel: mucks hand
RaisemyNut$ collected $41.50 from pot
*** SUMMARY ***
Total pot $42 | Rake $0.50
Board [2s 6d 2d 8h 5c]
Seat 3: packesel (button) (small blind) mucked
Seat 4: RaisemyNut$ (big blind) showed [5h Ah] and won ($41.50) with two pair, Fives and Deuces


PokerStars Hand #155325892827:  Hold'em Limit ($3/$6 USD) - 2016/06/28 20:32:19 ET
Table 'Hunan' 6-max Seat #3 is the button
Seat 3: packesel ($255.23 in chips)
Seat 4: RaisemyNut$ ($117.41 in chips)
packesel: posts small blind $1
RaisemyNut$: posts big blind $3
*** HOLE CARDS ***
packesel: folds
Uncalled bet ($2) returned to RaisemyNut$
RaisemyNut$ collected $2 from pot
RaisemyNut$: doesn't show hand
*** SUMMARY ***
Total pot $2 | Rake $0
Seat 3: packesel (button) (small blind) folded before Flop
Seat 4: RaisemyNut$ (big blind) collected ($2)


PokerStars Hand #155325902225:  Hold'em Limit ($3/$6 USD) - 2016/06/28 20:32:40 ET
Table 'Hunan' 6-max Seat #3 is the button
Seat 3: packesel ($277.73 in chips)
Seat 4: RaisemyNut$ ($94.41 in chips)
packesel: posts small blind $1
RaisemyNut$: posts big blind $3
*** HOLE CARDS ***
packesel: calls $2
RaisemyNut$: checks
*** FLOP *** [Qc 2s Js]
RaisemyNut$: checks
packesel: bets $3
RaisemyNut$: folds
Uncalled bet ($3) returned to packesel
packesel collected $5.88 from pot
packesel: doesn't show hand
*** SUMMARY ***
Total pot $6 | Rake $0.12
Board [Qc 2s Js]
Seat 3: packesel (button) (small blind) collected ($5.88)
Seat 4: RaisemyNut$ (big blind) folded on the Flop


PokerStars Hand #155325906906:  Hold'em Limit ($3/$6 USD) - 2016/06/28 20:32:51 ET
Table 'Hunan' 6-max Seat #4 is the button
Seat 3: packesel ($280.61 in chips)
Seat 4: RaisemyNut$ ($91.41 in chips)
RaisemyNut$: posts small blind $1
packesel: posts big blind $3
*** HOLE CARDS ***
RaisemyNut$: raises $3 to $6
packesel: calls $3
*** FLOP *** [8s 3c 5h]
packesel: checks
RaisemyNut$: bets $3
packesel: calls $3
*** TURN *** [8s 3c 5h] [Td]
packesel: bets $6
RaisemyNut$: calls $6
*** RIVER *** [8s 3c 5h Td] [5d]
packesel: bets $6
RaisemyNut$: calls $6
*** SHOW DOWN ***
packesel: shows [Kh Tc] (two pair, Tens and Fives)
RaisemyNut$: mucks hand
packesel collected $41.50 from pot
*** SUMMARY ***
Total pot $42 | Rake $0.50
Board [8s 3c 5h Td 5d]
Seat 3: packesel (big blind) showed [Kh Tc] and won ($41.50) with two pair, Tens and Fives
Seat 4: RaisemyNut$ (button) (small blind) mucked


PokerStars Hand #155325894881:  Hold'em Limit ($3/$6 USD) - 2016/06/28 20:32:23 ET
Table 'Hunan' 6-max Seat #4 is the button
Seat 3: packesel ($254.23 in chips)
Seat 4: RaisemyNut$ ($118.41 in chips)
RaisemyNut$: posts small blind $1
packesel: posts big blind $3
*** HOLE CARDS ***
RaisemyNut$: raises $3 to $6
packesel: raises $3 to $9
RaisemyNut$: calls $3
*** FLOP *** [4s 3h As]
packesel: bets $3
RaisemyNut$: calls $3
*** TURN *** [4s 3h As] [6c]
packesel: bets $6
RaisemyNut$: calls $6
*** RIVER *** [4s 3h As 6c] [8h]
packesel: bets $6
RaisemyNut$: calls $6
*** SHOW DOWN ***
packesel: shows [Ad 9h] (a pair of Aces)
RaisemyNut$: mucks hand
packesel collected $47.50 from pot
*** SUMMARY ***
Total pot $48 | Rake $0.50
Board [4s 3h As 6c 8h]
Seat 3: packesel (big blind) showed [Ad 9h] and won ($47.50) with a pair of Aces
Seat 4: RaisemyNut$ (button) (small blind) mucked


PokerStars Hand #155325888476:  Hold'em Limit ($3/$6 USD) - 2016/06/28 20:32:09 ET
Table 'Hunan' 6-max Seat #4 is the button
Seat 3: packesel ($249.47 in chips)
Seat 4: RaisemyNut$ ($123.41 in chips)
RaisemyNut$: posts small blind $1
packesel: posts big blind $3
*** HOLE CARDS ***
RaisemyNut$: raises $3 to $6
packesel: calls $3
*** FLOP *** [Td Ts 5c]
packesel: bets $3
RaisemyNut$: folds
Uncalled bet ($3) returned to packesel
packesel collected $11.76 from pot
packesel: doesn't show hand
*** SUMMARY ***
Total pot $12 | Rake $0.24
Board [Td Ts 5c]
Seat 3: packesel (big blind) collected ($11.76)
Seat 4: RaisemyNut$ (button) (small blind) folded on the Flop


PokerStars Hand #155325925702:  Hold'em Limit ($3/$6 USD) - 2016/06/28 20:33:34 ET
Table 'Hunan' 6-max Seat #3 is the button
Seat 3: packesel ($286.11 in chips)
Seat 4: RaisemyNut$ ($84.93 in chips)
packesel: posts small blind $1
RaisemyNut$: posts big blind $3
*** HOLE CARDS ***
packesel: folds
Uncalled bet ($2) returned to RaisemyNut$
RaisemyNut$ collected $2 from pot
RaisemyNut$: doesn't show hand
*** SUMMARY ***
Total pot $2 | Rake $0
Seat 3: packesel (button) (small blind) folded before Flop
Seat 4: RaisemyNut$ (big blind) collected ($2)


PokerStars Hand #155325923092:  Hold'em Limit ($3/$6 USD) - 2016/06/28 20:33:28 ET
Table 'Hunan' 6-max Seat #4 is the button
Seat 3: packesel ($289.11 in chips)
Seat 4: RaisemyNut$ ($81.93 in chips)
RaisemyNut$: posts small blind $1
packesel: posts big blind $3
*** HOLE CARDS ***
RaisemyNut$: raises $3 to $6
packesel: folds
Uncalled bet ($3) returned to RaisemyNut$
RaisemyNut$ collected $6 from pot
RaisemyNut$: doesn't show hand
*** SUMMARY ***
Total pot $6 | Rake $0
Seat 3: packesel (big blind) folded before Flop
Seat 4: RaisemyNut$ (button) (small blind) collected ($6)


PokerStars Hand #155325927876:  Hold'em Limit ($3/$6 USD) - 2016/06/28 20:33:39 ET
Table 'Hunan' 6-max Seat #4 is the button
Seat 3: packesel ($285.11 in chips)
Seat 4: RaisemyNut$ ($85.93 in chips)
RaisemyNut$: posts small blind $1
packesel: posts big blind $3
*** HOLE CARDS ***
RaisemyNut$: raises $3 to $6
packesel: calls $3
*** FLOP *** [8h 8d 7d]
packesel: bets $3
RaisemyNut$: calls $3
*** TURN *** [8h 8d 7d] [Kc]
packesel: bets $6
RaisemyNut$: raises $6 to $12
packesel: calls $6
*** RIVER *** [8h 8d 7d Kc] [Ts]
packesel: bets $6
RaisemyNut$: calls $6
*** SHOW DOWN ***
packesel: shows [As 3c] (a pair of Eights)
RaisemyNut$: shows [Kd 4h] (two pair, Kings and Eights)
RaisemyNut$ collected $53.50 from pot
*** SUMMARY ***
Total pot $54 | Rake $0.50
Board [8h 8d 7d Kc Ts]
Seat 3: packesel (big blind) showed [As 3c] and lost with a pair of Eights
Seat 4: RaisemyNut$ (button) (small blind) showed [Kd 4h] and won ($53.50) with two pair, Kings and Eights


PokerStars Hand #155325915011:  Hold'em Limit ($3/$6 USD) - 2016/06/28 20:33:09 ET
Table 'Hunan' 6-max Seat #3 is the button
Seat 3: packesel ($301.11 in chips)
Seat 4: RaisemyNut$ ($70.41 in chips)
packesel: posts small blind $1
RaisemyNut$: posts big blind $3
*** HOLE CARDS ***
packesel: raises $3 to $6
RaisemyNut$: raises $3 to $9
packesel: calls $3
*** FLOP *** [4s 6c 5s]
RaisemyNut$: bets $3
packesel: calls $3
*** TURN *** [4s 6c 5s] [2h]
RaisemyNut$: bets $6
packesel: folds
Uncalled bet ($6) returned to RaisemyNut$
RaisemyNut$ collected $23.52 from pot
RaisemyNut$: doesn't show hand
*** SUMMARY ***
Total pot $24 | Rake $0.48
Board [4s 6c 5s 2h]
Seat 3: packesel (button) (small blind) folded on the Turn
Seat 4: RaisemyNut$ (big blind) collected ($23.52)


PokerStars Hand #155325956712:  Hold'em Limit ($3/$6 USD) - 2016/06/28 20:34:44 ET
Table 'Hunan' 6-max Seat #3 is the button
Seat 3: packesel ($246.11 in chips)
Seat 4: RaisemyNut$ ($123.95 in chips)
packesel: posts small blind $1
RaisemyNut$: posts big blind $3
*** HOLE CARDS ***
packesel: folds
Uncalled bet ($2) returned to RaisemyNut$
RaisemyNut$ collected $2 from pot
RaisemyNut$: doesn't show hand
*** SUMMARY ***
Total pot $2 | Rake $0
Seat 3: packesel (button) (small blind) folded before Flop
Seat 4: RaisemyNut$ (big blind) collected ($2)


PokerStars Hand #155325948968:  Hold'em Limit ($3/$6 USD) - 2016/06/28 20:34:27 ET
Table 'Hunan' 6-max Seat #4 is the button
Seat 3: packesel ($252.11 in chips)
Seat 4: RaisemyNut$ ($118.19 in chips)
RaisemyNut$: posts small blind $1
packesel: posts big blind $3
*** HOLE CARDS ***
RaisemyNut$: raises $3 to $6
packesel: calls $3
*** FLOP *** [Js 2h 6d]
packesel: checks
RaisemyNut$: bets $3
packesel: folds
Uncalled bet ($3) returned to RaisemyNut$
RaisemyNut$ collected $11.76 from pot
RaisemyNut$: doesn't show hand
*** SUMMARY ***
Total pot $12 | Rake $0.24
Board [Js 2h 6d]
Seat 3: packesel (big blind) folded on the Flop
Seat 4: RaisemyNut$ (button) (small blind) collected ($11.76)


PokerStars Hand #155325961359:  Hold'em Limit ($3/$6 USD) - 2016/06/28 20:34:55 ET
Table 'Hunan' 6-max Seat #3 is the button
Seat 3: packesel ($242.11 in chips)
Seat 4: RaisemyNut$ ($127.95 in chips)
packesel: posts small blind $1
RaisemyNut$: posts big blind $3
*** HOLE CARDS ***
packesel: folds
Uncalled bet ($2) returned to RaisemyNut$
RaisemyNut$ collected $2 from pot
RaisemyNut$: doesn't show hand
*** SUMMARY ***
Total pot $2 | Rake $0
Seat 3: packesel (button) (small blind) folded before Flop
Seat 4: RaisemyNut$ (big blind) collected ($2)


PokerStars Hand #155325958772:  Hold'em Limit ($3/$6 USD) - 2016/06/28 20:34:49 ET
Table 'Hunan' 6-max Seat #4 is the button
Seat 3: packesel ($245.11 in chips)
Seat 4: RaisemyNut$ ($124.95 in chips)
RaisemyNut$: posts small blind $1
packesel: posts big blind $3
*** HOLE CARDS ***
RaisemyNut$: raises $3 to $6
packesel: folds
Uncalled bet ($3) returned to RaisemyNut$
RaisemyNut$ collected $6 from pot
RaisemyNut$: doesn't show hand
*** SUMMARY ***
Total pot $6 | Rake $0
Seat 3: packesel (big blind) folded before Flop
Seat 4: RaisemyNut$ (button) (small blind) collected ($6)


PokerStars Hand #155325942595:  Hold'em Limit ($3/$6 USD) - 2016/06/28 20:34:12 ET
Table 'Hunan' 6-max Seat #3 is the button
Seat 3: packesel ($258.11 in chips)
Seat 4: RaisemyNut$ ($112.43 in chips)
packesel: posts small blind $1
RaisemyNut$: posts big blind $3
*** HOLE CARDS ***
packesel: raises $3 to $6
RaisemyNut$: calls $3
*** FLOP *** [2d 8d 5h]
RaisemyNut$: checks
packesel: checks
*** TURN *** [2d 8d 5h] [9c]
RaisemyNut$: bets $6
packesel: folds
Uncalled bet ($6) returned to RaisemyNut$
RaisemyNut$ collected $11.76 from pot
RaisemyNut$: doesn't show hand
*** SUMMARY ***
Total pot $12 | Rake $0.24
Board [2d 8d 5h 9c]
Seat 3: packesel (button) (small blind) folded on the Turn
Seat 4: RaisemyNut$ (big blind) collected ($11.76)


PokerStars Hand #155325971735:  Hold'em Limit ($3/$6 USD) - 2016/06/28 20:35:19 ET
Table 'Hunan' 6-max Seat #3 is the button
Seat 3: packesel ($264.61 in chips)
Seat 4: RaisemyNut$ ($104.95 in chips)
packesel: posts small blind $1
RaisemyNut$: posts big blind $3
*** HOLE CARDS ***
packesel: raises $3 to $6
RaisemyNut$: raises $3 to $9
packesel: calls $3
*** FLOP *** [9h Qd Jh]
RaisemyNut$: bets $3
packesel: raises $3 to $6
RaisemyNut$: calls $3
*** TURN *** [9h Qd Jh] [2h]
RaisemyNut$: checks
packesel: checks
*** RIVER *** [9h Qd Jh 2h] [Kh]
RaisemyNut$: checks
packesel: checks
*** SHOW DOWN ***
RaisemyNut$: shows [5d Kd] (a pair of Kings)
packesel: shows [Jd Td] (a straight, Nine to King)
packesel collected $29.50 from pot
*** SUMMARY ***
Total pot $30 | Rake $0.50
Board [9h Qd Jh 2h Kh]
Seat 3: packesel (button) (small blind) showed [Jd Td] and won ($29.50) with a straight, Nine to King
Seat 4: RaisemyNut$ (big blind) showed [5d Kd] and lost with a pair of Kings


PokerStars Hand #155325982500:  Hold'em Limit ($3/$6 USD) - 2016/06/28 20:35:44 ET
Table 'Hunan' 6-max Seat #3 is the button
Seat 3: packesel ($276.11 in chips)
Seat 4: RaisemyNut$ ($92.95 in chips)
packesel: posts small blind $1
RaisemyNut$: posts big blind $3
*** HOLE CARDS ***
packesel: folds
Uncalled bet ($2) returned to RaisemyNut$
RaisemyNut$ collected $2 from pot
RaisemyNut$: doesn't show hand
*** SUMMARY ***
Total pot $2 | Rake $0
Seat 3: packesel (button) (small blind) folded before Flop
Seat 4: RaisemyNut$ (big blind) collected ($2)


PokerStars Hand #155325979217:  Hold'em Limit ($3/$6 USD) - 2016/06/28 20:35:36 ET
Table 'Hunan' 6-max Seat #4 is the button
Seat 3: packesel ($279.11 in chips)
Seat 4: RaisemyNut$ ($89.95 in chips)
RaisemyNut$: posts small blind $1
packesel: posts big blind $3
*** HOLE CARDS ***
RaisemyNut$: raises $3 to $6
packesel: folds
Uncalled bet ($3) returned to RaisemyNut$
RaisemyNut$ collected $6 from pot
RaisemyNut$: doesn't show hand
*** SUMMARY ***
Total pot $6 | Rake $0
Seat 3: packesel (big blind) folded before Flop
Seat 4: RaisemyNut$ (button) (small blind) collected ($6)


PokerStars Hand #155325984546:  Hold'em Limit ($3/$6 USD) - 2016/06/28 20:35:48 ET
Table 'Hunan' 6-max Seat #4 is the button
Seat 3: packesel ($275.11 in chips)
Seat 4: RaisemyNut$ ($93.95 in chips)
RaisemyNut$: posts small blind $1
packesel: posts big blind $3
*** HOLE CARDS ***
RaisemyNut$: raises $3 to $6
packesel: folds
Uncalled bet ($3) returned to RaisemyNut$
RaisemyNut$ collected $6 from pot
RaisemyNut$: doesn't show hand
*** SUMMARY ***
Total pot $6 | Rake $0
Seat 3: packesel (big blind) folded before Flop
Seat 4: RaisemyNut$ (button) (small blind) collected ($6)


PokerStars Hand #155325963330:  Hold'em Limit ($3/$6 USD) - 2016/06/28 20:35:00 ET
Table 'Hunan' 6-max Seat #4 is the button
Seat 3: packesel ($241.11 in chips)
Seat 4: RaisemyNut$ ($128.95 in chips)
RaisemyNut$: posts small blind $1
packesel: posts big blind $3
*** HOLE CARDS ***
RaisemyNut$: raises $3 to $6
packesel: calls $3
*** FLOP *** [9s Jc 8s]
packesel: bets $3
RaisemyNut$: raises $3 to $6
packesel: calls $3
*** TURN *** [9s Jc 8s] [Jd]
packesel: bets $6
RaisemyNut$: calls $6
*** RIVER *** [9s Jc 8s Jd] [Kh]
packesel: bets $6
RaisemyNut$: calls $6
*** SHOW DOWN ***
packesel: shows [Ks 6d] (two pair, Kings and Jacks)
RaisemyNut$: mucks hand
packesel collected $47.50 from pot
*** SUMMARY ***
Total pot $48 | Rake $0.50
Board [9s Jc 8s Jd Kh]
Seat 3: packesel (big blind) showed [Ks 6d] and won ($47.50) with two pair, Kings and Jacks
Seat 4: RaisemyNut$ (button) (small blind) mucked


PokerStars Hand #155326003585:  Hold'em Limit ($3/$6 USD) - 2016/06/28 20:36:32 ET
Table 'Hunan' 6-max Seat #3 is the button
Seat 3: packesel ($283.61 in chips)
Seat 4: RaisemyNut$ ($84.95 in chips)
packesel: posts small blind $1
RaisemyNut$: posts big blind $3
*** HOLE CARDS ***
packesel: calls $2
RaisemyNut$: raises $3 to $6
packesel: calls $3
*** FLOP *** [Kh Qd Qc]
RaisemyNut$: bets $3
packesel: calls $3
*** TURN *** [Kh Qd Qc] [4h]
RaisemyNut$: checks
packesel: checks
*** RIVER *** [Kh Qd Qc 4h] [Th]
RaisemyNut$: checks
callme1980 joins the table at seat #2
packesel: bets $6
RaisemyNut$: folds
Uncalled bet ($6) returned to packesel
packesel collected $17.64 from pot
packesel: doesn't show hand
*** SUMMARY ***
Total pot $18 | Rake $0.36
Board [Kh Qd Qc 4h Th]
Seat 3: packesel (button) (small blind) collected ($17.64)
Seat 4: RaisemyNut$ (big blind) folded on the River


PokerStars Hand #155325998802:  Hold'em Limit ($3/$6 USD) - 2016/06/28 20:36:21 ET
Table 'Hunan' 6-max Seat #4 is the button
Seat 3: packesel ($286.61 in chips)
Seat 4: RaisemyNut$ ($81.95 in chips)
RaisemyNut$: posts small blind $1
packesel: posts big blind $3
*** HOLE CARDS ***
RaisemyNut$: raises $3 to $6
packesel: folds
Uncalled bet ($3) returned to RaisemyNut$
RaisemyNut$ collected $6 from pot
RaisemyNut$: doesn't show hand
*** SUMMARY ***
Total pot $6 | Rake $0
Seat 3: packesel (big blind) folded before Flop
Seat 4: RaisemyNut$ (button) (small blind) collected ($6)


PokerStars Hand #155325987405:  Hold'em Limit ($3/$6 USD) - 2016/06/28 20:35:55 ET
Table 'Hunan' 6-max Seat #3 is the button
Seat 3: packesel ($272.11 in chips)
Seat 4: RaisemyNut$ ($96.95 in chips)
packesel: posts small blind $1
RaisemyNut$: posts big blind $3
*** HOLE CARDS ***
packesel: raises $3 to $6
RaisemyNut$: calls $3
*** FLOP *** [9h Jh 8h]
RaisemyNut$: checks
packesel: bets $3
RaisemyNut$: calls $3
*** TURN *** [9h Jh 8h] [5d]
RaisemyNut$: checks
packesel: bets $6
RaisemyNut$: calls $6
*** RIVER *** [9h Jh 8h 5d] [Qc]
RaisemyNut$: checks
packesel: bets $6
RaisemyNut$: folds
Uncalled bet ($6) returned to packesel
packesel collected $29.50 from pot
packesel: doesn't show hand
*** SUMMARY ***
Total pot $30 | Rake $0.50
Board [9h Jh 8h 5d Qc]
Seat 3: packesel (button) (small blind) collected ($29.50)
Seat 4: RaisemyNut$ (big blind) folded on the River


PokerStars Hand #155326254612:  Hold'em Limit ($3/$6 USD) - 2016/06/28 20:46:09 ET
Table 'Hunan' 6-max Seat #4 is the button
Seat 3: packesel ($338.26 in chips)
Seat 4: RaisemyNut$ ($83.46 in chips)
RaisemyNut$: posts small blind $1
packesel: posts big blind $3
*** HOLE CARDS ***
RaisemyNut$: folds
Uncalled bet ($2) returned to packesel
packesel collected $2 from pot
packesel: doesn't show hand
*** SUMMARY ***
Total pot $2 | Rake $0
Seat 3: packesel (big blind) collected ($2)
Seat 4: RaisemyNut$ (button) (small blind) folded before Flop


PokerStars Hand #155326266894:  Hold'em Limit ($3/$6 USD) - 2016/06/28 20:46:37 ET
Table 'Hunan' 6-max Seat #3 is the button
Seat 3: packesel ($337.26 in chips)
Seat 4: RaisemyNut$ ($84.34 in chips)
packesel: posts small blind $1
RaisemyNut$: posts big blind $3
*** HOLE CARDS ***
packesel: folds
Uncalled bet ($2) returned to RaisemyNut$
RaisemyNut$ collected $2 from pot
RaisemyNut$: doesn't show hand
*** SUMMARY ***
Total pot $2 | Rake $0
Seat 3: packesel (button) (small blind) folded before Flop
Seat 4: RaisemyNut$ (big blind) collected ($2)


PokerStars Hand #155326264131:  Hold'em Limit ($3/$6 USD) - 2016/06/28 20:46:31 ET
Table 'Hunan' 6-max Seat #4 is the button
Seat 3: packesel ($336.26 in chips)
Seat 4: RaisemyNut$ ($85.34 in chips)
RaisemyNut$: posts small blind $1
packesel: posts big blind $3
*** HOLE CARDS ***
RaisemyNut$: folds
Uncalled bet ($2) returned to packesel
packesel collected $2 from pot
packesel: doesn't show hand
*** SUMMARY ***
Total pot $2 | Rake $0
Seat 3: packesel (big blind) collected ($2)
Seat 4: RaisemyNut$ (button) (small blind) folded before Flop


PokerStars Hand #155326257419:  Hold'em Limit ($3/$6 USD) - 2016/06/28 20:46:15 ET
Table 'Hunan' 6-max Seat #3 is the button
Seat 3: packesel ($339.26 in chips)
Seat 4: RaisemyNut$ ($82.46 in chips)
packesel: posts small blind $1
RaisemyNut$: posts big blind $3
*** HOLE CARDS ***
packesel: calls $2
RaisemyNut$: checks
*** FLOP *** [Ts 8h 9h]
RaisemyNut$: bets $3
packesel: folds
Uncalled bet ($3) returned to RaisemyNut$
RaisemyNut$ collected $5.88 from pot
RaisemyNut$: doesn't show hand
*** SUMMARY ***
Total pot $6 | Rake $0.12
Board [Ts 8h 9h]
Seat 3: packesel (button) (small blind) folded on the Flop
Seat 4: RaisemyNut$ (big blind) collected ($5.88)


PokerStars Hand #155326301616:  Hold'em Limit ($3/$6 USD) - 2016/06/28 20:48:00 ET
Table 'Hunan' 6-max Seat #4 is the button
Seat 3: packesel ($344.76 in chips)
Seat 4: RaisemyNut$ ($80.16 in chips)
RaisemyNut$: posts small blind $1
packesel: posts big blind $3
*** HOLE CARDS ***
RaisemyNut$: raises $3 to $6
packesel: raises $3 to $9
RaisemyNut$: calls $3
*** FLOP *** [Jd 6d 4d]
packesel: bets $3
RaisemyNut$: calls $3
*** TURN *** [Jd 6d 4d] [Kc]
packesel: bets $6
RaisemyNut$: calls $6
*** RIVER *** [Jd 6d 4d Kc] [5h]
packesel: bets $6
RaisemyNut$: calls $6
*** SHOW DOWN ***
packesel: shows [Td Tc] (a pair of Tens)
RaisemyNut$: mucks hand
packesel collected $47.50 from pot
*** SUMMARY ***
Total pot $48 | Rake $0.50
Board [Jd 6d 4d Kc 5h]
Seat 3: packesel (big blind) showed [Td Tc] and won ($47.50) with a pair of Tens
Seat 4: RaisemyNut$ (button) (small blind) mucked


PokerStars Hand #155326290776:  Hold'em Limit ($3/$6 USD) - 2016/06/28 20:47:34 ET
Table 'Hunan' 6-max Seat #4 is the button
Seat 3: packesel ($359.76 in chips)
Seat 4: RaisemyNut$ ($65.76 in chips)
RaisemyNut$: posts small blind $1
packesel: posts big blind $3
*** HOLE CARDS ***
RaisemyNut$: raises $3 to $6
packesel: calls $3
*** FLOP *** [4s 9s Ac]
packesel: checks
RaisemyNut$: bets $3
packesel: folds
Uncalled bet ($3) returned to RaisemyNut$
RaisemyNut$ collected $11.76 from pot
RaisemyNut$: doesn't show hand
*** SUMMARY ***
Total pot $12 | Rake $0.24
Board [4s 9s Ac]
Seat 3: packesel (big blind) folded on the Flop
Seat 4: RaisemyNut$ (button) (small blind) collected ($11.76)


PokerStars Hand #155326286431:  Hold'em Limit ($3/$6 USD) - 2016/06/28 20:47:24 ET
Table 'Hunan' 6-max Seat #3 is the button
Seat 3: packesel ($365.76 in chips)
Seat 4: RaisemyNut$ ($60 in chips)
packesel: posts small blind $1
RaisemyNut$: posts big blind $3
*** HOLE CARDS ***
packesel: calls $2
RaisemyNut$: raises $3 to $6
packesel: calls $3
*** FLOP *** [6d 2s Ad]
RaisemyNut$: bets $3
packesel: folds
Uncalled bet ($3) returned to RaisemyNut$
RaisemyNut$ collected $11.76 from pot
RaisemyNut$: doesn't show hand
*** SUMMARY ***
Total pot $12 | Rake $0.24
Board [6d 2s Ad]
Seat 3: packesel (button) (small blind) folded on the Flop
Seat 4: RaisemyNut$ (big blind) collected ($11.76)


PokerStars Hand #155326294635:  Hold'em Limit ($3/$6 USD) - 2016/06/28 20:47:44 ET
Table 'Hunan' 6-max Seat #3 is the button
Seat 3: packesel ($353.76 in chips)
Seat 4: RaisemyNut$ ($71.52 in chips)
packesel: posts small blind $1
RaisemyNut$: posts big blind $3
*** HOLE CARDS ***
packesel: calls $2
RaisemyNut$: checks
*** FLOP *** [7h 3d Tc]
RaisemyNut$: checks
packesel: checks
*** TURN *** [7h 3d Tc] [5c]
RaisemyNut$: bets $6
packesel: calls $6
*** RIVER *** [7h 3d Tc 5c] [9c]
RaisemyNut$: checks
packesel: checks
*** SHOW DOWN ***
RaisemyNut$: shows [5h 8d] (a pair of Fives)
packesel: mucks hand
RaisemyNut$ collected $17.64 from pot
*** SUMMARY ***
Total pot $18 | Rake $0.36
Board [7h 3d Tc 5c 9c]
Seat 3: packesel (button) (small blind) mucked
Seat 4: RaisemyNut$ (big blind) showed [5h 8d] and won ($17.64) with a pair of Fives


PokerStars Hand #155326268857:  Hold'em Limit ($3/$6 USD) - 2016/06/28 20:46:42 ET
Table 'Hunan' 6-max Seat #4 is the button
Seat 3: packesel ($336.26 in chips)
Seat 4: RaisemyNut$ ($85.34 in chips)
RaisemyNut$: posts small blind $1
packesel: posts big blind $3
*** HOLE CARDS ***
RaisemyNut$: raises $3 to $6
packesel: calls $3
*** FLOP *** [9c 4c 5h]
packesel: bets $3
RaisemyNut$: raises $3 to $6
packesel: calls $3
*** TURN *** [9c 4c 5h] [7s]
packesel: bets $6
RaisemyNut$: raises $6 to $12
packesel: raises $6 to $18
RaisemyNut$: calls $6
*** RIVER *** [9c 4c 5h 7s] [7c]
packesel: bets $6
RaisemyNut$: folds
Uncalled bet ($6) returned to packesel
packesel collected $59.50 from pot
packesel: doesn't show hand
*** SUMMARY ***
Total pot $60 | Rake $0.50
Board [9c 4c 5h 7s 7c]
Seat 3: packesel (big blind) collected ($59.50)
Seat 4: RaisemyNut$ (button) (small blind) folded on the River


PokerStars Hand #155326309020:  Hold'em Limit ($3/$6 USD) - 2016/06/28 20:48:18 ET
Table 'Hunan' 6-max Seat #3 is the button
Seat 3: packesel ($368.26 in chips)
Seat 4: RaisemyNut$ ($60 in chips)
packesel: posts small blind $1
RaisemyNut$: posts big blind $3
*** HOLE CARDS ***
packesel: calls $2
RaisemyNut$: raises $3 to $6
packesel: calls $3
*** FLOP *** [3d 5c Qh]
RaisemyNut$: bets $3
packesel: folds
Uncalled bet ($3) returned to RaisemyNut$
RaisemyNut$ collected $11.76 from pot
RaisemyNut$: doesn't show hand
*** SUMMARY ***
Total pot $12 | Rake $0.24
Board [3d 5c Qh]
Seat 3: packesel (button) (small blind) folded on the Flop
Seat 4: RaisemyNut$ (big blind) collected ($11.76)


PokerStars Hand #155326323197:  Hold'em Limit ($3/$6 USD) - 2016/06/28 20:48:52 ET
Table 'Hunan' 6-max Seat #4 is the button
Seat 3: packesel ($354.26 in chips)
Seat 4: RaisemyNut$ ($73.76 in chips)
RaisemyNut$: posts small blind $1
packesel: posts big blind $3
*** HOLE CARDS ***
RaisemyNut$: raises $3 to $6
packesel: raises $3 to $9
RaisemyNut$: calls $3
*** FLOP *** [4d 3d 2h]
packesel: bets $3
RaisemyNut$: calls $3
*** TURN *** [4d 3d 2h] [7h]
packesel: bets $6
RaisemyNut$: folds
Uncalled bet ($6) returned to packesel
packesel collected $23.52 from pot
packesel: doesn't show hand
*** SUMMARY ***
Total pot $24 | Rake $0.48
Board [4d 3d 2h 7h]
Seat 3: packesel (big blind) collected ($23.52)
Seat 4: RaisemyNut$ (button) (small blind) folded on the Turn


PokerStars Hand #155326321178:  Hold'em Limit ($3/$6 USD) - 2016/06/28 20:48:47 ET
Table 'Hunan' 6-max Seat #3 is the button
Seat 3: packesel ($355.26 in chips)
Seat 4: RaisemyNut$ ($72.76 in chips)
packesel: posts small blind $1
RaisemyNut$: posts big blind $3
*** HOLE CARDS ***
packesel: folds
Uncalled bet ($2) returned to RaisemyNut$
RaisemyNut$ collected $2 from pot
RaisemyNut$: doesn't show hand
*** SUMMARY ***
Total pot $2 | Rake $0
Seat 3: packesel (button) (small blind) folded before Flop
Seat 4: RaisemyNut$ (big blind) collected ($2)


PokerStars Hand #155326318480:  Hold'em Limit ($3/$6 USD) - 2016/06/28 20:48:41 ET
Table 'Hunan' 6-max Seat #4 is the button
Seat 3: packesel ($358.26 in chips)
Seat 4: RaisemyNut$ ($69.76 in chips)
RaisemyNut$: posts small blind $1
packesel: posts big blind $3
*** HOLE CARDS ***
RaisemyNut$: raises $3 to $6
packesel: folds
Uncalled bet ($3) returned to RaisemyNut$
RaisemyNut$ collected $6 from pot
RaisemyNut$: doesn't show hand
*** SUMMARY ***
Total pot $6 | Rake $0
Seat 3: packesel (big blind) folded before Flop
Seat 4: RaisemyNut$ (button) (small blind) collected ($6)


PokerStars Hand #155326316433:  Hold'em Limit ($3/$6 USD) - 2016/06/28 20:48:36 ET
Table 'Hunan' 6-max Seat #3 is the button
Seat 3: packesel ($359.26 in chips)
Seat 4: RaisemyNut$ ($68.76 in chips)
packesel: posts small blind $1
RaisemyNut$: posts big blind $3
*** HOLE CARDS ***
packesel: folds
Uncalled bet ($2) returned to RaisemyNut$
RaisemyNut$ collected $2 from pot
RaisemyNut$: doesn't show hand
*** SUMMARY ***
Total pot $2 | Rake $0
Seat 3: packesel (button) (small blind) folded before Flop
Seat 4: RaisemyNut$ (big blind) collected ($2)


PokerStars Hand #155326314422:  Hold'em Limit ($3/$6 USD) - 2016/06/28 20:48:31 ET
Table 'Hunan' 6-max Seat #4 is the button
Seat 3: packesel ($362.26 in chips)
Seat 4: RaisemyNut$ ($65.76 in chips)
RaisemyNut$: posts small blind $1
packesel: posts big blind $3
*** HOLE CARDS ***
RaisemyNut$: raises $3 to $6
packesel: folds
Uncalled bet ($3) returned to RaisemyNut$
RaisemyNut$ collected $6 from pot
RaisemyNut$: doesn't show hand
*** SUMMARY ***
Total pot $6 | Rake $0
Seat 3: packesel (big blind) folded before Flop
Seat 4: RaisemyNut$ (button) (small blind) collected ($6)


PokerStars Hand #155326342012:  Hold'em Limit ($3/$6 USD) - 2016/06/28 20:49:38 ET
Table 'Hunan' 6-max Seat #4 is the button
Seat 3: packesel ($359.78 in chips)
Seat 4: RaisemyNut$ ($67.52 in chips)
RaisemyNut$: posts small blind $1
packesel: posts big blind $3
*** HOLE CARDS ***
RaisemyNut$: folds
Uncalled bet ($2) returned to packesel
packesel collected $2 from pot
*** SUMMARY ***
Total pot $2 | Rake $0
Seat 3: packesel (big blind) collected ($2)
Seat 4: RaisemyNut$ (button) (small blind) folded before Flop


PokerStars Hand #155326329194:  Hold'em Limit ($3/$6 USD) - 2016/06/28 20:49:07 ET
Table 'Hunan' 6-max Seat #3 is the button
Seat 3: packesel ($365.78 in chips)
Seat 4: RaisemyNut$ ($61.76 in chips)
packesel: posts small blind $1
RaisemyNut$: posts big blind $3
*** HOLE CARDS ***
packesel: raises $3 to $6
RaisemyNut$: calls $3
*** FLOP *** [9c 9s Qd]
RaisemyNut$: checks
packesel: checks
*** TURN *** [9c 9s Qd] [7s]
RaisemyNut$: bets $6
packesel: folds
Uncalled bet ($6) returned to RaisemyNut$
RaisemyNut$ collected $11.76 from pot
RaisemyNut$: doesn't show hand
*** SUMMARY ***
Total pot $12 | Rake $0.24
Board [9c 9s Qd 7s]
Seat 3: packesel (button) (small blind) folded on the Turn
Seat 4: RaisemyNut$ (big blind) collected ($11.76)


PokerStars Hand #155326383718:  Hold'em Limit ($3/$6 USD) - 2016/06/28 20:50:55 ET
Table 'Hunan' 6-max Seat #4 is the button
Seat 3: packesel ($345.78 in chips)
Seat 4: RaisemyNut$ ($81.02 in chips)
RaisemyNut$: posts small blind $1
packesel: posts big blind $3
*** HOLE CARDS ***
RaisemyNut$: raises $3 to $6
packesel: calls $3
*** FLOP *** [8d 9d 7s]
packesel: bets $3
RaisemyNut$: raises $3 to $6
packesel: raises $3 to $9
RaisemyNut$: calls $3
*** TURN *** [8d 9d 7s] [2d]
packesel: bets $6
RaisemyNut$: calls $6
*** RIVER *** [8d 9d 7s 2d] [Qs]
packesel: bets $6
RaisemyNut$: calls $6
*** SHOW DOWN ***
packesel: shows [5s 6s] (a straight, Five to Nine)
RaisemyNut$: mucks hand
packesel collected $53.50 from pot
*** SUMMARY ***
Total pot $54 | Rake $0.50
Board [8d 9d 7s 2d Qs]
Seat 3: packesel (big blind) showed [5s 6s] and won ($53.50) with a straight, Five to Nine
Seat 4: RaisemyNut$ (button) (small blind) mucked


PokerStars Hand #155326370763:  Hold'em Limit ($3/$6 USD) - 2016/06/28 20:50:24 ET
Table 'Hunan' 6-max Seat #3 is the button
Seat 3: packesel ($360.78 in chips)
Seat 4: RaisemyNut$ ($66.52 in chips)
packesel: posts small blind $1
RaisemyNut$: posts big blind $3
*** HOLE CARDS ***
packesel: calls $2
RaisemyNut$: raises $3 to $6
packesel: calls $3
*** FLOP *** [7c Jc Qc]
RaisemyNut$: bets $3
packesel: calls $3
*** TURN *** [7c Jc Qc] [5h]
RaisemyNut$: bets $6
packesel: calls $6
*** RIVER *** [7c Jc Qc 5h] [9s]
RaisemyNut$: bets $6
packesel: folds
Uncalled bet ($6) returned to RaisemyNut$
RaisemyNut$ collected $29.50 from pot
RaisemyNut$: doesn't show hand
*** SUMMARY ***
Total pot $30 | Rake $0.50
Board [7c Jc Qc 5h 9s]
Seat 3: packesel (button) (small blind) folded on the River
Seat 4: RaisemyNut$ (big blind) collected ($29.50)


PokerStars Hand #155326401449:  Hold'em Limit ($3/$6 USD) - 2016/06/28 20:51:38 ET
Table 'Hunan' 6-max Seat #4 is the button
Seat 3: packesel ($398.78 in chips)
Seat 4: RaisemyNut$ ($60 in chips)
RaisemyNut$: posts small blind $1
packesel: posts big blind $3
*** HOLE CARDS ***
RaisemyNut$: raises $3 to $6
packesel: folds
Uncalled bet ($3) returned to RaisemyNut$
RaisemyNut$ collected $6 from pot
RaisemyNut$: doesn't show hand
*** SUMMARY ***
Total pot $6 | Rake $0
Seat 3: packesel (big blind) folded before Flop
Seat 4: RaisemyNut$ (button) (small blind) collected ($6)


PokerStars Hand #155326392228:  Hold'em Limit ($3/$6 USD) - 2016/06/28 20:51:16 ET
Table 'Hunan' 6-max Seat #3 is the button
Seat 3: packesel ($372.28 in chips)
Seat 4: RaisemyNut$ ($60 in chips)
packesel: posts small blind $1
RaisemyNut$: posts big blind $3
*** HOLE CARDS ***
packesel: calls $2
RaisemyNut$: checks
*** FLOP *** [8h 3d Ts]
RaisemyNut$: checks
packesel: bets $3
RaisemyNut$: raises $3 to $6
packesel: calls $3
*** TURN *** [8h 3d Ts] [3h]
RaisemyNut$: bets $6
packesel: calls $6
*** RIVER *** [8h 3d Ts 3h] [6d]
RaisemyNut$: bets $6
packesel: raises $6 to $12
RaisemyNut$: calls $6
*** SHOW DOWN ***
packesel: shows [9s 7s] (a straight, Six to Ten)
RaisemyNut$: mucks hand
packesel collected $53.50 from pot
*** SUMMARY ***
Total pot $54 | Rake $0.50
Board [8h 3d Ts 3h 6d]
Seat 3: packesel (button) (small blind) showed [9s 7s] and won ($53.50) with a straight, Six to Ten
Seat 4: RaisemyNut$ (big blind) mucked


PokerStars Hand #155326404147:  Hold'em Limit ($3/$6 USD) - 2016/06/28 20:51:45 ET
Table 'Hunan' 6-max Seat #3 is the button
Seat 3: packesel ($395.78 in chips)
Seat 4: RaisemyNut$ ($63 in chips)
packesel: posts small blind $1
RaisemyNut$: posts big blind $3
*** HOLE CARDS ***
packesel: raises $3 to $6
RaisemyNut$: calls $3
*** FLOP *** [9s 3c 9d]
RaisemyNut$: checks
packesel: checks
*** TURN *** [9s 3c 9d] [Th]
RaisemyNut$: bets $6
packesel: raises $6 to $12
RaisemyNut$: calls $6
*** RIVER *** [9s 3c 9d Th] [Kc]
RaisemyNut$: checks
packesel: bets $6
RaisemyNut$: calls $6
*** SHOW DOWN ***
packesel: shows [Td Ad] (two pair, Tens and Nines)
RaisemyNut$: mucks hand
packesel collected $47.50 from pot
*** SUMMARY ***
Total pot $48 | Rake $0.50
Board [9s 3c 9d Th Kc]
Seat 3: packesel (button) (small blind) showed [Td Ad] and won ($47.50) with two pair, Tens and Nines
Seat 4: RaisemyNut$ (big blind) mucked


PokerStars Hand #155326419349:  Hold'em Limit ($3/$6 USD) - 2016/06/28 20:52:22 ET
Table 'Hunan' 6-max Seat #4 is the button
Seat 3: packesel ($419.28 in chips)
Seat 4: RaisemyNut$ ($60 in chips)
RaisemyNut$: posts small blind $1
packesel: posts big blind $3
*** HOLE CARDS ***
RaisemyNut$: raises $3 to $6
packesel: folds
Uncalled bet ($3) returned to RaisemyNut$
RaisemyNut$ collected $6 from pot
RaisemyNut$: doesn't show hand
*** SUMMARY ***
Total pot $6 | Rake $0
Seat 3: packesel (big blind) folded before Flop
Seat 4: RaisemyNut$ (button) (small blind) collected ($6)


PokerStars Hand #155326430013:  Hold'em Limit ($3/$6 USD) - 2016/06/28 20:52:48 ET
Table 'Hunan' 6-max Seat #3 is the button
Seat 3: packesel ($420.16 in chips)
Seat 4: RaisemyNut$ ($60 in chips)
packesel: posts small blind $1
RaisemyNut$: posts big blind $3
*** HOLE CARDS ***
packesel: calls $2
RaisemyNut$: checks
*** FLOP *** [2h 7d 3c]
RaisemyNut$: checks
packesel: bets $3
RaisemyNut$: folds
Uncalled bet ($3) returned to packesel
packesel collected $5.88 from pot
packesel: doesn't show hand
*** SUMMARY ***
Total pot $6 | Rake $0.12
Board [2h 7d 3c]
Seat 3: packesel (button) (small blind) collected ($5.88)
Seat 4: RaisemyNut$ (big blind) folded on the Flop


PokerStars Hand #155326426307:  Hold'em Limit ($3/$6 USD) - 2016/06/28 20:52:39 ET
Table 'Hunan' 6-max Seat #4 is the button
Seat 3: packesel ($419.16 in chips)
Seat 4: RaisemyNut$ ($60 in chips)
RaisemyNut$: posts small blind $1
packesel: posts big blind $3
*** HOLE CARDS ***
RaisemyNut$: folds
Uncalled bet ($2) returned to packesel
packesel collected $2 from pot
packesel: doesn't show hand
*** SUMMARY ***
Total pot $2 | Rake $0
Seat 3: packesel (big blind) collected ($2)
Seat 4: RaisemyNut$ (button) (small blind) folded before Flop


PokerStars Hand #155326422099:  Hold'em Limit ($3/$6 USD) - 2016/06/28 20:52:29 ET
Table 'Hunan' 6-max Seat #3 is the button
Seat 3: packesel ($416.28 in chips)
Seat 4: RaisemyNut$ ($63 in chips)
packesel: posts small blind $1
RaisemyNut$: posts big blind $3
*** HOLE CARDS ***
packesel: calls $2
RaisemyNut$: checks
*** FLOP *** [Td Ts 2s]
RaisemyNut$: checks
packesel: bets $3
RaisemyNut$: folds
Uncalled bet ($3) returned to packesel
packesel collected $5.88 from pot
packesel: doesn't show hand
*** SUMMARY ***
Total pot $6 | Rake $0.12
Board [Td Ts 2s]
Seat 3: packesel (button) (small blind) collected ($5.88)
Seat 4: RaisemyNut$ (big blind) folded on the Flop


PokerStars Hand #155326435452:  Hold'em Limit ($3/$6 USD) - 2016/06/28 20:53:02 ET
Table 'Hunan' 6-max Seat #4 is the button
Seat 3: packesel ($423.04 in chips)
Seat 4: RaisemyNut$ ($60 in chips)
RaisemyNut$: posts small blind $1
packesel: posts big blind $3
*** HOLE CARDS ***
RaisemyNut$: raises $3 to $6
packesel: calls $3
*** FLOP *** [5h As 4h]
packesel: bets $3
RaisemyNut$: raises $3 to $6
packesel: calls $3
*** TURN *** [5h As 4h] [4s]
packesel: checks
RaisemyNut$: bets $6
packesel: calls $6
*** RIVER *** [5h As 4h 4s] [3s]
packesel: checks
RaisemyNut$: checks
*** SHOW DOWN ***
packesel: shows [3h 8h] (two pair, Fours and Threes)
RaisemyNut$: mucks hand
packesel collected $35.50 from pot
*** SUMMARY ***
Total pot $36 | Rake $0.50
Board [5h As 4h 4s 3s]
Seat 3: packesel (big blind) showed [3h 8h] and won ($35.50) with two pair, Fours and Threes
Seat 4: RaisemyNut$ (button) (small blind) mucked


PokerStars Hand #155326458077:  Hold'em Limit ($3/$6 USD) - 2016/06/28 20:53:57 ET
Table 'Hunan' 6-max Seat #3 is the button
Seat 3: packesel ($435.54 in chips)
Seat 4: RaisemyNut$ ($64.76 in chips)
packesel: posts small blind $1
RaisemyNut$: posts big blind $3
*** HOLE CARDS ***
packesel: calls $2
RaisemyNut$: checks
*** FLOP *** [Jc 3c 6d]
RaisemyNut$: bets $3
Soffee123 joins the table at seat #2
packesel: folds
Uncalled bet ($3) returned to RaisemyNut$
RaisemyNut$ collected $5.88 from pot
RaisemyNut$: doesn't show hand
*** SUMMARY ***
Total pot $6 | Rake $0.12
Board [Jc 3c 6d]
Seat 3: packesel (button) (small blind) folded on the Flop
Seat 4: RaisemyNut$ (big blind) collected ($5.88)


PokerStars Hand #155326455961:  Hold'em Limit ($3/$6 USD) - 2016/06/28 20:53:52 ET
Table 'Hunan' 6-max Seat #4 is the button
Seat 3: packesel ($434.54 in chips)
Seat 4: RaisemyNut$ ($65.76 in chips)
RaisemyNut$: posts small blind $1
packesel: posts big blind $3
*** HOLE CARDS ***
RaisemyNut$: folds
Uncalled bet ($2) returned to packesel
packesel collected $2 from pot
packesel: doesn't show hand
*** SUMMARY ***
Total pot $2 | Rake $0
Seat 3: packesel (big blind) collected ($2)
Seat 4: RaisemyNut$ (button) (small blind) folded before Flop


PokerStars Hand #155326447343:  Hold'em Limit ($3/$6 USD) - 2016/06/28 20:53:31 ET
Table 'Hunan' 6-max Seat #3 is the button
Seat 3: packesel ($440.54 in chips)
Seat 4: RaisemyNut$ ($60 in chips)
packesel: posts small blind $1
RaisemyNut$: posts big blind $3
*** HOLE CARDS ***
packesel: calls $2
RaisemyNut$: raises $3 to $6
packesel: calls $3
*** FLOP *** [8h 3h Qh]
RaisemyNut$: checks
packesel: checks
*** TURN *** [8h 3h Qh] [9c]
RaisemyNut$: bets $6
packesel: folds
Uncalled bet ($6) returned to RaisemyNut$
RaisemyNut$ collected $11.76 from pot
RaisemyNut$: doesn't show hand
*** SUMMARY ***
Total pot $12 | Rake $0.24
Board [8h 3h Qh 9c]
Seat 3: packesel (button) (small blind) folded on the Turn
Seat 4: RaisemyNut$ (big blind) collected ($11.76)


PokerStars Hand #155327773098:  Hold'em Limit ($3/$6 USD) - 2016/06/28 21:50:32 ET
Table 'Hunan' 6-max Seat #4 is the button
Seat 1: pierrette56 ($140.61 in chips)
Seat 4: RaisemyNut$ ($126.08 in chips)
AzureCaper will be allowed to play after the button
RaisemyNut$: posts small blind $1
BuzovaPro was removed from the table for failing to post
pierrette56: posts big blind $3
*** HOLE CARDS ***
RaisemyNut$: raises $3 to $6
pierrette56: calls $3
*** FLOP *** [9d 5c 5d]
pierrette56: checks
RaisemyNut$: bets $3
pierrette56: folds
Uncalled bet ($3) returned to RaisemyNut$
RaisemyNut$ collected $11.76 from pot
RaisemyNut$: doesn't show hand
*** SUMMARY ***
Total pot $12 | Rake $0.24
Board [9d 5c 5d]
Seat 1: pierrette56 (big blind) folded on the Flop
Seat 4: RaisemyNut$ (button) (small blind) collected ($11.76)


PokerStars Hand #155330109494:  Hold'em Limit ($3/$6 USD) - 2016/06/28 23:55:43 ET
Table 'Hunan' 6-max Seat #4 is the button
Seat 2: ABATAPP ($153 in chips)
Seat 4: RaisemyNut$ ($186.55 in chips)
packesel will be allowed to play after the button
RaisemyNut$: posts small blind $1
Trooper WK: is sitting out
ABATAPP: posts big blind $3
*** HOLE CARDS ***
Trooper WK leaves the table
RaisemyNut$: folds
Uncalled bet ($2) returned to ABATAPP
ABATAPP collected $2 from pot
ABATAPP: doesn't show hand
*** SUMMARY ***
Total pot $2 | Rake $0
Seat 2: ABATAPP (big blind) collected ($2)
Seat 4: RaisemyNut$ (button) (small blind) folded before Flop


PokerStars Hand #155330129564:  Hold'em Limit ($3/$6 USD) - 2016/06/28 23:57:12 ET
Table 'Hunan' 6-max Seat #4 is the button
Seat 3: packesel ($576.95 in chips)
Seat 4: RaisemyNut$ ($186.16 in chips)
RaisemyNut$: posts small blind $1
ABATAPP: is sitting out
packesel: posts big blind $3
*** HOLE CARDS ***
ABATAPP leaves the table
RaisemyNut$: raises $3 to $6
packesel: calls $3
*** FLOP *** [7c 6h Jh]
packesel: checks
RaisemyNut$: bets $3
packesel: folds
Uncalled bet ($3) returned to RaisemyNut$
RaisemyNut$ collected $11.76 from pot
RaisemyNut$: doesn't show hand
*** SUMMARY ***
Total pot $12 | Rake $0.24
Board [7c 6h Jh]
Seat 3: packesel (big blind) folded on the Flop
Seat 4: RaisemyNut$ (button) (small blind) collected ($11.76)


PokerStars Hand #155330148062:  Hold'em Limit ($3/$6 USD) - 2016/06/28 23:58:35 ET
Table 'Hunan' 6-max Seat #3 is the button
Seat 3: packesel ($584.45 in chips)
Seat 4: RaisemyNut$ ($177.92 in chips)
packesel: posts small blind $1
RaisemyNut$: posts big blind $3
*** HOLE CARDS ***
packesel: raises $3 to $6
RaisemyNut$: calls $3
*** FLOP *** [4h 7c 8c]
RaisemyNut$: checks
packesel: bets $3
RaisemyNut$: raises $3 to $6
packesel: calls $3
*** TURN *** [4h 7c 8c] [As]
RaisemyNut$: bets $6
packesel: raises $6 to $12
RaisemyNut$: calls $6
*** RIVER *** [4h 7c 8c As] [2d]
RaisemyNut$: checks
packesel: bets $6
RaisemyNut$: folds
Uncalled bet ($6) returned to packesel
packesel collected $47.50 from pot
packesel: doesn't show hand
*** SUMMARY ***
Total pot $48 | Rake $0.50
Board [4h 7c 8c As 2d]
Seat 3: packesel (button) (small blind) collected ($47.50)
Seat 4: RaisemyNut$ (big blind) folded on the River


PokerStars Hand #155330146439:  Hold'em Limit ($3/$6 USD) - 2016/06/28 23:58:28 ET
Table 'Hunan' 6-max Seat #4 is the button
Seat 3: packesel ($587.45 in chips)
Seat 4: RaisemyNut$ ($174.92 in chips)
RaisemyNut$: posts small blind $1
packesel: posts big blind $3
*** HOLE CARDS ***
RaisemyNut$: raises $3 to $6
packesel: folds
Uncalled bet ($3) returned to RaisemyNut$
RaisemyNut$ collected $6 from pot
RaisemyNut$: doesn't show hand
*** SUMMARY ***
Total pot $6 | Rake $0
Seat 3: packesel (big blind) folded before Flop
Seat 4: RaisemyNut$ (button) (small blind) collected ($6)


PokerStars Hand #155330145425:  Hold'em Limit ($3/$6 USD) - 2016/06/28 23:58:23 ET
Table 'Hunan' 6-max Seat #3 is the button
Seat 3: packesel ($588.45 in chips)
Seat 4: RaisemyNut$ ($173.92 in chips)
packesel: posts small blind $1
RaisemyNut$: posts big blind $3
*** HOLE CARDS ***
packesel: folds
Uncalled bet ($2) returned to RaisemyNut$
RaisemyNut$ collected $2 from pot
RaisemyNut$: doesn't show hand
*** SUMMARY ***
Total pot $2 | Rake $0
Seat 3: packesel (button) (small blind) folded before Flop
Seat 4: RaisemyNut$ (big blind) collected ($2)


PokerStars Hand #155330141803:  Hold'em Limit ($3/$6 USD) - 2016/06/28 23:58:07 ET
Table 'Hunan' 6-max Seat #4 is the button
Seat 3: packesel ($591.45 in chips)
Seat 4: RaisemyNut$ ($170.92 in chips)
RaisemyNut$: posts small blind $1
packesel: posts big blind $3
*** HOLE CARDS ***
RaisemyNut$: raises $3 to $6
packesel: folds
Uncalled bet ($3) returned to RaisemyNut$
RaisemyNut$ collected $6 from pot
RaisemyNut$: doesn't show hand
*** SUMMARY ***
Total pot $6 | Rake $0
Seat 3: packesel (big blind) folded before Flop
Seat 4: RaisemyNut$ (button) (small blind) collected ($6)


PokerStars Hand #155330133960:  Hold'em Limit ($3/$6 USD) - 2016/06/28 23:57:32 ET
Table 'Hunan' 6-max Seat #3 is the button
Seat 3: packesel ($570.95 in chips)
Seat 4: RaisemyNut$ ($191.92 in chips)
packesel: posts small blind $1
RaisemyNut$: posts big blind $3
*** HOLE CARDS ***
packesel: calls $2
RaisemyNut$: raises $3 to $6
packesel: calls $3
*** FLOP *** [3s 8s 9h]
RaisemyNut$: bets $3
packesel: calls $3
*** TURN *** [3s 8s 9h] [Qc]
RaisemyNut$: bets $6
packesel: calls $6
*** RIVER *** [3s 8s 9h Qc] [Kd]
RaisemyNut$: checks
packesel: bets $6
RaisemyNut$: calls $6
*** SHOW DOWN ***
packesel: shows [Jd Ts] (a straight, Nine to King)
RaisemyNut$: mucks hand
packesel collected $41.50 from pot
*** SUMMARY ***
Total pot $42 | Rake $0.50
Board [3s 8s 9h Qc Kd]
Seat 3: packesel (button) (small blind) showed [Jd Ts] and won ($41.50) with a straight, Nine to King
Seat 4: RaisemyNut$ (big blind) mucked


PokerStars Hand #155330162347:  Hold'em Limit ($3/$6 USD) - 2016/06/28 23:59:39 ET
Table 'Hunan' 6-max Seat #4 is the button
Seat 3: packesel ($586.83 in chips)
Seat 4: RaisemyNut$ ($174.42 in chips)
RaisemyNut$: posts small blind $1
packesel: posts big blind $3
*** HOLE CARDS ***
RaisemyNut$: folds
Uncalled bet ($2) returned to packesel
packesel collected $2 from pot
packesel: doesn't show hand
*** SUMMARY ***
Total pot $2 | Rake $0
Seat 3: packesel (big blind) collected ($2)
Seat 4: RaisemyNut$ (button) (small blind) folded before Flop


PokerStars Hand #155330159037:  Hold'em Limit ($3/$6 USD) - 2016/06/28 23:59:24 ET
Table 'Hunan' 6-max Seat #3 is the button
Seat 3: packesel ($583.95 in chips)
Seat 4: RaisemyNut$ ($177.42 in chips)
packesel: posts small blind $1
RaisemyNut$: posts big blind $3
*** HOLE CARDS ***
packesel: calls $2
RaisemyNut$: checks
*** FLOP *** [3c Tc Qh]
RaisemyNut$: checks
packesel: bets $3
RaisemyNut$: folds
Uncalled bet ($3) returned to packesel
packesel collected $5.88 from pot
packesel: doesn't show hand
*** SUMMARY ***
Total pot $6 | Rake $0.12
Board [3c Tc Qh]
Seat 3: packesel (button) (small blind) collected ($5.88)
Seat 4: RaisemyNut$ (big blind) folded on the Flop


PokerStars Hand #155330152440:  Hold'em Limit ($3/$6 USD) - 2016/06/28 23:58:54 ET
Table 'Hunan' 6-max Seat #4 is the button
Seat 3: packesel ($607.95 in chips)
Seat 4: RaisemyNut$ ($153.92 in chips)
RaisemyNut$: posts small blind $1
packesel: posts big blind $3
*** HOLE CARDS ***
RaisemyNut$: raises $3 to $6
packesel: calls $3
*** FLOP *** [Qs 9s 2s]
packesel: checks
RaisemyNut$: bets $3
packesel: raises $3 to $6
RaisemyNut$: calls $3
*** TURN *** [Qs 9s 2s] [6s]
packesel: checks
RaisemyNut$: bets $6
packesel: calls $6
*** RIVER *** [Qs 9s 2s 6s] [Qh]
packesel: checks
RaisemyNut$: bets $6
packesel: calls $6
*** SHOW DOWN ***
RaisemyNut$: shows [As 3c] (a flush, Ace high)
packesel: mucks hand
RaisemyNut$ collected $47.50 from pot
*** SUMMARY ***
Total pot $48 | Rake $0.50
Board [Qs 9s 2s 6s Qh]
Seat 3: packesel (big blind) mucked
Seat 4: RaisemyNut$ (button) (small blind) showed [As 3c] and won ($47.50) with a flush, Ace high


PokerStars Hand #155330163794:  Hold'em Limit ($3/$6 USD) - 2016/06/28 23:59:45 ET
Table 'Hunan' 6-max Seat #3 is the button
Seat 3: packesel ($587.83 in chips)
Seat 4: RaisemyNut$ ($173.42 in chips)
packesel: posts small blind $1
RaisemyNut$: posts big blind $3
*** HOLE CARDS ***
packesel: folds
Uncalled bet ($2) returned to RaisemyNut$
RaisemyNut$ collected $2 from pot
RaisemyNut$: doesn't show hand
*** SUMMARY ***
Total pot $2 | Rake $0
Seat 3: packesel (button) (small blind) folded before Flop
Seat 4: RaisemyNut$ (big blind) collected ($2)


PokerStars Hand #155330175626:  Hold'em Limit ($3/$6 USD) - 2016/06/29 0:00:36 ET
Table 'Hunan' 6-max Seat #4 is the button
Seat 3: packesel ($565.35 in chips)
Seat 4: RaisemyNut$ ($194.92 in chips)
RaisemyNut$: posts small blind $1
packesel: posts big blind $3
*** HOLE CARDS ***
RaisemyNut$: raises $3 to $6
packesel: calls $3
*** FLOP *** [Kd 5d Ts]
packesel: checks
RaisemyNut$: bets $3
packesel: folds
Uncalled bet ($3) returned to RaisemyNut$
RaisemyNut$ collected $11.76 from pot
RaisemyNut$: doesn't show hand
*** SUMMARY ***
Total pot $12 | Rake $0.24
Board [Kd 5d Ts]
Seat 3: packesel (big blind) folded on the Flop
Seat 4: RaisemyNut$ (button) (small blind) collected ($11.76)


PokerStars Hand #155330165359:  Hold'em Limit ($3/$6 USD) - 2016/06/28 23:59:52 ET
Table 'Hunan' 6-max Seat #4 is the button
Seat 3: packesel ($586.83 in chips)
Seat 4: RaisemyNut$ ($174.42 in chips)
RaisemyNut$: posts small blind $1
packesel: posts big blind $3
*** HOLE CARDS ***
RaisemyNut$: raises $3 to $6
packesel: calls $3
*** FLOP *** [4d 8s 4h]
packesel: bets $3
RaisemyNut$: calls $3
*** TURN *** [4d 8s 4h] [Kh]
packesel: bets $6
RaisemyNut$: raises $6 to $12
packesel: calls $6
*** RIVER *** [4d 8s 4h Kh] [4s]
packesel: bets $6
RaisemyNut$: raises $6 to $12
packesel: calls $6
*** SHOW DOWN ***
RaisemyNut$: shows [Kd 6h] (a full house, Fours full of Kings)
packesel: mucks hand
RaisemyNut$ collected $65.50 from pot
*** SUMMARY ***
Total pot $66 | Rake $0.50
Board [4d 8s 4h Kh 4s]
Seat 3: packesel (big blind) mucked
Seat 4: RaisemyNut$ (button) (small blind) showed [Kd 6h] and won ($65.50) with a full house, Fours full of Kings


PokerStars Hand #155330170459:  Hold'em Limit ($3/$6 USD) - 2016/06/29 0:00:14 ET
Table 'Hunan' 6-max Seat #3 is the button
Seat 3: packesel ($553.83 in chips)
Seat 4: RaisemyNut$ ($206.92 in chips)
packesel: posts small blind $1
RaisemyNut$: posts big blind $3
*** HOLE CARDS ***
packesel: calls $2
RaisemyNut$: checks
*** FLOP *** [4h 5d 2h]
RaisemyNut$: bets $3
packesel: calls $3
*** TURN *** [4h 5d 2h] [Ad]
RaisemyNut$: bets $6
packesel: raises $6 to $12
RaisemyNut$: folds
Uncalled bet ($6) returned to packesel
packesel collected $23.52 from pot
packesel: doesn't show hand
*** SUMMARY ***
Total pot $24 | Rake $0.48
Board [4h 5d 2h Ad]
Seat 3: packesel (button) (small blind) collected ($23.52)
Seat 4: RaisemyNut$ (big blind) folded on the Turn


PokerStars Hand #155330178395:  Hold'em Limit ($3/$6 USD) - 2016/06/29 0:00:48 ET
Table 'Hunan' 6-max Seat #3 is the button
Seat 3: packesel ($559.35 in chips)
Seat 4: RaisemyNut$ ($200.68 in chips)
packesel: posts small blind $1
RaisemyNut$: posts big blind $3
*** HOLE CARDS ***
packesel: calls $2
RaisemyNut$: checks
*** FLOP *** [8d Jh Qc]
RaisemyNut$: checks
packesel: checks
*** TURN *** [8d Jh Qc] [4c]
RaisemyNut$: checks
packesel: checks
*** RIVER *** [8d Jh Qc 4c] [3s]
RaisemyNut$: checks
packesel: checks
*** SHOW DOWN ***
RaisemyNut$: shows [7s 5h] (high card Queen)
packesel: mucks hand
RaisemyNut$ collected $5.88 from pot
*** SUMMARY ***
Total pot $6 | Rake $0.12
Board [8d Jh Qc 4c 3s]
Seat 3: packesel (button) (small blind) mucked
Seat 4: RaisemyNut$ (big blind) showed [7s 5h] and won ($5.88) with high card Queen


PokerStars Hand #155330187682:  Hold'em Limit ($3/$6 USD) - 2016/06/29 0:01:26 ET
Table 'Hunan' 6-max Seat #4 is the button
Seat 3: packesel ($556.35 in chips)
Seat 4: RaisemyNut$ ($203.56 in chips)
RaisemyNut$: posts small blind $1
packesel: posts big blind $3
*** HOLE CARDS ***
RaisemyNut$: folds
Uncalled bet ($2) returned to packesel
packesel collected $2 from pot
packesel: doesn't show hand
*** SUMMARY ***
Total pot $2 | Rake $0
Seat 3: packesel (big blind) collected ($2)
Seat 4: RaisemyNut$ (button) (small blind) folded before Flop


PokerStars Hand #155330189535:  Hold'em Limit ($3/$6 USD) - 2016/06/29 0:01:34 ET
Table 'Hunan' 6-max Seat #3 is the button
Seat 3: packesel ($557.35 in chips)
Seat 4: RaisemyNut$ ($202.56 in chips)
packesel: posts small blind $1
RaisemyNut$: posts big blind $3
*** HOLE CARDS ***
packesel: calls $2
RaisemyNut$: checks
*** FLOP *** [6d Qh 3s]
RaisemyNut$: bets $3
packesel: folds
Uncalled bet ($3) returned to RaisemyNut$
RaisemyNut$ collected $5.88 from pot
RaisemyNut$: doesn't show hand
*** SUMMARY ***
Total pot $6 | Rake $0.12
Board [6d Qh 3s]
Seat 3: packesel (button) (small blind) folded on the Flop
Seat 4: RaisemyNut$ (big blind) collected ($5.88)


PokerStars Hand #155330193930:  Hold'em Limit ($3/$6 USD) - 2016/06/29 0:01:51 ET
Table 'Hunan' 6-max Seat #4 is the button
Seat 3: packesel ($554.35 in chips)
Seat 4: RaisemyNut$ ($205.44 in chips)
RaisemyNut$: posts small blind $1
packesel: posts big blind $3
*** HOLE CARDS ***
RaisemyNut$: raises $3 to $6
packesel: calls $3
*** FLOP *** [Ah 3d 2c]
packesel: checks
RaisemyNut$: bets $3
packesel: raises $3 to $6
RaisemyNut$: calls $3
*** TURN *** [Ah 3d 2c] [8h]
packesel: bets $6
RaisemyNut$: calls $6
*** RIVER *** [Ah 3d 2c 8h] [2h]
packesel: bets $6
RaisemyNut$: calls $6
*** SHOW DOWN ***
packesel: shows [As 8s] (two pair, Aces and Eights)
RaisemyNut$: mucks hand
packesel collected $47.50 from pot
*** SUMMARY ***
Total pot $48 | Rake $0.50
Board [Ah 3d 2c 8h 2h]
Seat 3: packesel (big blind) showed [As 8s] and won ($47.50) with two pair, Aces and Eights
Seat 4: RaisemyNut$ (button) (small blind) mucked


PokerStars Hand #155330203101:  Hold'em Limit ($3/$6 USD) - 2016/06/29 0:02:28 ET
Table 'Hunan' 6-max Seat #4 is the button
Seat 3: packesel ($580.73 in chips)
Seat 4: RaisemyNut$ ($178.44 in chips)
RaisemyNut$: posts small blind $1
packesel: posts big blind $3
*** HOLE CARDS ***
RaisemyNut$: folds
Uncalled bet ($2) returned to packesel
packesel collected $2 from pot
packesel: doesn't show hand
*** SUMMARY ***
Total pot $2 | Rake $0
Seat 3: packesel (big blind) collected ($2)
Seat 4: RaisemyNut$ (button) (small blind) folded before Flop


PokerStars Hand #155330198868:  Hold'em Limit ($3/$6 USD) - 2016/06/29 0:02:11 ET
Table 'Hunan' 6-max Seat #3 is the button
Seat 3: packesel ($577.85 in chips)
Seat 4: RaisemyNut$ ($181.44 in chips)
packesel: posts small blind $1
RaisemyNut$: posts big blind $3
*** HOLE CARDS ***
packesel: calls $2
RaisemyNut$: checks
*** FLOP *** [6s 3d Th]
RaisemyNut$: checks
packesel: bets $3
RaisemyNut$: folds
Uncalled bet ($3) returned to packesel
packesel collected $5.88 from pot
packesel: doesn't show hand
*** SUMMARY ***
Total pot $6 | Rake $0.12
Board [6s 3d Th]
Seat 3: packesel (button) (small blind) collected ($5.88)
Seat 4: RaisemyNut$ (big blind) folded on the Flop


PokerStars Hand #155330211168:  Hold'em Limit ($3/$6 USD) - 2016/06/29 0:03:00 ET
Table 'Hunan' 6-max Seat #4 is the button
Seat 3: packesel ($608.23 in chips)
Seat 4: RaisemyNut$ ($150.44 in chips)
RaisemyNut$: posts small blind $1
packesel: posts big blind $3
*** HOLE CARDS ***
RaisemyNut$: folds
Uncalled bet ($2) returned to packesel
packesel collected $2 from pot
packesel: doesn't show hand
*** SUMMARY ***
Total pot $2 | Rake $0
Seat 3: packesel (big blind) collected ($2)
Seat 4: RaisemyNut$ (button) (small blind) folded before Flop


PokerStars Hand #155330204935:  Hold'em Limit ($3/$6 USD) - 2016/06/29 0:02:35 ET
Table 'Hunan' 6-max Seat #3 is the button
Seat 3: packesel ($581.73 in chips)
Seat 4: RaisemyNut$ ($177.44 in chips)
packesel: posts small blind $1
RaisemyNut$: posts big blind $3
*** HOLE CARDS ***
packesel: calls $2
RaisemyNut$: raises $3 to $6
packesel: calls $3
*** FLOP *** [7h Kd Ad]
RaisemyNut$: bets $3
packesel: calls $3
*** TURN *** [7h Kd Ad] [5c]
RaisemyNut$: bets $6
packesel: raises $6 to $12
RaisemyNut$: calls $6
*** RIVER *** [7h Kd Ad 5c] [Js]
RaisemyNut$: checks
packesel: bets $6
RaisemyNut$: calls $6
*** SHOW DOWN ***
packesel: shows [Kh 5d] (two pair, Kings and Fives)
RaisemyNut$: mucks hand
packesel collected $53.50 from pot
*** SUMMARY ***
Total pot $54 | Rake $0.50
Board [7h Kd Ad 5c Js]
Seat 3: packesel (button) (small blind) showed [Kh 5d] and won ($53.50) with two pair, Kings and Fives
Seat 4: RaisemyNut$ (big blind) mucked


PokerStars Hand #155330212589:  Hold'em Limit ($3/$6 USD) - 2016/06/29 0:03:06 ET
Table 'Hunan' 6-max Seat #3 is the button
Seat 3: packesel ($609.23 in chips)
Seat 4: RaisemyNut$ ($149.44 in chips)
packesel: posts small blind $1
RaisemyNut$: posts big blind $3
*** HOLE CARDS ***
packesel: calls $2
RaisemyNut$: checks
*** FLOP *** [5s 4d Td]
RaisemyNut$: bets $3
packesel: folds
Uncalled bet ($3) returned to RaisemyNut$
RaisemyNut$ collected $5.88 from pot
RaisemyNut$: doesn't show hand
*** SUMMARY ***
Total pot $6 | Rake $0.12
Board [5s 4d Td]
Seat 3: packesel (button) (small blind) folded on the Flop
Seat 4: RaisemyNut$ (big blind) collected ($5.88)


PokerStars Hand #155330216729:  Hold'em Limit ($3/$6 USD) - 2016/06/29 0:03:22 ET
Table 'Hunan' 6-max Seat #4 is the button
Seat 3: packesel ($606.23 in chips)
Seat 4: RaisemyNut$ ($152.32 in chips)
RaisemyNut$: posts small blind $1
packesel: posts big blind $3
*** HOLE CARDS ***
RaisemyNut$: raises $3 to $6
packesel: calls $3
*** FLOP *** [Ac Qd Ad]
BrownieSpy joins the table at seat #2
packesel: bets $3
RaisemyNut$: calls $3
*** TURN *** [Ac Qd Ad] [Ks]
packesel: checks
RaisemyNut$: bets $6
packesel: folds
Uncalled bet ($6) returned to RaisemyNut$
RaisemyNut$ collected $17.64 from pot
RaisemyNut$: doesn't show hand
*** SUMMARY ***
Total pot $18 | Rake $0.36
Board [Ac Qd Ad Ks]
Seat 3: packesel (big blind) folded on the Turn
Seat 4: RaisemyNut$ (button) (small blind) collected ($17.64)


PokerStars Hand #155330222608:  Hold'em Limit ($3/$6 USD) - 2016/06/29 0:03:45 ET
Table 'Hunan' 6-max Seat #3 is the button
Seat 3: packesel ($597.23 in chips)
Seat 4: RaisemyNut$ ($160.96 in chips)
packesel: posts small blind $1
RaisemyNut$: posts big blind $3
*** HOLE CARDS ***
packesel: calls $2
RaisemyNut$: checks
*** FLOP *** [Jd 3c 6h]
RaisemyNut$: checks
packesel: bets $3
RaisemyNut$: folds
Uncalled bet ($3) returned to packesel
packesel collected $5.88 from pot
packesel: doesn't show hand
*** SUMMARY ***
Total pot $6 | Rake $0.12
Board [Jd 3c 6h]
Seat 3: packesel (button) (small blind) collected ($5.88)
Seat 4: RaisemyNut$ (big blind) folded on the Flop


PokerStars Hand #155330752639:  Hold'em Limit ($3/$6 USD) - 2016/06/29 0:38:24 ET
Table 'Hunan' 6-max Seat #4 is the button
Seat 1: ABATAPP ($95.60 in chips)
Seat 4: RaisemyNut$ ($251.02 in chips)
RaisemyNut$: posts small blind $1
kenuna00 is disconnected
kenuna00 has timed out while disconnected
kenuna00: is sitting out
ABATAPP: posts big blind $3
*** HOLE CARDS ***
RaisemyNut$: folds
Uncalled bet ($2) returned to ABATAPP
ABATAPP collected $2 from pot
ABATAPP: doesn't show hand
*** SUMMARY ***
Total pot $2 | Rake $0
Seat 1: ABATAPP (big blind) collected ($2)
Seat 4: RaisemyNut$ (button) (small blind) folded before Flop


PokerStars Hand #155332367460:  Hold'em Limit ($3/$6 USD) - 2016/06/29 2:31:22 ET
Table 'Hunan' 6-max Seat #4 is the button
Seat 3: Ingmar Ross ($65 in chips)
Seat 4: VolkovDmitri ($121 in chips)
VolkovDmitri: posts small blind $1
Ingmar Ross: posts big blind $3
*** HOLE CARDS ***
VolkovDmitri: raises $3 to $6
Ingmar Ross: raises $3 to $9
VolkovDmitri: calls $3
*** FLOP *** [6s 6c Jc]
Ingmar Ross: bets $3
VolkovDmitri: folds
Uncalled bet ($3) returned to Ingmar Ross
Ingmar Ross collected $17.64 from pot
Ingmar Ross: doesn't show hand
*** SUMMARY ***
Total pot $18 | Rake $0.36
Board [6s 6c Jc]
Seat 3: Ingmar Ross (big blind) collected ($17.64)
Seat 4: VolkovDmitri (button) (small blind) folded on the Flop


PokerStars Hand #155332373130:  Hold'em Limit ($3/$6 USD) - 2016/06/29 2:31:45 ET
Table 'Hunan' 6-max Seat #3 is the button
Seat 3: Ingmar Ross ($73.64 in chips)
Seat 4: VolkovDmitri ($120 in chips)
Ingmar Ross: posts small blind $1
VolkovDmitri: posts big blind $3
*** HOLE CARDS ***
Ingmar Ross: raises $3 to $6
VolkovDmitri: folds
Uncalled bet ($3) returned to Ingmar Ross
Ingmar Ross collected $6 from pot
Ingmar Ross: doesn't show hand
*** SUMMARY ***
Total pot $6 | Rake $0
Seat 3: Ingmar Ross (button) (small blind) collected ($6)
Seat 4: VolkovDmitri (big blind) folded before Flop


PokerStars Hand #155332377600:  Hold'em Limit ($3/$6 USD) - 2016/06/29 2:32:05 ET
Table 'Hunan' 6-max Seat #4 is the button
Seat 3: Ingmar Ross ($76.64 in chips)
Seat 4: VolkovDmitri ($120 in chips)
VolkovDmitri: posts small blind $1
Ingmar Ross: posts big blind $3
*** HOLE CARDS ***
VolkovDmitri: raises $3 to $6
Ingmar Ross: raises $3 to $9
VolkovDmitri: calls $3
*** FLOP *** [7s Tc Qd]
Ingmar Ross: bets $3
VolkovDmitri: calls $3
*** TURN *** [7s Tc Qd] [Qs]
Ingmar Ross: bets $6
VolkovDmitri: calls $6
*** RIVER *** [7s Tc Qd Qs] [5d]
Ingmar Ross: checks
VolkovDmitri: bets $6
Ingmar Ross: calls $6
*** SHOW DOWN ***
VolkovDmitri: shows [Ts 8s] (two pair, Queens and Tens)
Ingmar Ross: mucks hand
VolkovDmitri collected $47.50 from pot
*** SUMMARY ***
Total pot $48 | Rake $0.50
Board [7s Tc Qd Qs 5d]
Seat 3: Ingmar Ross (big blind) mucked
Seat 4: VolkovDmitri (button) (small blind) showed [Ts 8s] and won ($47.50) with two pair, Queens and Tens


PokerStars Hand #155332387303:  Hold'em Limit ($3/$6 USD) - 2016/06/29 2:32:45 ET
Table 'Hunan' 6-max Seat #3 is the button
Seat 3: Ingmar Ross ($52.64 in chips)
Seat 4: VolkovDmitri ($143.50 in chips)
Ingmar Ross: posts small blind $1
VolkovDmitri: posts big blind $3
*** HOLE CARDS ***
Ingmar Ross: raises $3 to $6
VolkovDmitri: raises $3 to $9
Ingmar Ross: calls $3
*** FLOP *** [8c Qh 8s]
VolkovDmitri: bets $3
Ingmar Ross: calls $3
*** TURN *** [8c Qh 8s] [6d]
VolkovDmitri: bets $6
Ingmar Ross: calls $6
*** RIVER *** [8c Qh 8s 6d] [Td]
VolkovDmitri: checks
Ingmar Ross: bets $6
VolkovDmitri: folds
Uncalled bet ($6) returned to Ingmar Ross
Ingmar Ross collected $35.50 from pot
Ingmar Ross: doesn't show hand
*** SUMMARY ***
Total pot $36 | Rake $0.50
Board [8c Qh 8s 6d Td]
Seat 3: Ingmar Ross (button) (small blind) collected ($35.50)
Seat 4: VolkovDmitri (big blind) folded on the River


PokerStars Hand #155332395366:  Hold'em Limit ($3/$6 USD) - 2016/06/29 2:33:20 ET
Table 'Hunan' 6-max Seat #4 is the button
Seat 3: Ingmar Ross ($70.14 in chips)
Seat 4: VolkovDmitri ($125.50 in chips)
VolkovDmitri: posts small blind $1
Ingmar Ross: posts big blind $3
*** HOLE CARDS ***
VolkovDmitri: raises $3 to $6
Ingmar Ross: raises $3 to $9
VolkovDmitri: calls $3
*** FLOP *** [Kc 3d Qh]
Ingmar Ross: bets $3
VolkovDmitri: folds
Uncalled bet ($3) returned to Ingmar Ross
Ingmar Ross collected $17.64 from pot
Ingmar Ross: doesn't show hand
*** SUMMARY ***
Total pot $18 | Rake $0.36
Board [Kc 3d Qh]
Seat 3: Ingmar Ross (big blind) collected ($17.64)
Seat 4: VolkovDmitri (button) (small blind) folded on the Flop


PokerStars Hand #155332399601:  Hold'em Limit ($3/$6 USD) - 2016/06/29 2:33:38 ET
Table 'Hunan' 6-max Seat #3 is the button
Seat 3: Ingmar Ross ($78.78 in chips)
Seat 4: VolkovDmitri ($120 in chips)
Ingmar Ross: posts small blind $1
VolkovDmitri: posts big blind $3
*** HOLE CARDS ***
Ingmar Ross: folds
Uncalled bet ($2) returned to VolkovDmitri
VolkovDmitri collected $2 from pot
VolkovDmitri: doesn't show hand
*** SUMMARY ***
Total pot $2 | Rake $0
Seat 3: Ingmar Ross (button) (small blind) folded before Flop
Seat 4: VolkovDmitri (big blind) collected ($2)


