PokerStars Hand #163670185770:  Hold'em Limit ($3/$6 USD) - 2016/12/28 13:34:55 ET
Table 'Hungaria III' 10-max Seat #1 is the button
Seat 1: holsv1 ($89.24 in chips)
Seat 7: VolkovDmitri ($120 in chips)
holsv1: posts small blind $1
VolkovDmitri: posts big blind $3
*** HOLE CARDS ***
holsv1: calls $2
VolkovDmitri: raises $3 to $6
UR_VIC joins the table at seat #6
holsv1: calls $3
*** FLOP *** [Ks 2d Ac]
VolkovDmitri: checks
holsv1: checks
*** TURN *** [Ks 2d Ac] [As]
VolkovDmitri: checks
holsv1: checks
*** RIVER *** [Ks 2d Ac As] [4h]
VolkovDmitri: bets $6
holsv1: folds
Uncalled bet ($6) returned to VolkovDmitri
VolkovDmitri collected $11.76 from pot
VolkovDmitri: doesn't show hand
*** SUMMARY ***
Total pot $12 | Rake $0.24
Board [Ks 2d Ac As 4h]
Seat 1: holsv1 (button) (small blind) folded on the River
Seat 7: VolkovDmitri (big blind) collected ($11.76)


PokerStars Hand #163670222259:  Hold'em Limit ($3/$6 USD) - 2016/12/28 13:35:33 ET
Table 'Hungaria III' 10-max Seat #7 is the button
Seat 1: holsv1 ($83.24 in chips)
Seat 7: VolkovDmitri ($125.76 in chips)
VolkovDmitri: posts small blind $1
holsv1: posts big blind $3
*** HOLE CARDS ***
VolkovDmitri: raises $3 to $6
UR_VIC leaves the table
holsv1: calls $3
*** FLOP *** [6s As 4h]
holsv1: bets $3
VolkovDmitri: folds
Uncalled bet ($3) returned to holsv1
holsv1 collected $11.76 from pot
holsv1: doesn't show hand
*** SUMMARY ***
Total pot $12 | Rake $0.24
Board [6s As 4h]
Seat 1: holsv1 (big blind) collected ($11.76)
Seat 7: VolkovDmitri (button) (small blind) folded on the Flop


PokerStars Hand #163670265997:  Hold'em Limit ($3/$6 USD) - 2016/12/28 13:36:19 ET
Table 'Hungaria III' 10-max Seat #7 is the button
Seat 1: holsv1 ($88 in chips)
Seat 7: VolkovDmitri ($121 in chips)
VolkovDmitri: posts small blind $1
holsv1: posts big blind $3
*** HOLE CARDS ***
VolkovDmitri: raises $3 to $6
holsv1: folds
Uncalled bet ($3) returned to VolkovDmitri
VolkovDmitri collected $6 from pot
VolkovDmitri: doesn't show hand
*** SUMMARY ***
Total pot $6 | Rake $0
Seat 1: holsv1 (big blind) folded before Flop
Seat 7: VolkovDmitri (button) (small blind) collected ($6)


PokerStars Hand #163670256330:  Hold'em Limit ($3/$6 USD) - 2016/12/28 13:36:09 ET
Table 'Hungaria III' 10-max Seat #1 is the button
Seat 1: holsv1 ($89 in chips)
Seat 7: VolkovDmitri ($120 in chips)
holsv1: posts small blind $1
VolkovDmitri: posts big blind $3
*** HOLE CARDS ***
holsv1: folds
Uncalled bet ($2) returned to VolkovDmitri
VolkovDmitri collected $2 from pot
VolkovDmitri: doesn't show hand
*** SUMMARY ***
Total pot $2 | Rake $0
Seat 1: holsv1 (button) (small blind) folded before Flop
Seat 7: VolkovDmitri (big blind) collected ($2)


PokerStars Hand #163670303942:  Hold'em Limit ($3/$6 USD) - 2016/12/28 13:36:59 ET
Table 'Hungaria III' 10-max Seat #7 is the button
Seat 1: holsv1 ($70 in chips)
Seat 7: VolkovDmitri ($138.50 in chips)
VolkovDmitri: posts small blind $1
holsv1: posts big blind $3
*** HOLE CARDS ***
VolkovDmitri: raises $3 to $6
holsv1: folds
Uncalled bet ($3) returned to VolkovDmitri
VolkovDmitri collected $6 from pot
VolkovDmitri: doesn't show hand
*** SUMMARY ***
Total pot $6 | Rake $0
Seat 1: holsv1 (big blind) folded before Flop
Seat 7: VolkovDmitri (button) (small blind) collected ($6)


PokerStars Hand #163670272841:  Hold'em Limit ($3/$6 USD) - 2016/12/28 13:36:26 ET
Table 'Hungaria III' 10-max Seat #1 is the button
Seat 1: holsv1 ($85 in chips)
Seat 7: VolkovDmitri ($124 in chips)
holsv1: posts small blind $1
VolkovDmitri: posts big blind $3
*** HOLE CARDS ***
holsv1: calls $2
VolkovDmitri: raises $3 to $6
holsv1: calls $3
*** FLOP *** [9c 5d 5s]
VolkovDmitri: bets $3
holsv1: calls $3
*** TURN *** [9c 5d 5s] [4s]
VolkovDmitri: bets $6
holsv1: calls $6
*** RIVER *** [9c 5d 5s 4s] [Kc]
VolkovDmitri: checks
holsv1: checks
*** SHOW DOWN ***
VolkovDmitri: shows [7h As] (a pair of Fives)
holsv1: mucks hand
VolkovDmitri collected $29.50 from pot
*** SUMMARY ***
Total pot $30 | Rake $0.50
Board [9c 5d 5s 4s Kc]
Seat 1: holsv1 (button) (small blind) mucked
Seat 7: VolkovDmitri (big blind) showed [7h As] and won ($29.50) with a pair of Fives


PokerStars Hand #163670313902:  Hold'em Limit ($3/$6 USD) - 2016/12/28 13:37:09 ET
Table 'Hungaria III' 10-max Seat #1 is the button
Seat 1: holsv1 ($67 in chips)
Seat 7: VolkovDmitri ($141.50 in chips)
holsv1: posts small blind $1
VolkovDmitri: posts big blind $3
*** HOLE CARDS ***
holsv1: raises $3 to $6
VolkovDmitri: calls $3
*** FLOP *** [4s Jc 7h]
VolkovDmitri: bets $3
holsv1: raises $3 to $6
VolkovDmitri: calls $3
*** TURN *** [4s Jc 7h] [5c]
VolkovDmitri: checks
holsv1: bets $6
VolkovDmitri: calls $6
*** RIVER *** [4s Jc 7h 5c] [Kh]
VolkovDmitri: checks
holsv1: checks
*** SHOW DOWN ***
VolkovDmitri: shows [7s Qc] (a pair of Sevens)
holsv1: shows [Js Qd] (a pair of Jacks)
holsv1 collected $35.50 from pot
*** SUMMARY ***
Total pot $36 | Rake $0.50
Board [4s Jc 7h 5c Kh]
Seat 1: holsv1 (button) (small blind) showed [Js Qd] and won ($35.50) with a pair of Jacks
Seat 7: VolkovDmitri (big blind) showed [7s Qc] and lost with a pair of Sevens


PokerStars Hand #163670357134:  Hold'em Limit ($3/$6 USD) - 2016/12/28 13:37:55 ET
Table 'Hungaria III' 10-max Seat #7 is the button
Seat 1: holsv1 ($84.50 in chips)
Seat 7: VolkovDmitri ($123.50 in chips)
VolkovDmitri: posts small blind $1
holsv1: posts big blind $3
*** HOLE CARDS ***
VolkovDmitri: raises $3 to $6
holsv1: folds
Uncalled bet ($3) returned to VolkovDmitri
holsv1 leaves the table
VolkovDmitri collected $6 from pot
VolkovDmitri: doesn't show hand
*** SUMMARY ***
Total pot $6 | Rake $0
Seat 1: holsv1 (big blind) folded before Flop
Seat 7: VolkovDmitri (button) (small blind) collected ($6)


PokerStars Hand #163673666191:  Hold'em Limit ($3/$6 USD) - 2016/12/28 14:36:26 ET
Table 'Hungaria III' 10-max Seat #6 is the button
Seat 5: popeluha ($59.50 in chips)
Seat 6: Drik89 ($90 in chips)
Drik89: posts small blind $1
popeluha: posts big blind $3
*** HOLE CARDS ***
Drik89: folds
Uncalled bet ($2) returned to popeluha
popeluha collected $2 from pot
popeluha: doesn't show hand
*** SUMMARY ***
Total pot $2 | Rake $0
Seat 5: popeluha (big blind) collected ($2)
Seat 6: Drik89 (button) (small blind) folded before Flop


PokerStars Hand #163673638303:  Hold'em Limit ($3/$6 USD) - 2016/12/28 14:35:57 ET
Table 'Hungaria III' 10-max Seat #5 is the button
Seat 5: popeluha ($30 in chips)
Seat 6: Drik89 ($120 in chips)
popeluha: posts small blind $1
Drik89: posts big blind $3
*** HOLE CARDS ***
popeluha: raises $3 to $6
Drik89: calls $3
*** FLOP *** [Ks Qd Jd]
Drik89: bets $3
popeluha: calls $3
*** TURN *** [Ks Qd Jd] [6h]
Drik89: bets $6
popeluha: raises $6 to $12
Drik89: raises $6 to $18
popeluha: raises $3 to $21 and is all-in
Betting is capped
Drik89: calls $3
*** RIVER *** [Ks Qd Jd 6h] [Qh]
*** SHOW DOWN ***
Drik89: shows [Kc 6s] (two pair, Kings and Queens)
popeluha: shows [Kh Qc] (a full house, Queens full of Kings)
popeluha collected $59.50 from pot
*** SUMMARY ***
Total pot $60 | Rake $0.50
Board [Ks Qd Jd 6h Qh]
Seat 5: popeluha (button) (small blind) showed [Kh Qc] and won ($59.50) with a full house, Queens full of Kings
Seat 6: Drik89 (big blind) showed [Kc 6s] and lost with two pair, Kings and Queens


PokerStars Hand #163673726661:  Hold'em Limit ($3/$6 USD) - 2016/12/28 14:37:28 ET
Table 'Hungaria III' 10-max Seat #5 is the button
Seat 5: popeluha ($42.50 in chips)
Seat 6: Drik89 ($106.38 in chips)
popeluha: posts small blind $1
Drik89: posts big blind $3
*** HOLE CARDS ***
popeluha: folds
Uncalled bet ($2) returned to Drik89
Drik89 collected $2 from pot
Drik89: doesn't show hand
*** SUMMARY ***
Total pot $2 | Rake $0
Seat 5: popeluha (button) (small blind) folded before Flop
Seat 6: Drik89 (big blind) collected ($2)


PokerStars Hand #163673696722:  Hold'em Limit ($3/$6 USD) - 2016/12/28 14:36:57 ET
Table 'Hungaria III' 10-max Seat #6 is the button
Seat 5: popeluha ($57.50 in chips)
Seat 6: Drik89 ($91.88 in chips)
Drik89: posts small blind $1
popeluha: posts big blind $3
*** HOLE CARDS ***
Drik89: raises $3 to $6
popeluha: calls $3
*** FLOP *** [3c 8h Ts]
popeluha: checks
Drik89: bets $3
popeluha: calls $3
*** TURN *** [3c 8h Ts] [Jc]
popeluha: checks
Drik89: bets $6
popeluha: calls $6
*** RIVER *** [3c 8h Ts Jc] [Ac]
popeluha: checks
The Thraex joins the table at seat #7
Drik89: bets $6
popeluha: folds
Uncalled bet ($6) returned to Drik89
Drik89 collected $29.50 from pot
Drik89: doesn't show hand
*** SUMMARY ***
Total pot $30 | Rake $0.50
Board [3c 8h Ts Jc Ac]
Seat 5: popeluha (big blind) folded on the River
Seat 6: Drik89 (button) (small blind) collected ($29.50)


PokerStars Hand #163673691785:  Hold'em Limit ($3/$6 USD) - 2016/12/28 14:36:52 ET
Table 'Hungaria III' 10-max Seat #5 is the button
Seat 5: popeluha ($58.50 in chips)
Seat 6: Drik89 ($90.88 in chips)
popeluha: posts small blind $1
Drik89: posts big blind $3
*** HOLE CARDS ***
popeluha: folds
Uncalled bet ($2) returned to Drik89
Drik89 collected $2 from pot
Drik89: doesn't show hand
*** SUMMARY ***
Total pot $2 | Rake $0
Seat 5: popeluha (button) (small blind) folded before Flop
Seat 6: Drik89 (big blind) collected ($2)


PokerStars Hand #163673687100:  Hold'em Limit ($3/$6 USD) - 2016/12/28 14:36:47 ET
Table 'Hungaria III' 10-max Seat #6 is the button
Seat 5: popeluha ($57.50 in chips)
Seat 6: Drik89 ($91.88 in chips)
Drik89: posts small blind $1
popeluha: posts big blind $3
*** HOLE CARDS ***
Drik89: folds
Uncalled bet ($2) returned to popeluha
popeluha collected $2 from pot
popeluha: doesn't show hand
*** SUMMARY ***
Total pot $2 | Rake $0
Seat 5: popeluha (big blind) collected ($2)
Seat 6: Drik89 (button) (small blind) folded before Flop


PokerStars Hand #163673674253:  Hold'em Limit ($3/$6 USD) - 2016/12/28 14:36:34 ET
Table 'Hungaria III' 10-max Seat #5 is the button
Seat 5: popeluha ($60.50 in chips)
Seat 6: Drik89 ($89 in chips)
popeluha: posts small blind $1
Drik89: posts big blind $3
*** HOLE CARDS ***
popeluha: calls $2
Drik89: checks
*** FLOP *** [Kd 7d 4d]
Drik89: checks
popeluha: checks
*** TURN *** [Kd 7d 4d] [Kh]
Drik89: bets $6
popeluha: folds
Uncalled bet ($6) returned to Drik89
Drik89 collected $5.88 from pot
Drik89: doesn't show hand
*** SUMMARY ***
Total pot $6 | Rake $0.12
Board [Kd 7d 4d Kh]
Seat 5: popeluha (button) (small blind) folded on the Turn
Seat 6: Drik89 (big blind) collected ($5.88)


