PokerStars Hand #146949168070:  Hold'em Limit ($3/$6 USD) - 2016/01/12 21:56:09 ET
Table 'Hungaria' 10-max Seat #5 is the button
Seat 5: SmellyToes4u ($121 in chips)
Seat 10: yayaya ($119 in chips)
SmellyToes4u: posts small blind $1
yayaya: posts big blind $3
*** HOLE CARDS ***
SmellyToes4u: raises $3 to $6
yayaya: calls $3
*** FLOP *** [4c 3s 3h]
yayaya: checks
SmellyToes4u: bets $3
yayaya: calls $3
*** TURN *** [4c 3s 3h] [Js]
yayaya: checks
SmellyToes4u: bets $6
yayaya: folds
Uncalled bet ($6) returned to SmellyToes4u
SmellyToes4u collected $17.64 from pot
SmellyToes4u: doesn't show hand
*** SUMMARY ***
Total pot $18 | Rake $0.36
Board [4c 3s 3h Js]
Seat 5: SmellyToes4u (button) (small blind) collected ($17.64)
Seat 10: yayaya (big blind) folded on the Turn


PokerStars Hand #146949184409:  Hold'em Limit ($3/$6 USD) - 2016/01/12 21:56:55 ET
Table 'Hungaria' 10-max Seat #10 is the button
Seat 5: SmellyToes4u ($143.14 in chips)
Seat 10: yayaya ($96 in chips)
yayaya: posts small blind $1
SmellyToes4u: posts big blind $3
*** HOLE CARDS ***
yayaya: raises $3 to $6
SmellyToes4u: calls $3
*** FLOP *** [3s 6c 8c]
SmellyToes4u: checks
yayaya: bets $3
SmellyToes4u: folds
Uncalled bet ($3) returned to yayaya
yayaya collected $11.76 from pot
yayaya: doesn't show hand
*** SUMMARY ***
Total pot $12 | Rake $0.24
Board [3s 6c 8c]
Seat 5: SmellyToes4u (big blind) folded on the Flop
Seat 10: yayaya (button) (small blind) collected ($11.76)


PokerStars Hand #146949182682:  Hold'em Limit ($3/$6 USD) - 2016/01/12 21:56:50 ET
Table 'Hungaria' 10-max Seat #5 is the button
Seat 5: SmellyToes4u ($144.14 in chips)
Seat 10: yayaya ($95 in chips)
SmellyToes4u: posts small blind $1
yayaya: posts big blind $3
*** HOLE CARDS ***
SmellyToes4u: folds
Uncalled bet ($2) returned to yayaya
yayaya collected $2 from pot
yayaya: doesn't show hand
*** SUMMARY ***
Total pot $2 | Rake $0
Seat 5: SmellyToes4u (button) (small blind) folded before Flop
Seat 10: yayaya (big blind) collected ($2)


PokerStars Hand #146949174854:  Hold'em Limit ($3/$6 USD) - 2016/01/12 21:56:28 ET
Table 'Hungaria' 10-max Seat #10 is the button
Seat 5: SmellyToes4u ($129.64 in chips)
Seat 10: yayaya ($110 in chips)
yayaya: posts small blind $1
SmellyToes4u: posts big blind $3
*** HOLE CARDS ***
yayaya: raises $3 to $6
SmellyToes4u: calls $3
*** FLOP *** [2s 5d 2d]
SmellyToes4u: checks
yayaya: bets $3
SmellyToes4u: calls $3
*** TURN *** [2s 5d 2d] [As]
SmellyToes4u: checks
yayaya: bets $6
SmellyToes4u: calls $6
*** RIVER *** [2s 5d 2d As] [8s]
SmellyToes4u: checks
yayaya: checks
*** SHOW DOWN ***
SmellyToes4u: shows [Ks 4s] (a flush, Ace high)
yayaya: mucks hand
SmellyToes4u collected $29.50 from pot
*** SUMMARY ***
Total pot $30 | Rake $0.50
Board [2s 5d 2d As 8s]
Seat 5: SmellyToes4u (big blind) showed [Ks 4s] and won ($29.50) with a flush, Ace high
Seat 10: yayaya (button) (small blind) mucked


PokerStars Hand #146949187750:  Hold'em Limit ($3/$6 USD) - 2016/01/12 21:57:04 ET
Table 'Hungaria' 10-max Seat #5 is the button
Seat 5: SmellyToes4u ($137.14 in chips)
Seat 10: yayaya ($101.76 in chips)
SmellyToes4u: posts small blind $1
yayaya: posts big blind $3
*** HOLE CARDS ***
SmellyToes4u: raises $3 to $6
yayaya: raises $3 to $9
SmellyToes4u: calls $3
*** FLOP *** [8s 8c 4h]
yayaya: bets $3
SmellyToes4u: calls $3
*** TURN *** [8s 8c 4h] [2h]
yayaya: bets $6
SmellyToes4u: folds
Uncalled bet ($6) returned to yayaya
yayaya collected $23.52 from pot
yayaya: doesn't show hand
*** SUMMARY ***
Total pot $24 | Rake $0.48
Board [8s 8c 4h 2h]
Seat 5: SmellyToes4u (button) (small blind) folded on the Turn
Seat 10: yayaya (big blind) collected ($23.52)


PokerStars Hand #146949191977:  Hold'em Limit ($3/$6 USD) - 2016/01/12 21:57:16 ET
Table 'Hungaria' 10-max Seat #10 is the button
Seat 5: SmellyToes4u ($125.14 in chips)
Seat 10: yayaya ($113.28 in chips)
yayaya: posts small blind $1
SmellyToes4u: posts big blind $3
*** HOLE CARDS ***
yayaya: raises $3 to $6
SmellyToes4u: raises $3 to $9
yayaya: calls $3
*** FLOP *** [6s Ah Ks]
SmellyToes4u: bets $3
yayaya: raises $3 to $6
SmellyToes4u: calls $3
*** TURN *** [6s Ah Ks] [Ad]
SmellyToes4u: checks
yayaya: checks
*** RIVER *** [6s Ah Ks Ad] [Ts]
SmellyToes4u: checks
yayaya: checks
*** SHOW DOWN ***
SmellyToes4u: shows [Jd 9d] (a pair of Aces)
yayaya: shows [Kh 6d] (two pair, Aces and Kings)
yayaya collected $29.50 from pot
*** SUMMARY ***
Total pot $30 | Rake $0.50
Board [6s Ah Ks Ad Ts]
Seat 5: SmellyToes4u (big blind) showed [Jd 9d] and lost with a pair of Aces
Seat 10: yayaya (button) (small blind) showed [Kh 6d] and won ($29.50) with two pair, Aces and Kings


PokerStars Hand #146949199039:  Hold'em Limit ($3/$6 USD) - 2016/01/12 21:57:36 ET
Table 'Hungaria' 10-max Seat #5 is the button
Seat 5: SmellyToes4u ($110.14 in chips)
Seat 10: yayaya ($127.78 in chips)
SmellyToes4u: posts small blind $1
yayaya: posts big blind $3
*** HOLE CARDS ***
SmellyToes4u: raises $3 to $6
yayaya: calls $3
*** FLOP *** [5c 5d Kd]
yayaya: checks
SmellyToes4u: bets $3
yayaya: raises $3 to $6
SmellyToes4u: folds
Uncalled bet ($3) returned to yayaya
yayaya collected $17.64 from pot
yayaya: doesn't show hand
*** SUMMARY ***
Total pot $18 | Rake $0.36
Board [5c 5d Kd]
Seat 5: SmellyToes4u (button) (small blind) folded on the Flop
Seat 10: yayaya (big blind) collected ($17.64)


PokerStars Hand #146949202813:  Hold'em Limit ($3/$6 USD) - 2016/01/12 21:57:46 ET
Table 'Hungaria' 10-max Seat #10 is the button
Seat 5: SmellyToes4u ($101.14 in chips)
Seat 10: yayaya ($136.42 in chips)
yayaya: posts small blind $1
SmellyToes4u: posts big blind $3
*** HOLE CARDS ***
yayaya: folds
Uncalled bet ($2) returned to SmellyToes4u
SmellyToes4u collected $2 from pot
SmellyToes4u: doesn't show hand
*** SUMMARY ***
Total pot $2 | Rake $0
Seat 5: SmellyToes4u (big blind) collected ($2)
Seat 10: yayaya (button) (small blind) folded before Flop


PokerStars Hand #146949214329:  Hold'em Limit ($3/$6 USD) - 2016/01/12 21:58:09 ET
Table 'Hungaria' 10-max Seat #10 is the button
Seat 5: SmellyToes4u ($75.14 in chips)
Seat 10: yayaya ($161.92 in chips)
yayaya: posts small blind $1
SmellyToes4u: posts big blind $3
*** HOLE CARDS ***
yayaya: folds
Uncalled bet ($2) returned to SmellyToes4u
SmellyToes4u collected $2 from pot
SmellyToes4u: doesn't show hand
*** SUMMARY ***
Total pot $2 | Rake $0
Seat 5: SmellyToes4u (big blind) collected ($2)
Seat 10: yayaya (button) (small blind) folded before Flop


PokerStars Hand #146949204521:  Hold'em Limit ($3/$6 USD) - 2016/01/12 21:57:51 ET
Table 'Hungaria' 10-max Seat #5 is the button
Seat 5: SmellyToes4u ($102.14 in chips)
Seat 10: yayaya ($135.42 in chips)
SmellyToes4u: posts small blind $1
yayaya: posts big blind $3
*** HOLE CARDS ***
SmellyToes4u: raises $3 to $6
yayaya: raises $3 to $9
SmellyToes4u: calls $3
*** FLOP *** [Jc 3c 7d]
yayaya: bets $3
SmellyToes4u: raises $3 to $6
yayaya: calls $3
*** TURN *** [Jc 3c 7d] [8d]
yayaya: checks
SmellyToes4u: bets $6
yayaya: calls $6
*** RIVER *** [Jc 3c 7d 8d] [Kc]
yayaya: checks
SmellyToes4u: bets $6
yayaya: raises $6 to $12
SmellyToes4u: folds
Uncalled bet ($6) returned to yayaya
yayaya collected $53.50 from pot
yayaya: doesn't show hand
*** SUMMARY ***
Total pot $54 | Rake $0.50
Board [Jc 3c 7d 8d Kc]
Seat 5: SmellyToes4u (button) (small blind) folded on the River
Seat 10: yayaya (big blind) collected ($53.50)


PokerStars Hand #146949226322:  Hold'em Limit ($3/$6 USD) - 2016/01/12 21:58:35 ET
Table 'Hungaria' 10-max Seat #5 is the button
Seat 5: SmellyToes4u ($58.14 in chips)
Seat 10: yayaya ($178.20 in chips)
SmellyToes4u: posts small blind $1
yayaya: posts big blind $3
*** HOLE CARDS ***
SmellyToes4u: folds
Uncalled bet ($2) returned to yayaya
yayaya collected $2 from pot
yayaya: doesn't show hand
*** SUMMARY ***
Total pot $2 | Rake $0
Seat 5: SmellyToes4u (button) (small blind) folded before Flop
Seat 10: yayaya (big blind) collected ($2)


PokerStars Hand #146949227928:  Hold'em Limit ($3/$6 USD) - 2016/01/12 21:58:39 ET
Table 'Hungaria' 10-max Seat #10 is the button
Seat 5: SmellyToes4u ($57.14 in chips)
Seat 10: yayaya ($179.20 in chips)
yayaya: posts small blind $1
SmellyToes4u: posts big blind $3
*** HOLE CARDS ***
yayaya: raises $3 to $6
SmellyToes4u: raises $3 to $9
yayaya: calls $3
*** FLOP *** [5h 5s 9h]
SmellyToes4u: bets $3
yayaya: calls $3
*** TURN *** [5h 5s 9h] [8c]
SmellyToes4u: bets $6
yayaya: calls $6
*** RIVER *** [5h 5s 9h 8c] [Ac]
SmellyToes4u: checks
yayaya: bets $6
SmellyToes4u: calls $6
*** SHOW DOWN ***
yayaya: shows [4h 3h] (a pair of Fives)
SmellyToes4u: shows [Ks Qh] (a pair of Fives - Ace+King kicker)
SmellyToes4u collected $47.50 from pot
*** SUMMARY ***
Total pot $48 | Rake $0.50
Board [5h 5s 9h 8c Ac]
Seat 5: SmellyToes4u (big blind) showed [Ks Qh] and won ($47.50) with a pair of Fives
Seat 10: yayaya (button) (small blind) showed [4h 3h] and lost with a pair of Fives


PokerStars Hand #146949222797:  Hold'em Limit ($3/$6 USD) - 2016/01/12 21:58:26 ET
Table 'Hungaria' 10-max Seat #10 is the button
Seat 5: SmellyToes4u ($64.14 in chips)
Seat 10: yayaya ($172.44 in chips)
yayaya: posts small blind $1
SmellyToes4u: posts big blind $3
*** HOLE CARDS ***
yayaya: raises $3 to $6
SmellyToes4u: calls $3
*** FLOP *** [8s 5s Qd]
SmellyToes4u: checks
yayaya: bets $3
SmellyToes4u: folds
Uncalled bet ($3) returned to yayaya
yayaya collected $11.76 from pot
yayaya: doesn't show hand
*** SUMMARY ***
Total pot $12 | Rake $0.24
Board [8s 5s Qd]
Seat 5: SmellyToes4u (big blind) folded on the Flop
Seat 10: yayaya (button) (small blind) collected ($11.76)


PokerStars Hand #146949253730:  Hold'em Limit ($3/$6 USD) - 2016/01/12 21:59:51 ET
Table 'Hungaria' 10-max Seat #10 is the button
Seat 5: SmellyToes4u ($55.16 in chips)
Seat 10: yayaya ($179.20 in chips)
yayaya: posts small blind $1
SmellyToes4u: posts big blind $3
*** HOLE CARDS ***
yayaya: folds
Uncalled bet ($2) returned to SmellyToes4u
SmellyToes4u collected $2 from pot
SmellyToes4u: doesn't show hand
*** SUMMARY ***
Total pot $2 | Rake $0
Seat 5: SmellyToes4u (big blind) collected ($2)
Seat 10: yayaya (button) (small blind) folded before Flop


PokerStars Hand #146949252147:  Hold'em Limit ($3/$6 USD) - 2016/01/12 21:59:46 ET
Table 'Hungaria' 10-max Seat #5 is the button
Seat 5: SmellyToes4u ($56.16 in chips)
Seat 10: yayaya ($178.20 in chips)
SmellyToes4u: posts small blind $1
yayaya: posts big blind $3
*** HOLE CARDS ***
SmellyToes4u: folds
Uncalled bet ($2) returned to yayaya
yayaya collected $2 from pot
yayaya: doesn't show hand
*** SUMMARY ***
Total pot $2 | Rake $0
Seat 5: SmellyToes4u (button) (small blind) folded before Flop
Seat 10: yayaya (big blind) collected ($2)


PokerStars Hand #146949240608:  Hold'em Limit ($3/$6 USD) - 2016/01/12 21:59:14 ET
Table 'Hungaria' 10-max Seat #10 is the button
Seat 5: SmellyToes4u ($62.64 in chips)
Seat 10: yayaya ($172.70 in chips)
yayaya: posts small blind $1
SmellyToes4u: posts big blind $3
*** HOLE CARDS ***
yayaya: raises $3 to $6
SmellyToes4u: calls $3
*** FLOP *** [Td 6d Qd]
SmellyToes4u: checks
yayaya: bets $3
SmellyToes4u: raises $3 to $6
yayaya: calls $3
*** TURN *** [Td 6d Qd] [2d]
SmellyToes4u: bets $6
yayaya: folds
Uncalled bet ($6) returned to SmellyToes4u
SmellyToes4u collected $23.52 from pot
SmellyToes4u: doesn't show hand
*** SUMMARY ***
Total pot $24 | Rake $0.48
Board [Td 6d Qd 2d]
Seat 5: SmellyToes4u (big blind) collected ($23.52)
Seat 10: yayaya (button) (small blind) folded on the Turn


PokerStars Hand #146949244890:  Hold'em Limit ($3/$6 USD) - 2016/01/12 21:59:25 ET
Table 'Hungaria' 10-max Seat #5 is the button
Seat 5: SmellyToes4u ($74.16 in chips)
Seat 10: yayaya ($160.70 in chips)
SmellyToes4u: posts small blind $1
yayaya: posts big blind $3
*** HOLE CARDS ***
SmellyToes4u: raises $3 to $6
yayaya: folds
Uncalled bet ($3) returned to SmellyToes4u
SmellyToes4u collected $6 from pot
SmellyToes4u: doesn't show hand
*** SUMMARY ***
Total pot $6 | Rake $0
Seat 5: SmellyToes4u (button) (small blind) collected ($6)
Seat 10: yayaya (big blind) folded before Flop


PokerStars Hand #146949234683:  Hold'em Limit ($3/$6 USD) - 2016/01/12 21:58:57 ET
Table 'Hungaria' 10-max Seat #5 is the button
Seat 5: SmellyToes4u ($80.64 in chips)
Seat 10: yayaya ($155.20 in chips)
SmellyToes4u: posts small blind $1
yayaya: posts big blind $3
*** HOLE CARDS ***
SmellyToes4u: raises $3 to $6
yayaya: raises $3 to $9
SmellyToes4u: calls $3
*** FLOP *** [9c 7h 4h]
yayaya: bets $3
SmellyToes4u: raises $3 to $6
yayaya: raises $3 to $9
SmellyToes4u: calls $3
*** TURN *** [9c 7h 4h] [6s]
yayaya: bets $6
SmellyToes4u: folds
Uncalled bet ($6) returned to yayaya
yayaya collected $35.50 from pot
yayaya: doesn't show hand
*** SUMMARY ***
Total pot $36 | Rake $0.50
Board [9c 7h 4h 6s]
Seat 5: SmellyToes4u (button) (small blind) folded on the Turn
Seat 10: yayaya (big blind) collected ($35.50)


PokerStars Hand #146949260482:  Hold'em Limit ($3/$6 USD) - 2016/01/12 22:00:09 ET
Table 'Hungaria' 10-max Seat #10 is the button
Seat 5: SmellyToes4u ($38.16 in chips)
Seat 10: yayaya ($195.70 in chips)
yayaya: posts small blind $1
SmellyToes4u: posts big blind $3
*** HOLE CARDS ***
yayaya: folds
Uncalled bet ($2) returned to SmellyToes4u
SmellyToes4u collected $2 from pot
SmellyToes4u: doesn't show hand
*** SUMMARY ***
Total pot $2 | Rake $0
Seat 5: SmellyToes4u (big blind) collected ($2)
Seat 10: yayaya (button) (small blind) folded before Flop


PokerStars Hand #146949255430:  Hold'em Limit ($3/$6 USD) - 2016/01/12 21:59:55 ET
Table 'Hungaria' 10-max Seat #5 is the button
Seat 5: SmellyToes4u ($56.16 in chips)
Seat 10: yayaya ($178.20 in chips)
SmellyToes4u: posts small blind $1
yayaya: posts big blind $3
*** HOLE CARDS ***
SmellyToes4u: raises $3 to $6
yayaya: raises $3 to $9
SmellyToes4u: calls $3
*** FLOP *** [8h Ac As]
yayaya: bets $3
SmellyToes4u: calls $3
*** TURN *** [8h Ac As] [Qs]
yayaya: checks
SmellyToes4u: bets $6
yayaya: raises $6 to $12
SmellyToes4u: folds
Uncalled bet ($6) returned to yayaya
yayaya collected $35.50 from pot
yayaya: doesn't show hand
*** SUMMARY ***
Total pot $36 | Rake $0.50
Board [8h Ac As Qs]
Seat 5: SmellyToes4u (button) (small blind) folded on the Turn
Seat 10: yayaya (big blind) collected ($35.50)


PokerStars Hand #146949271836:  Hold'em Limit ($3/$6 USD) - 2016/01/12 22:00:40 ET
Table 'Hungaria' 10-max Seat #5 is the button
Seat 5: SmellyToes4u ($40.16 in chips)
Seat 10: yayaya ($193.46 in chips)
SmellyToes4u: posts small blind $1
yayaya: posts big blind $3
*** HOLE CARDS ***
SmellyToes4u: raises $3 to $6
yayaya: folds
Uncalled bet ($3) returned to SmellyToes4u
SmellyToes4u collected $6 from pot
SmellyToes4u: doesn't show hand
*** SUMMARY ***
Total pot $6 | Rake $0
Seat 5: SmellyToes4u (button) (small blind) collected ($6)
Seat 10: yayaya (big blind) folded before Flop


PokerStars Hand #146949270065:  Hold'em Limit ($3/$6 USD) - 2016/01/12 22:00:35 ET
Table 'Hungaria' 10-max Seat #10 is the button
Seat 5: SmellyToes4u ($39.16 in chips)
Seat 10: yayaya ($194.46 in chips)
yayaya: posts small blind $1
SmellyToes4u: posts big blind $3
*** HOLE CARDS ***
yayaya: folds
Uncalled bet ($2) returned to SmellyToes4u
SmellyToes4u collected $2 from pot
SmellyToes4u: doesn't show hand
*** SUMMARY ***
Total pot $2 | Rake $0
Seat 5: SmellyToes4u (big blind) collected ($2)
Seat 10: yayaya (button) (small blind) folded before Flop


PokerStars Hand #146949273810:  Hold'em Limit ($3/$6 USD) - 2016/01/12 22:00:45 ET
Table 'Hungaria' 10-max Seat #10 is the button
Seat 5: SmellyToes4u ($43.16 in chips)
Seat 10: yayaya ($190.46 in chips)
yayaya: posts small blind $1
SmellyToes4u: posts big blind $3
*** HOLE CARDS ***
yayaya: folds
Uncalled bet ($2) returned to SmellyToes4u
SmellyToes4u collected $2 from pot
SmellyToes4u: doesn't show hand
*** SUMMARY ***
Total pot $2 | Rake $0
Seat 5: SmellyToes4u (big blind) collected ($2)
Seat 10: yayaya (button) (small blind) folded before Flop


PokerStars Hand #146949275950:  Hold'em Limit ($3/$6 USD) - 2016/01/12 22:00:51 ET
Table 'Hungaria' 10-max Seat #5 is the button
Seat 5: SmellyToes4u ($44.16 in chips)
Seat 10: yayaya ($189.46 in chips)
SmellyToes4u: posts small blind $1
yayaya: posts big blind $3
*** HOLE CARDS ***
SmellyToes4u: raises $3 to $6
yayaya: calls $3
*** FLOP *** [Ad 3s Tc]
yayaya: checks
SmellyToes4u: bets $3
yayaya: folds
Uncalled bet ($3) returned to SmellyToes4u
SmellyToes4u collected $11.76 from pot
SmellyToes4u: doesn't show hand
*** SUMMARY ***
Total pot $12 | Rake $0.24
Board [Ad 3s Tc]
Seat 5: SmellyToes4u (button) (small blind) collected ($11.76)
Seat 10: yayaya (big blind) folded on the Flop


PokerStars Hand #146949262209:  Hold'em Limit ($3/$6 USD) - 2016/01/12 22:00:14 ET
Table 'Hungaria' 10-max Seat #5 is the button
Seat 5: SmellyToes4u ($39.16 in chips)
Seat 10: yayaya ($194.70 in chips)
SmellyToes4u: posts small blind $1
yayaya: posts big blind $3
*** HOLE CARDS ***
SmellyToes4u: raises $3 to $6
yayaya: folds
Uncalled bet ($3) returned to SmellyToes4u
SmellyToes4u collected $6 from pot
SmellyToes4u: doesn't show hand
*** SUMMARY ***
Total pot $6 | Rake $0
Seat 5: SmellyToes4u (button) (small blind) collected ($6)
Seat 10: yayaya (big blind) folded before Flop


PokerStars Hand #146949267589:  Hold'em Limit ($3/$6 USD) - 2016/01/12 22:00:29 ET
Table 'Hungaria' 10-max Seat #5 is the button
Seat 5: SmellyToes4u ($36.16 in chips)
Seat 10: yayaya ($197.46 in chips)
SmellyToes4u: posts small blind $1
yayaya: posts big blind $3
*** HOLE CARDS ***
SmellyToes4u: raises $3 to $6
yayaya: folds
Uncalled bet ($3) returned to SmellyToes4u
SmellyToes4u collected $6 from pot
SmellyToes4u: doesn't show hand
*** SUMMARY ***
Total pot $6 | Rake $0
Seat 5: SmellyToes4u (button) (small blind) collected ($6)
Seat 10: yayaya (big blind) folded before Flop


PokerStars Hand #146949264291:  Hold'em Limit ($3/$6 USD) - 2016/01/12 22:00:20 ET
Table 'Hungaria' 10-max Seat #10 is the button
Seat 5: SmellyToes4u ($42.16 in chips)
Seat 10: yayaya ($191.70 in chips)
yayaya: posts small blind $1
SmellyToes4u: posts big blind $3
*** HOLE CARDS ***
yayaya: raises $3 to $6
SmellyToes4u: calls $3
*** FLOP *** [9c Qd 9s]
SmellyToes4u: checks
yayaya: bets $3
SmellyToes4u: folds
Uncalled bet ($3) returned to yayaya
yayaya collected $11.76 from pot
yayaya: doesn't show hand
*** SUMMARY ***
Total pot $12 | Rake $0.24
Board [9c Qd 9s]
Seat 5: SmellyToes4u (big blind) folded on the Flop
Seat 10: yayaya (button) (small blind) collected ($11.76)


PokerStars Hand #146949288083:  Hold'em Limit ($3/$6 USD) - 2016/01/12 22:01:21 ET
Table 'Hungaria' 10-max Seat #5 is the button
Seat 5: SmellyToes4u ($54.92 in chips)
Seat 10: yayaya ($178.46 in chips)
SmellyToes4u: posts small blind $1
yayaya: posts big blind $3
*** HOLE CARDS ***
SmellyToes4u: raises $3 to $6
yayaya: raises $3 to $9
SmellyToes4u: calls $3
*** FLOP *** [7d Th 3d]
yayaya: bets $3
SmellyToes4u: calls $3
*** TURN *** [7d Th 3d] [6c]
yayaya: bets $6
SmellyToes4u: raises $6 to $12
yayaya: folds
Uncalled bet ($6) returned to SmellyToes4u
SmellyToes4u collected $35.50 from pot
SmellyToes4u: doesn't show hand
*** SUMMARY ***
Total pot $36 | Rake $0.50
Board [7d Th 3d 6c]
Seat 5: SmellyToes4u (button) (small blind) collected ($35.50)
Seat 10: yayaya (big blind) folded on the Turn


PokerStars Hand #146949293393:  Hold'em Limit ($3/$6 USD) - 2016/01/12 22:01:34 ET
Table 'Hungaria' 10-max Seat #10 is the button
Seat 5: SmellyToes4u ($72.42 in chips)
Seat 10: yayaya ($160.46 in chips)
yayaya: posts small blind $1
SmellyToes4u: posts big blind $3
*** HOLE CARDS ***
yayaya: folds
Uncalled bet ($2) returned to SmellyToes4u
SmellyToes4u collected $2 from pot
SmellyToes4u: doesn't show hand
*** SUMMARY ***
Total pot $2 | Rake $0
Seat 5: SmellyToes4u (big blind) collected ($2)
Seat 10: yayaya (button) (small blind) folded before Flop


PokerStars Hand #146949284045:  Hold'em Limit ($3/$6 USD) - 2016/01/12 22:01:11 ET
Table 'Hungaria' 10-max Seat #5 is the button
Seat 5: SmellyToes4u ($50.92 in chips)
Seat 10: yayaya ($182.46 in chips)
SmellyToes4u: posts small blind $1
yayaya: posts big blind $3
*** HOLE CARDS ***
SmellyToes4u: raises $3 to $6
yayaya: folds
Uncalled bet ($3) returned to SmellyToes4u
SmellyToes4u collected $6 from pot
SmellyToes4u: doesn't show hand
*** SUMMARY ***
Total pot $6 | Rake $0
Seat 5: SmellyToes4u (button) (small blind) collected ($6)
Seat 10: yayaya (big blind) folded before Flop


PokerStars Hand #146949281514:  Hold'em Limit ($3/$6 USD) - 2016/01/12 22:01:05 ET
Table 'Hungaria' 10-max Seat #10 is the button
Seat 5: SmellyToes4u ($49.92 in chips)
Seat 10: yayaya ($183.46 in chips)
yayaya: posts small blind $1
SmellyToes4u: posts big blind $3
*** HOLE CARDS ***
yayaya: folds
Uncalled bet ($2) returned to SmellyToes4u
SmellyToes4u collected $2 from pot
SmellyToes4u: doesn't show hand
*** SUMMARY ***
Total pot $2 | Rake $0
Seat 5: SmellyToes4u (big blind) collected ($2)
Seat 10: yayaya (button) (small blind) folded before Flop


PokerStars Hand #146949286316:  Hold'em Limit ($3/$6 USD) - 2016/01/12 22:01:17 ET
Table 'Hungaria' 10-max Seat #10 is the button
Seat 5: SmellyToes4u ($53.92 in chips)
Seat 10: yayaya ($179.46 in chips)
yayaya: posts small blind $1
SmellyToes4u: posts big blind $3
*** HOLE CARDS ***
yayaya: folds
Uncalled bet ($2) returned to SmellyToes4u
SmellyToes4u collected $2 from pot
SmellyToes4u: doesn't show hand
*** SUMMARY ***
Total pot $2 | Rake $0
Seat 5: SmellyToes4u (big blind) collected ($2)
Seat 10: yayaya (button) (small blind) folded before Flop


PokerStars Hand #146955976053:  Hold'em Limit ($3/$6 USD) - 2016/01/13 3:51:47 ET
Table 'Hungaria' 10-max Seat #6 is the button
Seat 1: Masqb ($126 in chips)
Seat 6: MTails ($120 in chips)
MTails: posts small blind $1
Masqb: posts big blind $3
*** HOLE CARDS ***
MTails: raises $3 to $6
Masqb: raises $3 to $9
MTails: calls $3
*** FLOP *** [8d 8h 4s]
Masqb: bets $3
MTails: calls $3
*** TURN *** [8d 8h 4s] [7h]
Masqb: checks
MTails: bets $6
Masqb: calls $6
*** RIVER *** [8d 8h 4s 7h] [Kc]
Masqb: checks
MTails: bets $6
Masqb: raises $6 to $12
MTails: calls $6
*** SHOW DOWN ***
Masqb: shows [Ks Jh] (two pair, Kings and Eights)
MTails: shows [Kh As] (two pair, Kings and Eights - Ace kicker)
MTails collected $59.50 from pot
*** SUMMARY ***
Total pot $60 | Rake $0.50
Board [8d 8h 4s 7h Kc]
Seat 1: Masqb (big blind) showed [Ks Jh] and lost with two pair, Kings and Eights
Seat 6: MTails (button) (small blind) showed [Kh As] and won ($59.50) with two pair, Kings and Eights


PokerStars Hand #146956004527:  Hold'em Limit ($3/$6 USD) - 2016/01/13 3:53:07 ET
Table 'Hungaria' 10-max Seat #1 is the button
Seat 1: Masqb ($96 in chips)
Seat 6: MTails ($149.50 in chips)
Masqb: posts small blind $1
MTails: posts big blind $3
*** HOLE CARDS ***
Masqb: folds
Uncalled bet ($2) returned to MTails
MTails collected $2 from pot
*** SUMMARY ***
Total pot $2 | Rake $0
Seat 1: Masqb (button) (small blind) folded before Flop
Seat 6: MTails (big blind) collected ($2)


PokerStars Hand #146956008145:  Hold'em Limit ($3/$6 USD) - 2016/01/13 3:53:17 ET
Table 'Hungaria' 10-max Seat #6 is the button
Seat 1: Masqb ($95 in chips)
Seat 6: MTails ($150.50 in chips)
MTails: posts small blind $1
Masqb: posts big blind $3
*** HOLE CARDS ***
MTails said, "5-10 ?"
MTails: raises $3 to $6
Masqb: calls $3
*** FLOP *** [Kh 2s Qh]
Masqb: checks
MTails: bets $3
Masqb: folds
Uncalled bet ($3) returned to MTails
MTails collected $11.76 from pot
*** SUMMARY ***
Total pot $12 | Rake $0.24
Board [Kh 2s Qh]
Seat 1: Masqb (big blind) folded on the Flop
Seat 6: MTails (button) (small blind) collected ($11.76)


PokerStars Hand #146956015973:  Hold'em Limit ($3/$6 USD) - 2016/01/13 3:53:39 ET
Table 'Hungaria' 10-max Seat #1 is the button
Seat 1: Masqb ($89 in chips)
Seat 6: MTails ($156.26 in chips)
Masqb: posts small blind $1
MTails: posts big blind $3
*** HOLE CARDS ***
Masqb: folds
Uncalled bet ($2) returned to MTails
MTails collected $2 from pot
*** SUMMARY ***
Total pot $2 | Rake $0
Seat 1: Masqb (button) (small blind) folded before Flop
Seat 6: MTails (big blind) collected ($2)


PokerStars Hand #146956022508:  Hold'em Limit ($3/$6 USD) - 2016/01/13 3:53:57 ET
Table 'Hungaria' 10-max Seat #1 is the button
Seat 1: Masqb ($89 in chips)
Seat 6: MTails ($156.26 in chips)
Masqb: posts small blind $1
MTails: posts big blind $3
*** HOLE CARDS ***
Masqb: raises $3 to $6
MTails: calls $3
*** FLOP *** [8c 2d Th]
MTails: checks
Masqb: bets $3
MTails: raises $3 to $6
Masqb: calls $3
*** TURN *** [8c 2d Th] [Tc]
MTails: bets $6
Masqb: raises $6 to $12
MTails: calls $6
*** RIVER *** [8c 2d Th Tc] [2s]
MTails: checks
Masqb: checks
*** SHOW DOWN ***
MTails: shows [Ah 2c] (a full house, Deuces full of Tens)
Masqb: mucks hand
MTails collected $47.50 from pot
*** SUMMARY ***
Total pot $48 | Rake $0.50
Board [8c 2d Th Tc 2s]
Seat 1: Masqb (button) (small blind) mucked
Seat 6: MTails (big blind) showed [Ah 2c] and won ($47.50) with a full house, Deuces full of Tens


PokerStars Hand #146956041138:  Hold'em Limit ($3/$6 USD) - 2016/01/13 3:54:49 ET
Table 'Hungaria' 10-max Seat #6 is the button
Seat 1: Masqb ($65 in chips)
Seat 6: MTails ($179.76 in chips)
MTails: posts small blind $1
Masqb: posts big blind $3
*** HOLE CARDS ***
MTails: raises $3 to $6
Masqb: calls $3
*** FLOP *** [Jd Kh As]
Masqb: checks
MTails said, "why u dotn wanna play me 5-10 ?"
MTails: bets $3
Masqb: calls $3
*** TURN *** [Jd Kh As] [Kc]
Masqb: checks
MTails: checks
*** RIVER *** [Jd Kh As Kc] [Td]
Masqb: bets $6
MTails: raises $6 to $12
Masqb: calls $6
*** SHOW DOWN ***
MTails: shows [Qs 4h] (a straight, Ten to Ace)
Masqb: shows [2s Qd] (a straight, Ten to Ace)
Masqb collected $20.75 from pot
MTails collected $20.75 from pot
*** SUMMARY ***
Total pot $42 | Rake $0.50
Board [Jd Kh As Kc Td]
Seat 1: Masqb (big blind) showed [2s Qd] and won ($20.75) with a straight, Ten to Ace
Seat 6: MTails (button) (small blind) showed [Qs 4h] and won ($20.75) with a straight, Ten to Ace


PokerStars Hand #146956051837:  Hold'em Limit ($3/$6 USD) - 2016/01/13 3:55:21 ET
Table 'Hungaria' 10-max Seat #1 is the button
Seat 1: Masqb ($64.75 in chips)
Seat 6: MTails ($179.51 in chips)
Masqb: posts small blind $1
MTails: posts big blind $3
*** HOLE CARDS ***
Masqb: raises $3 to $6
MTails: calls $3
*** FLOP *** [3d Kc Ac]
MTails: checks
Masqb: bets $3
MTails: raises $3 to $6
Masqb: calls $3
*** TURN *** [3d Kc Ac] [4h]
MTails: checks
Masqb: checks
*** RIVER *** [3d Kc Ac 4h] [8d]
MTails: checks
Masqb: checks
*** SHOW DOWN ***
MTails: shows [5h Qh] (high card Ace)
Masqb: shows [Qc 6h] (high card Ace - King+Queen+Eight+Six kicker)
Masqb collected $23.52 from pot
*** SUMMARY ***
Total pot $24 | Rake $0.48
Board [3d Kc Ac 4h 8d]
Seat 1: Masqb (button) (small blind) showed [Qc 6h] and won ($23.52) with high card Ace
Seat 6: MTails (big blind) showed [5h Qh] and lost with high card Ace


PokerStars Hand #146956065652:  Hold'em Limit ($3/$6 USD) - 2016/01/13 3:56:05 ET
Table 'Hungaria' 10-max Seat #6 is the button
Seat 1: Masqb ($76.27 in chips)
Seat 6: MTails ($167.51 in chips)
MTails: posts small blind $1
Masqb: posts big blind $3
*** HOLE CARDS ***
MTails: raises $3 to $6
Masqb: calls $3
*** FLOP *** [Qd Jh 7h]
Masqb: checks
MTails: bets $3
Masqb: folds
Uncalled bet ($3) returned to MTails
MTails collected $11.76 from pot
*** SUMMARY ***
Total pot $12 | Rake $0.24
Board [Qd Jh 7h]
Seat 1: Masqb (big blind) folded on the Flop
Seat 6: MTails (button) (small blind) collected ($11.76)


