PokerStars Hand #147389406087:  Hold'em Limit ($3/$6 USD) - 2016/01/20 16:52:06 ET
Table 'Hunnia III' 2-max Seat #2 is the button
Seat 1: knysi ($30.11 in chips)
Seat 2: Pandakey ($143.04 in chips)
Pandakey: posts small blind $1
knysi: posts big blind $3
*** HOLE CARDS ***
Pandakey: raises $3 to $6
knysi: folds
Uncalled bet ($3) returned to Pandakey
Pandakey collected $6 from pot
Pandakey: doesn't show hand
*** SUMMARY ***
Total pot $6 | Rake $0
Seat 1: knysi (big blind) folded before Flop
Seat 2: Pandakey (button) (small blind) collected ($6)


PokerStars Hand #147389383203:  Hold'em Limit ($3/$6 USD) - 2016/01/20 16:51:45 ET
Table 'Hunnia III' 2-max Seat #1 is the button
Seat 1: knysi ($42.11 in chips)
Seat 2: Pandakey ($131.52 in chips)
knysi: posts small blind $1
Pandakey: posts big blind $3
*** HOLE CARDS ***
knysi: raises $3 to $6
Pandakey: raises $3 to $9
knysi: calls $3
*** FLOP *** [8d 4d 7h]
Pandakey: bets $3
knysi: calls $3
*** TURN *** [8d 4d 7h] [Th]
Pandakey: checks
knysi: checks
*** RIVER *** [8d 4d 7h Th] [2h]
Pandakey: bets $6
knysi: folds
Uncalled bet ($6) returned to Pandakey
Pandakey collected $23.52 from pot
*** SUMMARY ***
Total pot $24 | Rake $0.48
Board [8d 4d 7h Th 2h]
Seat 1: knysi (button) (small blind) folded on the River
Seat 2: Pandakey (big blind) collected ($23.52)


PokerStars Hand #147389432378:  Hold'em Limit ($3/$6 USD) - 2016/01/20 16:52:30 ET
Table 'Hunnia III' 2-max Seat #2 is the button
Seat 1: knysi ($21.11 in chips)
Seat 2: Pandakey ($151.80 in chips)
Pandakey: posts small blind $1
knysi: posts big blind $3
*** HOLE CARDS ***
Pandakey: raises $3 to $6
knysi: calls $3
*** FLOP *** [9s Kc 2s]
knysi: checks
Pandakey: bets $3
knysi: calls $3
*** TURN *** [9s Kc 2s] [Ad]
knysi: checks
Pandakey: bets $6
knysi: raises $6 to $12
Pandakey: raises $6 to $18
knysi: calls $0.11 and is all-in
Uncalled bet ($5.89) returned to Pandakey
*** RIVER *** [9s Kc 2s Ad] [6d]
*** SHOW DOWN ***
knysi: shows [Qc As] (a pair of Aces)
Pandakey: shows [Ks Ah] (two pair, Aces and Kings)
Pandakey collected $41.72 from pot
*** SUMMARY ***
Total pot $42.22 | Rake $0.50
Board [9s Kc 2s Ad 6d]
Seat 1: knysi (big blind) showed [Qc As] and lost with a pair of Aces
Seat 2: Pandakey (button) (small blind) showed [Ks Ah] and won ($41.72) with two pair, Aces and Kings


PokerStars Hand #147389410745:  Hold'em Limit ($3/$6 USD) - 2016/01/20 16:52:11 ET
Table 'Hunnia III' 2-max Seat #1 is the button
Seat 1: knysi ($27.11 in chips)
Seat 2: Pandakey ($146.04 in chips)
knysi: posts small blind $1
Pandakey: posts big blind $3
*** HOLE CARDS ***
knysi: raises $3 to $6
Pandakey: calls $3
*** FLOP *** [4c 2h 5s]
Pandakey: checks
knysi: checks
*** TURN *** [4c 2h 5s] [7c]
Pandakey: bets $6
knysi: folds
Uncalled bet ($6) returned to Pandakey
Pandakey collected $11.76 from pot
Pandakey: doesn't show hand
*** SUMMARY ***
Total pot $12 | Rake $0.24
Board [4c 2h 5s 7c]
Seat 1: knysi (button) (small blind) folded on the Turn
Seat 2: Pandakey (big blind) collected ($11.76)


