PokerStars Hand #164732618561:  Hold'em Limit ($3/$6 USD) - 2017/01/17 13:33:16 ET
Table 'Hus' 6-max Seat #1 is the button
Seat 1: Titanic001 ($88.64 in chips)
Seat 2: GRAILKO ($191 in chips)
Titanic001: posts small blind $1
GRAILKO: posts big blind $3
*** HOLE CARDS ***
Titanic001: folds
Uncalled bet ($2) returned to GRAILKO
GRAILKO collected $2 from pot
GRAILKO: doesn't show hand
*** SUMMARY ***
Total pot $2 | Rake $0
Seat 1: Titanic001 (button) (small blind) folded before Flop
Seat 2: GRAILKO (big blind) collected ($2)


PokerStars Hand #164732602505:  Hold'em Limit ($3/$6 USD) - 2017/01/17 13:33:00 ET
Table 'Hus' 6-max Seat #2 is the button
Seat 1: Titanic001 ($80 in chips)
Seat 2: GRAILKO ($200 in chips)
GRAILKO: posts small blind $1
TinaTurner72: is sitting out
Titanic001: posts big blind $3
*** HOLE CARDS ***
GRAILKO: raises $3 to $6
Titanic001: calls $3
*** FLOP *** [8s Qs 2h]
Titanic001: checks
GRAILKO: bets $3
Titanic001: calls $3
*** TURN *** [8s Qs 2h] [As]
TinaTurner72 leaves the table
Titanic001: checks
GRAILKO: checks
*** RIVER *** [8s Qs 2h As] [Kd]
Titanic001: bets $6
GRAILKO: folds
Uncalled bet ($6) returned to Titanic001
Titanic001 collected $17.64 from pot
*** SUMMARY ***
Total pot $18 | Rake $0.36
Board [8s Qs 2h As Kd]
Seat 1: Titanic001 (big blind) collected ($17.64)
Seat 2: GRAILKO (button) (small blind) folded on the River


PokerStars Hand #164732624244:  Hold'em Limit ($3/$6 USD) - 2017/01/17 13:33:22 ET
Table 'Hus' 6-max Seat #2 is the button
Seat 1: Titanic001 ($87.64 in chips)
Seat 2: GRAILKO ($192 in chips)
GRAILKO: posts small blind $1
Titanic001: posts big blind $3
*** HOLE CARDS ***
GRAILKO: raises $3 to $6
Titanic001: calls $3
*** FLOP *** [Td 2h 4s]
Titanic001: checks
GRAILKO: bets $3
Titanic001: calls $3
*** TURN *** [Td 2h 4s] [7c]
Titanic001: checks
GRAILKO: checks
*** RIVER *** [Td 2h 4s 7c] [Qd]
Titanic001: checks
GRAILKO: checks
*** SHOW DOWN ***
Titanic001: shows [Js 8s] (high card Queen)
GRAILKO: shows [Ad 3s] (high card Ace)
GRAILKO collected $17.64 from pot
*** SUMMARY ***
Total pot $18 | Rake $0.36
Board [Td 2h 4s 7c Qd]
Seat 1: Titanic001 (big blind) showed [Js 8s] and lost with high card Queen
Seat 2: GRAILKO (button) (small blind) showed [Ad 3s] and won ($17.64) with high card Ace


PokerStars Hand #164732641479:  Hold'em Limit ($3/$6 USD) - 2017/01/17 13:33:40 ET
Table 'Hus' 6-max Seat #1 is the button
Seat 1: Titanic001 ($78.64 in chips)
Seat 2: GRAILKO ($200.64 in chips)
Titanic001: posts small blind $1
GRAILKO: posts big blind $3
*** HOLE CARDS ***
Titanic001: raises $3 to $6
GRAILKO: calls $3
*** FLOP *** [Ks Kd 2h]
GRAILKO: checks
Titanic001: bets $3
GRAILKO: folds
Uncalled bet ($3) returned to Titanic001
Titanic001 collected $11.76 from pot
*** SUMMARY ***
Total pot $12 | Rake $0.24
Board [Ks Kd 2h]
Seat 1: Titanic001 (button) (small blind) collected ($11.76)
Seat 2: GRAILKO (big blind) folded on the Flop


PokerStars Hand #164732652519:  Hold'em Limit ($3/$6 USD) - 2017/01/17 13:33:52 ET
Table 'Hus' 6-max Seat #2 is the button
Seat 1: Titanic001 ($84.40 in chips)
Seat 2: GRAILKO ($194.64 in chips)
GRAILKO: posts small blind $1
Titanic001: posts big blind $3
*** HOLE CARDS ***
GRAILKO: folds
Uncalled bet ($2) returned to Titanic001
Titanic001 collected $2 from pot
*** SUMMARY ***
Total pot $2 | Rake $0
Seat 1: Titanic001 (big blind) collected ($2)
Seat 2: GRAILKO (button) (small blind) folded before Flop


PokerStars Hand #164732656964:  Hold'em Limit ($3/$6 USD) - 2017/01/17 13:33:56 ET
Table 'Hus' 6-max Seat #1 is the button
Seat 1: Titanic001 ($85.40 in chips)
Seat 2: GRAILKO ($193.64 in chips)
Titanic001: posts small blind $1
GRAILKO: posts big blind $3
*** HOLE CARDS ***
Titanic001: raises $3 to $6
GRAILKO: folds
Uncalled bet ($3) returned to Titanic001
Titanic001 collected $6 from pot
*** SUMMARY ***
Total pot $6 | Rake $0
Seat 1: Titanic001 (button) (small blind) collected ($6)
Seat 2: GRAILKO (big blind) folded before Flop


PokerStars Hand #164732663266:  Hold'em Limit ($3/$6 USD) - 2017/01/17 13:34:03 ET
Table 'Hus' 6-max Seat #2 is the button
Seat 1: Titanic001 ($88.40 in chips)
Seat 2: GRAILKO ($190.64 in chips)
GRAILKO: posts small blind $1
Titanic001: posts big blind $3
*** HOLE CARDS ***
GRAILKO: raises $3 to $6
Titanic001: raises $3 to $9
GRAILKO: calls $3
*** FLOP *** [Qd 3d 6s]
Titanic001: bets $3
GRAILKO: calls $3
*** TURN *** [Qd 3d 6s] [5c]
Titanic001: bets $6
GRAILKO: calls $6
*** RIVER *** [Qd 3d 6s 5c] [8c]
Titanic001: bets $6
GRAILKO: folds
Uncalled bet ($6) returned to Titanic001
Titanic001 collected $35.50 from pot
*** SUMMARY ***
Total pot $36 | Rake $0.50
Board [Qd 3d 6s 5c 8c]
Seat 1: Titanic001 (big blind) collected ($35.50)
Seat 2: GRAILKO (button) (small blind) folded on the River


PokerStars Hand #164732681408:  Hold'em Limit ($3/$6 USD) - 2017/01/17 13:34:22 ET
Table 'Hus' 6-max Seat #1 is the button
Seat 1: Titanic001 ($105.90 in chips)
Seat 2: GRAILKO ($172.64 in chips)
Titanic001: posts small blind $1
GRAILKO: posts big blind $3
*** HOLE CARDS ***
Titanic001: raises $3 to $6
GRAILKO: folds
Uncalled bet ($3) returned to Titanic001
Titanic001 collected $6 from pot
*** SUMMARY ***
Total pot $6 | Rake $0
Seat 1: Titanic001 (button) (small blind) collected ($6)
Seat 2: GRAILKO (big blind) folded before Flop


PokerStars Hand #164732689466:  Hold'em Limit ($3/$6 USD) - 2017/01/17 13:34:30 ET
Table 'Hus' 6-max Seat #2 is the button
Seat 1: Titanic001 ($108.90 in chips)
Seat 2: GRAILKO ($169.64 in chips)
GRAILKO: posts small blind $1
Titanic001: posts big blind $3
*** HOLE CARDS ***
GRAILKO: folds
Uncalled bet ($2) returned to Titanic001
Titanic001 collected $2 from pot
*** SUMMARY ***
Total pot $2 | Rake $0
Seat 1: Titanic001 (big blind) collected ($2)
Seat 2: GRAILKO (button) (small blind) folded before Flop


PokerStars Hand #164732695512:  Hold'em Limit ($3/$6 USD) - 2017/01/17 13:34:37 ET
Table 'Hus' 6-max Seat #1 is the button
Seat 1: Titanic001 ($109.90 in chips)
Seat 2: GRAILKO ($168.64 in chips)
Titanic001: posts small blind $1
GRAILKO: posts big blind $3
*** HOLE CARDS ***
Titanic001: raises $3 to $6
GRAILKO: raises $3 to $9
Titanic001: calls $3
*** FLOP *** [8c Ts 6s]
GRAILKO: bets $3
Titanic001: calls $3
*** TURN *** [8c Ts 6s] [Ah]
GRAILKO: bets $6
Titanic001: raises $6 to $12
GRAILKO: calls $6
*** RIVER *** [8c Ts 6s Ah] [8d]
GRAILKO: checks
Titanic001: bets $6
GRAILKO: folds
Uncalled bet ($6) returned to Titanic001
Titanic001 collected $47.50 from pot
*** SUMMARY ***
Total pot $48 | Rake $0.50
Board [8c Ts 6s Ah 8d]
Seat 1: Titanic001 (button) (small blind) collected ($47.50)
Seat 2: GRAILKO (big blind) folded on the River


PokerStars Hand #164732732518:  Hold'em Limit ($3/$6 USD) - 2017/01/17 13:35:16 ET
Table 'Hus' 6-max Seat #1 is the button
Seat 1: Titanic001 ($134.40 in chips)
Seat 2: GRAILKO ($143.64 in chips)
Titanic001: posts small blind $1
GRAILKO: posts big blind $3
*** HOLE CARDS ***
Titanic001: folds
Uncalled bet ($2) returned to GRAILKO
GRAILKO collected $2 from pot
GRAILKO: doesn't show hand
*** SUMMARY ***
Total pot $2 | Rake $0
Seat 1: Titanic001 (button) (small blind) folded before Flop
Seat 2: GRAILKO (big blind) collected ($2)


PokerStars Hand #164732728132:  Hold'em Limit ($3/$6 USD) - 2017/01/17 13:35:11 ET
Table 'Hus' 6-max Seat #2 is the button
Seat 1: Titanic001 ($133.40 in chips)
Seat 2: GRAILKO ($144.64 in chips)
GRAILKO: posts small blind $1
Titanic001: posts big blind $3
*** HOLE CARDS ***
GRAILKO: folds
Uncalled bet ($2) returned to Titanic001
Titanic001 collected $2 from pot
*** SUMMARY ***
Total pot $2 | Rake $0
Seat 1: Titanic001 (big blind) collected ($2)
Seat 2: GRAILKO (button) (small blind) folded before Flop


PokerStars Hand #164732751171:  Hold'em Limit ($3/$6 USD) - 2017/01/17 13:35:35 ET
Table 'Hus' 6-max Seat #1 is the button
Seat 1: Titanic001 ($142.04 in chips)
Seat 2: GRAILKO ($135.64 in chips)
Titanic001: posts small blind $1
GRAILKO: posts big blind $3
*** HOLE CARDS ***
Titanic001: folds
Uncalled bet ($2) returned to GRAILKO
GRAILKO collected $2 from pot
GRAILKO: doesn't show hand
*** SUMMARY ***
Total pot $2 | Rake $0
Seat 1: Titanic001 (button) (small blind) folded before Flop
Seat 2: GRAILKO (big blind) collected ($2)


PokerStars Hand #164732739059:  Hold'em Limit ($3/$6 USD) - 2017/01/17 13:35:22 ET
Table 'Hus' 6-max Seat #2 is the button
Seat 1: Titanic001 ($133.40 in chips)
Seat 2: GRAILKO ($144.64 in chips)
GRAILKO: posts small blind $1
Titanic001: posts big blind $3
*** HOLE CARDS ***
GRAILKO: raises $3 to $6
Titanic001: calls $3
*** FLOP *** [Ks Ac Ah]
Titanic001: checks
GRAILKO: bets $3
Titanic001: raises $3 to $6
GRAILKO: folds
Uncalled bet ($3) returned to Titanic001
Titanic001 collected $17.64 from pot
*** SUMMARY ***
Total pot $18 | Rake $0.36
Board [Ks Ac Ah]
Seat 1: Titanic001 (big blind) collected ($17.64)
Seat 2: GRAILKO (button) (small blind) folded on the Flop


PokerStars Hand #164732755983:  Hold'em Limit ($3/$6 USD) - 2017/01/17 13:35:40 ET
Table 'Hus' 6-max Seat #2 is the button
Seat 1: Titanic001 ($141.04 in chips)
Seat 2: GRAILKO ($136.64 in chips)
GRAILKO: posts small blind $1
Titanic001: posts big blind $3
*** HOLE CARDS ***
GRAILKO: raises $3 to $6
Titanic001: calls $3
*** FLOP *** [8h 2h Qs]
Titanic001: checks
GRAILKO: bets $3
Titanic001: raises $3 to $6
GRAILKO: folds
Uncalled bet ($3) returned to Titanic001
Titanic001 collected $17.64 from pot
*** SUMMARY ***
Total pot $18 | Rake $0.36
Board [8h 2h Qs]
Seat 1: Titanic001 (big blind) collected ($17.64)
Seat 2: GRAILKO (button) (small blind) folded on the Flop


PokerStars Hand #164732722494:  Hold'em Limit ($3/$6 USD) - 2017/01/17 13:35:05 ET
Table 'Hus' 6-max Seat #1 is the button
Seat 1: Titanic001 ($130.40 in chips)
Seat 2: GRAILKO ($147.64 in chips)
Titanic001: posts small blind $1
GRAILKO: posts big blind $3
*** HOLE CARDS ***
Titanic001: raises $3 to $6
GRAILKO: folds
Uncalled bet ($3) returned to Titanic001
Titanic001 collected $6 from pot
*** SUMMARY ***
Total pot $6 | Rake $0
Seat 1: Titanic001 (button) (small blind) collected ($6)
Seat 2: GRAILKO (big blind) folded before Flop


PokerStars Hand #164732716570:  Hold'em Limit ($3/$6 USD) - 2017/01/17 13:34:59 ET
Table 'Hus' 6-max Seat #2 is the button
Seat 1: Titanic001 ($133.40 in chips)
Seat 2: GRAILKO ($144.64 in chips)
GRAILKO: posts small blind $1
Titanic001: posts big blind $3
*** HOLE CARDS ***
GRAILKO: raises $3 to $6
Titanic001: folds
Uncalled bet ($3) returned to GRAILKO
GRAILKO collected $6 from pot
GRAILKO: doesn't show hand
*** SUMMARY ***
Total pot $6 | Rake $0
Seat 1: Titanic001 (big blind) folded before Flop
Seat 2: GRAILKO (button) (small blind) collected ($6)


PokerStars Hand #164732779588:  Hold'em Limit ($3/$6 USD) - 2017/01/17 13:36:04 ET
Table 'Hus' 6-max Seat #2 is the button
Seat 1: Titanic001 ($143.68 in chips)
Seat 2: GRAILKO ($133.40 in chips)
GRAILKO: posts small blind $1
Titanic001: posts big blind $3
*** HOLE CARDS ***
GRAILKO: raises $3 to $6
Titanic001: folds
Uncalled bet ($3) returned to GRAILKO
GRAILKO collected $6 from pot
GRAILKO: doesn't show hand
*** SUMMARY ***
Total pot $6 | Rake $0
Seat 1: Titanic001 (big blind) folded before Flop
Seat 2: GRAILKO (button) (small blind) collected ($6)


PokerStars Hand #164732767125:  Hold'em Limit ($3/$6 USD) - 2017/01/17 13:35:51 ET
Table 'Hus' 6-max Seat #1 is the button
Seat 1: Titanic001 ($149.68 in chips)
Seat 2: GRAILKO ($127.64 in chips)
Titanic001: posts small blind $1
GRAILKO: posts big blind $3
*** HOLE CARDS ***
Titanic001: raises $3 to $6
GRAILKO: calls $3
*** FLOP *** [7d 7h Qh]
GRAILKO: checks
Titanic001: checks
*** TURN *** [7d 7h Qh] [Kd]
GRAILKO: bets $6
Titanic001: folds
Uncalled bet ($6) returned to GRAILKO
GRAILKO collected $11.76 from pot
GRAILKO: doesn't show hand
*** SUMMARY ***
Total pot $12 | Rake $0.24
Board [7d 7h Qh Kd]
Seat 1: Titanic001 (button) (small blind) folded on the Turn
Seat 2: GRAILKO (big blind) collected ($11.76)


PokerStars Hand #164732784952:  Hold'em Limit ($3/$6 USD) - 2017/01/17 13:36:10 ET
Table 'Hus' 6-max Seat #1 is the button
Seat 1: Titanic001 ($140.68 in chips)
Seat 2: GRAILKO ($136.40 in chips)
Titanic001: posts small blind $1
GRAILKO: posts big blind $3
*** HOLE CARDS ***
Titanic001: raises $3 to $6
GRAILKO: raises $3 to $9
Titanic001: raises $3 to $12
Betting is capped
GRAILKO: calls $3
*** FLOP *** [8d Jh 9d]
GRAILKO: checks
Titanic001: bets $3
GRAILKO: calls $3
*** TURN *** [8d Jh 9d] [4s]
GRAILKO: checks
Titanic001: bets $6
GRAILKO: calls $6
*** RIVER *** [8d Jh 9d 4s] [2c]
GRAILKO: checks
Titanic001: bets $6
GRAILKO: calls $6
*** SHOW DOWN ***
Titanic001: shows [Jc Js] (three of a kind, Jacks)
GRAILKO: mucks hand
Titanic001 collected $53.50 from pot
*** SUMMARY ***
Total pot $54 | Rake $0.50
Board [8d Jh 9d 4s 2c]
Seat 1: Titanic001 (button) (small blind) showed [Jc Js] and won ($53.50) with three of a kind, Jacks
Seat 2: GRAILKO (big blind) mucked


PokerStars Hand #164732806046:  Hold'em Limit ($3/$6 USD) - 2017/01/17 13:36:32 ET
Table 'Hus' 6-max Seat #2 is the button
Seat 1: Titanic001 ($167.18 in chips)
Seat 2: GRAILKO ($109.40 in chips)
GRAILKO: posts small blind $1
Titanic001: posts big blind $3
*** HOLE CARDS ***
GRAILKO: raises $3 to $6
Titanic001: calls $3
*** FLOP *** [6c Jc Ks]
Titanic001: checks
GRAILKO: bets $3
Titanic001: calls $3
*** TURN *** [6c Jc Ks] [Js]
Titanic001: checks
GRAILKO: checks
*** RIVER *** [6c Jc Ks Js] [2c]
Titanic001: bets $6
GRAILKO: folds
Uncalled bet ($6) returned to Titanic001
Titanic001 collected $17.64 from pot
*** SUMMARY ***
Total pot $18 | Rake $0.36
Board [6c Jc Ks Js 2c]
Seat 1: Titanic001 (big blind) collected ($17.64)
Seat 2: GRAILKO (button) (small blind) folded on the River


PokerStars Hand #164732823178:  Hold'em Limit ($3/$6 USD) - 2017/01/17 13:36:50 ET
Table 'Hus' 6-max Seat #1 is the button
Seat 1: Titanic001 ($175.82 in chips)
Seat 2: GRAILKO ($100.40 in chips)
Titanic001: posts small blind $1
GRAILKO: posts big blind $3
*** HOLE CARDS ***
Titanic001: raises $3 to $6
GRAILKO: folds
Uncalled bet ($3) returned to Titanic001
Titanic001 collected $6 from pot
*** SUMMARY ***
Total pot $6 | Rake $0
Seat 1: Titanic001 (button) (small blind) collected ($6)
Seat 2: GRAILKO (big blind) folded before Flop


PokerStars Hand #164732830055:  Hold'em Limit ($3/$6 USD) - 2017/01/17 13:36:57 ET
Table 'Hus' 6-max Seat #2 is the button
Seat 1: Titanic001 ($178.82 in chips)
Seat 2: GRAILKO ($97.40 in chips)
GRAILKO: posts small blind $1
Titanic001: posts big blind $3
*** HOLE CARDS ***
GRAILKO: raises $3 to $6
Titanic001: calls $3
*** FLOP *** [2d Qs 3c]
Titanic001: checks
GRAILKO: checks
*** TURN *** [2d Qs 3c] [3s]
Titanic001: bets $6
GRAILKO: calls $6
*** RIVER *** [2d Qs 3c 3s] [8d]
Titanic001: bets $6
GRAILKO: calls $6
*** SHOW DOWN ***
Titanic001: shows [Kh 3h] (three of a kind, Threes)
GRAILKO: mucks hand
Titanic001 collected $35.50 from pot
*** SUMMARY ***
Total pot $36 | Rake $0.50
Board [2d Qs 3c 3s 8d]
Seat 1: Titanic001 (big blind) showed [Kh 3h] and won ($35.50) with three of a kind, Threes
Seat 2: GRAILKO (button) (small blind) mucked


PokerStars Hand #164732868295:  Hold'em Limit ($3/$6 USD) - 2017/01/17 13:37:37 ET
Table 'Hus' 6-max Seat #2 is the button
Seat 1: Titanic001 ($163.32 in chips)
Seat 2: GRAILKO ($111.90 in chips)
GRAILKO: posts small blind $1
Titanic001: posts big blind $3
*** HOLE CARDS ***
GRAILKO: folds
Uncalled bet ($2) returned to Titanic001
Titanic001 collected $2 from pot
*** SUMMARY ***
Total pot $2 | Rake $0
Seat 1: Titanic001 (big blind) collected ($2)
Seat 2: GRAILKO (button) (small blind) folded before Flop


PokerStars Hand #164732844810:  Hold'em Limit ($3/$6 USD) - 2017/01/17 13:37:12 ET
Table 'Hus' 6-max Seat #1 is the button
Seat 1: Titanic001 ($196.32 in chips)
Seat 2: GRAILKO ($79.40 in chips)
Titanic001: posts small blind $1
GRAILKO: posts big blind $3
*** HOLE CARDS ***
Titanic001: raises $3 to $6
GRAILKO: calls $3
*** FLOP *** [3h 6d 5s]
GRAILKO: checks
Titanic001: bets $3
GRAILKO: raises $3 to $6
Titanic001: raises $3 to $9
GRAILKO: calls $3
*** TURN *** [3h 6d 5s] [Jd]
GRAILKO: checks
Titanic001: bets $6
GRAILKO: raises $6 to $12
Titanic001: calls $6
*** RIVER *** [3h 6d 5s Jd] [2d]
GRAILKO: bets $6
Titanic001: calls $6
*** SHOW DOWN ***
GRAILKO: shows [Js 6c] (two pair, Jacks and Sixes)
Titanic001: mucks hand
GRAILKO collected $65.50 from pot
*** SUMMARY ***
Total pot $66 | Rake $0.50
Board [3h 6d 5s Jd 2d]
Seat 1: Titanic001 (button) (small blind) mucked
Seat 2: GRAILKO (big blind) showed [Js 6c] and won ($65.50) with two pair, Jacks and Sixes


PokerStars Hand #164732872754:  Hold'em Limit ($3/$6 USD) - 2017/01/17 13:37:41 ET
Table 'Hus' 6-max Seat #1 is the button
Seat 1: Titanic001 ($164.32 in chips)
Seat 2: GRAILKO ($110.90 in chips)
Titanic001: posts small blind $1
GRAILKO: posts big blind $3
*** HOLE CARDS ***
Titanic001: folds
Uncalled bet ($2) returned to GRAILKO
GRAILKO collected $2 from pot
GRAILKO: doesn't show hand
*** SUMMARY ***
Total pot $2 | Rake $0
Seat 1: Titanic001 (button) (small blind) folded before Flop
Seat 2: GRAILKO (big blind) collected ($2)


PokerStars Hand #164732878044:  Hold'em Limit ($3/$6 USD) - 2017/01/17 13:37:47 ET
Table 'Hus' 6-max Seat #2 is the button
Seat 1: Titanic001 ($163.32 in chips)
Seat 2: GRAILKO ($111.90 in chips)
GRAILKO: posts small blind $1
Titanic001: posts big blind $3
*** HOLE CARDS ***
GRAILKO: raises $3 to $6
Titanic001: calls $3
*** FLOP *** [Jd 4s 8c]
Titanic001: checks
GRAILKO: bets $3
Titanic001: raises $3 to $6
GRAILKO: folds
Uncalled bet ($3) returned to Titanic001
Titanic001 collected $17.64 from pot
*** SUMMARY ***
Total pot $18 | Rake $0.36
Board [Jd 4s 8c]
Seat 1: Titanic001 (big blind) collected ($17.64)
Seat 2: GRAILKO (button) (small blind) folded on the Flop


PokerStars Hand #164732890131:  Hold'em Limit ($3/$6 USD) - 2017/01/17 13:37:59 ET
Table 'Hus' 6-max Seat #1 is the button
Seat 1: Titanic001 ($171.96 in chips)
Seat 2: GRAILKO ($102.90 in chips)
Titanic001: posts small blind $1
GRAILKO: posts big blind $3
*** HOLE CARDS ***
Titanic001: raises $3 to $6
GRAILKO: raises $3 to $9
Titanic001: calls $3
*** FLOP *** [2s 8c 7s]
GRAILKO: bets $3
Titanic001: folds
Uncalled bet ($3) returned to GRAILKO
GRAILKO collected $17.64 from pot
GRAILKO: doesn't show hand
*** SUMMARY ***
Total pot $18 | Rake $0.36
Board [2s 8c 7s]
Seat 1: Titanic001 (button) (small blind) folded on the Flop
Seat 2: GRAILKO (big blind) collected ($17.64)


PokerStars Hand #164732906317:  Hold'em Limit ($3/$6 USD) - 2017/01/17 13:38:17 ET
Table 'Hus' 6-max Seat #1 is the button
Seat 1: Titanic001 ($163.96 in chips)
Seat 2: GRAILKO ($110.54 in chips)
Titanic001: posts small blind $1
GRAILKO: posts big blind $3
*** HOLE CARDS ***
Titanic001: folds
Uncalled bet ($2) returned to GRAILKO
GRAILKO collected $2 from pot
GRAILKO: doesn't show hand
*** SUMMARY ***
Total pot $2 | Rake $0
Seat 1: Titanic001 (button) (small blind) folded before Flop
Seat 2: GRAILKO (big blind) collected ($2)


PokerStars Hand #164732901596:  Hold'em Limit ($3/$6 USD) - 2017/01/17 13:38:11 ET
Table 'Hus' 6-max Seat #2 is the button
Seat 1: Titanic001 ($162.96 in chips)
Seat 2: GRAILKO ($111.54 in chips)
GRAILKO: posts small blind $1
Titanic001: posts big blind $3
*** HOLE CARDS ***
GRAILKO: folds
Uncalled bet ($2) returned to Titanic001
Titanic001 collected $2 from pot
*** SUMMARY ***
Total pot $2 | Rake $0
Seat 1: Titanic001 (big blind) collected ($2)
Seat 2: GRAILKO (button) (small blind) folded before Flop


PokerStars Hand #164732912046:  Hold'em Limit ($3/$6 USD) - 2017/01/17 13:38:22 ET
Table 'Hus' 6-max Seat #2 is the button
Seat 1: Titanic001 ($162.96 in chips)
Seat 2: GRAILKO ($111.54 in chips)
GRAILKO: posts small blind $1
Titanic001: posts big blind $3
*** HOLE CARDS ***
GRAILKO: raises $3 to $6
Titanic001: calls $3
*** FLOP *** [3d 2c Jh]
Titanic001: checks
GRAILKO: bets $3
Titanic001: folds
Uncalled bet ($3) returned to GRAILKO
GRAILKO collected $11.76 from pot
GRAILKO: doesn't show hand
*** SUMMARY ***
Total pot $12 | Rake $0.24
Board [3d 2c Jh]
Seat 1: Titanic001 (big blind) folded on the Flop
Seat 2: GRAILKO (button) (small blind) collected ($11.76)


PokerStars Hand #164732924577:  Hold'em Limit ($3/$6 USD) - 2017/01/17 13:38:35 ET
Table 'Hus' 6-max Seat #1 is the button
Seat 1: Titanic001 ($156.96 in chips)
Seat 2: GRAILKO ($117.30 in chips)
Titanic001: posts small blind $1
GRAILKO: posts big blind $3
*** HOLE CARDS ***
Titanic001: raises $3 to $6
GRAILKO: calls $3
*** FLOP *** [5c 8s 7d]
GRAILKO: checks
Titanic001: bets $3
GRAILKO: folds
Uncalled bet ($3) returned to Titanic001
Titanic001 collected $11.76 from pot
*** SUMMARY ***
Total pot $12 | Rake $0.24
Board [5c 8s 7d]
Seat 1: Titanic001 (button) (small blind) collected ($11.76)
Seat 2: GRAILKO (big blind) folded on the Flop


PokerStars Hand #164732955413:  Hold'em Limit ($3/$6 USD) - 2017/01/17 13:39:07 ET
Table 'Hus' 6-max Seat #1 is the button
Seat 1: Titanic001 ($180.22 in chips)
Seat 2: GRAILKO ($93.30 in chips)
Titanic001: posts small blind $1
GRAILKO: posts big blind $3
*** HOLE CARDS ***
Titanic001: raises $3 to $6
GRAILKO: calls $3
*** FLOP *** [3d 4c Ah]
GRAILKO: checks
Titanic001: bets $3
GRAILKO: folds
Uncalled bet ($3) returned to Titanic001
Titanic001 collected $11.76 from pot
*** SUMMARY ***
Total pot $12 | Rake $0.24
Board [3d 4c Ah]
Seat 1: Titanic001 (button) (small blind) collected ($11.76)
Seat 2: GRAILKO (big blind) folded on the Flop


PokerStars Hand #164732973331:  Hold'em Limit ($3/$6 USD) - 2017/01/17 13:39:26 ET
Table 'Hus' 6-max Seat #1 is the button
Seat 1: Titanic001 ($186.98 in chips)
Seat 2: GRAILKO ($86.30 in chips)
Titanic001: posts small blind $1
GRAILKO: posts big blind $3
*** HOLE CARDS ***
Titanic001: folds
Uncalled bet ($2) returned to GRAILKO
GRAILKO collected $2 from pot
GRAILKO: doesn't show hand
*** SUMMARY ***
Total pot $2 | Rake $0
Seat 1: Titanic001 (button) (small blind) folded before Flop
Seat 2: GRAILKO (big blind) collected ($2)


PokerStars Hand #164732968828:  Hold'em Limit ($3/$6 USD) - 2017/01/17 13:39:21 ET
Table 'Hus' 6-max Seat #2 is the button
Seat 1: Titanic001 ($185.98 in chips)
Seat 2: GRAILKO ($87.30 in chips)
GRAILKO: posts small blind $1
Titanic001: posts big blind $3
*** HOLE CARDS ***
GRAILKO: folds
Uncalled bet ($2) returned to Titanic001
Titanic001 collected $2 from pot
*** SUMMARY ***
Total pot $2 | Rake $0
Seat 1: Titanic001 (big blind) collected ($2)
Seat 2: GRAILKO (button) (small blind) folded before Flop


PokerStars Hand #164732977838:  Hold'em Limit ($3/$6 USD) - 2017/01/17 13:39:31 ET
Table 'Hus' 6-max Seat #2 is the button
Seat 1: Titanic001 ($185.98 in chips)
Seat 2: GRAILKO ($87.30 in chips)
GRAILKO: posts small blind $1
Titanic001: posts big blind $3
*** HOLE CARDS ***
GRAILKO: folds
Uncalled bet ($2) returned to Titanic001
Titanic001 collected $2 from pot
*** SUMMARY ***
Total pot $2 | Rake $0
Seat 1: Titanic001 (big blind) collected ($2)
Seat 2: GRAILKO (button) (small blind) folded before Flop


PokerStars Hand #164733004758:  Hold'em Limit ($3/$6 USD) - 2017/01/17 13:39:59 ET
Table 'Hus' 6-max Seat #2 is the button
Seat 1: Titanic001 ($168.98 in chips)
Seat 2: GRAILKO ($103.80 in chips)
GRAILKO: posts small blind $1
Titanic001: posts big blind $3
*** HOLE CARDS ***
GRAILKO: folds
Uncalled bet ($2) returned to Titanic001
Titanic001 collected $2 from pot
*** SUMMARY ***
Total pot $2 | Rake $0
Seat 1: Titanic001 (big blind) collected ($2)
Seat 2: GRAILKO (button) (small blind) folded before Flop


PokerStars Hand #164732982541:  Hold'em Limit ($3/$6 USD) - 2017/01/17 13:39:36 ET
Table 'Hus' 6-max Seat #1 is the button
Seat 1: Titanic001 ($186.98 in chips)
Seat 2: GRAILKO ($86.30 in chips)
Titanic001: posts small blind $1
GRAILKO: posts big blind $3
*** HOLE CARDS ***
Titanic001: raises $3 to $6
GRAILKO: calls $3
*** FLOP *** [2h 4d Qc]
GRAILKO: checks
Titanic001: bets $3
GRAILKO: raises $3 to $6
Titanic001: calls $3
*** TURN *** [2h 4d Qc] [Ks]
GRAILKO: bets $6
Titanic001: calls $6
*** RIVER *** [2h 4d Qc Ks] [Tc]
GRAILKO: bets $6
Titanic001: folds
Uncalled bet ($6) returned to GRAILKO
GRAILKO collected $35.50 from pot
GRAILKO: doesn't show hand
*** SUMMARY ***
Total pot $36 | Rake $0.50
Board [2h 4d Qc Ks Tc]
Seat 1: Titanic001 (button) (small blind) folded on the River
Seat 2: GRAILKO (big blind) collected ($35.50)


PokerStars Hand #164732936273:  Hold'em Limit ($3/$6 USD) - 2017/01/17 13:38:48 ET
Table 'Hus' 6-max Seat #2 is the button
Seat 1: Titanic001 ($162.72 in chips)
Seat 2: GRAILKO ($111.30 in chips)
GRAILKO: posts small blind $1
Titanic001: posts big blind $3
*** HOLE CARDS ***
GRAILKO: raises $3 to $6
Titanic001: raises $3 to $9
GRAILKO: calls $3
*** FLOP *** [3s Qd 2h]
Titanic001: bets $3
GRAILKO: calls $3
*** TURN *** [3s Qd 2h] [As]
Titanic001: bets $6
GRAILKO: calls $6
*** RIVER *** [3s Qd 2h As] [2c]
Titanic001: bets $6
GRAILKO: folds
Uncalled bet ($6) returned to Titanic001
Titanic001 collected $35.50 from pot
*** SUMMARY ***
Total pot $36 | Rake $0.50
Board [3s Qd 2h As 2c]
Seat 1: Titanic001 (big blind) collected ($35.50)
Seat 2: GRAILKO (button) (small blind) folded on the River


PokerStars Hand #164733059042:  Hold'em Limit ($3/$6 USD) - 2017/01/17 13:40:56 ET
Table 'Hus' 6-max Seat #1 is the button
Seat 1: Titanic001 ($184.23 in chips)
Seat 2: GRAILKO ($87.55 in chips)
Titanic001: posts small blind $1
GRAILKO: posts big blind $3
*** HOLE CARDS ***
Titanic001: raises $3 to $6
GRAILKO: folds
Uncalled bet ($3) returned to Titanic001
Titanic001 collected $6 from pot
*** SUMMARY ***
Total pot $6 | Rake $0
Seat 1: Titanic001 (button) (small blind) collected ($6)
Seat 2: GRAILKO (big blind) folded before Flop


PokerStars Hand #164733040065:  Hold'em Limit ($3/$6 USD) - 2017/01/17 13:40:36 ET
Table 'Hus' 6-max Seat #2 is the button
Seat 1: Titanic001 ($169.73 in chips)
Seat 2: GRAILKO ($102.55 in chips)
GRAILKO: posts small blind $1
Titanic001: posts big blind $3
*** HOLE CARDS ***
GRAILKO: raises $3 to $6
Titanic001: calls $3
*** FLOP *** [3c 6h 9c]
Titanic001: checks
GRAILKO: bets $3
Titanic001: calls $3
*** TURN *** [3c 6h 9c] [6c]
Titanic001: checks
GRAILKO: checks
*** RIVER *** [3c 6h 9c 6c] [Ac]
Titanic001: bets $6
GRAILKO: calls $6
*** SHOW DOWN ***
Titanic001: shows [8h As] (two pair, Aces and Sixes)
GRAILKO: mucks hand
Titanic001 collected $29.50 from pot
*** SUMMARY ***
Total pot $30 | Rake $0.50
Board [3c 6h 9c 6c Ac]
Seat 1: Titanic001 (big blind) showed [8h As] and won ($29.50) with two pair, Aces and Sixes
Seat 2: GRAILKO (button) (small blind) mucked


PokerStars Hand #164733009065:  Hold'em Limit ($3/$6 USD) - 2017/01/17 13:40:03 ET
Table 'Hus' 6-max Seat #1 is the button
Seat 1: Titanic001 ($169.98 in chips)
Seat 2: GRAILKO ($102.80 in chips)
Titanic001: posts small blind $1
GRAILKO: posts big blind $3
*** HOLE CARDS ***
Titanic001: raises $3 to $6
GRAILKO: calls $3
*** FLOP *** [6d 6c 9c]
GRAILKO: checks
Titanic001: bets $3
GRAILKO: raises $3 to $6
Titanic001: calls $3
*** TURN *** [6d 6c 9c] [Td]
GRAILKO: bets $6
Titanic001: calls $6
*** RIVER *** [6d 6c 9c Td] [9d]
GRAILKO: bets $6
Titanic001: calls $6
*** SHOW DOWN ***
GRAILKO: shows [As 3h] (two pair, Nines and Sixes)
Titanic001: shows [Ah 7s] (two pair, Nines and Sixes)
GRAILKO collected $23.75 from pot
Titanic001 collected $23.75 from pot
*** SUMMARY ***
Total pot $48 | Rake $0.50
Board [6d 6c 9c Td 9d]
Seat 1: Titanic001 (button) (small blind) showed [Ah 7s] and won ($23.75) with two pair, Nines and Sixes
Seat 2: GRAILKO (big blind) showed [As 3h] and won ($23.75) with two pair, Nines and Sixes


PokerStars Hand #164733103168:  Hold'em Limit ($3/$6 USD) - 2017/01/17 13:41:42 ET
Table 'Hus' 6-max Seat #1 is the button
Seat 1: Titanic001 ($179.05 in chips)
Seat 2: GRAILKO ($92.37 in chips)
Titanic001: posts small blind $1
GRAILKO: posts big blind $3
*** HOLE CARDS ***
Titanic001: raises $3 to $6
GRAILKO: calls $3
*** FLOP *** [6d 5d Jd]
GRAILKO: checks
Titanic001: bets $3
GRAILKO: calls $3
*** TURN *** [6d 5d Jd] [Th]
GRAILKO: checks
Titanic001: bets $6
GRAILKO: calls $6
*** RIVER *** [6d 5d Jd Th] [Ad]
GRAILKO: checks
Titanic001: checks
*** SHOW DOWN ***
GRAILKO: shows [4d As] (a flush, Ace high)
Titanic001: mucks hand
GRAILKO collected $29.50 from pot
*** SUMMARY ***
Total pot $30 | Rake $0.50
Board [6d 5d Jd Th Ad]
Seat 1: Titanic001 (button) (small blind) mucked
Seat 2: GRAILKO (big blind) showed [4d As] and won ($29.50) with a flush, Ace high


PokerStars Hand #164733096906:  Hold'em Limit ($3/$6 USD) - 2017/01/17 13:41:35 ET
Table 'Hus' 6-max Seat #2 is the button
Seat 1: Titanic001 ($182.05 in chips)
Seat 2: GRAILKO ($89.37 in chips)
GRAILKO: posts small blind $1
Titanic001: posts big blind $3
*** HOLE CARDS ***
GRAILKO: raises $3 to $6
Titanic001: folds
Uncalled bet ($3) returned to GRAILKO
GRAILKO collected $6 from pot
GRAILKO: doesn't show hand
*** SUMMARY ***
Total pot $6 | Rake $0
Seat 1: Titanic001 (big blind) folded before Flop
Seat 2: GRAILKO (button) (small blind) collected ($6)


PokerStars Hand #164733090272:  Hold'em Limit ($3/$6 USD) - 2017/01/17 13:41:28 ET
Table 'Hus' 6-max Seat #1 is the button
Seat 1: Titanic001 ($183.05 in chips)
Seat 2: GRAILKO ($88.37 in chips)
Titanic001: posts small blind $1
GRAILKO: posts big blind $3
*** HOLE CARDS ***
Titanic001: folds
Uncalled bet ($2) returned to GRAILKO
GRAILKO collected $2 from pot
GRAILKO: doesn't show hand
*** SUMMARY ***
Total pot $2 | Rake $0
Seat 1: Titanic001 (button) (small blind) folded before Flop
Seat 2: GRAILKO (big blind) collected ($2)


PokerStars Hand #164733084314:  Hold'em Limit ($3/$6 USD) - 2017/01/17 13:41:22 ET
Table 'Hus' 6-max Seat #2 is the button
Seat 1: Titanic001 ($186.05 in chips)
Seat 2: GRAILKO ($85.37 in chips)
GRAILKO: posts small blind $1
Titanic001: posts big blind $3
*** HOLE CARDS ***
GRAILKO: raises $3 to $6
Titanic001: folds
Uncalled bet ($3) returned to GRAILKO
GRAILKO collected $6 from pot
GRAILKO: doesn't show hand
*** SUMMARY ***
Total pot $6 | Rake $0
Seat 1: Titanic001 (big blind) folded before Flop
Seat 2: GRAILKO (button) (small blind) collected ($6)


PokerStars Hand #164733079233:  Hold'em Limit ($3/$6 USD) - 2017/01/17 13:41:17 ET
Table 'Hus' 6-max Seat #1 is the button
Seat 1: Titanic001 ($187.05 in chips)
Seat 2: GRAILKO ($84.37 in chips)
Titanic001: posts small blind $1
GRAILKO: posts big blind $3
*** HOLE CARDS ***
Titanic001: folds
Uncalled bet ($2) returned to GRAILKO
GRAILKO collected $2 from pot
GRAILKO: doesn't show hand
*** SUMMARY ***
Total pot $2 | Rake $0
Seat 1: Titanic001 (button) (small blind) folded before Flop
Seat 2: GRAILKO (big blind) collected ($2)


PokerStars Hand #164733064643:  Hold'em Limit ($3/$6 USD) - 2017/01/17 13:41:02 ET
Table 'Hus' 6-max Seat #2 is the button
Seat 1: Titanic001 ($187.23 in chips)
Seat 2: GRAILKO ($84.55 in chips)
GRAILKO: posts small blind $1
Titanic001: posts big blind $3
*** HOLE CARDS ***
GRAILKO: raises $3 to $6
Titanic001: calls $3
*** FLOP *** [2c 4s Ac]
Titanic001: checks
GRAILKO: bets $3
Titanic001: calls $3
*** TURN *** [2c 4s Ac] [3h]
Titanic001: checks
GRAILKO: checks
*** RIVER *** [2c 4s Ac 3h] [5c]
Titanic001: checks
GRAILKO: checks
*** SHOW DOWN ***
Titanic001: shows [Ks 2h] (a straight, Ace to Five)
GRAILKO: shows [9c Js] (a straight, Ace to Five)
Titanic001 collected $8.82 from pot
GRAILKO collected $8.82 from pot
*** SUMMARY ***
Total pot $18 | Rake $0.36
Board [2c 4s Ac 3h 5c]
Seat 1: Titanic001 (big blind) showed [Ks 2h] and won ($8.82) with a straight, Ace to Five
Seat 2: GRAILKO (button) (small blind) showed [9c Js] and won ($8.82) with a straight, Ace to Five


PokerStars Hand #164733159378:  Hold'em Limit ($3/$6 USD) - 2017/01/17 13:42:40 ET
Table 'Hus' 6-max Seat #1 is the button
Seat 1: Titanic001 ($148.05 in chips)
Seat 2: GRAILKO ($122.39 in chips)
Titanic001: posts small blind $1
GRAILKO: posts big blind $3
*** HOLE CARDS ***
Titanic001: raises $3 to $6
GRAILKO: calls $3
*** FLOP *** [4s 5c 4c]
GRAILKO: checks
Titanic001: bets $3
GRAILKO: raises $3 to $6
Titanic001: calls $3
*** TURN *** [4s 5c 4c] [Qh]
GRAILKO: bets $6
Titanic001: raises $6 to $12
GRAILKO: calls $6
*** RIVER *** [4s 5c 4c Qh] [As]
GRAILKO: bets $6
Titanic001: calls $6
*** SHOW DOWN ***
GRAILKO: shows [3d 4d] (three of a kind, Fours)
Titanic001: mucks hand
GRAILKO collected $59.50 from pot
*** SUMMARY ***
Total pot $60 | Rake $0.50
Board [4s 5c 4c Qh As]
Seat 1: Titanic001 (button) (small blind) mucked
Seat 2: GRAILKO (big blind) showed [3d 4d] and won ($59.50) with three of a kind, Fours


PokerStars Hand #164733154362:  Hold'em Limit ($3/$6 USD) - 2017/01/17 13:42:35 ET
Table 'Hus' 6-max Seat #2 is the button
Seat 1: Titanic001 ($151.05 in chips)
Seat 2: GRAILKO ($119.39 in chips)
GRAILKO: posts small blind $1
Titanic001: posts big blind $3
*** HOLE CARDS ***
GRAILKO: raises $3 to $6
Titanic001: folds
Uncalled bet ($3) returned to GRAILKO
GRAILKO collected $6 from pot
GRAILKO: doesn't show hand
*** SUMMARY ***
Total pot $6 | Rake $0
Seat 1: Titanic001 (big blind) folded before Flop
Seat 2: GRAILKO (button) (small blind) collected ($6)


PokerStars Hand #164733149727:  Hold'em Limit ($3/$6 USD) - 2017/01/17 13:42:30 ET
Table 'Hus' 6-max Seat #1 is the button
Seat 1: Titanic001 ($152.05 in chips)
Seat 2: GRAILKO ($118.39 in chips)
Titanic001: posts small blind $1
GRAILKO: posts big blind $3
*** HOLE CARDS ***
Titanic001: folds
Uncalled bet ($2) returned to GRAILKO
GRAILKO collected $2 from pot
GRAILKO: doesn't show hand
*** SUMMARY ***
Total pot $2 | Rake $0
Seat 1: Titanic001 (button) (small blind) folded before Flop
Seat 2: GRAILKO (big blind) collected ($2)


PokerStars Hand #164733133641:  Hold'em Limit ($3/$6 USD) - 2017/01/17 13:42:13 ET
Table 'Hus' 6-max Seat #2 is the button
Seat 1: Titanic001 ($164.05 in chips)
Seat 2: GRAILKO ($106.87 in chips)
GRAILKO: posts small blind $1
Titanic001: posts big blind $3
*** HOLE CARDS ***
GRAILKO: raises $3 to $6
Titanic001: calls $3
*** FLOP *** [Kh 9h 7d]
Titanic001: checks
GRAILKO: checks
*** TURN *** [Kh 9h 7d] [5d]
Titanic001: checks
GRAILKO: bets $6
Titanic001: calls $6
*** RIVER *** [Kh 9h 7d 5d] [Jh]
Titanic001: checks
GRAILKO: checks
*** SHOW DOWN ***
Titanic001: shows [3h 3s] (a pair of Threes)
GRAILKO: shows [Qd 9s] (a pair of Nines)
GRAILKO collected $23.52 from pot
*** SUMMARY ***
Total pot $24 | Rake $0.48
Board [Kh 9h 7d 5d Jh]
Seat 1: Titanic001 (big blind) showed [3h 3s] and lost with a pair of Threes
Seat 2: GRAILKO (button) (small blind) showed [Qd 9s] and won ($23.52) with a pair of Nines


PokerStars Hand #164733128670:  Hold'em Limit ($3/$6 USD) - 2017/01/17 13:42:08 ET
Table 'Hus' 6-max Seat #1 is the button
Seat 1: Titanic001 ($165.05 in chips)
Seat 2: GRAILKO ($105.87 in chips)
Titanic001: posts small blind $1
GRAILKO: posts big blind $3
*** HOLE CARDS ***
Titanic001: folds
Uncalled bet ($2) returned to GRAILKO
GRAILKO collected $2 from pot
GRAILKO: doesn't show hand
*** SUMMARY ***
Total pot $2 | Rake $0
Seat 1: Titanic001 (button) (small blind) folded before Flop
Seat 2: GRAILKO (big blind) collected ($2)


PokerStars Hand #164733124308:  Hold'em Limit ($3/$6 USD) - 2017/01/17 13:42:04 ET
Table 'Hus' 6-max Seat #2 is the button
Seat 1: Titanic001 ($164.05 in chips)
Seat 2: GRAILKO ($106.87 in chips)
GRAILKO: posts small blind $1
Titanic001: posts big blind $3
*** HOLE CARDS ***
GRAILKO: folds
Uncalled bet ($2) returned to Titanic001
Titanic001 collected $2 from pot
*** SUMMARY ***
Total pot $2 | Rake $0
Seat 1: Titanic001 (big blind) collected ($2)
Seat 2: GRAILKO (button) (small blind) folded before Flop


PokerStars Hand #164733181530:  Hold'em Limit ($3/$6 USD) - 2017/01/17 13:43:03 ET
Table 'Hus' 6-max Seat #2 is the button
Seat 1: Titanic001 ($118.05 in chips)
Seat 2: GRAILKO ($151.89 in chips)
GRAILKO: posts small blind $1
Titanic001: posts big blind $3
*** HOLE CARDS ***
GRAILKO: raises $3 to $6
Titanic001: folds
Uncalled bet ($3) returned to GRAILKO
GRAILKO collected $6 from pot
GRAILKO: doesn't show hand
*** SUMMARY ***
Total pot $6 | Rake $0
Seat 1: Titanic001 (big blind) folded before Flop
Seat 2: GRAILKO (button) (small blind) collected ($6)


PokerStars Hand #164733738505:  Hold'em Limit ($3/$6 USD) - 2017/01/17 13:52:28 ET
Table 'Hus' 6-max Seat #5 is the button
Seat 3: Leko ($92.30 in chips)
Seat 5: Titanic001 ($77 in chips)
Titanic001: posts small blind $1
Zubasa07 joins the table at seat #6
Leko: posts big blind $3
*** HOLE CARDS ***
Titanic001: raises $3 to $6
Leko: raises $3 to $9
Titanic001: calls $3
*** FLOP *** [Td 7s 9c]
Leko: bets $3
Titanic001: calls $3
*** TURN *** [Td 7s 9c] [4s]
Leko: bets $6
Titanic001: calls $6
*** RIVER *** [Td 7s 9c 4s] [5s]
Leko: bets $6
Titanic001: raises $6 to $12
Leko: calls $6
*** SHOW DOWN ***
Titanic001: shows [Js 6s] (a flush, Jack high)
Leko: mucks hand
Titanic001 collected $59.50 from pot
*** SUMMARY ***
Total pot $60 | Rake $0.50
Board [Td 7s 9c 4s 5s]
Seat 3: Leko (big blind) mucked
Seat 5: Titanic001 (button) (small blind) showed [Js 6s] and won ($59.50) with a flush, Jack high


