PokerStars Hand #145098492935:  Hold'em Limit ($3/$6 USD) - 2015/12/09 18:34:54 ET
Table 'Hus' 6-max Seat #4 is the button
Seat 4: BuzovaPro ($84.64 in chips)
Seat 6: prallimall ($66.87 in chips)
BuzovaPro: posts small blind $1
prallimall: posts big blind $3
*** HOLE CARDS ***
BuzovaPro: raises $3 to $6
prallimall: folds
Uncalled bet ($3) returned to BuzovaPro
prallimall leaves the table
BuzovaPro collected $6 from pot
BuzovaPro: doesn't show hand
*** SUMMARY ***
Total pot $6 | Rake $0
Seat 4: BuzovaPro (button) (small blind) collected ($6)
Seat 6: prallimall (big blind) folded before Flop


PokerStars Hand #145098486273:  Hold'em Limit ($3/$6 USD) - 2015/12/09 18:34:45 ET
Table 'Hus' 6-max Seat #6 is the button
Seat 4: BuzovaPro ($76 in chips)
Seat 6: prallimall ($75.87 in chips)
prallimall: posts small blind $1
BuzovaPro: posts big blind $3
*** HOLE CARDS ***
prallimall: raises $3 to $6
BuzovaPro: raises $3 to $9
prallimall: calls $3
*** FLOP *** [8h Kc 8c]
BuzovaPro: bets $3
prallimall: folds
Uncalled bet ($3) returned to BuzovaPro
BuzovaPro collected $17.64 from pot
BuzovaPro: doesn't show hand
*** SUMMARY ***
Total pot $18 | Rake $0.36
Board [8h Kc 8c]
Seat 4: BuzovaPro (big blind) collected ($17.64)
Seat 6: prallimall (button) (small blind) folded on the Flop


PokerStars Hand #145099324590:  Hold'em Limit ($3/$6 USD) - 2015/12/09 18:54:10 ET
Table 'Hus' 6-max Seat #5 is the button
Seat 5: Bonafidegirl ($151 in chips)
Seat 6: TheU10 ($87.52 in chips)
Bonafidegirl: posts small blind $1
TheU10: posts big blind $3
*** HOLE CARDS ***
Bonafidegirl: calls $2
TheU10: checks
*** FLOP *** [5c Js Kc]
TheU10: checks
Bonafidegirl: bets $3
TheU10: folds
Uncalled bet ($3) returned to Bonafidegirl
Bonafidegirl collected $5.88 from pot
Bonafidegirl: doesn't show hand
*** SUMMARY ***
Total pot $6 | Rake $0.12
Board [5c Js Kc]
Seat 5: Bonafidegirl (button) (small blind) collected ($5.88)
Seat 6: TheU10 (big blind) folded on the Flop


PokerStars Hand #145099298292:  Hold'em Limit ($3/$6 USD) - 2015/12/09 18:53:33 ET
Table 'Hus' 6-max Seat #6 is the button
Seat 5: Bonafidegirl ($127.50 in chips)
Seat 6: TheU10 ($111.52 in chips)
TheU10: posts small blind $1
Bonafidegirl: posts big blind $3
*** HOLE CARDS ***
TheU10: raises $3 to $6
Bonafidegirl: raises $3 to $9
TheU10: calls $3
*** FLOP *** [7h 6d Ac]
Bonafidegirl: checks
TheU10: bets $3
Bonafidegirl: calls $3
*** TURN *** [7h 6d Ac] [Qh]
Bonafidegirl: checks
TheU10: checks
*** RIVER *** [7h 6d Ac Qh] [9s]
Bonafidegirl: bets $6
TheU10: raises $6 to $12
Bonafidegirl: calls $6
*** SHOW DOWN ***
TheU10: shows [Jh 7d] (a pair of Sevens)
Bonafidegirl: shows [Ah Kc] (a pair of Aces)
Bonafidegirl collected $47.50 from pot
*** SUMMARY ***
Total pot $48 | Rake $0.50
Board [7h 6d Ac Qh 9s]
Seat 5: Bonafidegirl (big blind) showed [Ah Kc] and won ($47.50) with a pair of Aces
Seat 6: TheU10 (button) (small blind) showed [Jh 7d] and lost with a pair of Sevens


