PokerStars Hand #157736614553:  Hold'em Limit ($3/$6 USD) - 2016/08/25 17:09:06 ET
Table 'Hus' 6-max Seat #5 is the button
Seat 3: FabronxRJ ($318.47 in chips)
Seat 5: vestimokrec ($117 in chips)
vestimokrec: posts small blind $1
FabronxRJ: posts big blind $3
*** HOLE CARDS ***
vestimokrec: raises $3 to $6
FabronxRJ: folds
Uncalled bet ($3) returned to vestimokrec
vestimokrec collected $6 from pot
vestimokrec: doesn't show hand
*** SUMMARY ***
Total pot $6 | Rake $0
Seat 3: FabronxRJ (big blind) folded before Flop
Seat 5: vestimokrec (button) (small blind) collected ($6)


PokerStars Hand #157736565721:  Hold'em Limit ($3/$6 USD) - 2016/08/25 17:08:04 ET
Table 'Hus' 6-max Seat #3 is the button
Seat 3: FabronxRJ ($315.59 in chips)
Seat 5: vestimokrec ($120 in chips)
FabronxRJ: posts small blind $1
Krazy90 joins the table at seat #4
vestimokrec: posts big blind $3
*** HOLE CARDS ***
FabronxRJ: calls $2
vestimokrec: checks
*** FLOP *** [Qd Th 3h]
vestimokrec: checks
FabronxRJ is disconnected
FabronxRJ is connected
FabronxRJ: bets $3
vestimokrec: folds
Uncalled bet ($3) returned to FabronxRJ
FabronxRJ collected $5.88 from pot
*** SUMMARY ***
Total pot $6 | Rake $0.12
Board [Qd Th 3h]
Seat 3: FabronxRJ (button) (small blind) collected ($5.88)
Seat 5: vestimokrec (big blind) folded on the Flop


PokerStars Hand #157738722828:  Hold'em Limit ($3/$6 USD) - 2016/08/25 17:56:37 ET
Table 'Hus' 6-max Seat #1 is the button
Seat 1: RaisemyNut$ ($199.75 in chips)
Seat 3: gazzzzzza ($18.93 in chips)
RaisemyNut$: posts small blind $1
gazzzzzza: posts big blind $3
*** HOLE CARDS ***
RaisemyNut$: raises $3 to $6
gazzzzzza: raises $3 to $9
RaisemyNut$: calls $3
*** FLOP *** [6d 4h Ah]
gazzzzzza: bets $3
RaisemyNut$: calls $3
*** TURN *** [6d 4h Ah] [4c]
gazzzzzza: bets $6
RaisemyNut$: calls $6
*** RIVER *** [6d 4h Ah 4c] [Qh]
gazzzzzza: checks
RaisemyNut$: bets $6
gazzzzzza: calls $0.93 and is all-in
Uncalled bet ($5.07) returned to RaisemyNut$
*** SHOW DOWN ***
RaisemyNut$: shows [6h Qc] (two pair, Queens and Sixes)
gazzzzzza: shows [Ts 8s] (a pair of Fours)
RaisemyNut$ collected $37.36 from pot
*** SUMMARY ***
Total pot $37.86 | Rake $0.50
Board [6d 4h Ah 4c Qh]
Seat 1: RaisemyNut$ (button) (small blind) showed [6h Qc] and won ($37.36) with two pair, Queens and Sixes
Seat 3: gazzzzzza (big blind) showed [Ts 8s] and lost with a pair of Fours


PokerStars Hand #157738672983:  Hold'em Limit ($3/$6 USD) - 2016/08/25 17:55:09 ET
Table 'Hus' 6-max Seat #3 is the button
Seat 1: RaisemyNut$ ($205.75 in chips)
Seat 3: gazzzzzza ($13.17 in chips)
gazzzzzza: posts small blind $1
DENKON: is sitting out
RaisemyNut$: posts big blind $3
*** HOLE CARDS ***
DENKON leaves the table
gazzzzzza: raises $3 to $6
RaisemyNut$: calls $3
*** FLOP *** [2s Ac 4s]
RaisemyNut$: checks
gazzzzzza: bets $3
wobetting leaves the table
RaisemyNut$: folds
Uncalled bet ($3) returned to gazzzzzza
gazzzzzza collected $11.76 from pot
*** SUMMARY ***
Total pot $12 | Rake $0.24
Board [2s Ac 4s]
Seat 1: RaisemyNut$ (big blind) folded on the Flop
Seat 3: gazzzzzza (button) (small blind) collected ($11.76)


PokerStars Hand #157738748841:  Hold'em Limit ($3/$6 USD) - 2016/08/25 17:57:23 ET
Table 'Hus' 6-max Seat #4 is the button
Seat 1: RaisemyNut$ ($218.18 in chips)
Seat 4: Hadart ($113.31 in chips)
Hadart: posts small blind $1
RaisemyNut$: posts big blind $3
*** HOLE CARDS ***
Hadart: raises $3 to $6
RaisemyNut$: folds
Uncalled bet ($3) returned to Hadart
Hadart collected $6 from pot
Hadart: doesn't show hand
*** SUMMARY ***
Total pot $6 | Rake $0
Seat 1: RaisemyNut$ (big blind) folded before Flop
Seat 4: Hadart (button) (small blind) collected ($6)


