PokerStars Hand #146521646506:  Hold'em Limit ($3/$6 USD) - 2016/01/05 14:09:36 ET
Table 'Hus' 6-max Seat #4 is the button
Seat 2: Norbert-04 ($155.21 in chips)
Seat 4: LolDnkaments ($135.43 in chips)
LolDnkaments: posts small blind $1
B_loJkl: is sitting out
Norbert-04: posts big blind $3
*** HOLE CARDS ***
LolDnkaments: raises $3 to $6
Norbert-04: calls $3
*** FLOP *** [5h Kc Td]
Norbert-04: checks
LolDnkaments: bets $3
Norbert-04: folds
Uncalled bet ($3) returned to LolDnkaments
LolDnkaments collected $11.76 from pot
LolDnkaments: doesn't show hand
*** SUMMARY ***
Total pot $12 | Rake $0.24
Board [5h Kc Td]
Seat 2: Norbert-04 (big blind) folded on the Flop
Seat 4: LolDnkaments (button) (small blind) collected ($11.76)


PokerStars Hand #146521714014:  Hold'em Limit ($3/$6 USD) - 2016/01/05 14:10:42 ET
Table 'Hus' 6-max Seat #4 is the button
Seat 2: Norbert-04 ($166.71 in chips)
Seat 4: LolDnkaments ($123.19 in chips)
LolDnkaments: posts small blind $1
Norbert-04: posts big blind $3
*** HOLE CARDS ***
LolDnkaments: raises $3 to $6
Norbert-04: raises $3 to $9
LolDnkaments: calls $3
*** FLOP *** [Ks 6c Ah]
Norbert-04: bets $3
LolDnkaments: folds
Uncalled bet ($3) returned to Norbert-04
Norbert-04 collected $17.64 from pot
Norbert-04: doesn't show hand
*** SUMMARY ***
Total pot $18 | Rake $0.36
Board [Ks 6c Ah]
Seat 2: Norbert-04 (big blind) collected ($17.64)
Seat 4: LolDnkaments (button) (small blind) folded on the Flop


PokerStars Hand #146521675603:  Hold'em Limit ($3/$6 USD) - 2016/01/05 14:10:04 ET
Table 'Hus' 6-max Seat #2 is the button
Seat 2: Norbert-04 ($149.21 in chips)
Seat 4: LolDnkaments ($141.19 in chips)
Norbert-04: posts small blind $1
LolDnkaments: posts big blind $3
*** HOLE CARDS ***
Norbert-04: raises $3 to $6
Puzanchik 11 joins the table at seat #3
LolDnkaments: calls $3
*** FLOP *** [9s 5s Kc]
LolDnkaments: checks
Norbert-04: checks
*** TURN *** [9s 5s Kc] [3s]
LolDnkaments: bets $6
Norbert-04: calls $6
*** RIVER *** [9s 5s Kc 3s] [9h]
LolDnkaments: bets $6
Norbert-04: raises $6 to $12
LolDnkaments: folds
Uncalled bet ($6) returned to Norbert-04
Norbert-04 collected $35.50 from pot
*** SUMMARY ***
Total pot $36 | Rake $0.50
Board [9s 5s Kc 3s 9h]
Seat 2: Norbert-04 (button) (small blind) collected ($35.50)
Seat 4: LolDnkaments (big blind) folded on the River


