PokerStars Hand #159873303293:  Hold'em Limit ($3/$6 USD) - 2016/10/13 10:20:01 ET
Table 'Huygens II' 6-max Seat #1 is the button
Seat 1: DirtyDouble2 ($43.28 in chips)
Seat 3: VoldsomAbe ($84.96 in chips)
DirtyDouble2: posts small blind $1
VoldsomAbe: posts big blind $3
*** HOLE CARDS ***
DirtyDouble2: raises $3 to $6
VoldsomAbe: calls $3
*** FLOP *** [Tc Qc 2s]
VoldsomAbe: checks
DirtyDouble2: bets $3
VoldsomAbe: calls $3
*** TURN *** [Tc Qc 2s] [Kc]
VoldsomAbe: checks
DirtyDouble2: bets $6
VoldsomAbe: calls $6
*** RIVER *** [Tc Qc 2s Kc] [Jd]
VoldsomAbe: checks
DirtyDouble2: bets $6
VoldsomAbe: raises $6 to $12
DirtyDouble2: calls $6
*** SHOW DOWN ***
VoldsomAbe: shows [2d Ad] (a straight, Ten to Ace)
DirtyDouble2: mucks hand
VoldsomAbe collected $53.50 from pot
*** SUMMARY ***
Total pot $54 | Rake $0.50
Board [Tc Qc 2s Kc Jd]
Seat 1: DirtyDouble2 (button) (small blind) mucked
Seat 3: VoldsomAbe (big blind) showed [2d Ad] and won ($53.50) with a straight, Ten to Ace


PokerStars Hand #159873300138:  Hold'em Limit ($3/$6 USD) - 2016/10/13 10:19:54 ET
Table 'Huygens II' 6-max Seat #3 is the button
Seat 1: DirtyDouble2 ($46.28 in chips)
Seat 3: VoldsomAbe ($81.96 in chips)
VoldsomAbe: posts small blind $1
DirtyDouble2: posts big blind $3
*** HOLE CARDS ***
VoldsomAbe: raises $3 to $6
DirtyDouble2: folds
Uncalled bet ($3) returned to VoldsomAbe
VoldsomAbe collected $6 from pot
VoldsomAbe: doesn't show hand
*** SUMMARY ***
Total pot $6 | Rake $0
Seat 1: DirtyDouble2 (big blind) folded before Flop
Seat 3: VoldsomAbe (button) (small blind) collected ($6)


PokerStars Hand #159873297700:  Hold'em Limit ($3/$6 USD) - 2016/10/13 10:19:49 ET
Table 'Huygens II' 6-max Seat #1 is the button
Seat 1: DirtyDouble2 ($47.28 in chips)
Seat 3: VoldsomAbe ($20.96 in chips)
DirtyDouble2: posts small blind $1
VoldsomAbe: posts big blind $3
*** HOLE CARDS ***
DirtyDouble2: folds
Uncalled bet ($2) returned to VoldsomAbe
VoldsomAbe collected $2 from pot
VoldsomAbe: doesn't show hand
*** SUMMARY ***
Total pot $2 | Rake $0
Seat 1: DirtyDouble2 (button) (small blind) folded before Flop
Seat 3: VoldsomAbe (big blind) collected ($2)


PokerStars Hand #159873294728:  Hold'em Limit ($3/$6 USD) - 2016/10/13 10:19:43 ET
Table 'Huygens II' 6-max Seat #3 is the button
Seat 1: DirtyDouble2 ($50.28 in chips)
Seat 3: VoldsomAbe ($17.96 in chips)
VoldsomAbe: posts small blind $1
belik555: is sitting out
DirtyDouble2: posts big blind $3
*** HOLE CARDS ***
VoldsomAbe: raises $3 to $6
DirtyDouble2: folds
Uncalled bet ($3) returned to VoldsomAbe
VoldsomAbe collected $6 from pot
VoldsomAbe: doesn't show hand
belik555 leaves the table
*** SUMMARY ***
Total pot $6 | Rake $0
Seat 1: DirtyDouble2 (big blind) folded before Flop
Seat 3: VoldsomAbe (button) (small blind) collected ($6)


PokerStars Hand #159873330965:  Hold'em Limit ($3/$6 USD) - 2016/10/13 10:20:58 ET
Table 'Huygens II' 6-max Seat #3 is the button
Seat 1: DirtyDouble2 ($11.06 in chips)
Seat 3: VoldsomAbe ($115.68 in chips)
VoldsomAbe: posts small blind $1
DirtyDouble2: posts big blind $3
*** HOLE CARDS ***
VoldsomAbe: raises $3 to $6
DirtyDouble2: raises $3 to $9
VoldsomAbe: raises $3 to $12
Betting is capped
DirtyDouble2: calls $2.06 and is all-in
Uncalled bet ($0.94) returned to VoldsomAbe
*** FLOP *** [Ah 3c Td]
*** TURN *** [Ah 3c Td] [8s]
*** RIVER *** [Ah 3c Td 8s] [6d]
*** SHOW DOWN ***
DirtyDouble2: shows [7d 7c] (a pair of Sevens)
VoldsomAbe: shows [Ac As] (three of a kind, Aces)
DirtyDouble2 leaves the table
VoldsomAbe collected $21.68 from pot
*** SUMMARY ***
Total pot $22.12 | Rake $0.44
Board [Ah 3c Td 8s 6d]
Seat 1: DirtyDouble2 (big blind) showed [7d 7c] and lost with a pair of Sevens
Seat 3: VoldsomAbe (button) (small blind) showed [Ac As] and won ($21.68) with three of a kind, Aces


PokerStars Hand #159873321573:  Hold'em Limit ($3/$6 USD) - 2016/10/13 10:20:39 ET
Table 'Huygens II' 6-max Seat #1 is the button
Seat 1: DirtyDouble2 ($32.06 in chips)
Seat 3: VoldsomAbe ($95.18 in chips)
DirtyDouble2: posts small blind $1
VoldsomAbe: posts big blind $3
*** HOLE CARDS ***
DirtyDouble2: raises $3 to $6
VoldsomAbe: calls $3
*** FLOP *** [Jc Th Ts]
VoldsomAbe: checks
DirtyDouble2: bets $3
VoldsomAbe: calls $3
*** TURN *** [Jc Th Ts] [5h]
VoldsomAbe: checks
DirtyDouble2: bets $6
VoldsomAbe: calls $6
*** RIVER *** [Jc Th Ts 5h] [7s]
VoldsomAbe: checks
DirtyDouble2: bets $6
VoldsomAbe: calls $6
*** SHOW DOWN ***
DirtyDouble2: shows [3d 6d] (a pair of Tens)
VoldsomAbe: shows [2c Js] (two pair, Jacks and Tens)
VoldsomAbe collected $41.50 from pot
*** SUMMARY ***
Total pot $42 | Rake $0.50
Board [Jc Th Ts 5h 7s]
Seat 1: DirtyDouble2 (button) (small blind) showed [3d 6d] and lost with a pair of Tens
Seat 3: VoldsomAbe (big blind) showed [2c Js] and won ($41.50) with two pair, Jacks and Tens


PokerStars Hand #159873312798:  Hold'em Limit ($3/$6 USD) - 2016/10/13 10:20:21 ET
Table 'Huygens II' 6-max Seat #3 is the button
Seat 1: DirtyDouble2 ($16.28 in chips)
Seat 3: VoldsomAbe ($111.46 in chips)
VoldsomAbe: posts small blind $1
DirtyDouble2: posts big blind $3
*** HOLE CARDS ***
VoldsomAbe: raises $3 to $6
DirtyDouble2: calls $3
*** FLOP *** [9c 8d Kh]
DirtyDouble2: checks
VoldsomAbe: bets $3
DirtyDouble2: raises $3 to $6
VoldsomAbe: raises $3 to $9
DirtyDouble2: raises $1.28 to $10.28 and is all-in
Betting is capped
VoldsomAbe: calls $1.28
*** TURN *** [9c 8d Kh] [6c]
*** RIVER *** [9c 8d Kh 6c] [6d]
*** SHOW DOWN ***
DirtyDouble2: shows [5c 8h] (two pair, Eights and Sixes)
VoldsomAbe: shows [2s 2c] (two pair, Sixes and Deuces)
DirtyDouble2 collected $32.06 from pot
*** SUMMARY ***
Total pot $32.56 | Rake $0.50
Board [9c 8d Kh 6c 6d]
Seat 1: DirtyDouble2 (big blind) showed [5c 8h] and won ($32.06) with two pair, Eights and Sixes
Seat 3: VoldsomAbe (button) (small blind) showed [2s 2c] and lost with two pair, Sixes and Deuces


