PokerStars Hand #144655324582:  Hold'em Limit ($3/$6 USD) - 2015/12/01 8:03:32 ET
Table 'Hveen II' 6-max Seat #3 is the button
Seat 2: SLK500 ($53.58 in chips)
Seat 3: 72bestcard ($73 in chips)
72bestcard: posts small blind $1
SLK500: posts big blind $3
*** HOLE CARDS ***
72bestcard: raises $3 to $6
SLK500: raises $3 to $9
72bestcard: calls $3
*** FLOP *** [As 3h 8h]
SLK500: bets $3
72bestcard: folds
Uncalled bet ($3) returned to SLK500
SLK500 collected $17.64 from pot
SLK500: doesn't show hand
*** SUMMARY ***
Total pot $18 | Rake $0.36
Board [As 3h 8h]
Seat 2: SLK500 (big blind) collected ($17.64)
Seat 3: 72bestcard (button) (small blind) folded on the Flop


PokerStars Hand #144655344244:  Hold'em Limit ($3/$6 USD) - 2015/12/01 8:04:08 ET
Table 'Hveen II' 6-max Seat #3 is the button
Seat 2: SLK500 ($61.22 in chips)
Seat 3: 72bestcard ($73 in chips)
72bestcard: posts small blind $1
SLK500: posts big blind $3
*** HOLE CARDS ***
72bestcard: raises $3 to $6
SLK500: folds
Uncalled bet ($3) returned to 72bestcard
72bestcard collected $6 from pot
72bestcard: doesn't show hand
*** SUMMARY ***
Total pot $6 | Rake $0
Seat 2: SLK500 (big blind) folded before Flop
Seat 3: 72bestcard (button) (small blind) collected ($6)


PokerStars Hand #144655350740:  Hold'em Limit ($3/$6 USD) - 2015/12/01 8:04:20 ET
Table 'Hveen II' 6-max Seat #2 is the button
Seat 2: SLK500 ($58.22 in chips)
Seat 3: 72bestcard ($76 in chips)
SLK500: posts small blind $1
72bestcard: posts big blind $3
*** HOLE CARDS ***
SLK500: folds
Uncalled bet ($2) returned to 72bestcard
72bestcard collected $2 from pot
72bestcard: doesn't show hand
*** SUMMARY ***
Total pot $2 | Rake $0
Seat 2: SLK500 (button) (small blind) folded before Flop
Seat 3: 72bestcard (big blind) collected ($2)


PokerStars Hand #144655353619:  Hold'em Limit ($3/$6 USD) - 2015/12/01 8:04:25 ET
Table 'Hveen II' 6-max Seat #3 is the button
Seat 2: SLK500 ($57.22 in chips)
Seat 3: 72bestcard ($77 in chips)
72bestcard: posts small blind $1
SLK500: posts big blind $3
*** HOLE CARDS ***
72bestcard: raises $3 to $6
SLK500: raises $3 to $9
72bestcard: calls $3
*** FLOP *** [2c 7d 3h]
SLK500: checks
72bestcard: bets $3
SLK500: calls $3
*** TURN *** [2c 7d 3h] [6s]
SLK500: checks
72bestcard: bets $6
SLK500: folds
Uncalled bet ($6) returned to 72bestcard
72bestcard collected $23.52 from pot
72bestcard: doesn't show hand
*** SUMMARY ***
Total pot $24 | Rake $0.48
Board [2c 7d 3h 6s]
Seat 2: SLK500 (big blind) folded on the Turn
Seat 3: 72bestcard (button) (small blind) collected ($23.52)


PokerStars Hand #144655377413:  Hold'em Limit ($3/$6 USD) - 2015/12/01 8:05:09 ET
Table 'Hveen II' 6-max Seat #2 is the button
Seat 2: SLK500 ($45.22 in chips)
Seat 3: 72bestcard ($88.52 in chips)
SLK500: posts small blind $1
72bestcard: posts big blind $3
*** HOLE CARDS ***
SLK500: raises $3 to $6
72bestcard: calls $3
*** FLOP *** [3h 6h 6s]
72bestcard: checks
SLK500: bets $3
72bestcard: calls $3
*** TURN *** [3h 6h 6s] [5c]
72bestcard: checks
SLK500: checks
*** RIVER *** [3h 6h 6s 5c] [3d]
72bestcard: bets $6
SLK500: calls $6
*** SHOW DOWN ***
72bestcard: shows [9c Ts] (two pair, Sixes and Threes)
SLK500: shows [Kd Ah] (two pair, Sixes and Threes - Ace kicker)
SLK500 collected $29.50 from pot
*** SUMMARY ***
Total pot $30 | Rake $0.50
Board [3h 6h 6s 5c 3d]
Seat 2: SLK500 (button) (small blind) showed [Kd Ah] and won ($29.50) with two pair, Sixes and Threes
Seat 3: 72bestcard (big blind) showed [9c Ts] and lost with two pair, Sixes and Threes


PokerStars Hand #144655415786:  Hold'em Limit ($3/$6 USD) - 2015/12/01 8:06:20 ET
Table 'Hveen II' 6-max Seat #2 is the button
Seat 2: SLK500 ($56.48 in chips)
Seat 3: 72bestcard ($77.76 in chips)
SLK500: posts small blind $1
72bestcard: posts big blind $3
*** HOLE CARDS ***
SLK500: raises $3 to $6
72bestcard: calls $3
*** FLOP *** [3d 5c Ks]
72bestcard: checks
SLK500: bets $3
72bestcard: folds
Uncalled bet ($3) returned to SLK500
SLK500 collected $11.76 from pot
SLK500: doesn't show hand
*** SUMMARY ***
Total pot $12 | Rake $0.24
Board [3d 5c Ks]
Seat 2: SLK500 (button) (small blind) collected ($11.76)
Seat 3: 72bestcard (big blind) folded on the Flop


PokerStars Hand #144655408920:  Hold'em Limit ($3/$6 USD) - 2015/12/01 8:06:07 ET
Table 'Hveen II' 6-max Seat #3 is the button
Seat 2: SLK500 ($62.48 in chips)
Seat 3: 72bestcard ($72 in chips)
72bestcard: posts small blind $1
SLK500: posts big blind $3
*** HOLE CARDS ***
72bestcard: raises $3 to $6
SLK500: calls $3
*** FLOP *** [4h 6d Kd]
SLK500: checks
72bestcard: bets $3
SLK500: folds
Uncalled bet ($3) returned to 72bestcard
72bestcard collected $11.76 from pot
72bestcard: doesn't show hand
*** SUMMARY ***
Total pot $12 | Rake $0.24
Board [4h 6d Kd]
Seat 2: SLK500 (big blind) folded on the Flop
Seat 3: 72bestcard (button) (small blind) collected ($11.76)


PokerStars Hand #144655402154:  Hold'em Limit ($3/$6 USD) - 2015/12/01 8:05:55 ET
Table 'Hveen II' 6-max Seat #2 is the button
Seat 2: SLK500 ($56.72 in chips)
Seat 3: 72bestcard ($76.52 in chips)
SLK500: posts small blind $1
72bestcard: posts big blind $3
*** HOLE CARDS ***
SLK500: raises $3 to $6
72bestcard: calls $3
*** FLOP *** [9h 4c 8s]
72bestcard: checks
SLK500: bets $3
72bestcard: folds
Uncalled bet ($3) returned to SLK500
SLK500 collected $11.76 from pot
SLK500: doesn't show hand
*** SUMMARY ***
Total pot $12 | Rake $0.24
Board [9h 4c 8s]
Seat 2: SLK500 (button) (small blind) collected ($11.76)
Seat 3: 72bestcard (big blind) folded on the Flop


PokerStars Hand #144655397999:  Hold'em Limit ($3/$6 USD) - 2015/12/01 8:05:47 ET
Table 'Hveen II' 6-max Seat #3 is the button
Seat 2: SLK500 ($59.72 in chips)
Seat 3: 72bestcard ($73.52 in chips)
72bestcard: posts small blind $1
SLK500: posts big blind $3
*** HOLE CARDS ***
72bestcard: raises $3 to $6
SLK500: folds
Uncalled bet ($3) returned to 72bestcard
72bestcard collected $6 from pot
72bestcard: doesn't show hand
*** SUMMARY ***
Total pot $6 | Rake $0
Seat 2: SLK500 (big blind) folded before Flop
Seat 3: 72bestcard (button) (small blind) collected ($6)


PokerStars Hand #144655450972:  Hold'em Limit ($3/$6 USD) - 2015/12/01 8:07:24 ET
Table 'Hveen II' 6-max Seat #2 is the button
Seat 2: SLK500 ($70.52 in chips)
Seat 3: 72bestcard ($72 in chips)
SLK500: posts small blind $1
72bestcard: posts big blind $3
*** HOLE CARDS ***
SLK500: raises $3 to $6
72bestcard: calls $3
*** FLOP *** [Jc 9d Td]
72bestcard: checks
SLK500: bets $3
72bestcard: folds
Uncalled bet ($3) returned to SLK500
SLK500 collected $11.76 from pot
SLK500: doesn't show hand
*** SUMMARY ***
Total pot $12 | Rake $0.24
Board [Jc 9d Td]
Seat 2: SLK500 (button) (small blind) collected ($11.76)
Seat 3: 72bestcard (big blind) folded on the Flop


PokerStars Hand #144655443674:  Hold'em Limit ($3/$6 USD) - 2015/12/01 8:07:11 ET
Table 'Hveen II' 6-max Seat #3 is the button
Seat 2: SLK500 ($61.88 in chips)
Seat 3: 72bestcard ($80.64 in chips)
72bestcard: posts small blind $1
SLK500: posts big blind $3
*** HOLE CARDS ***
72bestcard: raises $3 to $6
SLK500: raises $3 to $9
72bestcard: calls $3
*** FLOP *** [3c 8s Jc]
SLK500: bets $3
72bestcard: folds
Uncalled bet ($3) returned to SLK500
SLK500 collected $17.64 from pot
SLK500: doesn't show hand
*** SUMMARY ***
Total pot $18 | Rake $0.36
Board [3c 8s Jc]
Seat 2: SLK500 (big blind) collected ($17.64)
Seat 3: 72bestcard (button) (small blind) folded on the Flop


PokerStars Hand #144655436093:  Hold'em Limit ($3/$6 USD) - 2015/12/01 8:06:57 ET
Table 'Hveen II' 6-max Seat #2 is the button
Seat 2: SLK500 ($70.88 in chips)
Seat 3: 72bestcard ($72 in chips)
SLK500: posts small blind $1
72bestcard: posts big blind $3
*** HOLE CARDS ***
SLK500: raises $3 to $6
72bestcard: calls $3
*** FLOP *** [Qc 9s 3d]
72bestcard: checks
SLK500: bets $3
72bestcard: raises $3 to $6
SLK500: folds
Uncalled bet ($3) returned to 72bestcard
72bestcard collected $17.64 from pot
72bestcard: doesn't show hand
*** SUMMARY ***
Total pot $18 | Rake $0.36
Board [Qc 9s 3d]
Seat 2: SLK500 (button) (small blind) folded on the Flop
Seat 3: 72bestcard (big blind) collected ($17.64)


PokerStars Hand #144655428425:  Hold'em Limit ($3/$6 USD) - 2015/12/01 8:06:43 ET
Table 'Hveen II' 6-max Seat #3 is the button
Seat 2: SLK500 ($62.24 in chips)
Seat 3: 72bestcard ($72 in chips)
72bestcard: posts small blind $1
SLK500: posts big blind $3
*** HOLE CARDS ***
72bestcard: raises $3 to $6
SLK500: raises $3 to $9
72bestcard: calls $3
*** FLOP *** [9c 2s As]
SLK500: bets $3
72bestcard: folds
Uncalled bet ($3) returned to SLK500
SLK500 collected $17.64 from pot
SLK500: doesn't show hand
*** SUMMARY ***
Total pot $18 | Rake $0.36
Board [9c 2s As]
Seat 2: SLK500 (big blind) collected ($17.64)
Seat 3: 72bestcard (button) (small blind) folded on the Flop


PokerStars Hand #144655490320:  Hold'em Limit ($3/$6 USD) - 2015/12/01 8:08:36 ET
Table 'Hveen II' 6-max Seat #2 is the button
Seat 2: SLK500 ($71.04 in chips)
Seat 3: 72bestcard ($76.76 in chips)
SLK500: posts small blind $1
72bestcard: posts big blind $3
*** HOLE CARDS ***
SLK500: raises $3 to $6
72bestcard: calls $3
*** FLOP *** [3d Ks 5s]
72bestcard: checks
SLK500: bets $3
72bestcard: folds
Uncalled bet ($3) returned to SLK500
SLK500 collected $11.76 from pot
SLK500: doesn't show hand
*** SUMMARY ***
Total pot $12 | Rake $0.24
Board [3d Ks 5s]
Seat 2: SLK500 (button) (small blind) collected ($11.76)
Seat 3: 72bestcard (big blind) folded on the Flop


PokerStars Hand #144655487107:  Hold'em Limit ($3/$6 USD) - 2015/12/01 8:08:30 ET
Table 'Hveen II' 6-max Seat #3 is the button
Seat 2: SLK500 ($74.04 in chips)
Seat 3: 72bestcard ($73.76 in chips)
72bestcard: posts small blind $1
SLK500: posts big blind $3
*** HOLE CARDS ***
72bestcard: raises $3 to $6
SLK500: folds
Uncalled bet ($3) returned to 72bestcard
72bestcard collected $6 from pot
72bestcard: doesn't show hand
*** SUMMARY ***
Total pot $6 | Rake $0
Seat 2: SLK500 (big blind) folded before Flop
Seat 3: 72bestcard (button) (small blind) collected ($6)


PokerStars Hand #144655474468:  Hold'em Limit ($3/$6 USD) - 2015/12/01 8:08:08 ET
Table 'Hveen II' 6-max Seat #3 is the button
Seat 2: SLK500 ($69.28 in chips)
Seat 3: 72bestcard ($78.76 in chips)
72bestcard: posts small blind $1
SLK500: posts big blind $3
*** HOLE CARDS ***
72bestcard: raises $3 to $6
SLK500: calls $3
*** FLOP *** [6s As 5c]
SLK500: checks
72bestcard: checks
*** TURN *** [6s As 5c] [Tc]
SLK500: checks
72bestcard: checks
*** RIVER *** [6s As 5c Tc] [2h]
SLK500: bets $6
72bestcard: folds
Uncalled bet ($6) returned to SLK500
SLK500 collected $11.76 from pot
SLK500: doesn't show hand
*** SUMMARY ***
Total pot $12 | Rake $0.24
Board [6s As 5c Tc 2h]
Seat 2: SLK500 (big blind) collected ($11.76)
Seat 3: 72bestcard (button) (small blind) folded on the River


PokerStars Hand #144655471514:  Hold'em Limit ($3/$6 USD) - 2015/12/01 8:08:02 ET
Table 'Hveen II' 6-max Seat #2 is the button
Seat 2: SLK500 ($70.28 in chips)
Seat 3: 72bestcard ($77.76 in chips)
SLK500: posts small blind $1
72bestcard: posts big blind $3
*** HOLE CARDS ***
SLK500: folds
Uncalled bet ($2) returned to 72bestcard
72bestcard collected $2 from pot
72bestcard: doesn't show hand
*** SUMMARY ***
Total pot $2 | Rake $0
Seat 2: SLK500 (button) (small blind) folded before Flop
Seat 3: 72bestcard (big blind) collected ($2)


PokerStars Hand #144655463085:  Hold'em Limit ($3/$6 USD) - 2015/12/01 8:07:47 ET
Table 'Hveen II' 6-max Seat #3 is the button
Seat 2: SLK500 ($76.28 in chips)
Seat 3: 72bestcard ($72 in chips)
72bestcard: posts small blind $1
SLK500: posts big blind $3
*** HOLE CARDS ***
72bestcard: raises $3 to $6
SLK500: calls $3
*** FLOP *** [Kh Qh 8c]
SLK500: checks
72bestcard: bets $3
SLK500: folds
Uncalled bet ($3) returned to 72bestcard
72bestcard collected $11.76 from pot
72bestcard: doesn't show hand
*** SUMMARY ***
Total pot $12 | Rake $0.24
Board [Kh Qh 8c]
Seat 2: SLK500 (big blind) folded on the Flop
Seat 3: 72bestcard (button) (small blind) collected ($11.76)


PokerStars Hand #144655524664:  Hold'em Limit ($3/$6 USD) - 2015/12/01 8:09:40 ET
Table 'Hveen II' 6-max Seat #2 is the button
Seat 2: SLK500 ($54.80 in chips)
Seat 3: 72bestcard ($93.26 in chips)
SLK500: posts small blind $1
72bestcard: posts big blind $3
*** HOLE CARDS ***
SLK500: folds
Uncalled bet ($2) returned to 72bestcard
72bestcard collected $2 from pot
72bestcard: doesn't show hand
*** SUMMARY ***
Total pot $2 | Rake $0
Seat 2: SLK500 (button) (small blind) folded before Flop
Seat 3: 72bestcard (big blind) collected ($2)


PokerStars Hand #144655513031:  Hold'em Limit ($3/$6 USD) - 2015/12/01 8:09:18 ET
Table 'Hveen II' 6-max Seat #3 is the button
Seat 2: SLK500 ($60.80 in chips)
Seat 3: 72bestcard ($87.50 in chips)
72bestcard: posts small blind $1
SLK500: posts big blind $3
*** HOLE CARDS ***
72bestcard: raises $3 to $6
SLK500: calls $3
*** FLOP *** [8c 9s 9d]
SLK500: checks
72bestcard: checks
*** TURN *** [8c 9s 9d] [3d]
SLK500: checks
72bestcard: checks
*** RIVER *** [8c 9s 9d 3d] [Ts]
SLK500: checks
72bestcard: bets $6
SLK500: folds
Uncalled bet ($6) returned to 72bestcard
72bestcard collected $11.76 from pot
72bestcard: doesn't show hand
*** SUMMARY ***
Total pot $12 | Rake $0.24
Board [8c 9s 9d 3d Ts]
Seat 2: SLK500 (big blind) folded on the River
Seat 3: 72bestcard (button) (small blind) collected ($11.76)


PokerStars Hand #144655549951:  Hold'em Limit ($3/$6 USD) - 2015/12/01 8:10:25 ET
Table 'Hveen II' 6-max Seat #3 is the button
Seat 2: SLK500 ($38.44 in chips)
Seat 3: 72bestcard ($108.76 in chips)
72bestcard: posts small blind $1
SLK500: posts big blind $3
*** HOLE CARDS ***
72bestcard: raises $3 to $6
SLK500: raises $3 to $9
72bestcard: calls $3
*** FLOP *** [2c 2h 6d]
SLK500: bets $3
72bestcard: raises $3 to $6
SLK500: calls $3
*** TURN *** [2c 2h 6d] [2s]
SLK500: checks
72bestcard: bets $6
SLK500: calls $6
*** RIVER *** [2c 2h 6d 2s] [Kh]
SLK500: checks
72bestcard: bets $6
SLK500: calls $6
*** SHOW DOWN ***
72bestcard: shows [6c 4d] (a full house, Deuces full of Sixes)
SLK500: mucks hand
72bestcard collected $53.50 from pot
*** SUMMARY ***
Total pot $54 | Rake $0.50
Board [2c 2h 6d 2s Kh]
Seat 2: SLK500 (big blind) mucked
Seat 3: 72bestcard (button) (small blind) showed [6c 4d] and won ($53.50) with a full house, Deuces full of Sixes


PokerStars Hand #144655538650:  Hold'em Limit ($3/$6 USD) - 2015/12/01 8:10:05 ET
Table 'Hveen II' 6-max Seat #2 is the button
Seat 2: SLK500 ($62.44 in chips)
Seat 3: 72bestcard ($85.26 in chips)
SLK500: posts small blind $1
72bestcard: posts big blind $3
*** HOLE CARDS ***
SLK500: raises $3 to $6
72bestcard: raises $3 to $9
SLK500: calls $3
*** FLOP *** [Tc 5d 3d]
72bestcard: bets $3
SLK500: calls $3
*** TURN *** [Tc 5d 3d] [3c]
72bestcard: bets $6
SLK500: calls $6
*** RIVER *** [Tc 5d 3d 3c] [Qd]
72bestcard: bets $6
SLK500: calls $6
*** SHOW DOWN ***
72bestcard: shows [Qc 8c] (two pair, Queens and Threes)
SLK500: mucks hand
72bestcard collected $47.50 from pot
*** SUMMARY ***
Total pot $48 | Rake $0.50
Board [Tc 5d 3d 3c Qd]
Seat 2: SLK500 (button) (small blind) mucked
Seat 3: 72bestcard (big blind) showed [Qc 8c] and won ($47.50) with two pair, Queens and Threes


PokerStars Hand #144655527748:  Hold'em Limit ($3/$6 USD) - 2015/12/01 8:09:45 ET
Table 'Hveen II' 6-max Seat #3 is the button
Seat 2: SLK500 ($53.80 in chips)
Seat 3: 72bestcard ($94.26 in chips)
72bestcard: posts small blind $1
SLK500: posts big blind $3
*** HOLE CARDS ***
72bestcard: raises $3 to $6
SLK500: raises $3 to $9
72bestcard: calls $3
*** FLOP *** [Td Tc 9d]
SLK500: bets $3
72bestcard: folds
Uncalled bet ($3) returned to SLK500
SLK500 collected $17.64 from pot
SLK500: doesn't show hand
*** SUMMARY ***
Total pot $18 | Rake $0.36
Board [Td Tc 9d]
Seat 2: SLK500 (big blind) collected ($17.64)
Seat 3: 72bestcard (button) (small blind) folded on the Flop


PokerStars Hand #144655591760:  Hold'em Limit ($3/$6 USD) - 2015/12/01 8:11:41 ET
Table 'Hveen II' 6-max Seat #3 is the button
Seat 2: SLK500 ($36.34 in chips)
Seat 3: 72bestcard ($109.16 in chips)
72bestcard: posts small blind $1
SLK500: posts big blind $3
*** HOLE CARDS ***
72bestcard: raises $3 to $6
SLK500: folds
Uncalled bet ($3) returned to 72bestcard
72bestcard collected $6 from pot
72bestcard: doesn't show hand
*** SUMMARY ***
Total pot $6 | Rake $0
Seat 2: SLK500 (big blind) folded before Flop
Seat 3: 72bestcard (button) (small blind) collected ($6)


PokerStars Hand #144655588630:  Hold'em Limit ($3/$6 USD) - 2015/12/01 8:11:35 ET
Table 'Hveen II' 6-max Seat #2 is the button
Seat 2: SLK500 ($33.34 in chips)
Seat 3: 72bestcard ($112.16 in chips)
SLK500: posts small blind $1
72bestcard: posts big blind $3
*** HOLE CARDS ***
SLK500: raises $3 to $6
72bestcard: folds
Uncalled bet ($3) returned to SLK500
SLK500 collected $6 from pot
SLK500: doesn't show hand
*** SUMMARY ***
Total pot $6 | Rake $0
Seat 2: SLK500 (button) (small blind) collected ($6)
Seat 3: 72bestcard (big blind) folded before Flop


PokerStars Hand #144655585535:  Hold'em Limit ($3/$6 USD) - 2015/12/01 8:11:30 ET
Table 'Hveen II' 6-max Seat #3 is the button
Seat 2: SLK500 ($32.34 in chips)
Seat 3: 72bestcard ($113.16 in chips)
72bestcard: posts small blind $1
SLK500: posts big blind $3
*** HOLE CARDS ***
72bestcard: folds
Uncalled bet ($2) returned to SLK500
SLK500 collected $2 from pot
SLK500: doesn't show hand
*** SUMMARY ***
Total pot $2 | Rake $0
Seat 2: SLK500 (big blind) collected ($2)
Seat 3: 72bestcard (button) (small blind) folded before Flop


PokerStars Hand #144655574590:  Hold'em Limit ($3/$6 USD) - 2015/12/01 8:11:10 ET
Table 'Hveen II' 6-max Seat #2 is the button
Seat 2: SLK500 ($16.42 in chips)
Seat 3: 72bestcard ($129.58 in chips)
SLK500: posts small blind $1
72bestcard: posts big blind $3
*** HOLE CARDS ***
SLK500: raises $3 to $6
72bestcard: raises $3 to $9
SLK500: raises $3 to $12
Betting is capped
72bestcard: calls $3
*** FLOP *** [3d 8h 5c]
72bestcard: checks
SLK500: bets $3
72bestcard: raises $3 to $6
SLK500: calls $1.42 and is all-in
Uncalled bet ($1.58) returned to 72bestcard
*** TURN *** [3d 8h 5c] [Th]
*** RIVER *** [3d 8h 5c Th] [Jh]
*** SHOW DOWN ***
72bestcard: shows [Ks Ac] (high card Ace)
SLK500: shows [Js 3s] (two pair, Jacks and Threes)
SLK500 collected $32.34 from pot
*** SUMMARY ***
Total pot $32.84 | Rake $0.50
Board [3d 8h 5c Th Jh]
Seat 2: SLK500 (button) (small blind) showed [Js 3s] and won ($32.34) with two pair, Jacks and Threes
Seat 3: 72bestcard (big blind) showed [Ks Ac] and lost with high card Ace


PokerStars Hand #144655568833:  Hold'em Limit ($3/$6 USD) - 2015/12/01 8:10:59 ET
Table 'Hveen II' 6-max Seat #3 is the button
Seat 2: SLK500 ($22.42 in chips)
Seat 3: 72bestcard ($123.82 in chips)
72bestcard: posts small blind $1
SLK500: posts big blind $3
*** HOLE CARDS ***
72bestcard: raises $3 to $6
SLK500: calls $3
*** FLOP *** [Kh 3s As]
SLK500: checks
72bestcard: bets $3
SLK500: folds
Uncalled bet ($3) returned to 72bestcard
72bestcard collected $11.76 from pot
72bestcard: doesn't show hand
*** SUMMARY ***
Total pot $12 | Rake $0.24
Board [Kh 3s As]
Seat 2: SLK500 (big blind) folded on the Flop
Seat 3: 72bestcard (button) (small blind) collected ($11.76)


PokerStars Hand #144655561445:  Hold'em Limit ($3/$6 USD) - 2015/12/01 8:10:46 ET
Table 'Hveen II' 6-max Seat #2 is the button
Seat 2: SLK500 ($11.44 in chips)
Seat 3: 72bestcard ($135.26 in chips)
SLK500: posts small blind $1
72bestcard: posts big blind $3
*** HOLE CARDS ***
SLK500: raises $3 to $6
72bestcard: raises $3 to $9
SLK500: raises $2.44 to $11.44 and is all-in
Betting is capped
72bestcard: calls $2.44
*** FLOP *** [8s 2s 7c]
*** TURN *** [8s 2s 7c] [6s]
*** RIVER *** [8s 2s 7c 6s] [4d]
*** SHOW DOWN ***
72bestcard: shows [Jc Ks] (high card King)
SLK500: shows [4c 6h] (two pair, Sixes and Fours)
SLK500 collected $22.42 from pot
*** SUMMARY ***
Total pot $22.88 | Rake $0.46
Board [8s 2s 7c 6s 4d]
Seat 2: SLK500 (button) (small blind) showed [4c 6h] and won ($22.42) with two pair, Sixes and Fours
Seat 3: 72bestcard (big blind) showed [Jc Ks] and lost with high card King


PokerStars Hand #144655598951:  Hold'em Limit ($3/$6 USD) - 2015/12/01 8:11:54 ET
Table 'Hveen II' 6-max Seat #2 is the button
Seat 2: SLK500 ($33.34 in chips)
Seat 3: 72bestcard ($112.16 in chips)
SLK500: posts small blind $1
72bestcard: posts big blind $3
*** HOLE CARDS ***
SLK500: folds
Uncalled bet ($2) returned to 72bestcard
72bestcard collected $2 from pot
72bestcard: doesn't show hand
*** SUMMARY ***
Total pot $2 | Rake $0
Seat 2: SLK500 (button) (small blind) folded before Flop
Seat 3: 72bestcard (big blind) collected ($2)


PokerStars Hand #144655633413:  Hold'em Limit ($3/$6 USD) - 2015/12/01 8:12:56 ET
Table 'Hveen II' 6-max Seat #2 is the button
Seat 2: SLK500 ($64.18 in chips)
Seat 3: 72bestcard ($80.82 in chips)
SLK500: posts small blind $1
72bestcard: posts big blind $3
*** HOLE CARDS ***
SLK500: raises $3 to $6
72bestcard: raises $3 to $9
SLK500: calls $3
*** FLOP *** [5c 9s 2h]
72bestcard: bets $3
SLK500: calls $3
*** TURN *** [5c 9s 2h] [3d]
72bestcard: bets $6
SLK500: raises $6 to $12
72bestcard: raises $6 to $18
SLK500: calls $6
*** RIVER *** [5c 9s 2h 3d] [Ah]
72bestcard: bets $6
SLK500: folds
Uncalled bet ($6) returned to 72bestcard
72bestcard collected $59.50 from pot
72bestcard: doesn't show hand
*** SUMMARY ***
Total pot $60 | Rake $0.50
Board [5c 9s 2h 3d Ah]
Seat 2: SLK500 (button) (small blind) folded on the River
Seat 3: 72bestcard (big blind) collected ($59.50)


PokerStars Hand #144655601981:  Hold'em Limit ($3/$6 USD) - 2015/12/01 8:11:59 ET
Table 'Hveen II' 6-max Seat #3 is the button
Seat 2: SLK500 ($32.34 in chips)
Seat 3: 72bestcard ($113.16 in chips)
72bestcard: posts small blind $1
SLK500: posts big blind $3
*** HOLE CARDS ***
72bestcard: raises $3 to $6
SLK500: raises $3 to $9
72bestcard: calls $3
*** FLOP *** [Qh Td 7s]
SLK500: bets $3
72bestcard: calls $3
*** TURN *** [Qh Td 7s] [9c]
tommyan joins the table at seat #4
SLK500: bets $6
72bestcard: calls $6
*** RIVER *** [Qh Td 7s 9c] [7h]
SLK500: bets $6
72bestcard: raises $6 to $12
SLK500: raises $2.34 to $14.34 and is all-in
72bestcard: calls $2.34
*** SHOW DOWN ***
SLK500: shows [Jh 8h] (a straight, Eight to Queen)
72bestcard: shows [7d 5c] (three of a kind, Sevens)
SLK500 collected $64.18 from pot
*** SUMMARY ***
Total pot $64.68 | Rake $0.50
Board [Qh Td 7s 9c 7h]
Seat 2: SLK500 (big blind) showed [Jh 8h] and won ($64.18) with a straight, Eight to Queen
Seat 3: 72bestcard (button) (small blind) showed [7d 5c] and lost with three of a kind, Sevens


PokerStars Hand #144661164801:  Hold'em Limit ($3/$6 USD) - 2015/12/01 10:39:55 ET
Table 'Hveen II' 6-max Seat #6 is the button
Seat 5: Lackys07 ($134.45 in chips)
Seat 6: B_loJkl ($62.64 in chips)
B_loJkl: posts small blind $1
PelonCabelao: is sitting out
Lackys07: posts big blind $3
*** HOLE CARDS ***
B_loJkl: raises $3 to $6
Lackys07: calls $3
*** FLOP *** [Ah Th Qs]
Lackys07: checks
B_loJkl: bets $3
Lackys07: folds
Uncalled bet ($3) returned to B_loJkl
B_loJkl collected $11.76 from pot
B_loJkl: doesn't show hand
*** SUMMARY ***
Total pot $12 | Rake $0.24
Board [Ah Th Qs]
Seat 5: Lackys07 (big blind) folded on the Flop
Seat 6: B_loJkl (button) (small blind) collected ($11.76)


PokerStars Hand #144661193643:  Hold'em Limit ($3/$6 USD) - 2015/12/01 10:40:35 ET
Table 'Hveen II' 6-max Seat #5 is the button
Seat 5: Lackys07 ($121.45 in chips)
Seat 6: B_loJkl ($75.16 in chips)
Lackys07: posts small blind $1
B_loJkl: posts big blind $3
*** HOLE CARDS ***
Lackys07: raises $3 to $6
B_loJkl: calls $3
*** FLOP *** [2d 5s 8d]
B_loJkl: checks
Lackys07: bets $3
B_loJkl: folds
Uncalled bet ($3) returned to Lackys07
Lackys07 collected $11.76 from pot
Lackys07: doesn't show hand
*** SUMMARY ***
Total pot $12 | Rake $0.24
Board [2d 5s 8d]
Seat 5: Lackys07 (button) (small blind) collected ($11.76)
Seat 6: B_loJkl (big blind) folded on the Flop


PokerStars Hand #144661182928:  Hold'em Limit ($3/$6 USD) - 2015/12/01 10:40:20 ET
Table 'Hveen II' 6-max Seat #6 is the button
Seat 5: Lackys07 ($127.45 in chips)
Seat 6: B_loJkl ($69.40 in chips)
B_loJkl: posts small blind $1
Lackys07: posts big blind $3
*** HOLE CARDS ***
B_loJkl: raises $3 to $6
Lackys07: calls $3
*** FLOP *** [Ks 9d 3c]
Lackys07: checks
B_loJkl: bets $3
Lackys07: folds
Uncalled bet ($3) returned to B_loJkl
B_loJkl collected $11.76 from pot
B_loJkl: doesn't show hand
*** SUMMARY ***
Total pot $12 | Rake $0.24
Board [Ks 9d 3c]
Seat 5: Lackys07 (big blind) folded on the Flop
Seat 6: B_loJkl (button) (small blind) collected ($11.76)


PokerStars Hand #144661176391:  Hold'em Limit ($3/$6 USD) - 2015/12/01 10:40:11 ET
Table 'Hveen II' 6-max Seat #5 is the button
Seat 5: Lackys07 ($128.45 in chips)
Seat 6: B_loJkl ($68.40 in chips)
Lackys07: posts small blind $1
B_loJkl: posts big blind $3
*** HOLE CARDS ***
Lackys07: folds
Uncalled bet ($2) returned to B_loJkl
B_loJkl collected $2 from pot
B_loJkl: doesn't show hand
*** SUMMARY ***
Total pot $2 | Rake $0
Seat 5: Lackys07 (button) (small blind) folded before Flop
Seat 6: B_loJkl (big blind) collected ($2)


PokerStars Hand #144661237189:  Hold'em Limit ($3/$6 USD) - 2015/12/01 10:41:36 ET
Table 'Hveen II' 6-max Seat #5 is the button
Seat 5: Lackys07 ($138.73 in chips)
Seat 6: B_loJkl ($57.16 in chips)
Lackys07: posts small blind $1
B_loJkl: posts big blind $3
*** HOLE CARDS ***
Lackys07: folds
Uncalled bet ($2) returned to B_loJkl
B_loJkl collected $2 from pot
B_loJkl: doesn't show hand
*** SUMMARY ***
Total pot $2 | Rake $0
Seat 5: Lackys07 (button) (small blind) folded before Flop
Seat 6: B_loJkl (big blind) collected ($2)


PokerStars Hand #144661246735:  Hold'em Limit ($3/$6 USD) - 2015/12/01 10:41:49 ET
Table 'Hveen II' 6-max Seat #5 is the button
Seat 5: Lackys07 ($134.73 in chips)
Seat 6: B_loJkl ($61.16 in chips)
Lackys07: posts small blind $1
B_loJkl: posts big blind $3
*** HOLE CARDS ***
Lackys07: raises $3 to $6
B_loJkl: calls $3
*** FLOP *** [7d Kh Qc]
B_loJkl: checks
Lackys07: checks
*** TURN *** [7d Kh Qc] [6c]
B_loJkl: bets $6
Lackys07: folds
Uncalled bet ($6) returned to B_loJkl
B_loJkl collected $11.76 from pot
B_loJkl: doesn't show hand
*** SUMMARY ***
Total pot $12 | Rake $0.24
Board [7d Kh Qc 6c]
Seat 5: Lackys07 (button) (small blind) folded on the Turn
Seat 6: B_loJkl (big blind) collected ($11.76)


PokerStars Hand #144661240975:  Hold'em Limit ($3/$6 USD) - 2015/12/01 10:41:41 ET
Table 'Hveen II' 6-max Seat #6 is the button
Seat 5: Lackys07 ($137.73 in chips)
Seat 6: B_loJkl ($58.16 in chips)
B_loJkl: posts small blind $1
Lackys07: posts big blind $3
*** HOLE CARDS ***
B_loJkl: raises $3 to $6
Lackys07: folds
Uncalled bet ($3) returned to B_loJkl
B_loJkl collected $6 from pot
B_loJkl: doesn't show hand
*** SUMMARY ***
Total pot $6 | Rake $0
Seat 5: Lackys07 (big blind) folded before Flop
Seat 6: B_loJkl (button) (small blind) collected ($6)


PokerStars Hand #144661208130:  Hold'em Limit ($3/$6 USD) - 2015/12/01 10:40:55 ET
Table 'Hveen II' 6-max Seat #6 is the button
Seat 5: Lackys07 ($127.21 in chips)
Seat 6: B_loJkl ($69.16 in chips)
B_loJkl: posts small blind $1
Lackys07: posts big blind $3
*** HOLE CARDS ***
B_loJkl: raises $3 to $6
Lackys07: raises $3 to $9
B_loJkl: calls $3
*** FLOP *** [3d 7h 3c]
Lackys07: checks
B_loJkl: bets $3
Lackys07: calls $3
*** TURN *** [3d 7h 3c] [7c]
Lackys07: checks
B_loJkl: checks
*** RIVER *** [3d 7h 3c 7c] [5s]
Lackys07: checks
B_loJkl: checks
*** SHOW DOWN ***
Lackys07: shows [9c Qs] (two pair, Sevens and Threes)
B_loJkl: mucks hand
Lackys07 collected $23.52 from pot
*** SUMMARY ***
Total pot $24 | Rake $0.48
Board [3d 7h 3c 7c 5s]
Seat 5: Lackys07 (big blind) showed [9c Qs] and won ($23.52) with two pair, Sevens and Threes
Seat 6: B_loJkl (button) (small blind) mucked


