PokerStars Hand #148283281937:  Hold'em Limit ($3/$6 USD) - 2016/02/05 12:06:24 ET
Table 'Hyakutake II' 2-max Seat #1 is the button
Seat 1: melyh82 ($32.64 in chips)
Seat 2: annjne ($175.18 in chips)
melyh82: posts small blind $1
annjne: posts big blind $3
*** HOLE CARDS ***
melyh82: raises $3 to $6
annjne: raises $3 to $9
melyh82: calls $3
*** FLOP *** [4c 3c 4h]
annjne: bets $3
melyh82: raises $3 to $6
annjne: calls $3
*** TURN *** [4c 3c 4h] [Th]
annjne: checks
melyh82: bets $6
annjne: raises $6 to $12
melyh82: calls $6
*** RIVER *** [4c 3c 4h Th] [Kd]
annjne: bets $6
melyh82: calls $5.64 and is all-in
Uncalled bet ($0.36) returned to annjne
*** SHOW DOWN ***
annjne: shows [Qs Qh] (two pair, Queens and Fours)
melyh82: shows [5s 3s] (two pair, Fours and Threes)
annjne collected $64.78 from pot
*** SUMMARY ***
Total pot $65.28 | Rake $0.50
Board [4c 3c 4h Th Kd]
Seat 1: melyh82 (button) (small blind) showed [5s 3s] and lost with two pair, Fours and Threes
Seat 2: annjne (big blind) showed [Qs Qh] and won ($64.78) with two pair, Queens and Fours


PokerStars Hand #148283269780:  Hold'em Limit ($3/$6 USD) - 2016/02/05 12:06:10 ET
Table 'Hyakutake II' 2-max Seat #2 is the button
Seat 1: melyh82 ($68.64 in chips)
Seat 2: annjne ($139.68 in chips)
annjne: posts small blind $1
melyh82: posts big blind $3
*** HOLE CARDS ***
annjne: raises $3 to $6
melyh82: raises $3 to $9
annjne: calls $3
*** FLOP *** [6h 2h Ah]
melyh82: bets $3
annjne: calls $3
*** TURN *** [6h 2h Ah] [Kd]
melyh82: bets $6
annjne: raises $6 to $12
melyh82: raises $6 to $18
annjne: calls $6
*** RIVER *** [6h 2h Ah Kd] [Kc]
melyh82: bets $6
annjne: raises $6 to $12
melyh82: folds
Uncalled bet ($6) returned to annjne
annjne collected $71.50 from pot
annjne: doesn't show hand
*** SUMMARY ***
Total pot $72 | Rake $0.50
Board [6h 2h Ah Kd Kc]
Seat 1: melyh82 (big blind) folded on the River
Seat 2: annjne (button) (small blind) collected ($71.50)


PokerStars Hand #148283327531:  Hold'em Limit ($3/$6 USD) - 2016/02/05 12:07:17 ET
Table 'Hyakutake II' 2-max Seat #2 is the button
Seat 1: melyh82 ($200.12 in chips)
Seat 2: annjne ($200.32 in chips)
annjne: posts small blind $1
melyh82: posts big blind $3
*** HOLE CARDS ***
annjne: calls $2
melyh82: checks
*** FLOP *** [Ad As Qc]
melyh82: bets $3
annjne: raises $3 to $6
melyh82: calls $3
*** TURN *** [Ad As Qc] [3h]
melyh82: bets $6
annjne: folds
Uncalled bet ($6) returned to melyh82
melyh82 collected $17.64 from pot
*** SUMMARY ***
Total pot $18 | Rake $0.36
Board [Ad As Qc 3h]
Seat 1: melyh82 (big blind) collected ($17.64)
Seat 2: annjne (button) (small blind) folded on the Turn


PokerStars Hand #148283311924:  Hold'em Limit ($3/$6 USD) - 2016/02/05 12:06:59 ET
Table 'Hyakutake II' 2-max Seat #1 is the button
Seat 1: melyh82 ($194.36 in chips)
Seat 2: annjne ($206.32 in chips)
melyh82: posts small blind $1
annjne: posts big blind $3
*** HOLE CARDS ***
melyh82: raises $3 to $6
annjne said, "go 5-10 or 10-20"
annjne: calls $3
*** FLOP *** [5c Tc Ad]
annjne: checks
melyh82: bets $3
annjne: folds
Uncalled bet ($3) returned to melyh82
melyh82 collected $11.76 from pot
*** SUMMARY ***
Total pot $12 | Rake $0.24
Board [5c Tc Ad]
Seat 1: melyh82 (button) (small blind) collected ($11.76)
Seat 2: annjne (big blind) folded on the Flop


PokerStars Hand #148283387702:  Hold'em Limit ($3/$6 USD) - 2016/02/05 12:08:27 ET
Table 'Hyakutake II' 2-max Seat #2 is the button
Seat 1: melyh82 ($160.40 in chips)
Seat 2: annjne ($237.60 in chips)
annjne: posts small blind $1
melyh82: posts big blind $3
*** HOLE CARDS ***
annjne: calls $2
melyh82: raises $3 to $6
annjne: calls $3
*** FLOP *** [5s Jd 6h]
melyh82: bets $3
annjne: calls $3
*** TURN *** [5s Jd 6h] [Qd]
melyh82: bets $6
annjne: calls $6
*** RIVER *** [5s Jd 6h Qd] [Jh]
melyh82: bets $6
annjne: calls $6
*** SHOW DOWN ***
melyh82: shows [9d Kd] (a pair of Jacks)
annjne: shows [6d 8s] (two pair, Jacks and Sixes)
annjne collected $41.50 from pot
*** SUMMARY ***
Total pot $42 | Rake $0.50
Board [5s Jd 6h Qd Jh]
Seat 1: melyh82 (big blind) showed [9d Kd] and lost with a pair of Jacks
Seat 2: annjne (button) (small blind) showed [6d 8s] and won ($41.50) with two pair, Jacks and Sixes


PokerStars Hand #148283379263:  Hold'em Limit ($3/$6 USD) - 2016/02/05 12:08:17 ET
Table 'Hyakutake II' 2-max Seat #1 is the button
Seat 1: melyh82 ($151.76 in chips)
Seat 2: annjne ($246.60 in chips)
melyh82: posts small blind $1
annjne: posts big blind $3
*** HOLE CARDS ***
melyh82: raises $3 to $6
annjne: calls $3
*** FLOP *** [8h 2c 2s]
annjne: checks
melyh82: bets $3
annjne: calls $3
*** TURN *** [8h 2c 2s] [4d]
annjne: checks
melyh82: bets $6
annjne: folds
Uncalled bet ($6) returned to melyh82
melyh82 collected $17.64 from pot
*** SUMMARY ***
Total pot $18 | Rake $0.36
Board [8h 2c 2s 4d]
Seat 1: melyh82 (button) (small blind) collected ($17.64)
Seat 2: annjne (big blind) folded on the Turn


PokerStars Hand #148283369254:  Hold'em Limit ($3/$6 USD) - 2016/02/05 12:08:06 ET
Table 'Hyakutake II' 2-max Seat #2 is the button
Seat 1: melyh82 ($157.76 in chips)
Seat 2: annjne ($240.84 in chips)
annjne: posts small blind $1
melyh82: posts big blind $3
*** HOLE CARDS ***
annjne: calls $2
melyh82: checks
*** FLOP *** [2d Qh 5c]
melyh82: bets $3
annjne: calls $3
*** TURN *** [2d Qh 5c] [Ts]
melyh82: checks
annjne: bets $6
melyh82: folds
Uncalled bet ($6) returned to annjne
annjne collected $11.76 from pot
annjne: doesn't show hand
*** SUMMARY ***
Total pot $12 | Rake $0.24
Board [2d Qh 5c Ts]
Seat 1: melyh82 (big blind) folded on the Turn
Seat 2: annjne (button) (small blind) collected ($11.76)


PokerStars Hand #148283358411:  Hold'em Limit ($3/$6 USD) - 2016/02/05 12:07:52 ET
Table 'Hyakutake II' 2-max Seat #1 is the button
Seat 1: melyh82 ($169.76 in chips)
Seat 2: annjne ($229.32 in chips)
melyh82: posts small blind $1
annjne: posts big blind $3
*** HOLE CARDS ***
melyh82: raises $3 to $6
annjne: calls $3
*** FLOP *** [3h 3s 4h]
annjne: checks
melyh82: checks
*** TURN *** [3h 3s 4h] [Kd]
annjne: checks
melyh82: checks
*** RIVER *** [3h 3s 4h Kd] [Kh]
annjne: bets $6
melyh82: calls $6
*** SHOW DOWN ***
annjne: shows [5d 3d] (a full house, Threes full of Kings)
melyh82: mucks hand
annjne collected $23.52 from pot
*** SUMMARY ***
Total pot $24 | Rake $0.48
Board [3h 3s 4h Kd Kh]
Seat 1: melyh82 (button) (small blind) mucked
Seat 2: annjne (big blind) showed [5d 3d] and won ($23.52) with a full house, Threes full of Kings


PokerStars Hand #148283349864:  Hold'em Limit ($3/$6 USD) - 2016/02/05 12:07:43 ET
Table 'Hyakutake II' 2-max Seat #2 is the button
Seat 1: melyh82 ($187.76 in chips)
Seat 2: annjne ($211.82 in chips)
annjne: posts small blind $1
melyh82: posts big blind $3
*** HOLE CARDS ***
annjne: raises $3 to $6
melyh82: calls $3
*** FLOP *** [Kd Th Ah]
melyh82: checks
annjne: checks
*** TURN *** [Kd Th Ah] [4s]
melyh82: bets $6
annjne: calls $6
*** RIVER *** [Kd Th Ah 4s] [2h]
melyh82: bets $6
annjne: calls $6
*** SHOW DOWN ***
melyh82: shows [4d Jc] (a pair of Fours)
annjne: shows [9c Kc] (a pair of Kings)
annjne collected $35.50 from pot
*** SUMMARY ***
Total pot $36 | Rake $0.50
Board [Kd Th Ah 4s 2h]
Seat 1: melyh82 (big blind) showed [4d Jc] and lost with a pair of Fours
Seat 2: annjne (button) (small blind) showed [9c Kc] and won ($35.50) with a pair of Kings


PokerStars Hand #148283337081:  Hold'em Limit ($3/$6 USD) - 2016/02/05 12:07:28 ET
Table 'Hyakutake II' 2-max Seat #1 is the button
Seat 1: melyh82 ($208.76 in chips)
Seat 2: annjne ($191.32 in chips)
melyh82: posts small blind $1
annjne: posts big blind $3
*** HOLE CARDS ***
melyh82: raises $3 to $6
annjne: raises $3 to $9
melyh82: raises $3 to $12
Betting is capped
annjne: calls $3
*** FLOP *** [Qs 5c Kd]
annjne: checks
melyh82: bets $3
annjne: calls $3
*** TURN *** [Qs 5c Kd] [5s]
annjne: checks
melyh82: checks
*** RIVER *** [Qs 5c Kd 5s] [Jh]
annjne: bets $6
melyh82: calls $6
*** SHOW DOWN ***
annjne: shows [Kc As] (two pair, Kings and Fives)
melyh82: mucks hand
annjne collected $41.50 from pot
*** SUMMARY ***
Total pot $42 | Rake $0.50
Board [Qs 5c Kd 5s Jh]
Seat 1: melyh82 (button) (small blind) mucked
Seat 2: annjne (big blind) showed [Kc As] and won ($41.50) with two pair, Kings and Fives


PokerStars Hand #148283447938:  Hold'em Limit ($3/$6 USD) - 2016/02/05 12:09:36 ET
Table 'Hyakutake II' 2-max Seat #2 is the button
Seat 1: melyh82 ($67.40 in chips)
Seat 2: annjne ($328.26 in chips)
annjne: posts small blind $1
melyh82: posts big blind $3
*** HOLE CARDS ***
annjne: raises $3 to $6
melyh82: folds
Uncalled bet ($3) returned to annjne
annjne collected $6 from pot
annjne: doesn't show hand
*** SUMMARY ***
Total pot $6 | Rake $0
Seat 1: melyh82 (big blind) folded before Flop
Seat 2: annjne (button) (small blind) collected ($6)


PokerStars Hand #148283438155:  Hold'em Limit ($3/$6 USD) - 2016/02/05 12:09:25 ET
Table 'Hyakutake II' 2-max Seat #1 is the button
Seat 1: melyh82 ($82.40 in chips)
Seat 2: annjne ($313.76 in chips)
melyh82: posts small blind $1
annjne: posts big blind $3
*** HOLE CARDS ***
melyh82: raises $3 to $6
annjne: calls $3
*** FLOP *** [8h 5d Tc]
annjne: checks
melyh82: bets $3
annjne: calls $3
*** TURN *** [8h 5d Tc] [Qs]
annjne: checks
melyh82: checks
*** RIVER *** [8h 5d Tc Qs] [Th]
annjne: checks
melyh82: bets $6
annjne: calls $6
*** SHOW DOWN ***
melyh82: shows [3c 4h] (a pair of Tens)
annjne: shows [8d Ks] (two pair, Tens and Eights)
annjne collected $29.50 from pot
*** SUMMARY ***
Total pot $30 | Rake $0.50
Board [8h 5d Tc Qs Th]
Seat 1: melyh82 (button) (small blind) showed [3c 4h] and lost with a pair of Tens
Seat 2: annjne (big blind) showed [8d Ks] and won ($29.50) with two pair, Tens and Eights


PokerStars Hand #148283431154:  Hold'em Limit ($3/$6 USD) - 2016/02/05 12:09:17 ET
Table 'Hyakutake II' 2-max Seat #2 is the button
Seat 1: melyh82 ($85.40 in chips)
Seat 2: annjne ($310.88 in chips)
annjne: posts small blind $1
melyh82: posts big blind $3
*** HOLE CARDS ***
annjne: calls $2
melyh82: checks
*** FLOP *** [Ks Th Js]
melyh82: checks
annjne: bets $3
melyh82: folds
Uncalled bet ($3) returned to annjne
annjne collected $5.88 from pot
annjne: doesn't show hand
*** SUMMARY ***
Total pot $6 | Rake $0.12
Board [Ks Th Js]
Seat 1: melyh82 (big blind) folded on the Flop
Seat 2: annjne (button) (small blind) collected ($5.88)


PokerStars Hand #148283421864:  Hold'em Limit ($3/$6 USD) - 2016/02/05 12:09:06 ET
Table 'Hyakutake II' 2-max Seat #1 is the button
Seat 1: melyh82 ($94.40 in chips)
Seat 2: annjne ($302.24 in chips)
melyh82: posts small blind $1
annjne: posts big blind $3
*** HOLE CARDS ***
melyh82: raises $3 to $6
annjne: calls $3
*** FLOP *** [Th 6c Jh]
annjne: checks
melyh82: bets $3
annjne: calls $3
*** TURN *** [Th 6c Jh] [4d]
annjne: checks
melyh82: checks
*** RIVER *** [Th 6c Jh 4d] [5d]
annjne: bets $6
melyh82: folds
Uncalled bet ($6) returned to annjne
annjne collected $17.64 from pot
annjne: doesn't show hand
*** SUMMARY ***
Total pot $18 | Rake $0.36
Board [Th 6c Jh 4d 5d]
Seat 1: melyh82 (button) (small blind) folded on the River
Seat 2: annjne (big blind) collected ($17.64)


PokerStars Hand #148283409503:  Hold'em Limit ($3/$6 USD) - 2016/02/05 12:08:52 ET
Table 'Hyakutake II' 2-max Seat #2 is the button
Seat 1: melyh82 ($130.40 in chips)
Seat 2: annjne ($266.74 in chips)
annjne: posts small blind $1
melyh82: posts big blind $3
*** HOLE CARDS ***
annjne: raises $3 to $6
melyh82: raises $3 to $9
annjne: calls $3
*** FLOP *** [7h 6s 5s]
melyh82: bets $3
annjne: calls $3
*** TURN *** [7h 6s 5s] [7c]
melyh82: bets $6
annjne: calls $6
*** RIVER *** [7h 6s 5s 7c] [3h]
melyh82: bets $6
annjne: raises $6 to $12
melyh82: raises $6 to $18
annjne: calls $6
*** SHOW DOWN ***
melyh82: shows [8c Qc] (a pair of Sevens)
annjne: shows [4s Kd] (a straight, Three to Seven)
annjne collected $71.50 from pot
*** SUMMARY ***
Total pot $72 | Rake $0.50
Board [7h 6s 5s 7c 3h]
Seat 1: melyh82 (big blind) showed [8c Qc] and lost with a pair of Sevens
Seat 2: annjne (button) (small blind) showed [4s Kd] and won ($71.50) with a straight, Three to Seven


PokerStars Hand #148283397522:  Hold'em Limit ($3/$6 USD) - 2016/02/05 12:08:38 ET
Table 'Hyakutake II' 2-max Seat #1 is the button
Seat 1: melyh82 ($139.40 in chips)
Seat 2: annjne ($258.10 in chips)
melyh82: posts small blind $1
annjne: posts big blind $3
*** HOLE CARDS ***
melyh82: raises $3 to $6
annjne: calls $3
*** FLOP *** [2h Ad 6h]
annjne: checks
melyh82: bets $3
annjne: calls $3
*** TURN *** [2h Ad 6h] [8h]
annjne: checks
melyh82: checks
*** RIVER *** [2h Ad 6h 8h] [3s]
annjne: checks
melyh82: checks
*** SHOW DOWN ***
annjne: shows [3c Kd] (a pair of Threes)
melyh82: mucks hand
annjne collected $17.64 from pot
*** SUMMARY ***
Total pot $18 | Rake $0.36
Board [2h Ad 6h 8h 3s]
Seat 1: melyh82 (button) (small blind) mucked
Seat 2: annjne (big blind) showed [3c Kd] and won ($17.64) with a pair of Threes


PokerStars Hand #148283488496:  Hold'em Limit ($3/$6 USD) - 2016/02/05 12:10:23 ET
Table 'Hyakutake II' 2-max Seat #2 is the button
Seat 1: melyh82 ($79.66 in chips)
Seat 2: annjne ($314.78 in chips)
annjne: posts small blind $1
melyh82: posts big blind $3
*** HOLE CARDS ***
annjne: raises $3 to $6
melyh82: calls $3
*** FLOP *** [Th 9c Tc]
melyh82: checks
annjne: checks
*** TURN *** [Th 9c Tc] [Qh]
melyh82: checks
annjne: bets $6
melyh82: folds
Uncalled bet ($6) returned to annjne
annjne collected $11.76 from pot
annjne: doesn't show hand
*** SUMMARY ***
Total pot $12 | Rake $0.24
Board [Th 9c Tc Qh]
Seat 1: melyh82 (big blind) folded on the Turn
Seat 2: annjne (button) (small blind) collected ($11.76)


PokerStars Hand #148283478124:  Hold'em Limit ($3/$6 USD) - 2016/02/05 12:10:11 ET
Table 'Hyakutake II' 2-max Seat #1 is the button
Seat 1: melyh82 ($62.16 in chips)
Seat 2: annjne ($332.78 in chips)
melyh82: posts small blind $1
annjne: posts big blind $3
*** HOLE CARDS ***
melyh82: raises $3 to $6
annjne: calls $3
*** FLOP *** [Ts 3d 6s]
annjne: checks
melyh82: checks
*** TURN *** [Ts 3d 6s] [7c]
annjne: checks
melyh82: bets $6
annjne: calls $6
*** RIVER *** [Ts 3d 6s 7c] [4d]
annjne: checks
melyh82: bets $6
annjne: calls $6
*** SHOW DOWN ***
melyh82: shows [4c 7d] (two pair, Sevens and Fours)
annjne: mucks hand
melyh82 collected $35.50 from pot
*** SUMMARY ***
Total pot $36 | Rake $0.50
Board [Ts 3d 6s 7c 4d]
Seat 1: melyh82 (button) (small blind) showed [4c 7d] and won ($35.50) with two pair, Sevens and Fours
Seat 2: annjne (big blind) mucked


PokerStars Hand #148283474016:  Hold'em Limit ($3/$6 USD) - 2016/02/05 12:10:07 ET
Table 'Hyakutake II' 2-max Seat #2 is the button
Seat 1: melyh82 ($61.16 in chips)
Seat 2: annjne ($333.78 in chips)
annjne: posts small blind $1
melyh82: posts big blind $3
*** HOLE CARDS ***
annjne: folds
Uncalled bet ($2) returned to melyh82
melyh82 collected $2 from pot
*** SUMMARY ***
Total pot $2 | Rake $0
Seat 1: melyh82 (big blind) collected ($2)
Seat 2: annjne (button) (small blind) folded before Flop


PokerStars Hand #148283469669:  Hold'em Limit ($3/$6 USD) - 2016/02/05 12:10:02 ET
Table 'Hyakutake II' 2-max Seat #1 is the button
Seat 1: melyh82 ($58.16 in chips)
Seat 2: annjne ($336.78 in chips)
melyh82: posts small blind $1
annjne: posts big blind $3
*** HOLE CARDS ***
melyh82: raises $3 to $6
annjne: folds
Uncalled bet ($3) returned to melyh82
melyh82 collected $6 from pot
*** SUMMARY ***
Total pot $6 | Rake $0
Seat 1: melyh82 (button) (small blind) collected ($6)
Seat 2: annjne (big blind) folded before Flop


PokerStars Hand #148283459813:  Hold'em Limit ($3/$6 USD) - 2016/02/05 12:09:50 ET
Table 'Hyakutake II' 2-max Seat #2 is the button
Seat 1: melyh82 ($52.40 in chips)
Seat 2: annjne ($342.78 in chips)
annjne: posts small blind $1
melyh82: posts big blind $3
*** HOLE CARDS ***
annjne: calls $2
melyh82: checks
*** FLOP *** [Kh 6h Ah]
melyh82: bets $3
annjne: calls $3
*** TURN *** [Kh 6h Ah] [9d]
melyh82: bets $6
annjne: folds
Uncalled bet ($6) returned to melyh82
melyh82 collected $11.76 from pot
*** SUMMARY ***
Total pot $12 | Rake $0.24
Board [Kh 6h Ah 9d]
Seat 1: melyh82 (big blind) collected ($11.76)
Seat 2: annjne (button) (small blind) folded on the Turn


PokerStars Hand #148283451671:  Hold'em Limit ($3/$6 USD) - 2016/02/05 12:09:41 ET
Table 'Hyakutake II' 2-max Seat #1 is the button
Seat 1: melyh82 ($64.40 in chips)
Seat 2: annjne ($331.26 in chips)
melyh82: posts small blind $1
annjne: posts big blind $3
*** HOLE CARDS ***
melyh82: raises $3 to $6
annjne: raises $3 to $9
melyh82: calls $3
*** FLOP *** [5d 4h 6c]
annjne: bets $3
melyh82: calls $3
*** TURN *** [5d 4h 6c] [Kh]
annjne: bets $6
melyh82: folds
Uncalled bet ($6) returned to annjne
annjne collected $23.52 from pot
annjne: doesn't show hand
*** SUMMARY ***
Total pot $24 | Rake $0.48
Board [5d 4h 6c Kh]
Seat 1: melyh82 (button) (small blind) folded on the Turn
Seat 2: annjne (big blind) collected ($23.52)


PokerStars Hand #148283546794:  Hold'em Limit ($3/$6 USD) - 2016/02/05 12:11:31 ET
Table 'Hyakutake II' 2-max Seat #2 is the button
Seat 1: melyh82 ($59.16 in chips)
Seat 2: annjne ($333.32 in chips)
annjne: posts small blind $1
melyh82: posts big blind $3
*** HOLE CARDS ***
annjne: raises $3 to $6
melyh82: calls $3
*** FLOP *** [Th Jd Ts]
melyh82: checks
annjne: bets $3
melyh82: calls $3
*** TURN *** [Th Jd Ts] [8c]
melyh82: checks
annjne: checks
*** RIVER *** [Th Jd Ts 8c] [4s]
melyh82: checks
annjne: checks
*** SHOW DOWN ***
melyh82: shows [9c 6d] (a pair of Tens)
annjne: shows [Ad Kd] (a pair of Tens - Ace kicker)
annjne collected $17.64 from pot
*** SUMMARY ***
Total pot $18 | Rake $0.36
Board [Th Jd Ts 8c 4s]
Seat 1: melyh82 (big blind) showed [9c 6d] and lost with a pair of Tens
Seat 2: annjne (button) (small blind) showed [Ad Kd] and won ($17.64) with a pair of Tens


PokerStars Hand #148283535498:  Hold'em Limit ($3/$6 USD) - 2016/02/05 12:11:18 ET
Table 'Hyakutake II' 2-max Seat #1 is the button
Seat 1: melyh82 ($68.16 in chips)
Seat 2: annjne ($324.68 in chips)
melyh82: posts small blind $1
annjne: posts big blind $3
*** HOLE CARDS ***
melyh82: raises $3 to $6
annjne: calls $3
*** FLOP *** [4d Js Ah]
annjne: checks
melyh82: bets $3
annjne: calls $3
*** TURN *** [4d Js Ah] [2s]
annjne: checks
melyh82: checks
*** RIVER *** [4d Js Ah 2s] [As]
annjne: checks
melyh82: checks
*** SHOW DOWN ***
annjne: shows [3d Qs] (a pair of Aces)
melyh82: mucks hand
annjne collected $17.64 from pot
*** SUMMARY ***
Total pot $18 | Rake $0.36
Board [4d Js Ah 2s As]
Seat 1: melyh82 (button) (small blind) mucked
Seat 2: annjne (big blind) showed [3d Qs] and won ($17.64) with a pair of Aces


PokerStars Hand #148283530854:  Hold'em Limit ($3/$6 USD) - 2016/02/05 12:11:13 ET
Table 'Hyakutake II' 2-max Seat #2 is the button
Seat 1: melyh82 ($67.16 in chips)
Seat 2: annjne ($325.68 in chips)
annjne: posts small blind $1
melyh82: posts big blind $3
*** HOLE CARDS ***
annjne: folds
Uncalled bet ($2) returned to melyh82
melyh82 collected $2 from pot
*** SUMMARY ***
Total pot $2 | Rake $0
Seat 1: melyh82 (big blind) collected ($2)
Seat 2: annjne (button) (small blind) folded before Flop


PokerStars Hand #148283519769:  Hold'em Limit ($3/$6 USD) - 2016/02/05 12:11:00 ET
Table 'Hyakutake II' 2-max Seat #1 is the button
Seat 1: melyh82 ($43.66 in chips)
Seat 2: annjne ($349.68 in chips)
melyh82: posts small blind $1
annjne: posts big blind $3
*** HOLE CARDS ***
melyh82: raises $3 to $6
annjne: raises $3 to $9
melyh82: calls $3
*** FLOP *** [6c 3s 6d]
annjne: bets $3
melyh82: calls $3
*** TURN *** [6c 3s 6d] [5h]
annjne: checks
melyh82: bets $6
annjne: calls $6
*** RIVER *** [6c 3s 6d 5h] [6h]
annjne: checks
melyh82: bets $6
annjne: calls $6
*** SHOW DOWN ***
melyh82: shows [5d 8c] (a full house, Sixes full of Fives)
annjne: mucks hand
melyh82 collected $47.50 from pot
*** SUMMARY ***
Total pot $48 | Rake $0.50
Board [6c 3s 6d 5h 6h]
Seat 1: melyh82 (button) (small blind) showed [5d 8c] and won ($47.50) with a full house, Sixes full of Fives
Seat 2: annjne (big blind) mucked


PokerStars Hand #148283507858:  Hold'em Limit ($3/$6 USD) - 2016/02/05 12:10:47 ET
Table 'Hyakutake II' 2-max Seat #2 is the button
Seat 1: melyh82 ($64.66 in chips)
Seat 2: annjne ($329.18 in chips)
annjne: posts small blind $1
melyh82: posts big blind $3
*** HOLE CARDS ***
annjne: calls $2
melyh82: raises $3 to $6
annjne: calls $3
*** FLOP *** [Qs Jd Ac]
melyh82: bets $3
annjne: calls $3
*** TURN *** [Qs Jd Ac] [8d]
melyh82: bets $6
annjne: calls $6
*** RIVER *** [Qs Jd Ac 8d] [3h]
melyh82: bets $6
annjne: calls $6
*** SHOW DOWN ***
melyh82: shows [2d 2c] (a pair of Deuces)
annjne: shows [Qd 4h] (a pair of Queens)
annjne collected $41.50 from pot
*** SUMMARY ***
Total pot $42 | Rake $0.50
Board [Qs Jd Ac 8d 3h]
Seat 1: melyh82 (big blind) showed [2d 2c] and lost with a pair of Deuces
Seat 2: annjne (button) (small blind) showed [Qd 4h] and won ($41.50) with a pair of Queens


PokerStars Hand #148283497453:  Hold'em Limit ($3/$6 USD) - 2016/02/05 12:10:34 ET
Table 'Hyakutake II' 2-max Seat #1 is the button
Seat 1: melyh82 ($73.66 in chips)
Seat 2: annjne ($320.54 in chips)
melyh82: posts small blind $1
annjne: posts big blind $3
*** HOLE CARDS ***
melyh82: raises $3 to $6
annjne: calls $3
*** FLOP *** [5s Kc 9s]
annjne: checks
melyh82: bets $3
annjne: calls $3
*** TURN *** [5s Kc 9s] [6s]
annjne: checks
melyh82: checks
*** RIVER *** [5s Kc 9s 6s] [Kh]
annjne: bets $6
melyh82: folds
Uncalled bet ($6) returned to annjne
annjne collected $17.64 from pot
annjne: doesn't show hand
*** SUMMARY ***
Total pot $18 | Rake $0.36
Board [5s Kc 9s 6s Kh]
Seat 1: melyh82 (button) (small blind) folded on the River
Seat 2: annjne (big blind) collected ($17.64)


PokerStars Hand #148283603284:  Hold'em Limit ($3/$6 USD) - 2016/02/05 12:12:37 ET
Table 'Hyakutake II' 2-max Seat #2 is the button
Seat 1: melyh82 ($83.16 in chips)
Seat 2: annjne ($307.46 in chips)
annjne: posts small blind $1
melyh82: posts big blind $3
*** HOLE CARDS ***
annjne: folds
Uncalled bet ($2) returned to melyh82
melyh82 collected $2 from pot
*** SUMMARY ***
Total pot $2 | Rake $0
Seat 1: melyh82 (big blind) collected ($2)
Seat 2: annjne (button) (small blind) folded before Flop


PokerStars Hand #148283591047:  Hold'em Limit ($3/$6 USD) - 2016/02/05 12:12:23 ET
Table 'Hyakutake II' 2-max Seat #1 is the button
Seat 1: melyh82 ($62.66 in chips)
Seat 2: annjne ($328.46 in chips)
melyh82: posts small blind $1
annjne: posts big blind $3
*** HOLE CARDS ***
melyh82: raises $3 to $6
annjne: calls $3
*** FLOP *** [7c 7s Qc]
annjne: checks
melyh82: bets $3
annjne: calls $3
*** TURN *** [7c 7s Qc] [7d]
annjne: checks
melyh82: bets $6
annjne: calls $6
*** RIVER *** [7c 7s Qc 7d] [8h]
annjne: checks
melyh82: bets $6
annjne: calls $6
*** SHOW DOWN ***
melyh82: shows [Qs 6s] (a full house, Sevens full of Queens)
annjne: mucks hand
melyh82 collected $41.50 from pot
*** SUMMARY ***
Total pot $42 | Rake $0.50
Board [7c 7s Qc 7d 8h]
Seat 1: melyh82 (button) (small blind) showed [Qs 6s] and won ($41.50) with a full house, Sevens full of Queens
Seat 2: annjne (big blind) mucked


PokerStars Hand #148283586445:  Hold'em Limit ($3/$6 USD) - 2016/02/05 12:12:17 ET
Table 'Hyakutake II' 2-max Seat #2 is the button
Seat 1: melyh82 ($65.66 in chips)
Seat 2: annjne ($325.46 in chips)
annjne: posts small blind $1
melyh82: posts big blind $3
*** HOLE CARDS ***
annjne: raises $3 to $6
melyh82: folds
Uncalled bet ($3) returned to annjne
annjne collected $6 from pot
annjne: doesn't show hand
*** SUMMARY ***
Total pot $6 | Rake $0
Seat 1: melyh82 (big blind) folded before Flop
Seat 2: annjne (button) (small blind) collected ($6)


PokerStars Hand #148283575123:  Hold'em Limit ($3/$6 USD) - 2016/02/05 12:12:04 ET
Table 'Hyakutake II' 2-max Seat #1 is the button
Seat 1: melyh82 ($80.66 in chips)
Seat 2: annjne ($310.96 in chips)
melyh82: posts small blind $1
annjne: posts big blind $3
*** HOLE CARDS ***
melyh82: raises $3 to $6
annjne: raises $3 to $9
melyh82: calls $3
*** FLOP *** [Jh Tc 2d]
annjne: bets $3
melyh82: raises $3 to $6
annjne: calls $3
*** TURN *** [Jh Tc 2d] [5c]
annjne: checks
melyh82: checks
*** RIVER *** [Jh Tc 2d 5c] [Kd]
annjne: bets $6
melyh82: folds
Uncalled bet ($6) returned to annjne
annjne collected $29.50 from pot
annjne: doesn't show hand
*** SUMMARY ***
Total pot $30 | Rake $0.50
Board [Jh Tc 2d 5c Kd]
Seat 1: melyh82 (button) (small blind) folded on the River
Seat 2: annjne (big blind) collected ($29.50)


PokerStars Hand #148283570919:  Hold'em Limit ($3/$6 USD) - 2016/02/05 12:11:59 ET
Table 'Hyakutake II' 2-max Seat #2 is the button
Seat 1: melyh82 ($79.66 in chips)
Seat 2: annjne ($311.96 in chips)
annjne: posts small blind $1
melyh82: posts big blind $3
*** HOLE CARDS ***
annjne: folds
Uncalled bet ($2) returned to melyh82
melyh82 collected $2 from pot
*** SUMMARY ***
Total pot $2 | Rake $0
Seat 1: melyh82 (big blind) collected ($2)
Seat 2: annjne (button) (small blind) folded before Flop


PokerStars Hand #148283557034:  Hold'em Limit ($3/$6 USD) - 2016/02/05 12:11:43 ET
Table 'Hyakutake II' 2-max Seat #1 is the button
Seat 1: melyh82 ($50.16 in chips)
Seat 2: annjne ($341.96 in chips)
melyh82: posts small blind $1
annjne: posts big blind $3
*** HOLE CARDS ***
melyh82: raises $3 to $6
annjne: raises $3 to $9
melyh82: calls $3
*** FLOP *** [2c Qh 7d]
annjne: bets $3
melyh82: calls $3
*** TURN *** [2c Qh 7d] [7s]
annjne: checks
melyh82: checks
*** RIVER *** [2c Qh 7d 7s] [Ah]
annjne: checks
melyh82: bets $6
annjne: raises $6 to $12
melyh82: raises $6 to $18
annjne: calls $6
*** SHOW DOWN ***
melyh82: shows [7h 5h] (three of a kind, Sevens)
annjne: mucks hand
melyh82 collected $59.50 from pot
*** SUMMARY ***
Total pot $60 | Rake $0.50
Board [2c Qh 7d 7s Ah]
Seat 1: melyh82 (button) (small blind) showed [7h 5h] and won ($59.50) with three of a kind, Sevens
Seat 2: annjne (big blind) mucked


PokerStars Hand #148283644899:  Hold'em Limit ($3/$6 USD) - 2016/02/05 12:13:25 ET
Table 'Hyakutake II' 2-max Seat #1 is the button
Seat 1: melyh82 ($76.44 in chips)
Seat 2: annjne ($312.96 in chips)
melyh82: posts small blind $1
annjne: posts big blind $3
*** HOLE CARDS ***
melyh82: raises $3 to $6
annjne: calls $3
*** FLOP *** [Jc Ah 5h]
annjne: checks
melyh82: bets $3
annjne: calls $3
*** TURN *** [Jc Ah 5h] [Ks]
annjne: checks
melyh82: checks
*** RIVER *** [Jc Ah 5h Ks] [2s]
annjne: checks
melyh82: checks
*** SHOW DOWN ***
annjne: shows [5d 6d] (a pair of Fives)
melyh82: mucks hand
annjne collected $17.64 from pot
*** SUMMARY ***
Total pot $18 | Rake $0.36
Board [Jc Ah 5h Ks 2s]
Seat 1: melyh82 (button) (small blind) mucked
Seat 2: annjne (big blind) showed [5d 6d] and won ($17.64) with a pair of Fives


PokerStars Hand #148283635275:  Hold'em Limit ($3/$6 USD) - 2016/02/05 12:13:14 ET
Table 'Hyakutake II' 2-max Seat #2 is the button
Seat 1: melyh82 ($64.92 in chips)
Seat 2: annjne ($324.96 in chips)
annjne: posts small blind $1
melyh82: posts big blind $3
*** HOLE CARDS ***
annjne: raises $3 to $6
melyh82: raises $3 to $9
annjne: calls $3
*** FLOP *** [Tc Ks 4c]
melyh82: bets $3
annjne: calls $3
*** TURN *** [Tc Ks 4c] [7c]
melyh82: bets $6
annjne: folds
Uncalled bet ($6) returned to melyh82
melyh82 collected $23.52 from pot
*** SUMMARY ***
Total pot $24 | Rake $0.48
Board [Tc Ks 4c 7c]
Seat 1: melyh82 (big blind) collected ($23.52)
Seat 2: annjne (button) (small blind) folded on the Turn


PokerStars Hand #148283621379:  Hold'em Limit ($3/$6 USD) - 2016/02/05 12:12:58 ET
Table 'Hyakutake II' 2-max Seat #1 is the button
Seat 1: melyh82 ($88.92 in chips)
Seat 2: annjne ($301.46 in chips)
melyh82: posts small blind $1
annjne: posts big blind $3
*** HOLE CARDS ***
melyh82: raises $3 to $6
annjne: calls $3
*** FLOP *** [Qd 8h Ac]
annjne: checks
melyh82: checks
*** TURN *** [Qd 8h Ac] [Js]
annjne: checks
melyh82: bets $6
annjne: calls $6
*** RIVER *** [Qd 8h Ac Js] [9h]
annjne: checks
melyh82: bets $6
annjne: raises $6 to $12
melyh82: calls $6
*** SHOW DOWN ***
annjne: shows [Th Qc] (a straight, Eight to Queen)
melyh82: mucks hand
annjne collected $47.50 from pot
*** SUMMARY ***
Total pot $48 | Rake $0.50
Board [Qd 8h Ac Js 9h]
Seat 1: melyh82 (button) (small blind) mucked
Seat 2: annjne (big blind) showed [Th Qc] and won ($47.50) with a straight, Eight to Queen


PokerStars Hand #148283611527:  Hold'em Limit ($3/$6 USD) - 2016/02/05 12:12:46 ET
Table 'Hyakutake II' 2-max Seat #2 is the button
Seat 1: melyh82 ($83.16 in chips)
Seat 2: annjne ($307.46 in chips)
annjne: posts small blind $1
melyh82: posts big blind $3
*** HOLE CARDS ***
annjne said, "davai 5-10 igrat"
annjne: raises $3 to $6
melyh82: calls $3
*** FLOP *** [2d 3c 6s]
melyh82: checks
annjne: checks
*** TURN *** [2d 3c 6s] [Jd]
melyh82: bets $6
annjne: folds
Uncalled bet ($6) returned to melyh82
melyh82 collected $11.76 from pot
*** SUMMARY ***
Total pot $12 | Rake $0.24
Board [2d 3c 6s Jd]
Seat 1: melyh82 (big blind) collected ($11.76)
Seat 2: annjne (button) (small blind) folded on the Turn


PokerStars Hand #148283607231:  Hold'em Limit ($3/$6 USD) - 2016/02/05 12:12:41 ET
Table 'Hyakutake II' 2-max Seat #1 is the button
Seat 1: melyh82 ($84.16 in chips)
Seat 2: annjne ($306.46 in chips)
melyh82: posts small blind $1
annjne: posts big blind $3
*** HOLE CARDS ***
melyh82: folds
Uncalled bet ($2) returned to annjne
annjne collected $2 from pot
annjne: doesn't show hand
*** SUMMARY ***
Total pot $2 | Rake $0
Seat 1: melyh82 (button) (small blind) folded before Flop
Seat 2: annjne (big blind) collected ($2)


PokerStars Hand #148283702033:  Hold'em Limit ($3/$6 USD) - 2016/02/05 12:14:31 ET
Table 'Hyakutake II' 2-max Seat #1 is the button
Seat 1: melyh82 ($86.94 in chips)
Seat 2: annjne ($301.12 in chips)
melyh82: posts small blind $1
annjne: posts big blind $3
*** HOLE CARDS ***
melyh82: raises $3 to $6
annjne: calls $3
*** FLOP *** [3c 2s 5s]
annjne: checks
melyh82: checks
*** TURN *** [3c 2s 5s] [Td]
annjne: checks
melyh82: checks
*** RIVER *** [3c 2s 5s Td] [4h]
annjne: bets $6
melyh82: folds
Uncalled bet ($6) returned to annjne
annjne collected $11.76 from pot
annjne: doesn't show hand
*** SUMMARY ***
Total pot $12 | Rake $0.24
Board [3c 2s 5s Td 4h]
Seat 1: melyh82 (button) (small blind) folded on the River
Seat 2: annjne (big blind) collected ($11.76)


PokerStars Hand #148283657094:  Hold'em Limit ($3/$6 USD) - 2016/02/05 12:13:39 ET
Table 'Hyakutake II' 2-max Seat #2 is the button
Seat 1: melyh82 ($67.44 in chips)
Seat 2: annjne ($321.60 in chips)
annjne: posts small blind $1
melyh82: posts big blind $3
*** HOLE CARDS ***
annjne: raises $3 to $6
melyh82: calls $3
*** FLOP *** [7h 5s 6d]
melyh82: checks
annjne: bets $3
melyh82: raises $3 to $6
annjne: calls $3
*** TURN *** [7h 5s 6d] [Jc]
melyh82: checks
annjne: bets $6
melyh82: calls $6
*** RIVER *** [7h 5s 6d Jc] [9d]
melyh82: bets $6
annjne: calls $6
*** SHOW DOWN ***
melyh82: shows [6c 9h] (two pair, Nines and Sixes)
annjne: mucks hand
melyh82 collected $47.50 from pot
*** SUMMARY ***
Total pot $48 | Rake $0.50
Board [7h 5s 6d Jc 9d]
Seat 1: melyh82 (big blind) showed [6c 9h] and won ($47.50) with two pair, Nines and Sixes
Seat 2: annjne (button) (small blind) mucked


PokerStars Hand #148283694858:  Hold'em Limit ($3/$6 USD) - 2016/02/05 12:14:23 ET
Table 'Hyakutake II' 2-max Seat #2 is the button
Seat 1: melyh82 ($92.94 in chips)
Seat 2: annjne ($295.36 in chips)
annjne: posts small blind $1
melyh82: posts big blind $3
*** HOLE CARDS ***
annjne: raises $3 to $6
melyh82: calls $3
*** FLOP *** [3h Kd 9s]
melyh82: checks
annjne: bets $3
melyh82: folds
Uncalled bet ($3) returned to annjne
annjne collected $11.76 from pot
annjne: doesn't show hand
*** SUMMARY ***
Total pot $12 | Rake $0.24
Board [3h Kd 9s]
Seat 1: melyh82 (big blind) folded on the Flop
Seat 2: annjne (button) (small blind) collected ($11.76)


PokerStars Hand #148283690289:  Hold'em Limit ($3/$6 USD) - 2016/02/05 12:14:17 ET
Table 'Hyakutake II' 2-max Seat #1 is the button
Seat 1: melyh82 ($89.94 in chips)
Seat 2: annjne ($298.36 in chips)
melyh82: posts small blind $1
annjne: posts big blind $3
*** HOLE CARDS ***
melyh82: raises $3 to $6
annjne: folds
Uncalled bet ($3) returned to melyh82
melyh82 collected $6 from pot
*** SUMMARY ***
Total pot $6 | Rake $0
Seat 1: melyh82 (button) (small blind) collected ($6)
Seat 2: annjne (big blind) folded before Flop


PokerStars Hand #148283679268:  Hold'em Limit ($3/$6 USD) - 2016/02/05 12:14:05 ET
Table 'Hyakutake II' 2-max Seat #1 is the button
Seat 1: melyh82 ($94.94 in chips)
Seat 2: annjne ($293.60 in chips)
melyh82: posts small blind $1
annjne: posts big blind $3
*** HOLE CARDS ***
melyh82: calls $2
annjne: raises $3 to $6
melyh82: calls $3
*** FLOP *** [Qc 7h Qh]
annjne: bets $3
melyh82: folds
Uncalled bet ($3) returned to annjne
annjne collected $11.76 from pot
annjne: doesn't show hand
*** SUMMARY ***
Total pot $12 | Rake $0.24
Board [Qc 7h Qh]
Seat 1: melyh82 (button) (small blind) folded on the Flop
Seat 2: annjne (big blind) collected ($11.76)


PokerStars Hand #148283675379:  Hold'em Limit ($3/$6 USD) - 2016/02/05 12:14:00 ET
Table 'Hyakutake II' 2-max Seat #2 is the button
Seat 1: melyh82 ($93.94 in chips)
Seat 2: annjne ($294.60 in chips)
annjne: posts small blind $1
melyh82: posts big blind $3
*** HOLE CARDS ***
annjne: folds
Uncalled bet ($2) returned to melyh82
melyh82 collected $2 from pot
*** SUMMARY ***
Total pot $2 | Rake $0
Seat 1: melyh82 (big blind) collected ($2)
Seat 2: annjne (button) (small blind) folded before Flop


PokerStars Hand #148283726945:  Hold'em Limit ($3/$6 USD) - 2016/02/05 12:15:00 ET
Table 'Hyakutake II' 2-max Seat #2 is the button
Seat 1: melyh82 ($66.94 in chips)
Seat 2: annjne ($320.38 in chips)
annjne: posts small blind $1
melyh82: posts big blind $3
*** HOLE CARDS ***
annjne said, "5-10 or gg"
annjne: folds
Uncalled bet ($2) returned to melyh82
melyh82 collected $2 from pot
*** SUMMARY ***
Total pot $2 | Rake $0
Seat 1: melyh82 (big blind) collected ($2)
Seat 2: annjne (button) (small blind) folded before Flop


PokerStars Hand #148283711253:  Hold'em Limit ($3/$6 USD) - 2016/02/05 12:14:42 ET
Table 'Hyakutake II' 2-max Seat #2 is the button
Seat 1: melyh82 ($80.94 in chips)
Seat 2: annjne ($306.88 in chips)
annjne: posts small blind $1
melyh82: posts big blind $3
*** HOLE CARDS ***
annjne: folds
Uncalled bet ($2) returned to melyh82
melyh82 collected $2 from pot
*** SUMMARY ***
Total pot $2 | Rake $0
Seat 1: melyh82 (big blind) collected ($2)
Seat 2: annjne (button) (small blind) folded before Flop


PokerStars Hand #148283715357:  Hold'em Limit ($3/$6 USD) - 2016/02/05 12:14:47 ET
Table 'Hyakutake II' 2-max Seat #1 is the button
Seat 1: melyh82 ($81.94 in chips)
Seat 2: annjne ($305.88 in chips)
melyh82: posts small blind $1
annjne: posts big blind $3
*** HOLE CARDS ***
melyh82: raises $3 to $6
annjne: calls $3
*** FLOP *** [Qc Td 4h]
annjne: checks
melyh82: bets $3
annjne: calls $3
*** TURN *** [Qc Td 4h] [7c]
annjne: checks
melyh82: checks
*** RIVER *** [Qc Td 4h 7c] [Th]
annjne: bets $6
melyh82: calls $6
*** SHOW DOWN ***
annjne: shows [4d 9d] (two pair, Tens and Fours)
melyh82: mucks hand
annjne collected $29.50 from pot
*** SUMMARY ***
Total pot $30 | Rake $0.50
Board [Qc Td 4h 7c Th]
Seat 1: melyh82 (button) (small blind) mucked
Seat 2: annjne (big blind) showed [4d 9d] and won ($29.50) with two pair, Tens and Fours


