PokerStars Hand #153386778775:  Hold'em Limit ($3/$6 USD) - 2016/05/16 4:38:19 ET
Table 'Hyakutake II' 6-max Seat #1 is the button
Seat 1: Eu sou K ($120 in chips)
Seat 4: Agrotait ($72 in chips)
Eu sou K: posts small blind $1
Agrotait: posts big blind $3
*** HOLE CARDS ***
Eu sou K: raises $3 to $6
Agrotait: calls $3
*** FLOP *** [3h Kd 7h]
Agrotait: checks
Eu sou K: checks
*** TURN *** [3h Kd 7h] [9d]
Agrotait: bets $6
Eu sou K: raises $6 to $12
Agrotait: folds
Uncalled bet ($6) returned to Eu sou K
Eu sou K collected $23.52 from pot
Eu sou K: doesn't show hand
*** SUMMARY ***
Total pot $24 | Rake $0.48
Board [3h Kd 7h 9d]
Seat 1: Eu sou K (button) (small blind) collected ($23.52)
Seat 4: Agrotait (big blind) folded on the Turn


PokerStars Hand #153386802673:  Hold'em Limit ($3/$6 USD) - 2016/05/16 4:39:28 ET
Table 'Hyakutake II' 6-max Seat #2 is the button
Seat 1: Eu sou K ($125.28 in chips)
Seat 2: Krazy90 ($131.52 in chips)
Krazy90: posts small blind $1
Eu sou K: posts big blind $3
*** HOLE CARDS ***
Krazy90: raises $3 to $6
Eu sou K: calls $3
*** FLOP *** [5h 8h Js]
Eu sou K: checks
Krazy90: checks
*** TURN *** [5h 8h Js] [2s]
Eu sou K: checks
Krazy90: checks
*** RIVER *** [5h 8h Js 2s] [5s]
Eu sou K: checks
Krazy90: checks
*** SHOW DOWN ***
Eu sou K: shows [7d As] (a pair of Fives)
Krazy90: mucks hand
Eu sou K collected $11.76 from pot
*** SUMMARY ***
Total pot $12 | Rake $0.24
Board [5h 8h Js 2s 5s]
Seat 1: Eu sou K (big blind) showed [7d As] and won ($11.76) with a pair of Fives
Seat 2: Krazy90 (button) (small blind) mucked


PokerStars Hand #153386806646:  Hold'em Limit ($3/$6 USD) - 2016/05/16 4:39:39 ET
Table 'Hyakutake II' 6-max Seat #1 is the button
Seat 1: Eu sou K ($131.04 in chips)
Seat 2: Krazy90 ($125.52 in chips)
Eu sou K: posts small blind $1
Krazy90: posts big blind $3
*** HOLE CARDS ***
Eu sou K: calls $2
Krazy90: checks
*** FLOP *** [Ac 4d 8c]
Krazy90: checks
Eu sou K: bets $3
Krazy90: calls $3
*** TURN *** [Ac 4d 8c] [9d]
Krazy90: checks
Eu sou K: checks
*** RIVER *** [Ac 4d 8c 9d] [Qc]
Krazy90: checks
Eu sou K: bets $6
Krazy90: folds
Uncalled bet ($6) returned to Eu sou K
Eu sou K collected $11.76 from pot
Eu sou K: doesn't show hand
*** SUMMARY ***
Total pot $12 | Rake $0.24
Board [Ac 4d 8c 9d Qc]
Seat 1: Eu sou K (button) (small blind) collected ($11.76)
Seat 2: Krazy90 (big blind) folded on the River


PokerStars Hand #153386797330:  Hold'em Limit ($3/$6 USD) - 2016/05/16 4:39:12 ET
Table 'Hyakutake II' 6-max Seat #1 is the button
Seat 1: Eu sou K ($137.28 in chips)
Seat 2: Krazy90 ($120 in chips)
Eu sou K: posts small blind $1
Krazy90: posts big blind $3
*** HOLE CARDS ***
Eu sou K: raises $3 to $6
Krazy90: calls $3
*** FLOP *** [5s Jc 7c]
Krazy90: checks
Eu sou K: bets $3
Krazy90: raises $3 to $6
Eu sou K: calls $3
*** TURN *** [5s Jc 7c] [Qh]
Krazy90: bets $6
Eu sou K: folds
Uncalled bet ($6) returned to Krazy90
Krazy90 collected $23.52 from pot
Krazy90: doesn't show hand
*** SUMMARY ***
Total pot $24 | Rake $0.48
Board [5s Jc 7c Qh]
Seat 1: Eu sou K (button) (small blind) folded on the Turn
Seat 2: Krazy90 (big blind) collected ($23.52)


PokerStars Hand #153386812716:  Hold'em Limit ($3/$6 USD) - 2016/05/16 4:39:57 ET
Table 'Hyakutake II' 6-max Seat #2 is the button
Seat 1: Eu sou K ($136.80 in chips)
Seat 2: Krazy90 ($120 in chips)
Krazy90: posts small blind $1
Eu sou K: posts big blind $3
*** HOLE CARDS ***
Krazy90: folds
Uncalled bet ($2) returned to Eu sou K
Eu sou K collected $2 from pot
Eu sou K: doesn't show hand
*** SUMMARY ***
Total pot $2 | Rake $0
Seat 1: Eu sou K (big blind) collected ($2)
Seat 2: Krazy90 (button) (small blind) folded before Flop


PokerStars Hand #153386789095:  Hold'em Limit ($3/$6 USD) - 2016/05/16 4:38:49 ET
Table 'Hyakutake II' 6-max Seat #4 is the button
Seat 1: Eu sou K ($131.52 in chips)
Seat 4: Agrotait ($60 in chips)
Agrotait: posts small blind $1
Eu sou K: posts big blind $3
*** HOLE CARDS ***
Agrotait: raises $3 to $6
Krazy90 joins the table at seat #2
Eu sou K: calls $3
*** FLOP *** [8s Jh 7c]
Eu sou K: checks
Agrotait: checks
*** TURN *** [8s Jh 7c] [7s]
Eu sou K: bets $6
Agrotait: folds
Uncalled bet ($6) returned to Eu sou K
Eu sou K collected $11.76 from pot
Eu sou K: doesn't show hand
Agrotait leaves the table
*** SUMMARY ***
Total pot $12 | Rake $0.24
Board [8s Jh 7c 7s]
Seat 1: Eu sou K (big blind) collected ($11.76)
Seat 4: Agrotait (button) (small blind) folded on the Turn


PokerStars Hand #153386833452:  Hold'em Limit ($3/$6 USD) - 2016/05/16 4:40:57 ET
Table 'Hyakutake II' 6-max Seat #1 is the button
Seat 1: Eu sou K ($152.90 in chips)
Seat 2: Krazy90 ($120 in chips)
Eu sou K: posts small blind $1
Krazy90: posts big blind $3
*** HOLE CARDS ***
Eu sou K: calls $2
Krazy90: checks
*** FLOP *** [9h 4h 4s]
Krazy90: checks
Eu sou K: checks
*** TURN *** [9h 4h 4s] [Ad]
Krazy90: checks
Eu sou K: checks
*** RIVER *** [9h 4h 4s Ad] [2c]
Krazy90: checks
Eu sou K: checks
*** SHOW DOWN ***
Krazy90: shows [5c Jh] (a pair of Fours)
Eu sou K: shows [Kc 5s] (a pair of Fours - Ace+King kicker)
Eu sou K collected $5.88 from pot
*** SUMMARY ***
Total pot $6 | Rake $0.12
Board [9h 4h 4s Ad 2c]
Seat 1: Eu sou K (button) (small blind) showed [Kc 5s] and won ($5.88) with a pair of Fours
Seat 2: Krazy90 (big blind) showed [5c Jh] and lost with a pair of Fours


PokerStars Hand #153386817728:  Hold'em Limit ($3/$6 USD) - 2016/05/16 4:40:11 ET
Table 'Hyakutake II' 6-max Seat #2 is the button
Seat 1: Eu sou K ($137.74 in chips)
Seat 2: Krazy90 ($120 in chips)
Krazy90: posts small blind $1
Eu sou K: posts big blind $3
*** HOLE CARDS ***
Krazy90: raises $3 to $6
Eu sou K: calls $3
*** FLOP *** [2s 6d 7s]
Eu sou K: checks
Krazy90: checks
*** TURN *** [2s 6d 7s] [Qh]
Eu sou K: checks
Krazy90: checks
*** RIVER *** [2s 6d 7s Qh] [Ad]
Eu sou K: checks
Krazy90: checks
*** SHOW DOWN ***
Eu sou K: shows [3s Kc] (high card Ace)
Krazy90: mucks hand
Eu sou K collected $11.76 from pot
*** SUMMARY ***
Total pot $12 | Rake $0.24
Board [2s 6d 7s Qh Ad]
Seat 1: Eu sou K (big blind) showed [3s Kc] and won ($11.76) with high card Ace
Seat 2: Krazy90 (button) (small blind) mucked


PokerStars Hand #153386826666:  Hold'em Limit ($3/$6 USD) - 2016/05/16 4:40:37 ET
Table 'Hyakutake II' 6-max Seat #1 is the button
Seat 1: Eu sou K ($153.14 in chips)
Seat 2: Krazy90 ($120 in chips)
Eu sou K: posts small blind $1
Krazy90: posts big blind $3
*** HOLE CARDS ***
Eu sou K: calls $2
Krazy90: raises $3 to $6
Eu sou K: calls $3
*** FLOP *** [Qd Kc Jc]
Krazy90: bets $3
Eu sou K: folds
Uncalled bet ($3) returned to Krazy90
Krazy90 collected $11.76 from pot
Krazy90: doesn't show hand
*** SUMMARY ***
Total pot $12 | Rake $0.24
Board [Qd Kc Jc]
Seat 1: Eu sou K (button) (small blind) folded on the Flop
Seat 2: Krazy90 (big blind) collected ($11.76)


PokerStars Hand #153386829276:  Hold'em Limit ($3/$6 USD) - 2016/05/16 4:40:45 ET
Table 'Hyakutake II' 6-max Seat #2 is the button
Seat 1: Eu sou K ($147.14 in chips)
Seat 2: Krazy90 ($125.76 in chips)
Krazy90: posts small blind $1
Eu sou K: posts big blind $3
*** HOLE CARDS ***
Krazy90: calls $2
Eu sou K: checks
*** FLOP *** [6d Ks Jh]
Eu sou K: checks
Krazy90: bets $3
Eu sou K: calls $3
*** TURN *** [6d Ks Jh] [Jc]
Eu sou K: checks
Krazy90: checks
*** RIVER *** [6d Ks Jh Jc] [7d]
Eu sou K: bets $6
Krazy90: folds
Uncalled bet ($6) returned to Eu sou K
Eu sou K collected $11.76 from pot
Eu sou K: doesn't show hand
*** SUMMARY ***
Total pot $12 | Rake $0.24
Board [6d Ks Jh Jc 7d]
Seat 1: Eu sou K (big blind) collected ($11.76)
Seat 2: Krazy90 (button) (small blind) folded on the River


PokerStars Hand #153386814218:  Hold'em Limit ($3/$6 USD) - 2016/05/16 4:40:01 ET
Table 'Hyakutake II' 6-max Seat #1 is the button
Seat 1: Eu sou K ($137.80 in chips)
Seat 2: Krazy90 ($120 in chips)
Eu sou K: posts small blind $1
Krazy90: posts big blind $3
*** HOLE CARDS ***
Eu sou K: calls $2
Krazy90: checks
*** FLOP *** [Td 8d 3h]
Krazy90: checks
Eu sou K: checks
*** TURN *** [Td 8d 3h] [Ad]
Krazy90: checks
Eu sou K: checks
*** RIVER *** [Td 8d 3h Ad] [Ac]
Krazy90: checks
Eu sou K: checks
*** SHOW DOWN ***
Krazy90: shows [7d Qc] (a pair of Aces)
Eu sou K: shows [5c Qs] (a pair of Aces)
Krazy90 collected $2.94 from pot
Eu sou K collected $2.94 from pot
*** SUMMARY ***
Total pot $6 | Rake $0.12
Board [Td 8d 3h Ad Ac]
Seat 1: Eu sou K (button) (small blind) showed [5c Qs] and won ($2.94) with a pair of Aces
Seat 2: Krazy90 (big blind) showed [7d Qc] and won ($2.94) with a pair of Aces


PokerStars Hand #153386825082:  Hold'em Limit ($3/$6 USD) - 2016/05/16 4:40:33 ET
Table 'Hyakutake II' 6-max Seat #2 is the button
Seat 1: Eu sou K ($152.14 in chips)
Seat 2: Krazy90 ($120 in chips)
Krazy90: posts small blind $1
Eu sou K: posts big blind $3
*** HOLE CARDS ***
Krazy90: folds
Uncalled bet ($2) returned to Eu sou K
Eu sou K collected $2 from pot
Eu sou K: doesn't show hand
*** SUMMARY ***
Total pot $2 | Rake $0
Seat 1: Eu sou K (big blind) collected ($2)
Seat 2: Krazy90 (button) (small blind) folded before Flop


PokerStars Hand #153386821428:  Hold'em Limit ($3/$6 USD) - 2016/05/16 4:40:22 ET
Table 'Hyakutake II' 6-max Seat #1 is the button
Seat 1: Eu sou K ($143.50 in chips)
Seat 2: Krazy90 ($120 in chips)
Eu sou K: posts small blind $1
Krazy90: posts big blind $3
*** HOLE CARDS ***
Eu sou K: calls $2
Krazy90: raises $3 to $6
Eu sou K: calls $3
*** FLOP *** [2h 5c Kd]
Krazy90: bets $3
Eu sou K: calls $3
*** TURN *** [2h 5c Kd] [9h]
Krazy90: checks
Eu sou K: checks
*** RIVER *** [2h 5c Kd 9h] [8h]
Krazy90: checks
Eu sou K: checks
*** SHOW DOWN ***
Krazy90: shows [Qh As] (high card Ace)
Eu sou K: shows [Qc 5s] (a pair of Fives)
Eu sou K collected $17.64 from pot
*** SUMMARY ***
Total pot $18 | Rake $0.36
Board [2h 5c Kd 9h 8h]
Seat 1: Eu sou K (button) (small blind) showed [Qc 5s] and won ($17.64) with a pair of Fives
Seat 2: Krazy90 (big blind) showed [Qh As] and lost with high card Ace


PokerStars Hand #153386836913:  Hold'em Limit ($3/$6 USD) - 2016/05/16 4:41:07 ET
Table 'Hyakutake II' 6-max Seat #2 is the button
Seat 1: Eu sou K ($155.78 in chips)
Seat 2: Krazy90 ($120 in chips)
Krazy90: posts small blind $1
Eu sou K: posts big blind $3
*** HOLE CARDS ***
Krazy90: raises $3 to $6
Eu sou K: calls $3
*** FLOP *** [5h Ad 3d]
Eu sou K: checks
Krazy90: checks
*** TURN *** [5h Ad 3d] [5c]
Eu sou K: checks
Krazy90: checks
*** RIVER *** [5h Ad 3d 5c] [8h]
Eu sou K: bets $6
Krazy90: calls $6
*** SHOW DOWN ***
Eu sou K: shows [5s Kh] (three of a kind, Fives)
Krazy90: mucks hand
Eu sou K collected $23.52 from pot
*** SUMMARY ***
Total pot $24 | Rake $0.48
Board [5h Ad 3d 5c 8h]
Seat 1: Eu sou K (big blind) showed [5s Kh] and won ($23.52) with three of a kind, Fives
Seat 2: Krazy90 (button) (small blind) mucked


PokerStars Hand #153386848474:  Hold'em Limit ($3/$6 USD) - 2016/05/16 4:41:40 ET
Table 'Hyakutake II' 6-max Seat #2 is the button
Seat 1: Eu sou K ($165.18 in chips)
Seat 2: Krazy90 ($125.76 in chips)
Krazy90: posts small blind $1
Eu sou K: posts big blind $3
*** HOLE CARDS ***
Krazy90: raises $3 to $6
Eu sou K: calls $3
*** FLOP *** [8d 7d Tc]
Eu sou K: checks
Krazy90: bets $3
Eu sou K: calls $3
*** TURN *** [8d 7d Tc] [4s]
Eu sou K: checks
Krazy90: bets $6
Eu sou K: calls $6
*** RIVER *** [8d 7d Tc 4s] [3c]
Eu sou K: checks
Krazy90: bets $6
Eu sou K: calls $6
*** SHOW DOWN ***
Krazy90: shows [Ks Ts] (a pair of Tens)
Eu sou K: mucks hand
Krazy90 collected $41.50 from pot
*** SUMMARY ***
Total pot $42 | Rake $0.50
Board [8d 7d Tc 4s 3c]
Seat 1: Eu sou K (big blind) mucked
Seat 2: Krazy90 (button) (small blind) showed [Ks Ts] and won ($41.50) with a pair of Tens


PokerStars Hand #153386844309:  Hold'em Limit ($3/$6 USD) - 2016/05/16 4:41:28 ET
Table 'Hyakutake II' 6-max Seat #2 is the button
Seat 1: Eu sou K ($170.18 in chips)
Seat 2: Krazy90 ($120 in chips)
Krazy90: posts small blind $1
Eu sou K: posts big blind $3
*** HOLE CARDS ***
Krazy90: folds
Uncalled bet ($2) returned to Eu sou K
Eu sou K collected $2 from pot
Eu sou K: doesn't show hand
*** SUMMARY ***
Total pot $2 | Rake $0
Seat 1: Eu sou K (big blind) collected ($2)
Seat 2: Krazy90 (button) (small blind) folded before Flop


PokerStars Hand #153386845711:  Hold'em Limit ($3/$6 USD) - 2016/05/16 4:41:32 ET
Table 'Hyakutake II' 6-max Seat #1 is the button
Seat 1: Eu sou K ($171.18 in chips)
Seat 2: Krazy90 ($120 in chips)
Eu sou K: posts small blind $1
Krazy90: posts big blind $3
*** HOLE CARDS ***
Eu sou K: calls $2
Krazy90: raises $3 to $6
Eu sou K: calls $3
*** FLOP *** [6d 4d Ts]
Krazy90: bets $3
Eu sou K: folds
Uncalled bet ($3) returned to Krazy90
Krazy90 collected $11.76 from pot
Krazy90: doesn't show hand
*** SUMMARY ***
Total pot $12 | Rake $0.24
Board [6d 4d Ts]
Seat 1: Eu sou K (button) (small blind) folded on the Flop
Seat 2: Krazy90 (big blind) collected ($11.76)


