PokerStars Hand #157405278178:  Hold'em Limit ($3/$6 USD) - 2016/08/17 17:03:18 ET
Table 'Hyakutake' 6-max Seat #4 is the button
Seat 1: Kikimor1220 ($58.49 in chips)
Seat 4: krytalex ($189.21 in chips)
krytalex: posts small blind $1
Kikimor1220: posts big blind $3
*** HOLE CARDS ***
simper11 leaves the table
krytalex: raises $3 to $6
Kikimor1220: calls $3
*** FLOP *** [8d 8h Qd]
Kikimor1220: checks
krytalex: bets $3
Kikimor1220: folds
Uncalled bet ($3) returned to krytalex
krytalex collected $11.76 from pot
*** SUMMARY ***
Total pot $12 | Rake $0.24
Board [8d 8h Qd]
Seat 1: Kikimor1220 (big blind) folded on the Flop
Seat 4: krytalex (button) (small blind) collected ($11.76)


PokerStars Hand #157405273951:  Hold'em Limit ($3/$6 USD) - 2016/08/17 17:03:13 ET
Table 'Hyakutake' 6-max Seat #1 is the button
Seat 1: Kikimor1220 ($59.49 in chips)
Seat 4: krytalex ($188.21 in chips)
Kikimor1220: posts small blind $1
simper11: is sitting out
krytalex: posts big blind $3
*** HOLE CARDS ***
Kikimor1220: folds
Uncalled bet ($2) returned to krytalex
krytalex collected $2 from pot
*** SUMMARY ***
Total pot $2 | Rake $0
Seat 1: Kikimor1220 (button) (small blind) folded before Flop
Seat 4: krytalex (big blind) collected ($2)


PokerStars Hand #157405291238:  Hold'em Limit ($3/$6 USD) - 2016/08/17 17:03:35 ET
Table 'Hyakutake' 6-max Seat #1 is the button
Seat 1: Kikimor1220 ($52.49 in chips)
Seat 4: krytalex ($194.97 in chips)
Kikimor1220: posts small blind $1
$polu4atel*$ was removed from the table for failing to post
krytalex: posts big blind $3
*** HOLE CARDS ***
Kikimor1220: raises $3 to $6
krytalex: folds
Uncalled bet ($3) returned to Kikimor1220
Kikimor1220 collected $6 from pot
Kikimor1220: doesn't show hand
*** SUMMARY ***
Total pot $6 | Rake $0
Seat 1: Kikimor1220 (button) (small blind) collected ($6)
Seat 4: krytalex (big blind) folded before Flop


PokerStars Hand #157405356686:  Hold'em Limit ($3/$6 USD) - 2016/08/17 17:04:58 ET
Table 'Hyakutake' 6-max Seat #1 is the button
Seat 1: Kikimor1220 ($55.31 in chips)
Seat 4: krytalex ($191.79 in chips)
Kikimor1220: posts small blind $1
krytalex: posts big blind $3
*** HOLE CARDS ***
Kikimor1220: raises $3 to $6
krytalex: folds
Uncalled bet ($3) returned to Kikimor1220
Kikimor1220 collected $6 from pot
Kikimor1220: doesn't show hand
*** SUMMARY ***
Total pot $6 | Rake $0
Seat 1: Kikimor1220 (button) (small blind) collected ($6)
Seat 4: krytalex (big blind) folded before Flop


PokerStars Hand #157405300919:  Hold'em Limit ($3/$6 USD) - 2016/08/17 17:03:47 ET
Table 'Hyakutake' 6-max Seat #4 is the button
Seat 1: Kikimor1220 ($55.49 in chips)
Seat 4: krytalex ($191.97 in chips)
krytalex: posts small blind $1
Kikimor1220: posts big blind $3
*** HOLE CARDS ***
krytalex: raises $3 to $6
Kikimor1220: calls $3
*** FLOP *** [Qc Jc 7h]
Kikimor1220: checks
krytalex: bets $3
Kikimor1220: calls $3
*** TURN *** [Qc Jc 7h] [Ah]
Kikimor1220: checks
krytalex: checks
*** RIVER *** [Qc Jc 7h Ah] [7c]
Kikimor1220: checks
krytalex: checks
*** SHOW DOWN ***
Kikimor1220: shows [6c Kh] (a pair of Sevens)
krytalex: shows [Kc 6h] (a pair of Sevens)
Kikimor1220 collected $8.82 from pot
krytalex collected $8.82 from pot
*** SUMMARY ***
Total pot $18 | Rake $0.36
Board [Qc Jc 7h Ah 7c]
Seat 1: Kikimor1220 (big blind) showed [6c Kh] and won ($8.82) with a pair of Sevens
Seat 4: krytalex (button) (small blind) showed [Kc 6h] and won ($8.82) with a pair of Sevens


PokerStars Hand #157405423023:  Hold'em Limit ($3/$6 USD) - 2016/08/17 17:06:25 ET
Table 'Hyakutake' 6-max Seat #4 is the button
Seat 1: Kikimor1220 ($55.07 in chips)
Seat 4: krytalex ($191.43 in chips)
krytalex: posts small blind $1
Kikimor1220: posts big blind $3
*** HOLE CARDS ***
krytalex: raises $3 to $6
Kikimor1220: folds
Uncalled bet ($3) returned to krytalex
krytalex collected $6 from pot
*** SUMMARY ***
Total pot $6 | Rake $0
Seat 1: Kikimor1220 (big blind) folded before Flop
Seat 4: krytalex (button) (small blind) collected ($6)


PokerStars Hand #157405392314:  Hold'em Limit ($3/$6 USD) - 2016/08/17 17:05:44 ET
Table 'Hyakutake' 6-max Seat #1 is the button
Seat 1: Kikimor1220 ($49.31 in chips)
Seat 4: krytalex ($197.43 in chips)
Kikimor1220: posts small blind $1
krytalex: posts big blind $3
*** HOLE CARDS ***
Kikimor1220: raises $3 to $6
krytalex: calls $3
*** FLOP *** [3c Js 8c]
krytalex: checks
Kikimor1220: checks
*** TURN *** [3c Js 8c] [Ah]
krytalex: checks
Kikimor1220: bets $6
krytalex: folds
Uncalled bet ($6) returned to Kikimor1220
Kikimor1220 collected $11.76 from pot
Kikimor1220: doesn't show hand
*** SUMMARY ***
Total pot $12 | Rake $0.24
Board [3c Js 8c Ah]
Seat 1: Kikimor1220 (button) (small blind) collected ($11.76)
Seat 4: krytalex (big blind) folded on the Turn


PokerStars Hand #157405366329:  Hold'em Limit ($3/$6 USD) - 2016/08/17 17:05:11 ET
Table 'Hyakutake' 6-max Seat #4 is the button
Seat 1: Kikimor1220 ($58.31 in chips)
Seat 4: krytalex ($188.79 in chips)
krytalex: posts small blind $1
Kikimor1220: posts big blind $3
*** HOLE CARDS ***
wobetting leaves the table
krytalex: raises $3 to $6
Kikimor1220: calls $3
*** FLOP *** [6h Ah 4d]
Kikimor1220: checks
krytalex: bets $3
Kikimor1220: calls $3
*** TURN *** [6h Ah 4d] [Jh]
Kikimor1220: checks
krytalex: checks
*** RIVER *** [6h Ah 4d Jh] [Td]
Kikimor1220: checks
krytalex: bets $6
Kikimor1220: folds
Uncalled bet ($6) returned to krytalex
krytalex collected $17.64 from pot
*** SUMMARY ***
Total pot $18 | Rake $0.36
Board [6h Ah 4d Jh Td]
Seat 1: Kikimor1220 (big blind) folded on the River
Seat 4: krytalex (button) (small blind) collected ($17.64)


PokerStars Hand #157405433734:  Hold'em Limit ($3/$6 USD) - 2016/08/17 17:06:39 ET
Table 'Hyakutake' 6-max Seat #1 is the button
Seat 1: Kikimor1220 ($52.07 in chips)
Seat 4: krytalex ($194.43 in chips)
Kikimor1220: posts small blind $1
krytalex: posts big blind $3
*** HOLE CARDS ***
Kikimor1220: folds
Uncalled bet ($2) returned to krytalex
krytalex collected $2 from pot
*** SUMMARY ***
Total pot $2 | Rake $0
Seat 1: Kikimor1220 (button) (small blind) folded before Flop
Seat 4: krytalex (big blind) collected ($2)


PokerStars Hand #157405507585:  Hold'em Limit ($3/$6 USD) - 2016/08/17 17:08:16 ET
Table 'Hyakutake' 6-max Seat #4 is the button
Seat 1: Kikimor1220 ($77.33 in chips)
Seat 4: krytalex ($168.43 in chips)
krytalex: posts small blind $1
Kikimor1220: posts big blind $3
*** HOLE CARDS ***
krytalex: raises $3 to $6
Kikimor1220: calls $3
*** FLOP *** [Tc 2c 9c]
Kikimor1220: checks
krytalex: bets $3
Kikimor1220: folds
Uncalled bet ($3) returned to krytalex
krytalex collected $11.76 from pot
*** SUMMARY ***
Total pot $12 | Rake $0.24
Board [Tc 2c 9c]
Seat 1: Kikimor1220 (big blind) folded on the Flop
Seat 4: krytalex (button) (small blind) collected ($11.76)


PokerStars Hand #157405484627:  Hold'em Limit ($3/$6 USD) - 2016/08/17 17:07:45 ET
Table 'Hyakutake' 6-max Seat #1 is the button
Seat 1: Kikimor1220 ($71.57 in chips)
Seat 4: krytalex ($174.43 in chips)
Kikimor1220: posts small blind $1
krytalex: posts big blind $3
*** HOLE CARDS ***
Kikimor1220: raises $3 to $6
krytalex: calls $3
*** FLOP *** [Kh Tc 7d]
krytalex: checks
Kikimor1220: bets $3
krytalex: folds
Uncalled bet ($3) returned to Kikimor1220
Kikimor1220 collected $11.76 from pot
Kikimor1220: doesn't show hand
*** SUMMARY ***
Total pot $12 | Rake $0.24
Board [Kh Tc 7d]
Seat 1: Kikimor1220 (button) (small blind) collected ($11.76)
Seat 4: krytalex (big blind) folded on the Flop


PokerStars Hand #157405438336:  Hold'em Limit ($3/$6 USD) - 2016/08/17 17:06:45 ET
Table 'Hyakutake' 6-max Seat #4 is the button
Seat 1: Kikimor1220 ($51.07 in chips)
Seat 4: krytalex ($195.43 in chips)
krytalex: posts small blind $1
vestimokrec was removed from the table for failing to post
Kikimor1220: posts big blind $3
*** HOLE CARDS ***
krytalex: raises $3 to $6
Kikimor1220: calls $3
*** FLOP *** [8s Jc 2d]
Kikimor1220: checks
krytalex: bets $3
Kikimor1220: calls $3
*** TURN *** [8s Jc 2d] [5c]
Kikimor1220: bets $6
krytalex: calls $6
*** RIVER *** [8s Jc 2d 5c] [3c]
Kikimor1220: bets $6
krytalex: calls $6
*** SHOW DOWN ***
Kikimor1220: shows [2c 6c] (a flush, Jack high)
krytalex: mucks hand
Kikimor1220 collected $41.50 from pot
*** SUMMARY ***
Total pot $42 | Rake $0.50
Board [8s Jc 2d 5c 3c]
Seat 1: Kikimor1220 (big blind) showed [2c 6c] and won ($41.50) with a flush, Jack high
Seat 4: krytalex (button) (small blind) mucked


PokerStars Hand #157405564304:  Hold'em Limit ($3/$6 USD) - 2016/08/17 17:09:31 ET
Table 'Hyakutake' 6-max Seat #1 is the button
Seat 1: Kikimor1220 ($92.83 in chips)
Seat 4: krytalex ($152.19 in chips)
Kikimor1220: posts small blind $1
krytalex: posts big blind $3
*** HOLE CARDS ***
perten joins the table at seat #2
Kikimor1220: folds
Uncalled bet ($2) returned to krytalex
krytalex collected $2 from pot
*** SUMMARY ***
Total pot $2 | Rake $0
Seat 1: Kikimor1220 (button) (small blind) folded before Flop
Seat 4: krytalex (big blind) collected ($2)


PokerStars Hand #157405559445:  Hold'em Limit ($3/$6 USD) - 2016/08/17 17:09:25 ET
Table 'Hyakutake' 6-max Seat #4 is the button
Seat 1: Kikimor1220 ($91.83 in chips)
Seat 4: krytalex ($153.19 in chips)
krytalex: posts small blind $1
Kikimor1220: posts big blind $3
*** HOLE CARDS ***
krytalex: folds
Uncalled bet ($2) returned to Kikimor1220
Kikimor1220 collected $2 from pot
Kikimor1220: doesn't show hand
*** SUMMARY ***
Total pot $2 | Rake $0
Seat 1: Kikimor1220 (big blind) collected ($2)
Seat 4: krytalex (button) (small blind) folded before Flop


PokerStars Hand #157405524839:  Hold'em Limit ($3/$6 USD) - 2016/08/17 17:08:39 ET
Table 'Hyakutake' 6-max Seat #1 is the button
Seat 1: Kikimor1220 ($71.33 in chips)
Seat 4: krytalex ($174.19 in chips)
Kikimor1220: posts small blind $1
krytalex: posts big blind $3
*** HOLE CARDS ***
Kikimor1220: raises $3 to $6
krytalex: calls $3
*** FLOP *** [8d Ks 6s]
krytalex: checks
Kikimor1220: bets $3
krytalex: calls $3
*** TURN *** [8d Ks 6s] [8c]
krytalex: checks
Kikimor1220: bets $6
krytalex: calls $6
*** RIVER *** [8d Ks 6s 8c] [5c]
krytalex: checks
Kikimor1220: bets $6
krytalex: calls $6
*** SHOW DOWN ***
Kikimor1220: shows [Kc 3d] (two pair, Kings and Eights)
krytalex: mucks hand
Kikimor1220 collected $41.50 from pot
*** SUMMARY ***
Total pot $42 | Rake $0.50
Board [8d Ks 6s 8c 5c]
Seat 1: Kikimor1220 (button) (small blind) showed [Kc 3d] and won ($41.50) with two pair, Kings and Eights
Seat 4: krytalex (big blind) mucked


PokerStars Hand #157405568381:  Hold'em Limit ($3/$6 USD) - 2016/08/17 17:09:36 ET
Table 'Hyakutake' 6-max Seat #4 is the button
Seat 1: Kikimor1220 ($91.83 in chips)
Seat 4: krytalex ($153.19 in chips)
krytalex: posts small blind $1
Kikimor1220: posts big blind $3
*** HOLE CARDS ***
krytalex: raises $3 to $6
Kikimor1220: calls $3
*** FLOP *** [Td Ah 9c]
Kikimor1220: checks
krytalex: bets $3
Kikimor1220: calls $3
*** TURN *** [Td Ah 9c] [6s]
Kikimor1220: checks
krytalex: checks
*** RIVER *** [Td Ah 9c 6s] [Qs]
Kikimor1220: checks
krytalex: bets $6
Kikimor1220: folds
Uncalled bet ($6) returned to krytalex
krytalex collected $17.64 from pot
*** SUMMARY ***
Total pot $18 | Rake $0.36
Board [Td Ah 9c 6s Qs]
Seat 1: Kikimor1220 (big blind) folded on the River
Seat 4: krytalex (button) (small blind) collected ($17.64)


PokerStars Hand #157409366497:  Hold'em Limit ($3/$6 USD) - 2016/08/17 18:41:43 ET
Table 'Hyakutake' 6-max Seat #6 is the button
Seat 4: krytalex ($121.78 in chips)
Seat 6: BUZZHORN ($188.35 in chips)
BUZZHORN: posts small blind $1
Hannibal2211: is sitting out
krytalex: posts big blind $3
*** HOLE CARDS ***
BUZZHORN: folds
Uncalled bet ($2) returned to krytalex
krytalex collected $2 from pot
*** SUMMARY ***
Total pot $2 | Rake $0
Seat 4: krytalex (big blind) collected ($2)
Seat 6: BUZZHORN (button) (small blind) folded before Flop


PokerStars Hand #157409369901:  Hold'em Limit ($3/$6 USD) - 2016/08/17 18:41:49 ET
Table 'Hyakutake' 6-max Seat #4 is the button
Seat 4: krytalex ($122.78 in chips)
Seat 6: BUZZHORN ($187.35 in chips)
krytalex: posts small blind $1
BUZZHORN: posts big blind $3
*** HOLE CARDS ***
krytalex: raises $3 to $6
BUZZHORN: raises $3 to $9
krytalex: calls $3
*** FLOP *** [Th 6h 6c]
BUZZHORN: bets $3
krytalex: calls $3
*** TURN *** [Th 6h 6c] [Jh]
BUZZHORN: checks
krytalex: checks
*** RIVER *** [Th 6h 6c Jh] [Ad]
BUZZHORN: bets $6
krytalex: calls $6
*** SHOW DOWN ***
BUZZHORN: shows [As Qc] (two pair, Aces and Sixes)
krytalex: mucks hand
BUZZHORN collected $35.50 from pot
*** SUMMARY ***
Total pot $36 | Rake $0.50
Board [Th 6h 6c Jh Ad]
Seat 4: krytalex (button) (small blind) mucked
Seat 6: BUZZHORN (big blind) showed [As Qc] and won ($35.50) with two pair, Aces and Sixes


PokerStars Hand #157409826214:  Hold'em Limit ($3/$6 USD) - 2016/08/17 18:54:16 ET
Table 'Hyakutake' 6-max Seat #3 is the button
Seat 3: Hannibal2211 ($678.76 in chips)
Seat 4: krytalex ($72 in chips)
Hannibal2211: posts small blind $1
krytalex: posts big blind $3
*** HOLE CARDS ***
Hannibal2211: folds
Uncalled bet ($2) returned to krytalex
krytalex collected $2 from pot
*** SUMMARY ***
Total pot $2 | Rake $0
Seat 3: Hannibal2211 (button) (small blind) folded before Flop
Seat 4: krytalex (big blind) collected ($2)


