PokerStars Hand #164966593264:  Hold'em Limit ($3/$6 USD) - 2017/01/21 21:50:05 ET
Table 'Hyakutake' 6-max Seat #4 is the button
Seat 1: LifeisagameX ($84 in chips)
Seat 4: manly70 ($192.94 in chips)
manly70: posts small blind $1
LifeisagameX: posts big blind $3
*** HOLE CARDS ***
manly70: folds
Uncalled bet ($2) returned to LifeisagameX
LifeisagameX collected $2 from pot
LifeisagameX: doesn't show hand
*** SUMMARY ***
Total pot $2 | Rake $0
Seat 1: LifeisagameX (big blind) collected ($2)
Seat 4: manly70 (button) (small blind) folded before Flop


PokerStars Hand #164966582980:  Hold'em Limit ($3/$6 USD) - 2017/01/21 21:49:42 ET
Table 'Hyakutake' 6-max Seat #1 is the button
Seat 1: LifeisagameX ($85 in chips)
Seat 4: manly70 ($184.30 in chips)
LifeisagameX: posts small blind $1
manly70: posts big blind $3
*** HOLE CARDS ***
LifeisagameX: raises $3 to $6
manly70: calls $3
*** FLOP *** [2c 9s 7s]
manly70: checks
LifeisagameX: bets $3
manly70: raises $3 to $6
LifeisagameX: folds
Uncalled bet ($3) returned to manly70
manly70 collected $17.64 from pot
manly70: doesn't show hand
*** SUMMARY ***
Total pot $18 | Rake $0.36
Board [2c 9s 7s]
Seat 1: LifeisagameX (button) (small blind) folded on the Flop
Seat 4: manly70 (big blind) collected ($17.64)


PokerStars Hand #164966579915:  Hold'em Limit ($3/$6 USD) - 2017/01/21 21:49:35 ET
Table 'Hyakutake' 6-max Seat #4 is the button
Seat 1: LifeisagameX ($84 in chips)
Seat 4: manly70 ($185.30 in chips)
manly70: posts small blind $1
LifeisagameX: posts big blind $3
*** HOLE CARDS ***
manly70: folds
Uncalled bet ($2) returned to LifeisagameX
LifeisagameX collected $2 from pot
LifeisagameX: doesn't show hand
*** SUMMARY ***
Total pot $2 | Rake $0
Seat 1: LifeisagameX (big blind) collected ($2)
Seat 4: manly70 (button) (small blind) folded before Flop


PokerStars Hand #164966564846:  Hold'em Limit ($3/$6 USD) - 2017/01/21 21:49:03 ET
Table 'Hyakutake' 6-max Seat #1 is the button
Seat 1: LifeisagameX ($84 in chips)
Seat 4: manly70 ($176.66 in chips)
LifeisagameX: posts small blind $1
manly70: posts big blind $3
*** HOLE CARDS ***
LifeisagameX: raises $3 to $6
manly70: calls $3
*** FLOP *** [6h 5s Qh]
manly70: checks
LifeisagameX: bets $3
manly70: raises $3 to $6
LifeisagameX: folds
Uncalled bet ($3) returned to manly70
manly70 collected $17.64 from pot
manly70: doesn't show hand
*** SUMMARY ***
Total pot $18 | Rake $0.36
Board [6h 5s Qh]
Seat 1: LifeisagameX (button) (small blind) folded on the Flop
Seat 4: manly70 (big blind) collected ($17.64)


PokerStars Hand #164966610354:  Hold'em Limit ($3/$6 USD) - 2017/01/21 21:50:42 ET
Table 'Hyakutake' 6-max Seat #1 is the button
Seat 1: LifeisagameX ($84 in chips)
Seat 4: manly70 ($206.34 in chips)
LifeisagameX: posts small blind $1
manly70: posts big blind $3
*** HOLE CARDS ***
LifeisagameX: folds
Uncalled bet ($2) returned to manly70
manly70 collected $2 from pot
manly70: doesn't show hand
*** SUMMARY ***
Total pot $2 | Rake $0
Seat 1: LifeisagameX (button) (small blind) folded before Flop
Seat 4: manly70 (big blind) collected ($2)


PokerStars Hand #164966604340:  Hold'em Limit ($3/$6 USD) - 2017/01/21 21:50:29 ET
Table 'Hyakutake' 6-max Seat #4 is the button
Seat 1: LifeisagameX ($84 in chips)
Seat 4: manly70 ($200.58 in chips)
manly70: posts small blind $1
LifeisagameX: posts big blind $3
*** HOLE CARDS ***
manly70: raises $3 to $6
LifeisagameX: calls $3
*** FLOP *** [6c 2s 2d]
LifeisagameX: checks
manly70: bets $3
LifeisagameX: folds
Uncalled bet ($3) returned to manly70
manly70 collected $11.76 from pot
manly70: doesn't show hand
*** SUMMARY ***
Total pot $12 | Rake $0.24
Board [6c 2s 2d]
Seat 1: LifeisagameX (big blind) folded on the Flop
Seat 4: manly70 (button) (small blind) collected ($11.76)


PokerStars Hand #164966596081:  Hold'em Limit ($3/$6 USD) - 2017/01/21 21:50:11 ET
Table 'Hyakutake' 6-max Seat #1 is the button
Seat 1: LifeisagameX ($85 in chips)
Seat 4: manly70 ($191.94 in chips)
LifeisagameX: posts small blind $1
manly70: posts big blind $3
*** HOLE CARDS ***
LifeisagameX: raises $3 to $6
manly70: calls $3
*** FLOP *** [Th Ks Jh]
manly70: checks
LifeisagameX: bets $3
manly70: raises $3 to $6
LifeisagameX: folds
Uncalled bet ($3) returned to manly70
manly70 collected $17.64 from pot
manly70: doesn't show hand
*** SUMMARY ***
Total pot $18 | Rake $0.36
Board [Th Ks Jh]
Seat 1: LifeisagameX (button) (small blind) folded on the Flop
Seat 4: manly70 (big blind) collected ($17.64)


PokerStars Hand #164966630806:  Hold'em Limit ($3/$6 USD) - 2017/01/21 21:51:28 ET
Table 'Hyakutake' 6-max Seat #1 is the button
Seat 1: LifeisagameX ($84 in chips)
Seat 4: manly70 ($215.98 in chips)
LifeisagameX: posts small blind $1
manly70: posts big blind $3
*** HOLE CARDS ***
LifeisagameX: raises $3 to $6
manly70: calls $3
*** FLOP *** [2c Jh 8s]
manly70: checks
LifeisagameX: checks
*** TURN *** [2c Jh 8s] [Kd]
manly70: checks
LifeisagameX: checks
*** RIVER *** [2c Jh 8s Kd] [Qc]
manly70: checks
LifeisagameX: bets $6
manly70: folds
Uncalled bet ($6) returned to LifeisagameX
LifeisagameX collected $11.76 from pot
LifeisagameX: doesn't show hand
*** SUMMARY ***
Total pot $12 | Rake $0.24
Board [2c Jh 8s Kd Qc]
Seat 1: LifeisagameX (button) (small blind) collected ($11.76)
Seat 4: manly70 (big blind) folded on the River


PokerStars Hand #164966613686:  Hold'em Limit ($3/$6 USD) - 2017/01/21 21:50:50 ET
Table 'Hyakutake' 6-max Seat #4 is the button
Seat 1: LifeisagameX ($84 in chips)
Seat 4: manly70 ($207.34 in chips)
manly70: posts small blind $1
LifeisagameX: posts big blind $3
*** HOLE CARDS ***
manly70: raises $3 to $6
LifeisagameX: calls $3
*** FLOP *** [Kd 9h Qh]
LifeisagameX: checks
manly70: bets $3
LifeisagameX: calls $3
*** TURN *** [Kd 9h Qh] [9c]
LifeisagameX: checks
manly70: bets $6
LifeisagameX: folds
Uncalled bet ($6) returned to manly70
manly70 collected $17.64 from pot
manly70: doesn't show hand
*** SUMMARY ***
Total pot $18 | Rake $0.36
Board [Kd 9h Qh 9c]
Seat 1: LifeisagameX (big blind) folded on the Turn
Seat 4: manly70 (button) (small blind) collected ($17.64)


PokerStars Hand #164966678574:  Hold'em Limit ($3/$6 USD) - 2017/01/21 21:53:13 ET
Table 'Hyakutake' 6-max Seat #4 is the button
Seat 1: LifeisagameX ($86.40 in chips)
Seat 4: manly70 ($212.50 in chips)
manly70: posts small blind $1
LifeisagameX: posts big blind $3
*** HOLE CARDS ***
manly70: folds
Uncalled bet ($2) returned to LifeisagameX
LifeisagameX collected $2 from pot
LifeisagameX: doesn't show hand
*** SUMMARY ***
Total pot $2 | Rake $0
Seat 1: LifeisagameX (big blind) collected ($2)
Seat 4: manly70 (button) (small blind) folded before Flop


PokerStars Hand #164966662913:  Hold'em Limit ($3/$6 USD) - 2017/01/21 21:52:38 ET
Table 'Hyakutake' 6-max Seat #1 is the button
Seat 1: LifeisagameX ($98.40 in chips)
Seat 4: manly70 ($200.98 in chips)
LifeisagameX: posts small blind $1
manly70: posts big blind $3
*** HOLE CARDS ***
LifeisagameX: raises $3 to $6
manly70: raises $3 to $9
LifeisagameX: calls $3
*** FLOP *** [Jh Ts 8c]
manly70: bets $3
LifeisagameX: calls $3
*** TURN *** [Jh Ts 8c] [6s]
manly70: bets $6
LifeisagameX: folds
Uncalled bet ($6) returned to manly70
manly70 collected $23.52 from pot
manly70: doesn't show hand
*** SUMMARY ***
Total pot $24 | Rake $0.48
Board [Jh Ts 8c 6s]
Seat 1: LifeisagameX (button) (small blind) folded on the Turn
Seat 4: manly70 (big blind) collected ($23.52)


PokerStars Hand #164966652087:  Hold'em Limit ($3/$6 USD) - 2017/01/21 21:52:15 ET
Table 'Hyakutake' 6-max Seat #4 is the button
Seat 1: LifeisagameX ($89.76 in chips)
Seat 4: manly70 ($209.98 in chips)
manly70: posts small blind $1
LifeisagameX: posts big blind $3
*** HOLE CARDS ***
manly70: raises $3 to $6
LifeisagameX: calls $3
*** FLOP *** [Ks 4s 2h]
LifeisagameX: checks
manly70: bets $3
LifeisagameX: raises $3 to $6
manly70: folds
Uncalled bet ($3) returned to LifeisagameX
LifeisagameX collected $17.64 from pot
LifeisagameX: doesn't show hand
*** SUMMARY ***
Total pot $18 | Rake $0.36
Board [Ks 4s 2h]
Seat 1: LifeisagameX (big blind) collected ($17.64)
Seat 4: manly70 (button) (small blind) folded on the Flop


PokerStars Hand #164966691847:  Hold'em Limit ($3/$6 USD) - 2017/01/21 21:53:43 ET
Table 'Hyakutake' 6-max Seat #1 is the button
Seat 1: LifeisagameX ($91.40 in chips)
Seat 4: manly70 ($207.50 in chips)
LifeisagameX: posts small blind $1
manly70: posts big blind $3
*** HOLE CARDS ***
LifeisagameX: raises $3 to $6
manly70: calls $3
*** FLOP *** [8s 8d Kh]
manly70: checks
LifeisagameX: checks
*** TURN *** [8s 8d Kh] [4s]
manly70: bets $6
LifeisagameX: calls $6
*** RIVER *** [8s 8d Kh 4s] [3d]
manly70: bets $6
LifeisagameX: calls $6
*** SHOW DOWN ***
manly70: shows [Ad Kc] (two pair, Kings and Eights)
LifeisagameX: mucks hand
manly70 collected $35.50 from pot
*** SUMMARY ***
Total pot $36 | Rake $0.50
Board [8s 8d Kh 4s 3d]
Seat 1: LifeisagameX (button) (small blind) mucked
Seat 4: manly70 (big blind) showed [Ad Kc] and won ($35.50) with two pair, Kings and Eights


PokerStars Hand #164966686461:  Hold'em Limit ($3/$6 USD) - 2017/01/21 21:53:31 ET
Table 'Hyakutake' 6-max Seat #4 is the button
Seat 1: LifeisagameX ($90.40 in chips)
Seat 4: manly70 ($208.50 in chips)
manly70: posts small blind $1
LifeisagameX: posts big blind $3
*** HOLE CARDS ***
manly70: folds
Uncalled bet ($2) returned to LifeisagameX
LifeisagameX collected $2 from pot
LifeisagameX: doesn't show hand
*** SUMMARY ***
Total pot $2 | Rake $0
Seat 1: LifeisagameX (big blind) collected ($2)
Seat 4: manly70 (button) (small blind) folded before Flop


PokerStars Hand #164966681552:  Hold'em Limit ($3/$6 USD) - 2017/01/21 21:53:20 ET
Table 'Hyakutake' 6-max Seat #1 is the button
Seat 1: LifeisagameX ($87.40 in chips)
Seat 4: manly70 ($211.50 in chips)
LifeisagameX: posts small blind $1
manly70: posts big blind $3
*** HOLE CARDS ***
LifeisagameX: raises $3 to $6
manly70: folds
Uncalled bet ($3) returned to LifeisagameX
LifeisagameX collected $6 from pot
LifeisagameX: doesn't show hand
*** SUMMARY ***
Total pot $6 | Rake $0
Seat 1: LifeisagameX (button) (small blind) collected ($6)
Seat 4: manly70 (big blind) folded before Flop


PokerStars Hand #164966708359:  Hold'em Limit ($3/$6 USD) - 2017/01/21 21:54:20 ET
Table 'Hyakutake' 6-max Seat #4 is the button
Seat 1: LifeisagameX ($84 in chips)
Seat 4: manly70 ($225 in chips)
manly70: posts small blind $1
LifeisagameX: posts big blind $3
*** HOLE CARDS ***
manly70: calls $2
LifeisagameX: raises $3 to $6
manly70: calls $3
*** FLOP *** [Jh 7c Ks]
LifeisagameX: bets $3
manly70: calls $3
*** TURN *** [Jh 7c Ks] [5s]
LifeisagameX: checks
manly70: bets $6
LifeisagameX: raises $6 to $12
manly70: calls $6
*** RIVER *** [Jh 7c Ks 5s] [5c]
LifeisagameX: bets $6
manly70: calls $6
*** SHOW DOWN ***
LifeisagameX: shows [As Ac] (two pair, Aces and Fives)
manly70: mucks hand
LifeisagameX collected $53.50 from pot
*** SUMMARY ***
Total pot $54 | Rake $0.50
Board [Jh 7c Ks 5s 5c]
Seat 1: LifeisagameX (big blind) showed [As Ac] and won ($53.50) with two pair, Aces and Fives
Seat 4: manly70 (button) (small blind) mucked


PokerStars Hand #164966734009:  Hold'em Limit ($3/$6 USD) - 2017/01/21 21:55:19 ET
Table 'Hyakutake' 6-max Seat #1 is the button
Seat 1: LifeisagameX ($110.50 in chips)
Seat 4: manly70 ($198 in chips)
LifeisagameX: posts small blind $1
manly70: posts big blind $3
*** HOLE CARDS ***
LifeisagameX: raises $3 to $6
manly70: folds
Uncalled bet ($3) returned to LifeisagameX
LifeisagameX collected $6 from pot
LifeisagameX: doesn't show hand
*** SUMMARY ***
Total pot $6 | Rake $0
Seat 1: LifeisagameX (button) (small blind) collected ($6)
Seat 4: manly70 (big blind) folded before Flop


PokerStars Hand #164966775235:  Hold'em Limit ($3/$6 USD) - 2017/01/21 21:57:07 ET
Table 'Hyakutake' 6-max Seat #4 is the button
Seat 1: LifeisagameX ($128 in chips)
Seat 4: manly70 ($179.52 in chips)
manly70: posts small blind $1
LifeisagameX: posts big blind $3
*** HOLE CARDS ***
manly70: folds
Uncalled bet ($2) returned to LifeisagameX
LifeisagameX collected $2 from pot
LifeisagameX: doesn't show hand
*** SUMMARY ***
Total pot $2 | Rake $0
Seat 1: LifeisagameX (big blind) collected ($2)
Seat 4: manly70 (button) (small blind) folded before Flop


PokerStars Hand #164966766738:  Hold'em Limit ($3/$6 USD) - 2017/01/21 21:56:45 ET
Table 'Hyakutake' 6-max Seat #1 is the button
Seat 1: LifeisagameX ($140 in chips)
Seat 4: manly70 ($168 in chips)
LifeisagameX: posts small blind $1
manly70: posts big blind $3
*** HOLE CARDS ***
LifeisagameX: raises $3 to $6
manly70: raises $3 to $9
LifeisagameX: calls $3
*** FLOP *** [Qh Qc 6d]
manly70: bets $3
LifeisagameX: calls $3
*** TURN *** [Qh Qc 6d] [3d]
manly70: bets $6
LifeisagameX: folds
Uncalled bet ($6) returned to manly70
manly70 collected $23.52 from pot
manly70: doesn't show hand
*** SUMMARY ***
Total pot $24 | Rake $0.48
Board [Qh Qc 6d 3d]
Seat 1: LifeisagameX (button) (small blind) folded on the Turn
Seat 4: manly70 (big blind) collected ($23.52)


PokerStars Hand #164966740273:  Hold'em Limit ($3/$6 USD) - 2017/01/21 21:55:36 ET
Table 'Hyakutake' 6-max Seat #4 is the button
Seat 1: LifeisagameX ($113.50 in chips)
Seat 4: manly70 ($195 in chips)
manly70: posts small blind $1
LifeisagameX: posts big blind $3
*** HOLE CARDS ***
manly70: raises $3 to $6
LifeisagameX: calls $3
*** FLOP *** [7s Ah 4d]
LifeisagameX: checks
manly70: bets $3
LifeisagameX: raises $3 to $6
manly70: raises $3 to $9
LifeisagameX: calls $3
*** TURN *** [7s Ah 4d] [Jh]
LifeisagameX: checks
manly70: bets $6
LifeisagameX: calls $6
*** RIVER *** [7s Ah 4d Jh] [2s]
LifeisagameX: checks
manly70: bets $6
LifeisagameX: calls $6
*** SHOW DOWN ***
manly70: shows [3d 3h] (a pair of Threes)
LifeisagameX: shows [7c 8d] (a pair of Sevens)
LifeisagameX collected $53.50 from pot
*** SUMMARY ***
Total pot $54 | Rake $0.50
Board [7s Ah 4d Jh 2s]
Seat 1: LifeisagameX (big blind) showed [7c 8d] and won ($53.50) with a pair of Sevens
Seat 4: manly70 (button) (small blind) showed [3d 3h] and lost with a pair of Threes


PokerStars Hand #164966779458:  Hold'em Limit ($3/$6 USD) - 2017/01/21 21:57:18 ET
Table 'Hyakutake' 6-max Seat #1 is the button
Seat 1: LifeisagameX ($129 in chips)
Seat 4: manly70 ($178.52 in chips)
LifeisagameX: posts small blind $1
manly70: posts big blind $3
*** HOLE CARDS ***
LifeisagameX: raises $3 to $6
manly70: raises $3 to $9
LifeisagameX: calls $3
*** FLOP *** [Kc 6d 7c]
manly70: bets $3
LifeisagameX: calls $3
*** TURN *** [Kc 6d 7c] [3c]
manly70: bets $6
LifeisagameX: raises $6 to $12
manly70: calls $6
*** RIVER *** [Kc 6d 7c 3c] [Th]
manly70: checks
LifeisagameX: bets $6
manly70: folds
Uncalled bet ($6) returned to LifeisagameX
LifeisagameX collected $47.50 from pot
LifeisagameX: doesn't show hand
*** SUMMARY ***
Total pot $48 | Rake $0.50
Board [Kc 6d 7c 3c Th]
Seat 1: LifeisagameX (button) (small blind) collected ($47.50)
Seat 4: manly70 (big blind) folded on the River


PokerStars Hand #164966828394:  Hold'em Limit ($3/$6 USD) - 2017/01/21 21:59:25 ET
Table 'Hyakutake' 6-max Seat #1 is the button
Seat 1: LifeisagameX ($173 in chips)
Seat 4: manly70 ($133.52 in chips)
LifeisagameX: posts small blind $1
manly70: posts big blind $3
*** HOLE CARDS ***
LifeisagameX: raises $3 to $6
manly70: calls $3
*** FLOP *** [6h Qd 2s]
manly70: checks
LifeisagameX: checks
*** TURN *** [6h Qd 2s] [6c]
manly70: bets $6
LifeisagameX: calls $6
*** RIVER *** [6h Qd 2s 6c] [Ks]
manly70: checks
LifeisagameX: bets $6
manly70: folds
Uncalled bet ($6) returned to LifeisagameX
LifeisagameX collected $23.52 from pot
LifeisagameX: doesn't show hand
*** SUMMARY ***
Total pot $24 | Rake $0.48
Board [6h Qd 2s 6c Ks]
Seat 1: LifeisagameX (button) (small blind) collected ($23.52)
Seat 4: manly70 (big blind) folded on the River


PokerStars Hand #164966802430:  Hold'em Limit ($3/$6 USD) - 2017/01/21 21:58:18 ET
Table 'Hyakutake' 6-max Seat #4 is the button
Seat 1: LifeisagameX ($152.50 in chips)
Seat 4: manly70 ($154.52 in chips)
manly70: posts small blind $1
LifeisagameX: posts big blind $3
*** HOLE CARDS ***
manly70: raises $3 to $6
LifeisagameX: calls $3
*** FLOP *** [Ac 5d 9s]
LifeisagameX: checks
manly70: bets $3
LifeisagameX: raises $3 to $6
manly70: raises $3 to $9
LifeisagameX: calls $3
*** TURN *** [Ac 5d 9s] [Jc]
LifeisagameX: checks
manly70: bets $6
LifeisagameX: calls $6
*** RIVER *** [Ac 5d 9s Jc] [2h]
LifeisagameX: checks
manly70: checks
*** SHOW DOWN ***
LifeisagameX: shows [Qs 9h] (a pair of Nines)
manly70: mucks hand
LifeisagameX collected $41.50 from pot
*** SUMMARY ***
Total pot $42 | Rake $0.50
Board [Ac 5d 9s Jc 2h]
Seat 1: LifeisagameX (big blind) showed [Qs 9h] and won ($41.50) with a pair of Nines
Seat 4: manly70 (button) (small blind) mucked


PokerStars Hand #164966859753:  Hold'em Limit ($3/$6 USD) - 2017/01/21 22:00:45 ET
Table 'Hyakutake' 6-max Seat #1 is the button
Seat 1: LifeisagameX ($193.16 in chips)
Seat 4: manly70 ($112.52 in chips)
LifeisagameX: posts small blind $1
manly70: posts big blind $3
*** HOLE CARDS ***
LifeisagameX: raises $3 to $6
manly70: calls $3
*** FLOP *** [Tc 3s 7h]
manly70: checks
LifeisagameX: checks
*** TURN *** [Tc 3s 7h] [Ac]
ragz2riche5 joins the table at seat #3
manly70: checks
LifeisagameX: checks
*** RIVER *** [Tc 3s 7h Ac] [2h]
manly70: checks
LifeisagameX: checks
*** SHOW DOWN ***
manly70: shows [5d 6d] (high card Ace)
LifeisagameX: shows [4s Ks] (high card Ace - King kicker)
LifeisagameX collected $11.76 from pot
*** SUMMARY ***
Total pot $12 | Rake $0.24
Board [Tc 3s 7h Ac 2h]
Seat 1: LifeisagameX (button) (small blind) showed [4s Ks] and won ($11.76) with high card Ace
Seat 4: manly70 (big blind) showed [5d 6d] and lost with high card Ace


PokerStars Hand #164966845833:  Hold'em Limit ($3/$6 USD) - 2017/01/21 22:00:10 ET
Table 'Hyakutake' 6-max Seat #4 is the button
Seat 1: LifeisagameX ($184.52 in chips)
Seat 4: manly70 ($121.52 in chips)
manly70: posts small blind $1
LifeisagameX: posts big blind $3
*** HOLE CARDS ***
manly70: raises $3 to $6
LifeisagameX: calls $3
*** FLOP *** [Js Qc Ah]
LifeisagameX: checks
manly70: bets $3
LifeisagameX: raises $3 to $6
manly70: folds
Uncalled bet ($3) returned to LifeisagameX
LifeisagameX collected $17.64 from pot
LifeisagameX: doesn't show hand
*** SUMMARY ***
Total pot $18 | Rake $0.36
Board [Js Qc Ah]
Seat 1: LifeisagameX (big blind) collected ($17.64)
Seat 4: manly70 (button) (small blind) folded on the Flop


PokerStars Hand #164966872770:  Hold'em Limit ($3/$6 USD) - 2017/01/21 22:01:16 ET
Table 'Hyakutake' 6-max Seat #4 is the button
Seat 1: LifeisagameX ($198.92 in chips)
Seat 4: manly70 ($106.52 in chips)
manly70: posts small blind $1
LifeisagameX: posts big blind $3
*** HOLE CARDS ***
manly70: raises $3 to $6
LifeisagameX: raises $3 to $9
manly70: calls $3
*** FLOP *** [7c 8d 5h]
LifeisagameX: bets $3
manly70: raises $3 to $6
LifeisagameX: raises $3 to $9
manly70: calls $3
*** TURN *** [7c 8d 5h] [4c]
LifeisagameX: checks
manly70: bets $6
LifeisagameX: calls $6
*** RIVER *** [7c 8d 5h 4c] [8s]
LifeisagameX: checks
manly70: bets $6
LifeisagameX: calls $6
*** SHOW DOWN ***
manly70: shows [8c Kd] (three of a kind, Eights)
LifeisagameX: mucks hand
manly70 collected $59.50 from pot
*** SUMMARY ***
Total pot $60 | Rake $0.50
Board [7c 8d 5h 4c 8s]
Seat 1: LifeisagameX (big blind) mucked
Seat 4: manly70 (button) (small blind) showed [8c Kd] and won ($59.50) with three of a kind, Eights


PokerStars Hand #164966904977:  Hold'em Limit ($3/$6 USD) - 2017/01/21 22:02:31 ET
Table 'Hyakutake' 6-max Seat #3 is the button
Seat 3: ragz2riche5 ($338.25 in chips)
Seat 4: manly70 ($140.02 in chips)
ragz2riche5: posts small blind $1
manly70: posts big blind $3
*** HOLE CARDS ***
ragz2riche5: raises $3 to $6
manly70: calls $3
*** FLOP *** [2c Kc As]
manly70: checks
ragz2riche5: bets $3
manly70: folds
Uncalled bet ($3) returned to ragz2riche5
ragz2riche5 collected $11.76 from pot
ragz2riche5: doesn't show hand
*** SUMMARY ***
Total pot $12 | Rake $0.24
Board [2c Kc As]
Seat 3: ragz2riche5 (button) (small blind) collected ($11.76)
Seat 4: manly70 (big blind) folded on the Flop


