PokerStars Hand #153719993610:  Hold'em Limit ($3/$6 USD) - 2016/05/23 5:53:37 ET
Table 'Hybris' 10-max Seat #6 is the button
Seat 6: inyapp ($100 in chips)
Seat 7: Actionni13 ($150 in chips)
inyapp: posts small blind $1
Actionni13: posts big blind $3
*** HOLE CARDS ***
inyapp: folds
Uncalled bet ($2) returned to Actionni13
Actionni13 collected $2 from pot
Actionni13: doesn't show hand
*** SUMMARY ***
Total pot $2 | Rake $0
Seat 6: inyapp (button) (small blind) folded before Flop
Seat 7: Actionni13 (big blind) collected ($2)


PokerStars Hand #153719995802:  Hold'em Limit ($3/$6 USD) - 2016/05/23 5:53:43 ET
Table 'Hybris' 10-max Seat #7 is the button
Seat 6: inyapp ($99 in chips)
Seat 7: Actionni13 ($151 in chips)
Actionni13: posts small blind $1
inyapp: posts big blind $3
*** HOLE CARDS ***
Actionni13: raises $3 to $6
inyapp: calls $3
*** FLOP *** [2h 7d 2s]
inyapp: checks
Actionni13: bets $3
inyapp: folds
Uncalled bet ($3) returned to Actionni13
Actionni13 collected $11.76 from pot
Actionni13: doesn't show hand
*** SUMMARY ***
Total pot $12 | Rake $0.24
Board [2h 7d 2s]
Seat 6: inyapp (big blind) folded on the Flop
Seat 7: Actionni13 (button) (small blind) collected ($11.76)


PokerStars Hand #153720015140:  Hold'em Limit ($3/$6 USD) - 2016/05/23 5:54:34 ET
Table 'Hybris' 10-max Seat #6 is the button
Seat 6: inyapp ($113.16 in chips)
Seat 7: Actionni13 ($150 in chips)
inyapp: posts small blind $1
Actionni13: posts big blind $3
*** HOLE CARDS ***
inyapp: raises $3 to $6
Actionni13: calls $3
*** FLOP *** [3s As 2d]
Actionni13: checks
inyapp: bets $3
Actionni13: raises $3 to $6
inyapp: raises $3 to $9
Actionni13: raises $3 to $12
Betting is capped
inyapp: calls $3
*** TURN *** [3s As 2d] [8c]
Actionni13: checks
inyapp: bets $6
Actionni13: folds
Uncalled bet ($6) returned to inyapp
inyapp collected $35.50 from pot
inyapp: doesn't show hand
*** SUMMARY ***
Total pot $36 | Rake $0.50
Board [3s As 2d 8c]
Seat 6: inyapp (button) (small blind) collected ($35.50)
Seat 7: Actionni13 (big blind) folded on the Turn


PokerStars Hand #153720010559:  Hold'em Limit ($3/$6 USD) - 2016/05/23 5:54:22 ET
Table 'Hybris' 10-max Seat #7 is the button
Seat 6: inyapp ($104.52 in chips)
Seat 7: Actionni13 ($150 in chips)
Actionni13: posts small blind $1
inyapp: posts big blind $3
*** HOLE CARDS ***
Actionni13: raises $3 to $6
inyapp: calls $3
*** FLOP *** [Qd Tc 2d]
inyapp: checks
Actionni13: bets $3
inyapp: raises $3 to $6
Actionni13: folds
Uncalled bet ($3) returned to inyapp
inyapp collected $17.64 from pot
inyapp: doesn't show hand
*** SUMMARY ***
Total pot $18 | Rake $0.36
Board [Qd Tc 2d]
Seat 6: inyapp (big blind) collected ($17.64)
Seat 7: Actionni13 (button) (small blind) folded on the Flop


PokerStars Hand #153720002652:  Hold'em Limit ($3/$6 USD) - 2016/05/23 5:54:01 ET
Table 'Hybris' 10-max Seat #6 is the button
Seat 6: inyapp ($93 in chips)
Seat 7: Actionni13 ($156.76 in chips)
inyapp: posts small blind $1
Actionni13: posts big blind $3
*** HOLE CARDS ***
inyapp: raises $3 to $6
Actionni13: calls $3
*** FLOP *** [7d 3h Qh]
Actionni13: checks
inyapp: checks
*** TURN *** [7d 3h Qh] [9h]
Actionni13: checks
inyapp: checks
*** RIVER *** [7d 3h Qh 9h] [9c]
Actionni13: bets $6
inyapp: calls $6
*** SHOW DOWN ***
Actionni13: shows [Js 6d] (a pair of Nines)
inyapp: shows [Ac 2c] (a pair of Nines - Ace kicker)
inyapp collected $23.52 from pot
*** SUMMARY ***
Total pot $24 | Rake $0.48
Board [7d 3h Qh 9h 9c]
Seat 6: inyapp (button) (small blind) showed [Ac 2c] and won ($23.52) with a pair of Nines
Seat 7: Actionni13 (big blind) showed [Js 6d] and lost with a pair of Nines


PokerStars Hand #153720036222:  Hold'em Limit ($3/$6 USD) - 2016/05/23 5:55:25 ET
Table 'Hybris' 10-max Seat #6 is the button
Seat 6: inyapp ($148.16 in chips)
Seat 7: Actionni13 ($150 in chips)
inyapp: posts small blind $1
Actionni13: posts big blind $3
*** HOLE CARDS ***
inyapp: raises $3 to $6
Actionni13: folds
Uncalled bet ($3) returned to inyapp
inyapp collected $6 from pot
inyapp: doesn't show hand
*** SUMMARY ***
Total pot $6 | Rake $0
Seat 6: inyapp (button) (small blind) collected ($6)
Seat 7: Actionni13 (big blind) folded before Flop


PokerStars Hand #153720039749:  Hold'em Limit ($3/$6 USD) - 2016/05/23 5:55:36 ET
Table 'Hybris' 10-max Seat #6 is the button
Seat 6: inyapp ($148.16 in chips)
Seat 7: Actionni13 ($153 in chips)
inyapp: posts small blind $1
Actionni13: posts big blind $3
*** HOLE CARDS ***
inyapp: raises $3 to $6
Actionni13: calls $3
*** FLOP *** [8s Kc 2s]
Actionni13: checks
inyapp: bets $3
Actionni13: calls $3
*** TURN *** [8s Kc 2s] [Qc]
Actionni13: checks
inyapp: checks
*** RIVER *** [8s Kc 2s Qc] [9h]
Actionni13: bets $6
inyapp: folds
Uncalled bet ($6) returned to Actionni13
Actionni13 collected $17.64 from pot
Actionni13: doesn't show hand
*** SUMMARY ***
Total pot $18 | Rake $0.36
Board [8s Kc 2s Qc 9h]
Seat 6: inyapp (button) (small blind) folded on the River
Seat 7: Actionni13 (big blind) collected ($17.64)


PokerStars Hand #153720037980:  Hold'em Limit ($3/$6 USD) - 2016/05/23 5:55:31 ET
Table 'Hybris' 10-max Seat #7 is the button
Seat 6: inyapp ($151.16 in chips)
Seat 7: Actionni13 ($150 in chips)
Actionni13: posts small blind $1
inyapp: posts big blind $3
*** HOLE CARDS ***
Actionni13: raises $3 to $6
inyapp: folds
Uncalled bet ($3) returned to Actionni13
Actionni13 collected $6 from pot
Actionni13: doesn't show hand
*** SUMMARY ***
Total pot $6 | Rake $0
Seat 6: inyapp (big blind) folded before Flop
Seat 7: Actionni13 (button) (small blind) collected ($6)


PokerStars Hand #153720026523:  Hold'em Limit ($3/$6 USD) - 2016/05/23 5:54:57 ET
Table 'Hybris' 10-max Seat #7 is the button
Seat 6: inyapp ($130.66 in chips)
Seat 7: Actionni13 ($150 in chips)
Actionni13: posts small blind $1
inyapp: posts big blind $3
*** HOLE CARDS ***
Actionni13: raises $3 to $6
inyapp: calls $3
*** FLOP *** [Qs Jc 6c]
inyapp: checks
Actionni13: bets $3
inyapp: raises $3 to $6
Actionni13: calls $3
*** TURN *** [Qs Jc 6c] [Qd]
inyapp: bets $6
Actionni13: calls $6
*** RIVER *** [Qs Jc 6c Qd] [9c]
inyapp: bets $6
Actionni13: folds
Uncalled bet ($6) returned to inyapp
inyapp collected $35.50 from pot
inyapp: doesn't show hand
*** SUMMARY ***
Total pot $36 | Rake $0.50
Board [Qs Jc 6c Qd 9c]
Seat 6: inyapp (big blind) collected ($35.50)
Seat 7: Actionni13 (button) (small blind) folded on the River


PokerStars Hand #153720057346:  Hold'em Limit ($3/$6 USD) - 2016/05/23 5:56:27 ET
Table 'Hybris' 10-max Seat #7 is the button
Seat 6: inyapp ($155.66 in chips)
Seat 7: Actionni13 ($151 in chips)
Actionni13: posts small blind $1
inyapp: posts big blind $3
*** HOLE CARDS ***
Actionni13: raises $3 to $6
inyapp: folds
Uncalled bet ($3) returned to Actionni13
Actionni13 collected $6 from pot
Actionni13: doesn't show hand
*** SUMMARY ***
Total pot $6 | Rake $0
Seat 6: inyapp (big blind) folded before Flop
Seat 7: Actionni13 (button) (small blind) collected ($6)


PokerStars Hand #153720058975:  Hold'em Limit ($3/$6 USD) - 2016/05/23 5:56:32 ET
Table 'Hybris' 10-max Seat #6 is the button
Seat 6: inyapp ($152.66 in chips)
Seat 7: Actionni13 ($154 in chips)
inyapp: posts small blind $1
Actionni13: posts big blind $3
*** HOLE CARDS ***
inyapp: folds
Uncalled bet ($2) returned to Actionni13
Actionni13 collected $2 from pot
Actionni13: doesn't show hand
*** SUMMARY ***
Total pot $2 | Rake $0
Seat 6: inyapp (button) (small blind) folded before Flop
Seat 7: Actionni13 (big blind) collected ($2)


PokerStars Hand #153720054240:  Hold'em Limit ($3/$6 USD) - 2016/05/23 5:56:18 ET
Table 'Hybris' 10-max Seat #6 is the button
Seat 6: inyapp ($156.66 in chips)
Seat 7: Actionni13 ($150 in chips)
inyapp: posts small blind $1
Actionni13: posts big blind $3
*** HOLE CARDS ***
inyapp: folds
Uncalled bet ($2) returned to Actionni13
Actionni13 collected $2 from pot
Actionni13: doesn't show hand
*** SUMMARY ***
Total pot $2 | Rake $0
Seat 6: inyapp (button) (small blind) folded before Flop
Seat 7: Actionni13 (big blind) collected ($2)


PokerStars Hand #153720045111:  Hold'em Limit ($3/$6 USD) - 2016/05/23 5:55:52 ET
Table 'Hybris' 10-max Seat #7 is the button
Seat 6: inyapp ($139.16 in chips)
Seat 7: Actionni13 ($161.64 in chips)
Actionni13: posts small blind $1
inyapp: posts big blind $3
*** HOLE CARDS ***
Actionni13: raises $3 to $6
inyapp: calls $3
*** FLOP *** [8h Ks 8s]
inyapp: checks
Actionni13: bets $3
inyapp: raises $3 to $6
Actionni13: calls $3
*** TURN *** [8h Ks 8s] [Qd]
inyapp: bets $6
Actionni13: calls $6
*** RIVER *** [8h Ks 8s Qd] [Kh]
inyapp: bets $6
Actionni13: folds
Uncalled bet ($6) returned to inyapp
inyapp collected $35.50 from pot
inyapp: doesn't show hand
*** SUMMARY ***
Total pot $36 | Rake $0.50
Board [8h Ks 8s Qd Kh]
Seat 6: inyapp (big blind) collected ($35.50)
Seat 7: Actionni13 (button) (small blind) folded on the River


PokerStars Hand #153720061028:  Hold'em Limit ($3/$6 USD) - 2016/05/23 5:56:38 ET
Table 'Hybris' 10-max Seat #7 is the button
Seat 6: inyapp ($151.66 in chips)
Seat 7: Actionni13 ($155 in chips)
Actionni13: posts small blind $1
inyapp: posts big blind $3
*** HOLE CARDS ***
Actionni13: raises $3 to $6
inyapp: raises $3 to $9
Actionni13: calls $3
*** FLOP *** [9c 5s 6c]
inyapp: bets $3
Actionni13: calls $3
*** TURN *** [9c 5s 6c] [3c]
inyapp: bets $6
Actionni13: raises $6 to $12
inyapp: calls $6
*** RIVER *** [9c 5s 6c 3c] [3d]
inyapp: checks
Actionni13: bets $6
inyapp: calls $6
*** SHOW DOWN ***
Actionni13: shows [Qc 7s] (a pair of Threes)
inyapp: shows [Ad Qd] (a pair of Threes - Ace kicker)
inyapp collected $59.50 from pot
*** SUMMARY ***
Total pot $60 | Rake $0.50
Board [9c 5s 6c 3c 3d]
Seat 6: inyapp (big blind) showed [Ad Qd] and won ($59.50) with a pair of Threes
Seat 7: Actionni13 (button) (small blind) showed [Qc 7s] and lost with a pair of Threes


PokerStars Hand #153720085684:  Hold'em Limit ($3/$6 USD) - 2016/05/23 5:57:50 ET
Table 'Hybris' 10-max Seat #6 is the button
Seat 6: inyapp ($150.16 in chips)
Seat 7: Actionni13 ($180.50 in chips)
inyapp: posts small blind $1
Actionni13: posts big blind $3
*** HOLE CARDS ***
inyapp: folds
Uncalled bet ($2) returned to Actionni13
Actionni13 collected $2 from pot
Actionni13: doesn't show hand
*** SUMMARY ***
Total pot $2 | Rake $0
Seat 6: inyapp (button) (small blind) folded before Flop
Seat 7: Actionni13 (big blind) collected ($2)


PokerStars Hand #153720075548:  Hold'em Limit ($3/$6 USD) - 2016/05/23 5:57:20 ET
Table 'Hybris' 10-max Seat #7 is the button
Seat 6: inyapp ($180.16 in chips)
Seat 7: Actionni13 ($151 in chips)
Actionni13: posts small blind $1
inyapp: posts big blind $3
*** HOLE CARDS ***
Actionni13: raises $3 to $6
inyapp: raises $3 to $9
Actionni13: calls $3
*** FLOP *** [4h 9h 5s]
inyapp: bets $3
Actionni13: calls $3
*** TURN *** [4h 9h 5s] [Ad]
inyapp: bets $6
Actionni13: raises $6 to $12
inyapp: calls $6
*** RIVER *** [4h 9h 5s Ad] [Kh]
inyapp: checks
Actionni13: bets $6
inyapp: calls $6
*** SHOW DOWN ***
Actionni13: shows [5d As] (two pair, Aces and Fives)
inyapp: mucks hand
Actionni13 collected $59.50 from pot
*** SUMMARY ***
Total pot $60 | Rake $0.50
Board [4h 9h 5s Ad Kh]
Seat 6: inyapp (big blind) mucked
Seat 7: Actionni13 (button) (small blind) showed [5d As] and won ($59.50) with two pair, Aces and Fives


PokerStars Hand #153720070630:  Hold'em Limit ($3/$6 USD) - 2016/05/23 5:57:06 ET
Table 'Hybris' 10-max Seat #6 is the button
Seat 6: inyapp ($181.16 in chips)
Seat 7: Actionni13 ($150 in chips)
inyapp: posts small blind $1
Actionni13: posts big blind $3
*** HOLE CARDS ***
inyapp: folds
Uncalled bet ($2) returned to Actionni13
Actionni13 collected $2 from pot
Actionni13: doesn't show hand
*** SUMMARY ***
Total pot $2 | Rake $0
Seat 6: inyapp (button) (small blind) folded before Flop
Seat 7: Actionni13 (big blind) collected ($2)


PokerStars Hand #153720088258:  Hold'em Limit ($3/$6 USD) - 2016/05/23 5:57:58 ET
Table 'Hybris' 10-max Seat #7 is the button
Seat 6: inyapp ($149.16 in chips)
Seat 7: Actionni13 ($181.50 in chips)
Actionni13: posts small blind $1
inyapp: posts big blind $3
*** HOLE CARDS ***
Actionni13: raises $3 to $6
inyapp: calls $3
*** FLOP *** [Ad 6d 6c]
inyapp: checks
Actionni13: bets $3
inyapp: calls $3
*** TURN *** [Ad 6d 6c] [Tc]
inyapp: checks
Actionni13: bets $6
inyapp: calls $6
*** RIVER *** [Ad 6d 6c Tc] [4h]
inyapp: checks
Actionni13: bets $6
inyapp: calls $6
*** SHOW DOWN ***
Actionni13: shows [Ah 7s] (two pair, Aces and Sixes)
inyapp: mucks hand
Actionni13 collected $41.50 from pot
*** SUMMARY ***
Total pot $42 | Rake $0.50
Board [Ad 6d 6c Tc 4h]
Seat 6: inyapp (big blind) mucked
Seat 7: Actionni13 (button) (small blind) showed [Ah 7s] and won ($41.50) with two pair, Aces and Sixes


PokerStars Hand #153720096830:  Hold'em Limit ($3/$6 USD) - 2016/05/23 5:58:23 ET
Table 'Hybris' 10-max Seat #6 is the button
Seat 6: inyapp ($128.16 in chips)
Seat 7: Actionni13 ($202 in chips)
inyapp: posts small blind $1
Actionni13: posts big blind $3
*** HOLE CARDS ***
inyapp: raises $3 to $6
Actionni13: calls $3
*** FLOP *** [Kc 7c 9s]
Boy_Mafia90 joins the table at seat #5
Actionni13: checks
inyapp: bets $3
Actionni13: calls $3
*** TURN *** [Kc 7c 9s] [Ac]
Actionni13: checks
inyapp: bets $6
Actionni13: folds
Uncalled bet ($6) returned to inyapp
inyapp collected $17.64 from pot
inyapp: doesn't show hand
*** SUMMARY ***
Total pot $18 | Rake $0.36
Board [Kc 7c 9s Ac]
Seat 6: inyapp (button) (small blind) collected ($17.64)
Seat 7: Actionni13 (big blind) folded on the Turn


PokerStars Hand #153720428443:  Hold'em Limit ($3/$6 USD) - 2016/05/23 6:12:51 ET
Table 'Hybris' 10-max Seat #6 is the button
Seat 6: inyapp ($74.03 in chips)
Seat 8: tomte999 ($162.94 in chips)
inyapp: posts small blind $1
Actionni13: is sitting out
tomte999: posts big blind $3
*** HOLE CARDS ***
inyapp: raises $3 to $6
tomte999: calls $3
*** FLOP *** [5d 2h Kc]
tomte999: checks
Actionni13 leaves the table
inyapp: checks
*** TURN *** [5d 2h Kc] [Td]
tomte999: checks
inyapp: checks
*** RIVER *** [5d 2h Kc Td] [3d]
tomte999: checks
inyapp: checks
*** SHOW DOWN ***
tomte999: shows [Jd 4h] (high card King)
inyapp: shows [Qs 7h] (high card King - Queen kicker)
inyapp collected $11.76 from pot
*** SUMMARY ***
Total pot $12 | Rake $0.24
Board [5d 2h Kc Td 3d]
Seat 6: inyapp (button) (small blind) showed [Qs 7h] and won ($11.76) with high card King
Seat 8: tomte999 (big blind) showed [Jd 4h] and lost with high card King


PokerStars Hand #153720436772:  Hold'em Limit ($3/$6 USD) - 2016/05/23 6:13:13 ET
Table 'Hybris' 10-max Seat #8 is the button
Seat 6: inyapp ($79.79 in chips)
Seat 8: tomte999 ($156.94 in chips)
tomte999: posts small blind $1
inyapp: posts big blind $3
*** HOLE CARDS ***
tomte999: raises $3 to $6
inyapp: raises $3 to $9
TopDJTex is disconnected
tomte999: calls $3
*** FLOP *** [8c Kh 5d]
inyapp: bets $3
tomte999: raises $3 to $6
inyapp: calls $3
*** TURN *** [8c Kh 5d] [Qc]
inyapp: checks
tomte999: bets $6
inyapp: calls $6
*** RIVER *** [8c Kh 5d Qc] [3s]
inyapp: checks
tomte999: checks
*** SHOW DOWN ***
inyapp: shows [Ac 4c] (high card Ace)
tomte999: mucks hand
inyapp collected $41.50 from pot
*** SUMMARY ***
Total pot $42 | Rake $0.50
Board [8c Kh 5d Qc 3s]
Seat 6: inyapp (big blind) showed [Ac 4c] and won ($41.50) with high card Ace
Seat 8: tomte999 (button) (small blind) mucked


PokerStars Hand #153720459833:  Hold'em Limit ($3/$6 USD) - 2016/05/23 6:14:12 ET
Table 'Hybris' 10-max Seat #8 is the button
Seat 6: inyapp ($88.29 in chips)
Seat 8: tomte999 ($147.46 in chips)
tomte999: posts small blind $1
inyapp: posts big blind $3
*** HOLE CARDS ***
tomte999: folds
Uncalled bet ($2) returned to inyapp
inyapp collected $2 from pot
inyapp: doesn't show hand
*** SUMMARY ***
Total pot $2 | Rake $0
Seat 6: inyapp (big blind) collected ($2)
Seat 8: tomte999 (button) (small blind) folded before Flop


PokerStars Hand #153720461863:  Hold'em Limit ($3/$6 USD) - 2016/05/23 6:14:17 ET
Table 'Hybris' 10-max Seat #6 is the button
Seat 6: inyapp ($89.29 in chips)
Seat 8: tomte999 ($146.46 in chips)
inyapp: posts small blind $1
tomte999: posts big blind $3
*** HOLE CARDS ***
inyapp: raises $3 to $6
tomte999: raises $3 to $9
inyapp: calls $3
*** FLOP *** [As Qd 2h]
tomte999: bets $3
inyapp: folds
Uncalled bet ($3) returned to tomte999
tomte999 collected $17.64 from pot
tomte999: doesn't show hand
*** SUMMARY ***
Total pot $18 | Rake $0.36
Board [As Qd 2h]
Seat 6: inyapp (button) (small blind) folded on the Flop
Seat 8: tomte999 (big blind) collected ($17.64)


PokerStars Hand #153720470321:  Hold'em Limit ($3/$6 USD) - 2016/05/23 6:14:38 ET
Table 'Hybris' 10-max Seat #6 is the button
Seat 6: inyapp ($81.29 in chips)
Seat 8: tomte999 ($154.10 in chips)
inyapp: posts small blind $1
tomte999: posts big blind $3
*** HOLE CARDS ***
inyapp: folds
Uncalled bet ($2) returned to tomte999
tomte999 collected $2 from pot
tomte999: doesn't show hand
*** SUMMARY ***
Total pot $2 | Rake $0
Seat 6: inyapp (button) (small blind) folded before Flop
Seat 8: tomte999 (big blind) collected ($2)


PokerStars Hand #153720468418:  Hold'em Limit ($3/$6 USD) - 2016/05/23 6:14:34 ET
Table 'Hybris' 10-max Seat #8 is the button
Seat 6: inyapp ($80.29 in chips)
Seat 8: tomte999 ($155.10 in chips)
tomte999: posts small blind $1
inyapp: posts big blind $3
*** HOLE CARDS ***
tomte999: folds
Uncalled bet ($2) returned to inyapp
inyapp collected $2 from pot
inyapp: doesn't show hand
*** SUMMARY ***
Total pot $2 | Rake $0
Seat 6: inyapp (big blind) collected ($2)
Seat 8: tomte999 (button) (small blind) folded before Flop


PokerStars Hand #153720450847:  Hold'em Limit ($3/$6 USD) - 2016/05/23 6:13:48 ET
Table 'Hybris' 10-max Seat #6 is the button
Seat 6: inyapp ($100.29 in chips)
Seat 8: tomte999 ($135.94 in chips)
inyapp: posts small blind $1
tomte999: posts big blind $3
*** HOLE CARDS ***
inyapp: raises $3 to $6
TopDJTex leaves the table
tomte999: calls $3
*** FLOP *** [9h 8s 7h]
tomte999: checks
inyapp: checks
*** TURN *** [9h 8s 7h] [3d]
tomte999: checks
inyapp: checks
*** RIVER *** [9h 8s 7h 3d] [Qd]
tomte999: bets $6
inyapp: calls $6
*** SHOW DOWN ***
tomte999: shows [4c Qs] (a pair of Queens)
inyapp: mucks hand
tomte999 collected $23.52 from pot
*** SUMMARY ***
Total pot $24 | Rake $0.48
Board [9h 8s 7h 3d Qd]
Seat 6: inyapp (button) (small blind) mucked
Seat 8: tomte999 (big blind) showed [4c Qs] and won ($23.52) with a pair of Queens


PokerStars Hand #153720472227:  Hold'em Limit ($3/$6 USD) - 2016/05/23 6:14:43 ET
Table 'Hybris' 10-max Seat #8 is the button
Seat 6: inyapp ($80.29 in chips)
Seat 8: tomte999 ($155.10 in chips)
tomte999: posts small blind $1
inyapp: posts big blind $3
*** HOLE CARDS ***
tomte999: raises $3 to $6
inyapp: calls $3
*** FLOP *** [Qd 7d Qs]
inyapp: checks
tomte999: bets $3
inyapp: calls $3
*** TURN *** [Qd 7d Qs] [3h]
inyapp: checks
tomte999: checks
*** RIVER *** [Qd 7d Qs 3h] [3d]
inyapp: checks
tomte999: checks
*** SHOW DOWN ***
inyapp: shows [2c Kc] (two pair, Queens and Threes)
tomte999: mucks hand
inyapp collected $17.64 from pot
*** SUMMARY ***
Total pot $18 | Rake $0.36
Board [Qd 7d Qs 3h 3d]
Seat 6: inyapp (big blind) showed [2c Kc] and won ($17.64) with two pair, Queens and Threes
Seat 8: tomte999 (button) (small blind) mucked


PokerStars Hand #153720481619:  Hold'em Limit ($3/$6 USD) - 2016/05/23 6:15:07 ET
Table 'Hybris' 10-max Seat #6 is the button
Seat 6: inyapp ($88.93 in chips)
Seat 8: tomte999 ($146.10 in chips)
inyapp: posts small blind $1
tomte999: posts big blind $3
*** HOLE CARDS ***
inyapp: raises $3 to $6
tomte999: calls $3
*** FLOP *** [8h 7s Ac]
tomte999: checks
inyapp: bets $3
tomte999: folds
Uncalled bet ($3) returned to inyapp
inyapp collected $11.76 from pot
inyapp: doesn't show hand
*** SUMMARY ***
Total pot $12 | Rake $0.24
Board [8h 7s Ac]
Seat 6: inyapp (button) (small blind) collected ($11.76)
Seat 8: tomte999 (big blind) folded on the Flop


PokerStars Hand #153720488064:  Hold'em Limit ($3/$6 USD) - 2016/05/23 6:15:24 ET
Table 'Hybris' 10-max Seat #8 is the button
Seat 6: inyapp ($94.69 in chips)
Seat 8: tomte999 ($140.10 in chips)
tomte999: posts small blind $1
inyapp: posts big blind $3
*** HOLE CARDS ***
tomte999: raises $3 to $6
inyapp: calls $3
*** FLOP *** [4d Ah Th]
inyapp: checks
tomte999: bets $3
inyapp: folds
Uncalled bet ($3) returned to tomte999
tomte999 collected $11.76 from pot
tomte999: doesn't show hand
*** SUMMARY ***
Total pot $12 | Rake $0.24
Board [4d Ah Th]
Seat 6: inyapp (big blind) folded on the Flop
Seat 8: tomte999 (button) (small blind) collected ($11.76)


PokerStars Hand #153720510680:  Hold'em Limit ($3/$6 USD) - 2016/05/23 6:16:21 ET
Table 'Hybris' 10-max Seat #8 is the button
Seat 6: inyapp ($118.19 in chips)
Seat 8: tomte999 ($120 in chips)
tomte999: posts small blind $1
inyapp: posts big blind $3
*** HOLE CARDS ***
tomte999: raises $3 to $6
inyapp: raises $3 to $9
tomte999: calls $3
*** FLOP *** [5s 8c Qh]
inyapp: bets $3
tomte999: calls $3
*** TURN *** [5s 8c Qh] [3h]
inyapp: bets $6
tomte999: calls $6
*** RIVER *** [5s 8c Qh 3h] [4c]
inyapp: bets $6
tomte999: raises $6 to $12
inyapp: calls $6
*** SHOW DOWN ***
tomte999: shows [Ah 2h] (a straight, Ace to Five)
inyapp: mucks hand
tomte999 collected $59.50 from pot
*** SUMMARY ***
Total pot $60 | Rake $0.50
Board [5s 8c Qh 3h 4c]
Seat 6: inyapp (big blind) mucked
Seat 8: tomte999 (button) (small blind) showed [Ah 2h] and won ($59.50) with a straight, Ace to Five


PokerStars Hand #153720496217:  Hold'em Limit ($3/$6 USD) - 2016/05/23 6:15:44 ET
Table 'Hybris' 10-max Seat #6 is the button
Seat 6: inyapp ($88.69 in chips)
Seat 8: tomte999 ($145.86 in chips)
inyapp: posts small blind $1
tomte999: posts big blind $3
*** HOLE CARDS ***
inyapp: raises $3 to $6
tomte999: calls $3
*** FLOP *** [6s 9s Ks]
tomte999: checks
inyapp: bets $3
tomte999: raises $3 to $6
inyapp: raises $3 to $9
tomte999: raises $3 to $12
Betting is capped
inyapp: calls $3
*** TURN *** [6s 9s Ks] [Ad]
tomte999: bets $6
inyapp: calls $6
*** RIVER *** [6s 9s Ks Ad] [5s]
tomte999: checks
inyapp: bets $6
tomte999: calls $6
*** SHOW DOWN ***
inyapp: shows [Kh 8s] (a flush, King high)
tomte999: mucks hand
inyapp collected $59.50 from pot
*** SUMMARY ***
Total pot $60 | Rake $0.50
Board [6s 9s Ks Ad 5s]
Seat 6: inyapp (button) (small blind) showed [Kh 8s] and won ($59.50) with a flush, King high
Seat 8: tomte999 (big blind) mucked


PokerStars Hand #153720527507:  Hold'em Limit ($3/$6 USD) - 2016/05/23 6:17:02 ET
Table 'Hybris' 10-max Seat #6 is the button
Seat 6: inyapp ($88.19 in chips)
Seat 8: tomte999 ($149.50 in chips)
inyapp: posts small blind $1
tomte999: posts big blind $3
*** HOLE CARDS ***
inyapp: raises $3 to $6
tomte999: calls $3
*** FLOP *** [4h 4s Qd]
tomte999: checks
inyapp: checks
*** TURN *** [4h 4s Qd] [5c]
tomte999: checks
inyapp: bets $6
tomte999: folds
Uncalled bet ($6) returned to inyapp
inyapp collected $11.76 from pot
inyapp: doesn't show hand
*** SUMMARY ***
Total pot $12 | Rake $0.24
Board [4h 4s Qd 5c]
Seat 6: inyapp (button) (small blind) collected ($11.76)
Seat 8: tomte999 (big blind) folded on the Turn


PokerStars Hand #153720532920:  Hold'em Limit ($3/$6 USD) - 2016/05/23 6:17:16 ET
Table 'Hybris' 10-max Seat #8 is the button
Seat 6: inyapp ($93.95 in chips)
Seat 8: tomte999 ($143.50 in chips)
tomte999: posts small blind $1
inyapp: posts big blind $3
*** HOLE CARDS ***
tomte999: raises $3 to $6
inyapp: calls $3
*** FLOP *** [Qs Kc 9c]
inyapp: checks
tomte999: bets $3
inyapp: raises $3 to $6
tomte999: calls $3
*** TURN *** [Qs Kc 9c] [Jc]
inyapp: bets $6
tomte999: raises $6 to $12
inyapp: calls $6
*** RIVER *** [Qs Kc 9c Jc] [Js]
inyapp: checks
tomte999: bets $6
inyapp: folds
Uncalled bet ($6) returned to tomte999
tomte999 collected $47.50 from pot
tomte999: doesn't show hand
*** SUMMARY ***
Total pot $48 | Rake $0.50
Board [Qs Kc 9c Jc Js]
Seat 6: inyapp (big blind) folded on the River
Seat 8: tomte999 (button) (small blind) collected ($47.50)


PokerStars Hand #153720545886:  Hold'em Limit ($3/$6 USD) - 2016/05/23 6:17:49 ET
Table 'Hybris' 10-max Seat #6 is the button
Seat 6: inyapp ($69.95 in chips)
Seat 8: tomte999 ($167 in chips)
inyapp: posts small blind $1
tomte999: posts big blind $3
*** HOLE CARDS ***
inyapp: raises $3 to $6
tomte999: calls $3
*** FLOP *** [9d Qd 6d]
tomte999: checks
inyapp: bets $3
tomte999: calls $3
*** TURN *** [9d Qd 6d] [3c]
tomte999: checks
inyapp: checks
*** RIVER *** [9d Qd 6d 3c] [Jc]
tomte999: checks
inyapp: bets $6
tomte999: folds
Uncalled bet ($6) returned to inyapp
inyapp collected $17.64 from pot
inyapp: doesn't show hand
*** SUMMARY ***
Total pot $18 | Rake $0.36
Board [9d Qd 6d 3c Jc]
Seat 6: inyapp (button) (small blind) collected ($17.64)
Seat 8: tomte999 (big blind) folded on the River


PokerStars Hand #153720567018:  Hold'em Limit ($3/$6 USD) - 2016/05/23 6:18:42 ET
Table 'Hybris' 10-max Seat #6 is the button
Seat 6: inyapp ($60.59 in chips)
Seat 8: tomte999 ($175.50 in chips)
inyapp: posts small blind $1
tomte999: posts big blind $3
*** HOLE CARDS ***
inyapp: raises $3 to $6
tomte999: calls $3
*** FLOP *** [Js 3c 8h]
tomte999: checks
inyapp: bets $3
tomte999: calls $3
*** TURN *** [Js 3c 8h] [9s]
tomte999: checks
inyapp: bets $6
tomte999: folds
Uncalled bet ($6) returned to inyapp
inyapp collected $17.64 from pot
inyapp: doesn't show hand
*** SUMMARY ***
Total pot $18 | Rake $0.36
Board [Js 3c 8h 9s]
Seat 6: inyapp (button) (small blind) collected ($17.64)
Seat 8: tomte999 (big blind) folded on the Turn


PokerStars Hand #153720554906:  Hold'em Limit ($3/$6 USD) - 2016/05/23 6:18:12 ET
Table 'Hybris' 10-max Seat #8 is the button
Seat 6: inyapp ($78.59 in chips)
Seat 8: tomte999 ($158 in chips)
tomte999: posts small blind $1
inyapp: posts big blind $3
*** HOLE CARDS ***
tomte999: raises $3 to $6
inyapp: calls $3
*** FLOP *** [Kc 8h 5d]
inyapp: checks
tomte999: bets $3
inyapp: raises $3 to $6
tomte999: calls $3
*** TURN *** [Kc 8h 5d] [8d]
inyapp: bets $6
tomte999: raises $6 to $12
inyapp: folds
Uncalled bet ($6) returned to tomte999
tomte999 collected $35.50 from pot
tomte999: doesn't show hand
*** SUMMARY ***
Total pot $36 | Rake $0.50
Board [Kc 8h 5d 8d]
Seat 6: inyapp (big blind) folded on the Turn
Seat 8: tomte999 (button) (small blind) collected ($35.50)


PokerStars Hand #153720583362:  Hold'em Limit ($3/$6 USD) - 2016/05/23 6:19:24 ET
Table 'Hybris' 10-max Seat #6 is the button
Seat 6: inyapp ($63.23 in chips)
Seat 8: tomte999 ($172.26 in chips)
inyapp: posts small blind $1
tomte999: posts big blind $3
*** HOLE CARDS ***
inyapp: raises $3 to $6
tomte999: calls $3
*** FLOP *** [3c 9c Kh]
tomte999: checks
inyapp: bets $3
tomte999: raises $3 to $6
inyapp: calls $3
*** TURN *** [3c 9c Kh] [6h]
tomte999: bets $6
inyapp: raises $6 to $12
tomte999: raises $6 to $18
inyapp: raises $6 to $24
Betting is capped
tomte999: calls $6
*** RIVER *** [3c 9c Kh 6h] [7c]
tomte999: checks
inyapp: checks
*** SHOW DOWN ***
tomte999: shows [Kc 6c] (a flush, King high)
inyapp: mucks hand
tomte999 collected $71.50 from pot
*** SUMMARY ***
Total pot $72 | Rake $0.50
Board [3c 9c Kh 6h 7c]
Seat 6: inyapp (button) (small blind) mucked
Seat 8: tomte999 (big blind) showed [Kc 6c] and won ($71.50) with a flush, King high


PokerStars Hand #153720577368:  Hold'em Limit ($3/$6 USD) - 2016/05/23 6:19:09 ET
Table 'Hybris' 10-max Seat #8 is the button
Seat 6: inyapp ($69.23 in chips)
Seat 8: tomte999 ($166.50 in chips)
tomte999: posts small blind $1
inyapp: posts big blind $3
*** HOLE CARDS ***
tomte999: raises $3 to $6
inyapp: calls $3
*** FLOP *** [8c 4s 6c]
inyapp: checks
tomte999: bets $3
inyapp: folds
Uncalled bet ($3) returned to tomte999
tomte999 collected $11.76 from pot
tomte999: doesn't show hand
*** SUMMARY ***
Total pot $12 | Rake $0.24
Board [8c 4s 6c]
Seat 6: inyapp (big blind) folded on the Flop
Seat 8: tomte999 (button) (small blind) collected ($11.76)


PokerStars Hand #153720617440:  Hold'em Limit ($3/$6 USD) - 2016/05/23 6:20:49 ET
Table 'Hybris' 10-max Seat #6 is the button
Seat 6: inyapp ($38.75 in chips)
Seat 8: tomte999 ($195.76 in chips)
inyapp: posts small blind $1
tomte999: posts big blind $3
*** HOLE CARDS ***
inyapp: folds
Uncalled bet ($2) returned to tomte999
tomte999 collected $2 from pot
tomte999: doesn't show hand
*** SUMMARY ***
Total pot $2 | Rake $0
Seat 6: inyapp (button) (small blind) folded before Flop
Seat 8: tomte999 (big blind) collected ($2)


PokerStars Hand #153720600683:  Hold'em Limit ($3/$6 USD) - 2016/05/23 6:20:07 ET
Table 'Hybris' 10-max Seat #8 is the button
Seat 6: inyapp ($27.23 in chips)
Seat 8: tomte999 ($207.76 in chips)
tomte999: posts small blind $1
inyapp: posts big blind $3
*** HOLE CARDS ***
tomte999: raises $3 to $6
inyapp: calls $3
*** FLOP *** [5c 7s Ks]
inyapp: checks
tomte999: checks
*** TURN *** [5c 7s Ks] [6d]
inyapp: bets $6
tomte999: calls $6
*** RIVER *** [5c 7s Ks 6d] [4c]
inyapp: bets $6
tomte999: folds
Uncalled bet ($6) returned to inyapp
inyapp collected $23.52 from pot
inyapp: doesn't show hand
*** SUMMARY ***
Total pot $24 | Rake $0.48
Board [5c 7s Ks 6d 4c]
Seat 6: inyapp (big blind) collected ($23.52)
Seat 8: tomte999 (button) (small blind) folded on the River


PokerStars Hand #153720619372:  Hold'em Limit ($3/$6 USD) - 2016/05/23 6:20:54 ET
Table 'Hybris' 10-max Seat #8 is the button
Seat 6: inyapp ($37.75 in chips)
Seat 8: tomte999 ($196.76 in chips)
tomte999: posts small blind $1
inyapp: posts big blind $3
*** HOLE CARDS ***
tomte999: raises $3 to $6
inyapp: raises $3 to $9
tomte999: calls $3
*** FLOP *** [Kd 7d Qd]
inyapp: bets $3
tomte999: calls $3
*** TURN *** [Kd 7d Qd] [3s]
inyapp: bets $6
tomte999: calls $6
*** RIVER *** [Kd 7d Qd 3s] [8s]
inyapp: bets $6
tomte999: calls $6
*** SHOW DOWN ***
inyapp: shows [Qc Ts] (a pair of Queens)
tomte999: mucks hand
inyapp collected $47.50 from pot
*** SUMMARY ***
Total pot $48 | Rake $0.50
Board [Kd 7d Qd 3s 8s]
Seat 6: inyapp (big blind) showed [Qc Ts] and won ($47.50) with a pair of Queens
Seat 8: tomte999 (button) (small blind) mucked


PokerStars Hand #153720636207:  Hold'em Limit ($3/$6 USD) - 2016/05/23 6:21:35 ET
Table 'Hybris' 10-max Seat #6 is the button
Seat 6: inyapp ($61.25 in chips)
Seat 8: tomte999 ($172.76 in chips)
inyapp: posts small blind $1
tomte999: posts big blind $3
*** HOLE CARDS ***
inyapp: raises $3 to $6
tomte999: calls $3
*** FLOP *** [2s 4s Ts]
tomte999: checks
inyapp: bets $3
tomte999: folds
Uncalled bet ($3) returned to inyapp
inyapp collected $11.76 from pot
inyapp: doesn't show hand
*** SUMMARY ***
Total pot $12 | Rake $0.24
Board [2s 4s Ts]
Seat 6: inyapp (button) (small blind) collected ($11.76)
Seat 8: tomte999 (big blind) folded on the Flop


PokerStars Hand #153720661598:  Hold'em Limit ($3/$6 USD) - 2016/05/23 6:22:39 ET
Table 'Hybris' 10-max Seat #6 is the button
Seat 6: inyapp ($46.01 in chips)
Seat 8: tomte999 ($187.26 in chips)
inyapp: posts small blind $1
tomte999: posts big blind $3
*** HOLE CARDS ***
inyapp: raises $3 to $6
tomte999: calls $3
*** FLOP *** [2h 7c 6s]
tomte999: checks
inyapp: checks
*** TURN *** [2h 7c 6s] [7d]
tomte999: checks
inyapp: bets $6
tomte999: folds
Uncalled bet ($6) returned to inyapp
inyapp collected $11.76 from pot
inyapp: doesn't show hand
*** SUMMARY ***
Total pot $12 | Rake $0.24
Board [2h 7c 6s 7d]
Seat 6: inyapp (button) (small blind) collected ($11.76)
Seat 8: tomte999 (big blind) folded on the Turn


PokerStars Hand #153720647409:  Hold'em Limit ($3/$6 USD) - 2016/05/23 6:22:03 ET
Table 'Hybris' 10-max Seat #8 is the button
Seat 6: inyapp ($67.01 in chips)
Seat 8: tomte999 ($166.76 in chips)
tomte999: posts small blind $1
inyapp: posts big blind $3
*** HOLE CARDS ***
tomte999: raises $3 to $6
inyapp: raises $3 to $9
tomte999: raises $3 to $12
Betting is capped
inyapp: calls $3
*** FLOP *** [6c 8h 5h]
inyapp: checks
tomte999: bets $3
inyapp: calls $3
*** TURN *** [6c 8h 5h] [7d]
inyapp: checks
tomte999: bets $6
inyapp: calls $6
*** RIVER *** [6c 8h 5h 7d] [7s]
inyapp: checks
tomte999: bets $6
inyapp: folds
Uncalled bet ($6) returned to tomte999
tomte999 collected $41.50 from pot
tomte999: doesn't show hand
*** SUMMARY ***
Total pot $42 | Rake $0.50
Board [6c 8h 5h 7d 7s]
Seat 6: inyapp (big blind) folded on the River
Seat 8: tomte999 (button) (small blind) collected ($41.50)


PokerStars Hand #153720682233:  Hold'em Limit ($3/$6 USD) - 2016/05/23 6:23:30 ET
Table 'Hybris' 10-max Seat #6 is the button
Seat 6: inyapp ($12.77 in chips)
Seat 8: tomte999 ($219.76 in chips)
inyapp: posts small blind $1
tomte999: posts big blind $3
*** HOLE CARDS ***
inyapp: raises $3 to $6
tomte999: calls $3
*** FLOP *** [Ac 4d 5d]
tomte999: checks
inyapp: checks
*** TURN *** [Ac 4d 5d] [Ad]
tomte999: bets $6
inyapp: raises $0.77 to $6.77 and is all-in
tomte999: calls $0.77
*** RIVER *** [Ac 4d 5d Ad] [8s]
*** SHOW DOWN ***
tomte999: shows [Jd 9s] (a pair of Aces)
inyapp: shows [7d Qc] (a pair of Aces - Queen kicker)
inyapp collected $25.04 from pot
*** SUMMARY ***
Total pot $25.54 | Rake $0.50
Board [Ac 4d 5d Ad 8s]
Seat 6: inyapp (button) (small blind) showed [7d Qc] and won ($25.04) with a pair of Aces
Seat 8: tomte999 (big blind) showed [Jd 9s] and lost with a pair of Aces


PokerStars Hand #153720668376:  Hold'em Limit ($3/$6 USD) - 2016/05/23 6:22:56 ET
Table 'Hybris' 10-max Seat #8 is the button
Seat 6: inyapp ($51.77 in chips)
Seat 8: tomte999 ($181.26 in chips)
tomte999: posts small blind $1
inyapp: posts big blind $3
*** HOLE CARDS ***
tomte999: raises $3 to $6
inyapp: raises $3 to $9
tomte999: calls $3
*** FLOP *** [7h 8h Jh]
inyapp: bets $3
tomte999: raises $3 to $6
inyapp: calls $3
*** TURN *** [7h 8h Jh] [Jc]
inyapp: checks
tomte999: bets $6
inyapp: raises $6 to $12
tomte999: raises $6 to $18
inyapp: calls $6
*** RIVER *** [7h 8h Jh Jc] [9h]
inyapp: checks
tomte999: bets $6
inyapp: calls $6
*** SHOW DOWN ***
tomte999: shows [8d Jd] (a full house, Jacks full of Eights)
inyapp: mucks hand
tomte999 collected $77.50 from pot
*** SUMMARY ***
Total pot $78 | Rake $0.50
Board [7h 8h Jh Jc 9h]
Seat 6: inyapp (big blind) mucked
Seat 8: tomte999 (button) (small blind) showed [8d Jd] and won ($77.50) with a full house, Jacks full of Eights


PokerStars Hand #153720692229:  Hold'em Limit ($3/$6 USD) - 2016/05/23 6:23:54 ET
Table 'Hybris' 10-max Seat #8 is the button
Seat 6: inyapp ($25.04 in chips)
Seat 8: tomte999 ($206.99 in chips)
tomte999: posts small blind $1
inyapp: posts big blind $3
*** HOLE CARDS ***
tomte999: raises $3 to $6
inyapp: raises $3 to $9
tomte999: calls $3
*** FLOP *** [2s 7c Ac]
inyapp: bets $3
tomte999: calls $3
*** TURN *** [2s 7c Ac] [4s]
inyapp: bets $6
tomte999: calls $6
*** RIVER *** [2s 7c Ac 4s] [Kd]
inyapp: checks
tomte999: bets $6
inyapp: calls $6
*** SHOW DOWN ***
tomte999: shows [Kh 5h] (a pair of Kings)
inyapp: mucks hand
tomte999 collected $47.50 from pot
*** SUMMARY ***
Total pot $48 | Rake $0.50
Board [2s 7c Ac 4s Kd]
Seat 6: inyapp (big blind) mucked
Seat 8: tomte999 (button) (small blind) showed [Kh 5h] and won ($47.50) with a pair of Kings


