PokerStars Hand #148415092095:  Hold'em Limit ($3/$6 USD) - 2016/02/07 16:31:01 ET
Table 'Hybris' 2-max Seat #1 is the button
Seat 1: kaputnikoff ($260.50 in chips)
Seat 2: biber0 ($88.27 in chips)
kaputnikoff: posts small blind $1
biber0: posts big blind $3
*** HOLE CARDS ***
kaputnikoff: raises $3 to $6
biber0: calls $3
*** FLOP *** [8c 4s Th]
biber0: checks
kaputnikoff: bets $3
biber0: raises $3 to $6
kaputnikoff: calls $3
*** TURN *** [8c 4s Th] [7h]
biber0: bets $6
kaputnikoff: calls $6
*** RIVER *** [8c 4s Th 7h] [Jd]
biber0: bets $6
kaputnikoff: calls $6
*** SHOW DOWN ***
biber0: shows [9s 8d] (a straight, Seven to Jack)
kaputnikoff: mucks hand
biber0 collected $47.50 from pot
*** SUMMARY ***
Total pot $48 | Rake $0.50
Board [8c 4s Th 7h Jd]
Seat 1: kaputnikoff (button) (small blind) mucked
Seat 2: biber0 (big blind) showed [9s 8d] and won ($47.50) with a straight, Seven to Jack


PokerStars Hand #148415039651:  Hold'em Limit ($3/$6 USD) - 2016/02/07 16:30:12 ET
Table 'Hybris' 2-max Seat #2 is the button
Seat 1: kaputnikoff ($240 in chips)
Seat 2: biber0 ($109.27 in chips)
biber0: posts small blind $1
kaputnikoff: posts big blind $3
*** HOLE CARDS ***
biber0: calls $2
kaputnikoff: raises $3 to $6
biber0: calls $3
*** FLOP *** [9s 3d 2d]
kaputnikoff: bets $3
biber0: calls $3
*** TURN *** [9s 3d 2d] [Ks]
kaputnikoff: bets $6
biber0: calls $6
*** RIVER *** [9s 3d 2d Ks] [Tc]
kaputnikoff: bets $6
biber0: calls $6
*** SHOW DOWN ***
kaputnikoff: shows [Ac Kd] (a pair of Kings)
biber0: mucks hand
kaputnikoff collected $41.50 from pot
*** SUMMARY ***
Total pot $42 | Rake $0.50
Board [9s 3d 2d Ks Tc]
Seat 1: kaputnikoff (big blind) showed [Ac Kd] and won ($41.50) with a pair of Kings
Seat 2: biber0 (button) (small blind) mucked


PokerStars Hand #148415117197:  Hold'em Limit ($3/$6 USD) - 2016/02/07 16:31:24 ET
Table 'Hybris' 2-max Seat #2 is the button
Seat 1: kaputnikoff ($236.50 in chips)
Seat 2: biber0 ($111.77 in chips)
biber0: posts small blind $1
kaputnikoff: posts big blind $3
*** HOLE CARDS ***
biber0: calls $2
kaputnikoff: raises $3 to $6
biber0: calls $3
*** FLOP *** [8c 3d 6s]
kaputnikoff: bets $3
biber0: raises $3 to $6
kaputnikoff: calls $3
*** TURN *** [8c 3d 6s] [4s]
kaputnikoff: checks
biber0: bets $6
kaputnikoff: folds
Uncalled bet ($6) returned to biber0
biber0 collected $23.52 from pot
biber0: doesn't show hand
*** SUMMARY ***
Total pot $24 | Rake $0.48
Board [8c 3d 6s 4s]
Seat 1: kaputnikoff (big blind) folded on the Turn
Seat 2: biber0 (button) (small blind) collected ($23.52)


