PokerStars Hand #152786018030:  Hold'em Limit ($3/$6 USD) - 2016/05/03 4:34:36 ET
Table 'Hybris II' 6-max Seat #4 is the button
Seat 1: Kanake95 ($29 in chips)
Seat 4: VolkovDmitri ($121 in chips)
VolkovDmitri: posts small blind $1
Kanake95: posts big blind $3
*** HOLE CARDS ***
VolkovDmitri: raises $3 to $6
Kanake95: calls $3
*** FLOP *** [Ac Ah 2s]
Kanake95: checks
VolkovDmitri: bets $3
Kanake95: folds
Uncalled bet ($3) returned to VolkovDmitri
VolkovDmitri collected $11.76 from pot
VolkovDmitri: doesn't show hand
*** SUMMARY ***
Total pot $12 | Rake $0.24
Board [Ac Ah 2s]
Seat 1: Kanake95 (big blind) folded on the Flop
Seat 4: VolkovDmitri (button) (small blind) collected ($11.76)


PokerStars Hand #152786015785:  Hold'em Limit ($3/$6 USD) - 2016/05/03 4:34:29 ET
Table 'Hybris II' 6-max Seat #1 is the button
Seat 1: Kanake95 ($30 in chips)
Seat 4: VolkovDmitri ($120 in chips)
Kanake95: posts small blind $1
VolkovDmitri: posts big blind $3
*** HOLE CARDS ***
Kanake95: folds
Uncalled bet ($2) returned to VolkovDmitri
VolkovDmitri collected $2 from pot
*** SUMMARY ***
Total pot $2 | Rake $0
Seat 1: Kanake95 (button) (small blind) folded before Flop
Seat 4: VolkovDmitri (big blind) collected ($2)


PokerStars Hand #152786022935:  Hold'em Limit ($3/$6 USD) - 2016/05/03 4:34:51 ET
Table 'Hybris II' 6-max Seat #1 is the button
Seat 1: Kanake95 ($23 in chips)
Seat 4: VolkovDmitri ($126.76 in chips)
Kanake95: posts small blind $1
VolkovDmitri: posts big blind $3
*** HOLE CARDS ***
Kanake95: raises $3 to $6
VolkovDmitri: calls $3
*** FLOP *** [Ts Qc Ac]
kolaz03 joins the table at seat #2
VolkovDmitri: checks
Kanake95: bets $3
VolkovDmitri: calls $3
*** TURN *** [Ts Qc Ac] [3s]
VolkovDmitri: checks
Kanake95: bets $6
VolkovDmitri: calls $6
*** RIVER *** [Ts Qc Ac 3s] [3d]
VolkovDmitri: checks
Kanake95: bets $6
VolkovDmitri: calls $6
*** SHOW DOWN ***
Kanake95: shows [5h 6d] (a pair of Threes)
VolkovDmitri: shows [Qd 2h] (two pair, Queens and Threes)
VolkovDmitri collected $41.50 from pot
*** SUMMARY ***
Total pot $42 | Rake $0.50
Board [Ts Qc Ac 3s 3d]
Seat 1: Kanake95 (button) (small blind) showed [5h 6d] and lost with a pair of Threes
Seat 4: VolkovDmitri (big blind) showed [Qd 2h] and won ($41.50) with two pair, Queens and Threes


PokerStars Hand #152786041534:  Hold'em Limit ($3/$6 USD) - 2016/05/03 4:35:47 ET
Table 'Hybris II' 6-max Seat #4 is the button
Seat 2: kolaz03 ($72 in chips)
Seat 4: VolkovDmitri ($147.26 in chips)
VolkovDmitri: posts small blind $1
kolaz03: posts big blind $3
*** HOLE CARDS ***
VolkovDmitri: raises $3 to $6
kolaz03: calls $3
*** FLOP *** [9h 7c 2d]
kolaz03: checks
VolkovDmitri: bets $3
kolaz03: raises $3 to $6
VolkovDmitri: calls $3
*** TURN *** [9h 7c 2d] [7s]
kolaz03: bets $6
VolkovDmitri: calls $6
*** RIVER *** [9h 7c 2d 7s] [5h]
kolaz03: bets $6
VolkovDmitri: raises $6 to $12
ABATAPP joins the table at seat #3
kolaz03: folds
Uncalled bet ($6) returned to VolkovDmitri
VolkovDmitri collected $47.50 from pot
VolkovDmitri: doesn't show hand
*** SUMMARY ***
Total pot $48 | Rake $0.50
Board [9h 7c 2d 7s 5h]
Seat 2: kolaz03 (big blind) folded on the River
Seat 4: VolkovDmitri (button) (small blind) collected ($47.50)


