PokerStars Hand #168793309339:  Hold'em Limit ($3/$6 USD) - 2017/04/09 9:39:22 ET
Table 'Hybris' 6-max Seat #4 is the button
Seat 4: tttzzz ($89.59 in chips)
Seat 5: Fourno24 ($67.76 in chips)
tttzzz: posts small blind $1
Fourno24: posts big blind $3
*** HOLE CARDS ***
tttzzz: calls $2
Fourno24: checks
*** FLOP *** [2c Kd 5s]
Fourno24: checks
tttzzz: checks
*** TURN *** [2c Kd 5s] [5d]
Fourno24: bets $6
tttzzz: folds
Uncalled bet ($6) returned to Fourno24
Fourno24 collected $5.88 from pot
Fourno24: doesn't show hand
*** SUMMARY ***
Total pot $6 | Rake $0.12
Board [2c Kd 5s 5d]
Seat 4: tttzzz (button) (small blind) folded on the Turn
Seat 5: Fourno24 (big blind) collected ($5.88)


PokerStars Hand #168793284593:  Hold'em Limit ($3/$6 USD) - 2017/04/09 9:38:43 ET
Table 'Hybris' 6-max Seat #5 is the button
Seat 4: tttzzz ($95.59 in chips)
Seat 5: Fourno24 ($62 in chips)
Fourno24: posts small blind $1
Agrotait: is sitting out
AzureCaper: is sitting out
tttzzz: posts big blind $3
*** HOLE CARDS ***
AzureCaper leaves the table
Agrotait leaves the table
Fourno24: calls $2
tttzzz: checks
*** FLOP *** [3d 6d 5h]
tttzzz: bets $3
Fourno24: calls $3
*** TURN *** [3d 6d 5h] [8d]
tttzzz: checks
Fourno24: bets $6
tttzzz: folds
Uncalled bet ($6) returned to Fourno24
Fourno24 collected $11.76 from pot
Fourno24: doesn't show hand
*** SUMMARY ***
Total pot $12 | Rake $0.24
Board [3d 6d 5h 8d]
Seat 4: tttzzz (big blind) folded on the Turn
Seat 5: Fourno24 (button) (small blind) collected ($11.76)


